{"host":"2ola2xmu4hnwjqd4","time":1609793289,"event":{"mods":["ATMod(°¢èªMod)","Act Like it!","BaseMod","BetterRewards","Conspire","Minty Spire (QoL Compilation)","MostiFishMod","Pale of the Ancients","Permanent Neow","Shop Mod","StSLib","TestMod","[IsaacMod]ÒÔÈö¼âËþ"],"gold_per_floor":[119,161,179,193,211,242,242,291,373,80,117,172,247,366,366,468,468,535,33,69,135,135,241,241,241,319,370,370,474,31,70,70,224,224,359,508,662,699,749,921,316,367,367,417,467,519,629,740,740,765,790,830,924,578,235,235,320,320,70,70,195],"floor_reached":62,"playtime":2406,"items_purged":["Strike_R","Strike_R","Strike_R","Strike_R","Strike_R","Defend_R","Bash","Defend_R","Defend_R","Defend_R"],"score":4152,"play_id":"ce9b2a9a-9079-41fe-b34e-ff7e9bb70638","local_time":"20210105044809","is_ascension_mode":true,"campfire_choices":[{"data":"Whirlwind","floor":7.0,"key":"SMITH"},{"data":"Fiend Fire","floor":15.0,"key":"SMITH"},{"data":"Pommel Strike","floor":25.0,"key":"SMITH"},{"data":"MostiFishMod:CullingBlade","floor":28.0,"key":"SMITH"},{"floor":32.0,"key":"RECALL"},{"data":"Feel No Pain","floor":49,"key":"SMITH"},{"data":"testmod-AdversityCounterattack","floor":56,"key":"SMITH"},{"data":"Reaper","floor":58,"key":"SMITH"}],"circlet_count":0,"master_deck":["AscendersBane","BettingIsNotGood","AT_Desolate+1","Reaper+1","Pommel Strike+1","Whirlwind+1","Fiend Fire+1","Shrug It Off+1","Berserk+1","MostiFishMod:CullingBlade+1","MostiFishMod:TemporaryOutbreak+1","Pommel Strike+1","Limit Break+1","Limit Break","testmod-CardIndex+1","MostiFishMod:JungleRules+1","testmod-AdversityCounterattack+1","Feel No Pain+1","MostiFishMod:CullingBlade+1"],"relics":["Burning Blood","testmod-TestBox","HushsDoor","DaveBox","AT_ATBox","BirthdayGift-Icosahedron","PokeGo","DeathBook","testmod-IWantAll","Medical Kit","MetatronsCube","AT_SunfireAegis","GuppysTail","Potion Belt","AT_RedTearstoneRing","Torii","testmod-FatalChain","SynthV:TestCard","Art of War","AT_SilvercatRing","AT_MibuBalloonWealth","Juzu Bracelet","conspire:SlowCooker","AT_ImmortalShieldbow","testmod-CasingShield","SsserpentHead","testmod-Antiphasic","Vajra","Pear","Coffee Dripper","testmod-BlackFramedGlasses","MoneyPower","SatanicBible","Dodecahedron","Anchor","DaCapo","Red Skull","paleoftheancients:Timepiece","paleoftheancients:KeyRelic","Sozu","paleoftheancients:SoulOfTheWatcher","DollysMirror","EdensBlessing"],"acts_visited":["Exordium","TheCity","TheBeyond","paleoftheancients:PaleOfTheAncients"],"potions_floor_usage":[],"damage_taken":[{"damage":0.0,"enemies":"Jaw Worm","floor":1.0,"turns":1.0},{"damage":0.0,"enemies":"Cultist","floor":3.0,"turns":2.0},{"damage":0.0,"enemies":"Small Slimes","floor":4.0,"turns":1.0},{"damage":0.0,"enemies":"Exordium Wildlife","floor":5.0,"turns":1.0},{"damage":0.0,"enemies":"3 Sentries","floor":6.0,"turns":2.0},{"damage":0.0,"enemies":"2 Fungi Beasts","floor":8.0,"turns":2.0},{"damage":0.0,"enemies":"Red Slaver","floor":11.0,"turns":1.0},{"damage":0.0,"enemies":"Gremlin Nob","floor":12.0,"turns":2.0},{"damage":0.0,"enemies":"Gremlin Gang","floor":14.0,"turns":1.0},{"damage":0.0,"enemies":"Slime Boss","floor":16.0,"turns":3.0},{"damage":0.0,"enemies":"Chosen","floor":18.0,"turns":2.0},{"damage":0.0,"enemies":"Shell Parasite","floor":20.0,"turns":2.0},{"damage":0.0,"enemies":"Centurion and Healer","floor":21.0,"turns":2.0},{"damage":7.0,"enemies":"Slavers","floor":23.0,"turns":2.0},{"damage":0.0,"enemies":"conspire:SneckoGhost","floor":27.0,"turns":2.0},{"damage":18.0,"enemies":"Gremlin Leader","floor":29.0,"turns":2.0},{"damage":0.0,"enemies":"Snecko","floor":31.0,"turns":2.0},{"damage":0.0,"enemies":"Collector","floor":33.0,"turns":4.0},{"damage":0,"enemies":"3 Darklings","floor":35,"turns":2},{"damage":40,"enemies":"2 Orb Walkers","floor":37,"turns":2},{"damage":0,"enemies":"Orb Walker","floor":38,"turns":1},{"damage":0,"enemies":"Reptomancer","floor":40,"turns":3},{"damage":0,"enemies":"Giant Head","floor":42,"turns":2},{"damage":0,"enemies":"Writhing Mass","floor":46,"turns":2},{"damage":0,"enemies":"Reptomancer","floor":47,"turns":1},{"damage":0,"enemies":"4 Shapes","floor":48,"turns":1},{"damage":0,"enemies":"Time Eater","floor":50,"turns":4},{"damage":0,"enemies":"conspire:OrnateMirror","floor":51,"turns":1},{"damage":0,"enemies":"conspire:OrnateMirror","floor":52,"turns":2},{"damage":0,"enemies":"conspire:OrnateMirror","floor":53,"turns":3},{"damage":28,"enemies":"conspire:OrnateMirror","floor":57,"turns":3},{"damage":0,"enemies":"LittleHush","floor":61,"turns":6}],"seed_played":"-2249089786663908822","potions_obtained":[{"floor":1.0,"key":"testmod-TimePotion"},{"floor":5.0,"key":"FearPotion"},{"floor":6.0,"key":"DistilledChaos"},{"floor":20.0,"key":"Explosive Potion"},{"floor":21.0,"key":"GamblersBrew"},{"floor":27.0,"key":"SneckoOil"},{"floor":31.0,"key":"FearPotion"},{"floor":37,"key":"Energy Potion"}],"is_trial":false,"path_per_floor":["M","?","M","M","M","E","R","M","T","$","M","E","?","M","R","B",null,"M","$","M","M","$","E","?","R","T","E","R","E","$","M","R","B",null,"M","?","?","M","?","E","$","E","T","?","?","M","E","M","R","B","B","M","M","$","$","R","M","R","$","?","B",null],"character_chosen":"IRONCLAD","items_purchased":["DeathBook","Reaper","testmod-IWantAll","Medical Kit","Pommel Strike","MetatronsCube","AT_SunfireAegis","GuppysTail","Potion Belt","Whirlwind","AT_RedTearstoneRing","Torii","testmod-FatalChain","Fire Potion","AT_MibuBalloonWealth","AT_ImmortalShieldbow","testmod-SpacePotion","Pear","SatanicBible","Dodecahedron","DollysMirror","EdensBlessing"],"campfire_rested":0,"item_purchase_floors":[0,0,0,0,0,0,0,0,0,0,0,0,0,0,10,19,19,30,41,41,54,55],"current_hp_per_floor":[33,18,37,60,67,74,74,75,75,75,75,75,64,71,71,75,68,68,68,68,68,68,68,68,68,68,68,68,57,67,74,74,78,69,69,54,41,49,45,74,74,74,74,64,64,73,74,74,74,74,77,77,77,77,77,77,73,73,73,73,82],"gold":195,"neow_bonus":"","is_daily":false,"chose_seed":false,"campfire_upgraded":7,"win_rate":0.0,"timestamp":1609793289,"path_taken":["M","?","?","M","M","E","R","M","T","$","M","E","?","M","R","BOSS","M","$","M","M","$","E","?","R","T","E","R","E","$","M","R","BOSS","M","?","?","M","?","E","?","E","T","?","?","M","E","M","R","BOSS","BOSS","M","M","?","$","R","M","R","$","?","BOSS"],"items_purchased_type":["Relic","Card","Relic","Relic","Card","Relic","Relic","Relic","Relic","Card","Relic","Relic","Relic","Potion","Relic","Relic","Potion","Relic","Relic","Relic","Relic","Relic"],"build_version":"2020-12-22","purchased_purges":10,"victory":true,"max_hp_per_floor":[75,75,75,75,75,75,75,75,75,75,75,75,75,75,75,75,68,68,68,68,68,68,68,68,68,68,68,68,68,78,78,78,78,69,69,69,74,74,74,74,74,74,74,74,74,74,74,74,74,74,77,77,77,77,77,77,82,82,82,82,82],"card_choices":[{"not_picked":[],"picked":"BettingIsNotGood","floor":0.0},{"not_picked":["Dual Wield","Havoc","Heavy Blade"],"picked":"SKIP","floor":1.0},{"not_picked":["Wild Strike","Combust","Sword Boomerang","Warcry"],"picked":"Fiend Fire","floor":3.0},{"not_picked":["Body Slam","Disarm","Clash","Sentinel","Sword Boomerang"],"picked":"SKIP","floor":4.0},{"not_picked":["Power Through","Cleave","Iron Wave","Whirlwind","Perfected Strike"],"picked":"SKIP","floor":5.0},{"not_picked":["AT_IchimonjiDouble","Anger","Cleave","Headbutt"],"picked":"Shrug It Off","floor":6.0},{"not_picked":["AT_IchimonjiDouble","AT_ManFootWork","Havoc","Bomb"],"picked":"Berserk","floor":8.0},{"not_picked":["Combust","Clash","Thunderclap","Headbutt","Armaments"],"picked":"SKIP","floor":11.0},{"not_picked":["Sword Boomerang","Dual Wield","Body Slam","Battle Trance"],"picked":"MostiFishMod:CullingBlade","floor":12.0},{"not_picked":["True Grit","Uppercut","Bloodletting","AT_BodySlamDance","Ghostly Armor"],"picked":"SKIP","floor":14.0},{"not_picked":["Reaper","MostiFishMod:404NotFound","MostiFishMod:RainCloud","Impervious"],"picked":"MostiFishMod:TemporaryOutbreak","floor":16.0},{"not_picked":["Warcry","Anger","AT_IchimonjiDouble+1","Havoc","Blood for Blood"],"picked":"SKIP","floor":18.0},{"not_picked":["Rampage","Perfected Strike","Twin Strike","Body Slam","Whirlwind"],"picked":"SKIP","floor":20.0},{"not_picked":["Sword Boomerang","AT_ManFootWork","Heavy Blade","Cleave"],"picked":"Pommel Strike","floor":21.0},{"not_picked":["AT_DiedThrough","Iron Wave","MostiFishMod:ChineseTea","Flex+1","Havoc"],"picked":"SKIP","floor":23.0},{"not_picked":["Iron Wave","Shrug It Off","MostiFishMod:NewArrival","AT_IchimonjiDouble","Havoc"],"picked":"SKIP","floor":27.0},{"not_picked":["Disarm","Clash+1","Havoc","Sever Soul+1","Anger"],"picked":"SKIP","floor":29.0},{"not_picked":["AT_DrawKnifeCut+1","Cleave","Twin Strike","Pommel Strike+1","Iron Wave"],"picked":"SKIP","floor":31.0},{"not_picked":["Berserk","Feed","MostiFishMod:ChineseTea","MostiFishMod:WingOfPhoenix"],"picked":"Limit Break","floor":33.0},{"not_picked":["Pummel+1","Havoc","Body Slam+1","MostiFishMod:BrandingRite","AT_BodySlamDance+1"],"picked":"SKIP","floor":35},{"not_picked":["Flex","Iron Wave","Body Slam","MostiFishMod:HellRitual","AT_DiedThrough+1"],"picked":"SKIP","floor":38},{"not_picked":["Warcry","Heavy Blade","Cleave","Armaments"],"picked":"Limit Break","floor":40},{"not_picked":["Whirlwind","Clash","Heavy Blade+1","Headbutt+1","Thunderclap"],"picked":"SKIP","floor":42},{"not_picked":["testmod-Arrangement","Swift Strike","testmod-PainDetonator","testmod-LifeRuler"],"picked":"testmod-CardIndex","floor":44},{"not_picked":["testmod-DeathImprint","testmod-Mystery","testmod-HandmadeProducts","testmod-HeadAttack"],"picked":"MostiFishMod:JungleRules","floor":44},{"not_picked":["Trip","testmod-Collector","testmod-PerfectCombo","Enlightenment"],"picked":"testmod-AdversityCounterattack","floor":44},{"not_picked":["Havoc","Heavy Blade","Wild Strike+1","Sever Soul","Cleave+1"],"picked":"SKIP","floor":46},{"not_picked":["Wild Strike","Flex","True Grit","Rage"],"picked":"Feel No Pain","floor":47},{"not_picked":["Inflame+1","Sword Boomerang","Headbutt","Limit Break","Clothesline"],"picked":"SKIP","floor":48},{"not_picked":["Cleave","Flame Barrier","Armaments","AT_GerminateFire+1","Infernal Blade"],"picked":"SKIP","floor":52},{"not_picked":["Pummel+1","Pommel Strike+1","Body Slam","Twin Strike","Heavy Blade"],"picked":"SKIP","floor":53},{"not_picked":["Flame Barrier","Headbutt+1","Armaments+1","Fiend Fire","Flex"],"picked":"SKIP","floor":57}],"player_experience":1620166,"relics_obtained":[{"floor":1.0,"key":"SynthV:TestCard"},{"floor":6.0,"key":"Art of War"},{"floor":9.0,"key":"AT_SilvercatRing"},{"floor":12.0,"key":"Juzu Bracelet"},{"floor":23.0,"key":"testmod-CasingShield"},{"floor":27.0,"key":"testmod-Antiphasic"},{"floor":29.0,"key":"Vajra"},{"floor":37,"key":"testmod-BlackFramedGlasses"},{"floor":40,"key":"MoneyPower"},{"floor":42,"key":"Anchor"},{"floor":43,"key":"DaCapo"},{"floor":47,"key":"Red Skull"},{"floor":52,"key":"paleoftheancients:SoulOfTheWatcher"},{"floor":53,"key":"paleoftheancients:SoulOfTheShapes"},{"floor":57,"key":"paleoftheancients:SoulOfTheBandit"}],"event_choices":[{"damage_healed":0.0,"max_hp_gain":0.0,"max_hp_loss":0.0,"gold_gain":75.0,"event_name":"World of Goop","player_choice":"Gather Gold","floor":13.0,"gold_loss":0.0,"damage_taken":11.0},{"damage_healed":0.0,"max_hp_gain":0.0,"max_hp_loss":0.0,"gold_gain":0.0,"event_name":"FaceTrader","player_choice":"Trade","floor":24.0,"gold_loss":0.0,"damage_taken":0.0,"relics_obtained":["SsserpentHead"]},{"damage_healed":0,"gold_gain":0,"player_choice":"Fight","damage_taken":0,"max_hp_gain":0,"max_hp_loss":0,"event_name":"Mysterious Sphere","floor":37,"gold_loss":0},{"damage_healed":0,"gold_gain":0,"player_choice":"Leave","damage_taken":0,"max_hp_gain":0,"max_hp_loss":0,"event_name":"conspire:Investor","floor":39,"gold_loss":0},{"damage_healed":0,"gold_gain":0,"player_choice":"Memory 3","damage_taken":10,"max_hp_gain":0,"max_hp_loss":0,"event_name":"SensoryStone","floor":44,"gold_loss":0},{"damage_healed":0,"gold_gain":0,"player_choice":"Forge","damage_taken":0,"max_hp_gain":0,"max_hp_loss":0,"event_name":"Accursed Blacksmith","floor":45,"gold_loss":0,"cards_upgraded":["testmod-CardIndex"]}],"is_beta":false,"boss_relics":[{"not_picked":["conspire:RoyalGoblet","SacredBark"],"picked":"conspire:SlowCooker"},{"not_picked":[]},{"not_picked":["SynthV:MejaisSoulstealer","Velvet Choker"],"picked":"Coffee Dripper"},{"not_picked":[]}],"items_purged_floors":[0,0,10,17,19,30,34,41,54,59],"is_endless":false,"potions_floor_spawned":[1,5,6,8,16,20,21,27,31,37,40,53],"ascension_level":20}}