{"host":"ymw71f7rc9ndansy","time":1609750174,"event":{"mods":["ATMod(°¢èªMod)","Act Like it!","Aspiration","BaseMod","DeckTracker","Hubris","Library of Ruina","Library of Ruina Extra","Lobotomy","LobotomyExtend","Minty Spire (QoL Compilation)","MostiFishMod","Remove Card Discount Mod","Replay The Spire","StSLib","TestMod","¡¾ÒÅÎï¿¨ÅÆ¡¿REMEMod"],"gold_per_floor":[116,106,124,136,150,150,148,180,207,223,223,188,260,340,340,449,549,593,690,688,754,947,947],"floor_reached":22,"playtime":703,"items_purged":["LightAttack","Dodge","ChargeAndCover","FocusedStrikes","StartinOutLightly","LightDefense","REME_AllRoundStrike+1"],"score":617,"play_id":"300841ab-aab3-4152-bbbf-76212ea06f0f","local_time":"20210104164934","is_ascension_mode":true,"campfire_choices":[{"data":"AT_KingSlayer","floor":6.0,"key":"SMITH"},{"floor":15,"key":"REST"}],"circlet_count":0,"master_deck":["AscendersBane","LightDefense","LightDefense","LightDefense","AT_KingSlayer+1","testmod-WeaknessCounterattack","AlloutWar","Quickness","WillOfThePrescript","SenseQuarry+1","Unlock1","Struggle","BlazingStrike+1","BoundaryOfDeath+1","testmod-Superconductor+1","Commandeering+1","REME_AllRoundStrike+1","testmod-Reverberation+1","Faith","Enlightenment","FierceCharge+1","Pain"],"relics":["PageOfLibrarian","testmod-TestBox","DaveBox","REME_ComplimentaryCards","AT_ATBox","DiscerningMonocle","testmod-DragonStarHat","SynthV:TestCard","Art of War","BrkXgEgg","PageOfTodaysShyLook","Gambling Chip","testmod-IWantAll","testmod-Nyarlathotep","testmod-TheFather","PageOfSnowWhitesApple","AT_MibuBalloonWealth","Replay:Wanted Poster","AT_ForceNature","testmod-Charity","ReplayFunnel"],"acts_visited":["Exordium","TheCity"],"potions_floor_usage":[21],"damage_taken":[{"damage":20.0,"enemies":"Cultist","floor":1.0,"turns":5.0},{"damage":0.0,"enemies":"2 Louse","floor":3.0,"turns":3.0},{"damage":3.0,"enemies":"Jaw Worm","floor":4.0,"turns":3.0},{"damage":3.0,"enemies":"Exordium Wildlife","floor":5.0,"turns":3.0},{"damage":0.0,"enemies":"Lagavulin","floor":8.0,"turns":2.0},{"damage":0.0,"enemies":"Blue Slaver","floor":10.0,"turns":1.0},{"damage":0.0,"enemies":"3 Sentries","floor":13.0,"turns":1.0},{"damage":0,"enemies":"The Guardian","floor":16,"turns":1},{"damage":0,"enemies":"Spheric Guardian","floor":18,"turns":1},{"damage":0,"enemies":"3 Byrds","floor":19,"turns":2},{"damage":0,"enemies":"Centurion and Healer","floor":21,"turns":4}],"seed_played":"8949173769574582288","potions_obtained":[{"floor":4.0,"key":"Toxic Potion"},{"floor":16,"key":"PowerPotion"},{"floor":21,"key":"AttackPotion"}],"is_trial":false,"path_per_floor":["M","$","M","M","M","R","$","E","T","M","?","?","E","?","R","B",null,"M","M","$","M","?"],"character_chosen":"Librarian","items_purchased":["Art of War","BrkXgEgg","PageOfTodaysShyLook","REME_AllRoundStrike+1","WillOfThePrescript","Gambling Chip","testmod-IWantAll","testmod-Nyarlathotep","REME_GoldPotion","Fire Potion","BlazingStrike+1","BoundaryOfDeath+1","testmod-Superconductor+1","testmod-Reverberation+1","AT_ForceNature","testmod-Charity","ReplayFunnel","Faith","Enlightenment","FierceCharge+1"],"campfire_rested":1,"item_purchase_floors":[2,2,2,2,2,7,7,7,7,7,7,7,7,20,20,20,20,20,20,20],"current_hp_per_floor":[19,19,19,16,13,13,13,13,13,13,8,25,25,25,47,76,76,76,76,76,87,88,88],"gold":947,"neow_bonus":"TRANSFORM_TWO_CARDS","is_daily":false,"chose_seed":false,"campfire_upgraded":1,"win_rate":0.0,"timestamp":1609750174,"path_taken":["M","$","M","M","M","R","$","E","T","M","?","?","E","?","R","BOSS","M","M","$","M","?"],"items_purchased_type":["Relic","Relic","Relic","Card","Card","Relic","Relic","Relic","Potion","Potion","Card","Card","Card","Card","Relic","Relic","Relic","Card","Card","Card"],"build_version":"2020-12-22","purchased_purges":7,"victory":false,"max_hp_per_floor":[61,61,68,68,68,68,68,68,68,68,68,68,76,76,76,76,76,76,76,76,87,88,88],"card_choices":[{"not_picked":["DimensionalRift","EndlessBattle","EnergyShield"],"picked":"Quickness","floor":1.0},{"not_picked":["Parry","FlyingSword","DesperateStruggle","Multislash","DestructiveImpact"],"picked":"SenseQuarry+1","floor":3.0},{"not_picked":["Collision","FierceCharge","SpearedSweep","EndlessBattle","DarkCloud"],"picked":"Unlock1","floor":4.0},{"not_picked":["UpbeatPerformance","Preparation","HeavyPeaks","DestructiveImpact","Rewind"],"picked":"Struggle","floor":5.0},{"not_picked":["Eliminate","SpearedSweep","Track","DesperateStruggle","ForTheFamily","SenseQuarry+1"],"picked":"SKIP","floor":8.0},{"not_picked":["Wallop_lor","EnergyCycle","Rewind","FierceCharge","SunsetBlade","HeavyPeaks"],"picked":"SKIP","floor":10.0},{"not_picked":["UpbeatPerformance","Rampage_lor","LoosenUp","PreemptiveStrike","Parry","DarkCloud"],"picked":"SKIP","floor":13.0},{"not_picked":["TrashDisposal+1","BlazingStrike+1","EnergyBeam+1","Decapitation+1"],"picked":"Commandeering+1","floor":16},{"not_picked":["Wallop_lor","Overpower+1","TendonChords+1","NightInTheBackstreets","EnergyCycle","Parry"],"picked":"SKIP","floor":18},{"not_picked":["DevastatingThrash","Track","Faith","FendThisOffIfYouCan","DesperateStruggle","DimensionalRift"],"picked":"SKIP","floor":19},{"not_picked":["DevastatingThrash","Track","Faith","FendThisOffIfYouCan","DesperateStruggle","DimensionalRift"],"picked":"SKIP","floor":19},{"not_picked":["HighKick","RipSpace+1","SunsetBlade","Parry","EndlessBattle","UpbeatPerformance"],"picked":"SKIP","floor":21}],"player_experience":1072657,"relics_obtained":[{"floor":1.0,"key":"SynthV:TestCard"},{"floor":8.0,"key":"testmod-TheFather"},{"floor":9.0,"key":"PageOfSnowWhitesApple"},{"floor":13.0,"key":"AT_MibuBalloonWealth"}],"event_choices":[{"damage_healed":0.0,"max_hp_gain":0.0,"max_hp_loss":0.0,"gold_gain":0.0,"event_name":"Scrap Ooze","player_choice":"Fled","floor":11.0,"gold_loss":0.0,"damage_taken":5.0},{"damage_healed":17.0,"max_hp_gain":0.0,"max_hp_loss":0.0,"gold_gain":0.0,"event_name":"The Cleric","player_choice":"Healed","floor":12.0,"gold_loss":35.0,"damage_taken":0.0}],"is_beta":false,"boss_relics":[{"not_picked":["Honey Jar","Tiny House"],"picked":"Replay:Wanted Poster"}],"items_purged_floors":[2,2,2,2,2,7,20],"is_endless":false,"potions_floor_spawned":[1,4,16,19,21],"ascension_level":20}}