{"host":"uflv0e3ja7hvnij7","time":1609721387,"event":{"mods":["BaseMod","Better Altar","Better Match","Better Note","Better Sensory Stone","Better Skull","Better Third Choice","Hubris","Infinite Spire","Minty Spire (QoL Compilation)","Permanent Neow","StSLib"],"gold_per_floor":[118,43,43,43,54,79,79,79,159,159,6,6,21,47,47,149,149,169,179,199,199,199,199,199],"floor_reached":23,"playtime":1098,"items_purged":["Strike_G","Defend_G"],"score":278,"play_id":"ac189dec-8fe6-4b6e-b5ea-71c7e9e7f648","local_time":"20210103194947","is_ascension_mode":true,"campfire_choices":[{"data":"Catalyst","floor":7,"key":"SMITH"},{"data":"Dodge and Roll","floor":10,"key":"SMITH"},{"data":"Backstab","floor":12,"key":"SMITH"},{"data":"Leg Sweep","floor":15,"key":"SMITH"}],"circlet_count":0,"master_deck":["Strike_G","Strike_G","Strike_G","Defend_G","Survivor","Neutralize","Glass Knife+1","After Image+1","Poisoned Stab+1","Backstab+1","Master of Strategy","Dodge and Roll+1","Catalyst+1","Leg Sweep+1","Acrobatics","Venomology+1","Backflip+1"],"relics":["Astrolabe","Ancient Tea Set","infinitespire:CheckeredPen","Membership Card","Tiny Chest","Centennial Puzzle"],"acts_visited":["Exordium","TheCity"],"potions_floor_usage":[18,19,19,19,20,23],"damage_taken":[{"damage":2,"enemies":"Jaw Worm","floor":1,"turns":2},{"damage":0,"enemies":"2 Louse","floor":5,"turns":2},{"damage":3,"enemies":"3 Sentries","floor":6,"turns":8},{"damage":0,"enemies":"Small Slimes","floor":13,"turns":1},{"damage":0,"enemies":"Gremlin Nob","floor":14,"turns":3},{"damage":18,"enemies":"The Guardian","floor":16,"turns":8},{"damage":3,"enemies":"Chosen","floor":18,"turns":3},{"damage":6,"enemies":"2 Thieves","floor":19,"turns":4},{"damage":25,"enemies":"Sentry and Sphere","floor":20,"turns":8},{"damage":65,"enemies":"Gremlin Leader","floor":23,"turns":10}],"seed_played":"3836358951791325988","potions_obtained":[{"floor":5,"key":"Weak Potion"},{"floor":14,"key":"Strength Potion"},{"floor":16,"key":"LiquidMemories"},{"floor":18,"key":"EssenceOfSteel"}],"is_trial":false,"path_per_floor":["M","$","?","?","M","E","R","$","T","R","$","R","M","E","R","B",null,"M","M","M","AVR","?","E"],"character_chosen":"THE_SILENT","items_purchased":["Membership Card"],"campfire_rested":0,"item_purchase_floors":[11],"current_hp_per_floor":[68,68,61,61,61,58,58,58,58,58,58,58,58,58,58,40,63,60,54,29,29,29,0,0],"gold":199,"neow_bonus":"BOSS_RELIC","is_daily":false,"chose_seed":false,"campfire_upgraded":4,"win_rate":0.0,"timestamp":1609721387,"path_taken":["M","$","?","?","?","E","R","?","T","R","$","R","M","E","R","BOSS","M","?","M","AVR","?","E"],"items_purchased_type":["Relic"],"build_version":"2020-12-22","purchased_purges":2,"victory":false,"max_hp_per_floor":[70,70,70,70,70,70,70,70,70,70,70,70,70,70,70,70,70,70,70,70,70,70,70,70],"card_choices":[{"not_picked":["Blur","Masterful Stab"],"picked":"Backstab","floor":1},{"not_picked":["Enlightenment","Impatience"],"picked":"Master of Strategy","floor":4},{"not_picked":["Choke","hubris:SlightOfHand"],"picked":"Dodge and Roll","floor":5},{"not_picked":["Flechettes","Phantasmal Killer"],"picked":"Catalyst","floor":6},{"not_picked":["hubris:Sniper","hubris:TrickCloak"],"picked":"Leg Sweep","floor":13},{"not_picked":["Quick Slash","Predator"],"picked":"Acrobatics","floor":14},{"not_picked":["Doppelganger","Storm of Steel"],"picked":"Venomology","floor":16},{"not_picked":["Blade Dance+1","All Out Attack"],"picked":"Backflip+1","floor":18},{"not_picked":["Prepared","Dagger Spray","Outmaneuver"],"picked":"SKIP","floor":19},{"not_picked":["Acrobatics","Predator+1","Dagger Throw"],"picked":"SKIP","floor":20}],"player_experience":471926,"relics_obtained":[{"floor":6,"key":"Ancient Tea Set"},{"floor":9,"key":"infinitespire:CheckeredPen"},{"floor":14,"key":"Tiny Chest"}],"event_choices":[{"cards_removed":["Strike_G"],"damage_healed":0,"gold_gain":0,"player_choice":"Card Removal","damage_taken":7,"max_hp_gain":0,"max_hp_loss":0,"event_name":"Golden Wing","floor":3,"gold_loss":0},{"damage_healed":0,"gold_gain":1,"player_choice":"1","damage_taken":0,"max_hp_gain":0,"max_hp_loss":0,"event_name":"betterStone:BetterStone","floor":4,"gold_loss":0},{"damage_healed":0,"gold_gain":0,"player_choice":"Upgraded","damage_taken":0,"max_hp_gain":0,"max_hp_loss":0,"event_name":"Upgrade Shrine","floor":22,"gold_loss":0,"cards_upgraded":["Venomology"]}],"is_beta":false,"boss_relics":[{"not_picked":["WristBlade","hubris:TerracottaHorce","hubris:BlackHole"]}],"items_purged_floors":[2,21],"is_endless":false,"potions_floor_spawned":[5,14,16,18],"killed_by":"Gremlin Leader","ascension_level":5}}