{"host":"gx7yyrn1gkym3qpb","time":1609728218,"event":{"mods":["AchievementEnabler","BaseMod","Better Altar","Better Match","Better Note","Better Sensory Stone","Better Skull","Better Third Choice","Highlight Path","Minty Spire (QoL Compilation)","Permanent Neow","Quick Restart","StSLib","Unceasing Turn Reminder"],"gold_per_floor":[110,125,50,64,84,117,117,117,117,149,149,149,159,189,189,264,264,275,293,57,72,91,91,118,135,135,185,204,204,238,128,128,203,203,219,271,296,296,144,144,159,34,82,107,107,107,107,118,118,118,118,118,29,55,55],"floor_reached":56,"playtime":3114,"items_purged":["Strike_G","Pain","Strike_G"],"score":2269,"play_id":"d76d3183-bfda-4646-abac-e3a4454b9ea1","local_time":"20210103214338","is_ascension_mode":true,"campfire_choices":[{"data":"Noxious Fumes","floor":8,"key":"SMITH"},{"data":"Neutralize","floor":12,"key":"SMITH"},{"data":"Footwork","floor":15,"key":"SMITH"},{"data":"Wraith Form v2","floor":23,"key":"SMITH"},{"data":"Calculated Gamble","floor":29,"key":"SMITH"},{"data":"Calculated Gamble","floor":32,"key":"SMITH"},{"data":"Wraith Form v2","floor":40,"key":"SMITH"},{"data":"Leg Sweep","floor":45,"key":"SMITH"},{"floor":49,"key":"RECALL"},{"data":"After Image","floor":52,"key":"SMITH"}],"circlet_count":0,"master_deck":["AscendersBane","Strike_G","Defend_G","Defend_G+1","Survivor","Neutralize+1","Terror","Leg Sweep+1","All Out Attack","Quick Slash","Noxious Fumes+1","After Image+1","PiercingWail","Footwork+1","Die Die Die","Wraith Form v2+1","Calculated Gamble+1","Corpse Explosion","Bullet Time","Calculated Gamble+1","Leg Sweep+1","Wraith Form v2+1","Blur","PiercingWail","Caltrops+1","Footwork"],"relics":["Ring of the Snake","Happy Flower","Kunai","FossilizedHelix","Letter Opener","Tingsha","Runic Pyramid","White Beast Statue","Blue Candle","Mercury Hourglass","Sozu","Turnip","Thread and Needle","WarpedTongs","Tough Bandages","MealTicket","Orichalcum"],"acts_visited":["Exordium","TheCity","TheBeyond","TheEnding"],"potions_floor_usage":[10,16,22,55,55],"damage_taken":[{"damage":2,"enemies":"2 Louse","floor":1,"turns":4},{"damage":0,"enemies":"Jaw Worm","floor":2,"turns":3},{"damage":0,"enemies":"Small Slimes","floor":4,"turns":3},{"damage":6,"enemies":"Looter","floor":5,"turns":3},{"damage":13,"enemies":"Lagavulin","floor":6,"turns":10},{"damage":17,"enemies":"3 Sentries","floor":10,"turns":5},{"damage":0,"enemies":"Large Slime","floor":13,"turns":4},{"damage":0,"enemies":"Lagavulin","floor":14,"turns":6},{"damage":3,"enemies":"The Guardian","floor":16,"turns":12},{"damage":3,"enemies":"2 Thieves","floor":18,"turns":5},{"damage":0,"enemies":"Shell Parasite","floor":19,"turns":5},{"damage":0,"enemies":"Cultist and Chosen","floor":21,"turns":4},{"damage":6,"enemies":"Shelled Parasite and Fungi","floor":22,"turns":5},{"damage":0,"enemies":"Gremlin Leader","floor":24,"turns":7},{"damage":0,"enemies":"Centurion and Healer","floor":25,"turns":4},{"damage":0,"enemies":"Cultist and Chosen","floor":28,"turns":4},{"damage":0,"enemies":"Book of Stabbing","floor":30,"turns":7},{"damage":11,"enemies":"Automaton","floor":33,"turns":10},{"damage":0,"enemies":"3 Shapes","floor":35,"turns":4},{"damage":0,"enemies":"2 Orb Walkers","floor":36,"turns":5},{"damage":0,"enemies":"Mind Bloom Boss Battle","floor":37,"turns":7},{"damage":0,"enemies":"Orb Walker","floor":41,"turns":4},{"damage":0,"enemies":"Giant Head","floor":44,"turns":11},{"damage":0,"enemies":"Jaw Worm Horde","floor":48,"turns":3},{"damage":0,"enemies":"Donu and Deca","floor":50,"turns":8},{"damage":0,"enemies":"Shield and Spear","floor":54,"turns":8},{"damage":2,"enemies":"The Heart","floor":55,"turns":11}],"seed_played":"-5792876313400901529","potions_obtained":[{"floor":1,"key":"Block Potion"},{"floor":2,"key":"DuplicationPotion"},{"floor":13,"key":"Dexterity Potion"},{"floor":16,"key":"SmokeBomb"},{"floor":21,"key":"Weak Potion"},{"floor":22,"key":"PowerPotion"},{"floor":25,"key":"DuplicationPotion"}],"is_trial":false,"path_per_floor":["M","M","?","M","M","E","?","R","T","E","T","R","M","E","R","B",null,"M","M","$","M","M","R","E","M","T","?","M","R","E","?","R","B",null,"M","?","?","?","$","R","M","$","T","E","R","T","?","M","R","B",null,"R","$","E","B",null],"character_chosen":"THE_SILENT","items_purchased":["Corpse Explosion","PiercingWail","Footwork"],"campfire_rested":0,"item_purchase_floors":[20,39,53],"current_hp_per_floor":[42,42,42,42,36,23,23,23,23,6,6,6,6,6,6,3,50,47,47,47,47,41,41,41,41,41,35,35,35,35,35,35,24,56,56,56,56,56,56,56,56,56,56,56,56,56,56,56,56,56,64,64,66,66,64],"gold":55,"neow_bonus":"REMOVE_TWO","is_daily":false,"chose_seed":false,"campfire_upgraded":9,"win_rate":0.0,"timestamp":1609728218,"path_taken":["M","M","?","M","M","E","?","R","T","E","?","R","M","E","R","BOSS","M","M","$","M","M","R","E","M","T","?","M","R","E","?","R","BOSS","M","?","?","?","$","R","?","$","T","E","R","?","?","M","R","BOSS","R","$","E","BOSS"],"items_purchased_type":["Card","Card","Card"],"build_version":"2020-12-22","purchased_purges":3,"victory":true,"max_hp_per_floor":[66,66,66,66,66,66,66,66,66,66,66,66,66,66,66,66,66,66,66,66,66,66,66,66,66,66,66,66,66,66,66,66,66,66,66,66,66,66,66,66,66,66,66,66,66,66,66,66,66,66,66,66,66,66,66],"card_choices":[{"not_picked":["Eviscerate","Setup"],"picked":"Terror","floor":1},{"not_picked":["Sucker Punch","Masterful Stab"],"picked":"Leg Sweep","floor":2},{"not_picked":["Underhanded Strike","Deflect"],"picked":"All Out Attack","floor":4},{"not_picked":["Flying Knee","Catalyst"],"picked":"Quick Slash","floor":5},{"not_picked":["Caltrops","Unload"],"picked":"Noxious Fumes","floor":6},{"not_picked":["Dagger Throw","Tactician"],"picked":"PiercingWail","floor":10},{"not_picked":["Cloak And Dagger","Flying Knee"],"picked":"Footwork","floor":13},{"not_picked":["Underhanded Strike","Blade Dance"],"picked":"Die Die Die","floor":14},{"not_picked":["Doppelganger","Grand Finale"],"picked":"Wraith Form v2","floor":16},{"not_picked":["Poisoned Stab","Riddle With Holes+1"],"picked":"Calculated Gamble","floor":18},{"not_picked":["Dagger Spray","Heel Hook","Dagger Throw"],"picked":"SKIP","floor":19},{"not_picked":["Flying Knee","Dagger Throw","Cloak And Dagger"],"picked":"SKIP","floor":21},{"not_picked":["PiercingWail","Flying Knee","Quick Slash"],"picked":"SKIP","floor":22},{"not_picked":["Footwork","Endless Agony"],"picked":"Bullet Time","floor":24},{"not_picked":["Expertise","Outmaneuver+1","Setup"],"picked":"SKIP","floor":25},{"not_picked":["Deadly Poison","Prepared+1"],"picked":"Calculated Gamble","floor":28},{"not_picked":["Underhanded Strike","Crippling Poison"],"picked":"Leg Sweep+1","floor":30},{"not_picked":["Die Die Die","Adrenaline"],"picked":"Wraith Form v2","floor":33},{"not_picked":["Underhanded Strike","Dodge and Roll"],"picked":"Blur","floor":35},{"not_picked":["Blur","Deflect","Terror"],"picked":"SKIP","floor":41},{"not_picked":["Glass Knife","Deadly Poison","Underhanded Strike+1"],"picked":"SKIP","floor":44},{"not_picked":["Deflect","Noxious Fumes"],"picked":"Caltrops+1","floor":48},{"not_picked":["Leg Sweep","Bane","Expertise"],"picked":"SKIP","floor":54}],"player_experience":382622,"relics_obtained":[{"floor":6,"key":"Happy Flower"},{"floor":9,"key":"Kunai"},{"floor":10,"key":"FossilizedHelix"},{"floor":11,"key":"Letter Opener"},{"floor":14,"key":"Tingsha"},{"floor":24,"key":"White Beast Statue"},{"floor":26,"key":"Blue Candle"},{"floor":30,"key":"Mercury Hourglass"},{"floor":36,"key":"Turnip"},{"floor":37,"key":"Thread and Needle"},{"floor":44,"key":"Tough Bandages"},{"floor":46,"key":"MealTicket"},{"floor":54,"key":"Orichalcum"}],"event_choices":[{"cards_removed":["Defend_G"],"damage_healed":0,"gold_gain":0,"player_choice":"Card Removal","damage_taken":0,"max_hp_gain":0,"max_hp_loss":0,"event_name":"The Cleric","floor":3,"gold_loss":75},{"damage_healed":0,"gold_gain":1,"player_choice":"4","damage_taken":0,"max_hp_gain":0,"max_hp_loss":0,"event_name":"betterStone:BetterStone","floor":7,"gold_loss":0,"cards_obtained":["After Image"]},{"damage_healed":0,"gold_gain":50,"player_choice":"Touch","damage_taken":6,"max_hp_gain":0,"max_hp_loss":0,"event_name":"FaceTrader","floor":27,"gold_loss":0},{"cards_removed":["Strike_G"],"damage_healed":0,"gold_gain":0,"player_choice":"Upgrade and Remove","damage_taken":0,"max_hp_gain":0,"max_hp_loss":0,"event_name":"Designer","floor":31,"gold_loss":110,"cards_upgraded":["Defend_G"]},{"damage_healed":0,"gold_gain":0,"player_choice":"Fight","damage_taken":0,"max_hp_gain":0,"max_hp_loss":0,"event_name":"Mysterious Sphere","floor":36,"gold_loss":0},{"damage_healed":0,"gold_gain":0,"player_choice":"Fight","damage_taken":0,"max_hp_gain":0,"max_hp_loss":0,"event_name":"MindBloom","floor":37,"gold_loss":0},{"damage_healed":0,"gold_gain":0,"player_choice":"Rummage","damage_taken":0,"relics_obtained":["WarpedTongs"],"max_hp_gain":0,"max_hp_loss":0,"event_name":"Accursed Blacksmith","floor":38,"gold_loss":0,"cards_obtained":["Pain"]},{"cards_removed":["Defend_G"],"damage_healed":0,"gold_gain":0,"player_choice":"Removed Skill","damage_taken":0,"max_hp_gain":0,"max_hp_loss":0,"event_name":"Falling","floor":47,"gold_loss":0}],"is_beta":false,"boss_relics":[{"not_picked":["Astrolabe","Black Star"],"picked":"Runic Pyramid"},{"not_picked":["Philosopher\u0027s Stone","Pandora\u0027s Box"],"picked":"Sozu"}],"items_purged_floors":[20,39,42],"is_endless":false,"potions_floor_spawned":[1,2,5,13,16,21,22,25,28,30,33,35,36,37,41,44,48,54],"ascension_level":16}}