{"host":"8i4doyxqctgl5qb0","time":1609776111,"event":{"mods":["AchievementEnabler","BaseMod","Block Reminder","Colored Powertips","Downfall","Marisa£®ÏF”Í°°ƒß¿Ì…≥£©","Minty Spire (QoL Compilation)","Permanent Neow","Potion Indicator Mod","Rare Cards Sparkle","StSLib","SuperFastMode"],"gold_per_floor":[112,122,122,135,135,164,164,1,1,1,16,16,44,64,64,168,168,181,181,208,148,148],"floor_reached":21,"playtime":515,"items_purged":[],"score":224,"play_id":"e75bedc0-c00e-4143-a28e-63db550382eb","local_time":"20210105000151","is_ascension_mode":true,"campfire_choices":[{"floor":7.0,"key":"REST"},{"data":"expansioncontent:DashGenerateEvil","floor":10.0,"key":"SMITH"},{"data":"Capacitor","floor":12.0,"key":"SMITH"},{"floor":15.0,"key":"REST"}],"circlet_count":0,"master_deck":["Strike_B","Strike_B+1","Strike_B+1","Defend_B","Defend_B","Defend_B","Defend_B","Zap","Dualcast","BootSequence","Loop","Tempest","Defragment","expansioncontent:DashGenerateEvil+1","Capacitor+1","Hello World","Conserve Battery","Creative AI","Chaos+1","Sweeping Beam+1"],"relics":["Cracked Core","NeowsBlessing","Eternal Feather","Unceasing Top","MealTicket","SacredBark","Red Mask"],"acts_visited":["Exordium","TheCity"],"potions_floor_usage":[20],"damage_taken":[{"damage":0.0,"enemies":"Jaw Worm","floor":1.0,"turns":1.0},{"damage":0.0,"enemies":"Small Slimes","floor":2.0,"turns":1.0},{"damage":0.0,"enemies":"2 Louse","floor":4.0,"turns":1.0},{"damage":31.0,"enemies":"3 Sentries","floor":6.0,"turns":5.0},{"damage":10.0,"enemies":"2 Fungi Beasts","floor":11.0,"turns":3.0},{"damage":17.0,"enemies":"Gremlin Nob","floor":13.0,"turns":4.0},{"damage":5.0,"enemies":"Gremlin Gang","floor":14.0,"turns":3.0},{"damage":33.0,"enemies":"Slime Boss","floor":16.0,"turns":9.0},{"damage":7.0,"enemies":"Shell Parasite","floor":18.0,"turns":4.0},{"damage":34,"enemies":"Masked Bandits","floor":20,"turns":6},{"damage":23,"enemies":"2 Thieves","floor":21,"turns":2}],"seed_played":"330423819471393257","potions_obtained":[{"floor":1.0,"key":"Slimebound:ThreeZeroPotion"},{"floor":2.0,"key":"PowerPotion"},{"floor":11.0,"key":"champ:CounterPotion"},{"floor":13.0,"key":"Weak Potion"},{"floor":18.0,"key":"Dexterity Potion"}],"is_trial":false,"path_per_floor":["M","M","?","M","?","E","R","$","T","R","M","R","E","M","R","B",null,"M","?","?","M"],"character_chosen":"DEFECT","items_purchased":["expansioncontent:DashGenerateEvil"],"campfire_rested":2,"item_purchase_floors":[8],"current_hp_per_floor":[75,75,60,60,53,22,50,50,50,56,46,55,38,33,64,31,75,68,54,20,0,0],"gold":148,"neow_bonus":"THREE_ENEMY_KILL","is_daily":false,"chose_seed":false,"campfire_upgraded":2,"win_rate":0.0,"timestamp":1609776111,"path_taken":["M","M","?","M","?","E","R","$","T","R","M","R","E","M","R","BOSS","M","?","?","M"],"items_purchased_type":["Card"],"build_version":"2020-12-22","purchased_purges":0,"victory":false,"max_hp_per_floor":[75,75,75,75,75,75,75,75,75,75,75,75,75,75,75,75,75,75,80,80,80,80],"card_choices":[{"not_picked":["Sweeping Beam","Barrage"],"picked":"BootSequence","floor":1.0},{"not_picked":["Rebound","Ball Lightning"],"picked":"Loop","floor":2.0},{"not_picked":["Steam Power","Stack"],"picked":"Tempest","floor":4.0},{"not_picked":["Gash","Chaos"],"picked":"Defragment","floor":6.0},{"not_picked":["Streamline","Barrage"],"picked":"Capacitor","floor":11.0},{"not_picked":["Skim","Leap"],"picked":"Hello World","floor":13.0},{"not_picked":["Beam Cell","Cold Snap"],"picked":"Conserve Battery","floor":14.0},{"not_picked":["All For One","Rainbow"],"picked":"Creative AI","floor":16.0},{"not_picked":["Blizzard+1","Stack+1"],"picked":"Chaos+1","floor":18.0},{"not_picked":["Doom and Gloom","Go for the Eyes"],"picked":"Sweeping Beam+1","floor":20}],"player_experience":67103,"relics_obtained":[{"floor":6.0,"key":"Eternal Feather"},{"floor":9.0,"key":"Unceasing Top"},{"floor":13.0,"key":"MealTicket"},{"floor":20,"key":"Red Mask"}],"event_choices":[{"damage_healed":0.0,"max_hp_gain":0.0,"max_hp_loss":0.0,"gold_gain":0.0,"event_name":"Shining Light","player_choice":"Entered Light","floor":3.0,"gold_loss":0.0,"damage_taken":15.0,"cards_upgraded":["Strike_B","Strike_B"]},{"cards_removed":["Strike_B"],"damage_healed":0.0,"max_hp_gain":0.0,"max_hp_loss":0.0,"gold_gain":0.0,"event_name":"Golden Wing","player_choice":"Card Removal","floor":5.0,"gold_loss":0.0,"damage_taken":7.0},{"damage_healed":0.0,"max_hp_gain":5.0,"max_hp_loss":0.0,"gold_gain":0.0,"event_name":"Forgotten Altar","player_choice":"Shed Blood","floor":19.0,"gold_loss":0.0,"damage_taken":19.0},{"damage_healed":0,"gold_gain":0,"player_choice":"Fought Bandits","damage_taken":0,"max_hp_gain":0,"max_hp_loss":0,"event_name":"Masked Bandits","floor":20,"gold_loss":0}],"is_beta":false,"boss_relics":[{"not_picked":["Tiny House","Runic Dome"],"picked":"SacredBark"}],"items_purged_floors":[],"is_endless":false,"potions_floor_spawned":[1,2,11,13,18],"killed_by":"2 Thieves","ascension_level":4}}