{"host":"q79spna8ofw6hj3r","time":1609788840,"event":{"mods":["Aspiration","BaseMod","Bestiary","Better Altar","Better Match","Better Note","Better Sensory Stone","Better Skull","Better Third Choice","Better Vampires","BetterRewards","Block Reminder","Card Filter","Challenge The Spire","Colored Map","Colored Powertips","Conspire","Custom Start","Energized Spire","Halation","Hubris","Infinite Spire","Jedi Mod","Mimic Mod","Minty Spire (QoL Compilation)","Permanent Neow","Quick Restart","Relic Filter","Relic Sorter","Replay The Spire","Shop Mod","StSLib","SuperFastMode","Synergy Search","The Servant 0.9.4","vexMod"],"gold_per_floor":[209,219,144,144,159,159,159],"floor_reached":6,"playtime":194,"items_purged":["Strike_S"],"score":36,"play_id":"998f93b6-6548-42d3-8467-6a998d0cc817","local_time":"20210104213400","is_ascension_mode":false,"campfire_choices":[],"circlet_count":0,"master_deck":["Strike_S","Strike_S","Strike_S","Defend_S","Defend_S","Defend_S","Defend_S","KidneyShot","Exchange","FastForward"],"relics":["Uniform"],"acts_visited":["Exordium"],"potions_floor_usage":[],"damage_taken":[{"damage":0,"enemies":"Cultist","floor":1,"turns":4},{"damage":0,"enemies":"Small Slimes","floor":2,"turns":3},{"damage":0,"enemies":"Jaw Worm","floor":5,"turns":4},{"damage":67,"enemies":"Gremlin Nob","floor":6,"turns":7}],"seed_played":"-8857373795886397518","potions_obtained":[{"floor":1,"key":"PowerPotion"},{"floor":5,"key":"Regen Potion"}],"is_trial":false,"path_per_floor":["M","M","$","?","M","E"],"character_chosen":"THE_SERVANT","items_purchased":[],"campfire_rested":0,"item_purchase_floors":[],"current_hp_per_floor":[65,65,65,65,65,0,0],"gold":159,"neow_bonus":"HUNDRED_GOLD","is_daily":false,"chose_seed":false,"campfire_upgraded":0,"win_rate":0.0,"timestamp":1609788840,"path_taken":["M","M","$","?","?","E"],"items_purchased_type":[],"build_version":"2020-12-22","purchased_purges":1,"victory":false,"max_hp_per_floor":[65,65,65,65,65,65,65],"card_choices":[{"not_picked":["ShatteredReality","Unruled"],"picked":"FastForward","floor":1},{"not_picked":["ShatteredReality","Unruled","Rewind"],"picked":"SKIP","floor":2},{"not_picked":["Defy","ShatteredReality","Ricochet"],"picked":"SKIP","floor":5}],"player_experience":200047,"relics_obtained":[],"event_choices":[{"damage_healed":0,"gold_gain":0,"player_choice":"Ignored","damage_taken":0,"max_hp_gain":0,"max_hp_loss":0,"event_name":"betterNote:BetterNote","floor":4,"gold_loss":0,"cards_obtained":["ReplayTheSpireMod:Doomed"]}],"is_beta":false,"boss_relics":[],"items_purged_floors":[3],"is_endless":false,"potions_floor_spawned":[1,5],"killed_by":"Gremlin Nob","ascension_level":0}}