{"host":"ryuep8ewa00k39z9","time":1609782505,"event":{"mods":["AchievementEnabler","BaseMod","Best Route Mod","Colored Map","Colored Powertips","Displayed Cursed Tome","Highlight Path","Minty Spire (QoL Compilation)","Quick Restart","SuperFastMode"],"gold_per_floor":[111,111,36,111,11,11,45,59,112,62,12,12,41,41,41,140,140,158,108,108,108,58,58,58,70,70,85,35,51,51,68,68,169,219,233,36,56,76,26,61,61,73,73,73,83,109,109,121,121,121,121],"floor_reached":50,"playtime":1882,"items_purged":["Strike_B","Defend_B","Defend_B","Strike_B","Strike_B","Defend_B","Zap","Auto Shields+1"],"score":666,"play_id":"a714eb7c-38f7-4c04-a612-ed1b10dcadab","local_time":"20210104114825","is_ascension_mode":true,"campfire_choices":[{"data":"Ball Lightning","floor":6.0,"key":"SMITH"},{"data":"Auto Shields","floor":12.0,"key":"SMITH"},{"floor":15.0,"key":"REST"},{"data":"Meteor Strike","floor":23.0,"key":"SMITH"},{"floor":32.0,"key":"RECALL"},{"floor":47.0,"key":"REST"},{"data":"Conserve Battery","floor":49.0,"key":"SMITH"}],"circlet_count":0,"master_deck":["Dualcast","Ball Lightning+1","Conserve Battery+1","Conserve Battery+1","Meteor Strike+1","Melter+1"],"relics":["Cracked Core","Calipers","Smiling Mask","Juzu Bracelet","StrikeDummy","Snecko Eye","Bag of Marbles","Tiny House","Bag of Preparation","Toy Ornithopter","Singing Bowl","CeramicFish"],"acts_visited":["Exordium","TheCity","TheBeyond"],"potions_floor_usage":[50,50],"damage_taken":[{"damage":1.0,"enemies":"Cultist","floor":1.0,"turns":3.0},{"damage":15.0,"enemies":"Lagavulin","floor":7.0,"turns":6.0},{"damage":0.0,"enemies":"Small Slimes","floor":8.0,"turns":2.0},{"damage":18.0,"enemies":"3 Sentries","floor":13.0,"turns":8.0},{"damage":31.0,"enemies":"Slime Boss","floor":16.0,"turns":8.0},{"damage":0.0,"enemies":"2 Thieves","floor":18.0,"turns":2.0},{"damage":0.0,"enemies":"Spheric Guardian","floor":25.0,"turns":2.0},{"damage":0.0,"enemies":"Centurion and Healer","floor":27.0,"turns":3.0},{"damage":0.0,"enemies":"3 Cultists","floor":29.0,"turns":2.0},{"damage":0.0,"enemies":"Snake Plant","floor":31.0,"turns":2.0},{"damage":35.0,"enemies":"Collector","floor":33.0,"turns":6.0},{"damage":0.0,"enemies":"3 Darklings","floor":35.0,"turns":3.0},{"damage":0.0,"enemies":"Orb Walker","floor":37.0,"turns":2.0},{"damage":0.0,"enemies":"Transient","floor":38.0,"turns":5.0},{"damage":5.0,"enemies":"Reptomancer","floor":40.0,"turns":5.0},{"damage":0.0,"enemies":"Sphere and 2 Shapes","floor":42.0,"turns":2.0},{"damage":24.0,"enemies":"Maw","floor":45.0,"turns":6.0},{"damage":11.0,"enemies":"Spire Growth","floor":48.0,"turns":3.0},{"damage":81,"enemies":"Time Eater","floor":50,"turns":8}],"seed_played":"-6468700886407034762","potions_obtained":[{"floor":1.0,"key":"ColorlessPotion"},{"floor":7.0,"key":"Swift Potion"},{"floor":18.0,"key":"DistilledChaos"},{"floor":25.0,"key":"DistilledChaos"},{"floor":31.0,"key":"Fire Potion"},{"floor":33.0,"key":"Strength Potion"},{"floor":34.0,"key":"PotionOfCapacity"},{"floor":37.0,"key":"DistilledChaos"},{"floor":42.0,"key":"Weak Potion"}],"is_trial":false,"path_per_floor":["M","?","$","?","$","R","E","M","T","$","?","R","E","?","R","B",null,"M","$","?","?","$","R","?","M","T","M","$","M","T","M","R","B",null,"M","$","M","M","$","E","?","M","T","?","M","T","R","M","R","B"],"character_chosen":"DEFECT","items_purchased":["Bag of Preparation"],"campfire_rested":2,"item_purchase_floors":[36],"current_hp_per_floor":[67,60,60,49,49,49,34,34,34,34,34,34,16,16,38,7,58,58,58,58,58,58,58,75,75,75,75,75,75,75,75,75,40,71,71,71,71,71,71,66,66,66,66,66,49,49,72,63,63,0,0],"gold":121,"neow_bonus":"ONE_RARE_RELIC","is_daily":false,"chose_seed":false,"campfire_upgraded":4,"win_rate":0.0,"timestamp":1609782505,"path_taken":["M","?","$","?","$","R","E","M","T","?","?","R","E","?","R","BOSS","M","$","?","?","$","R","?","M","T","M","$","M","?","M","R","BOSS","M","$","M","M","$","E","?","M","T","?","M","?","R","M","R","BOSS"],"items_purchased_type":["Relic"],"build_version":"2020-12-22","purchased_purges":8,"victory":false,"max_hp_per_floor":[75,75,75,75,75,75,75,75,75,75,75,75,75,75,75,75,75,75,75,75,75,75,75,75,75,75,75,75,75,75,75,75,75,80,80,80,80,80,80,80,80,80,80,76,78,78,78,80,80,80,80],"card_choices":[{"not_picked":["Recycle","Static Discharge"],"picked":"Ball Lightning","floor":1.0},{"not_picked":["Aggregate","Beam Cell"],"picked":"Auto Shields","floor":7.0},{"not_picked":["Redo","Rebound"],"picked":"Conserve Battery","floor":8.0},{"not_picked":["Aggregate","Lockon"],"picked":"Conserve Battery","floor":13.0},{"not_picked":["Rainbow","Core Surge"],"picked":"Meteor Strike","floor":16.0},{"not_picked":["Rebound","Lockon","Stack"],"picked":"SKIP","floor":18.0},{"not_picked":["Tempest","FTL","Cold Snap"],"picked":"SKIP","floor":25.0},{"not_picked":["Cold Snap+1","Turbo"],"picked":"Melter+1","floor":27.0},{"not_picked":["Cold Snap","Aggregate","Go for the Eyes+1"],"picked":"SKIP","floor":29.0},{"not_picked":["Cold Snap","Auto Shields+1","Glacier"],"picked":"SKIP","floor":31.0},{"not_picked":["Compile Driver+1","White Noise+1","Rebound+1"],"picked":"SKIP","floor":35.0},{"not_picked":["Leap","Force Field+1","Blizzard+1"],"picked":"SKIP","floor":37.0},{"not_picked":["Stack","Gash","Capacitor+1"],"picked":"SKIP","floor":38.0},{"not_picked":["Force Field+1","Reprogram+1","Meteor Strike"],"picked":"SKIP","floor":40.0},{"not_picked":["Glacier+1","Sweeping Beam+1","Hologram+1"],"picked":"SKIP","floor":42.0},{"not_picked":["Ball Lightning","Barrage+1","Beam Cell+1"],"picked":"Singing Bowl","floor":45.0},{"not_picked":["Steam+1","Tempest+1","Go for the Eyes"],"picked":"Singing Bowl","floor":48.0}],"player_experience":3894445,"relics_obtained":[{"floor":7.0,"key":"Smiling Mask"},{"floor":9.0,"key":"Juzu Bracelet"},{"floor":13.0,"key":"StrikeDummy"},{"floor":26.0,"key":"Bag of Marbles"},{"floor":40.0,"key":"Toy Ornithopter"},{"floor":43.0,"key":"Singing Bowl"},{"floor":46.0,"key":"CeramicFish"}],"event_choices":[{"cards_removed":["Shame"],"damage_healed":0.0,"max_hp_gain":0.0,"max_hp_loss":0.0,"gold_gain":0.0,"event_name":"Golden Wing","player_choice":"Card Removal","floor":2.0,"gold_loss":0.0,"damage_taken":7.0},{"damage_healed":0.0,"max_hp_gain":0.0,"max_hp_loss":0.0,"gold_gain":75.0,"event_name":"World of Goop","player_choice":"Gather Gold","floor":4.0,"gold_loss":0.0,"damage_taken":11.0},{"cards_removed":["Strike_B"],"damage_healed":0.0,"max_hp_gain":0.0,"max_hp_loss":0.0,"gold_gain":0.0,"event_name":"The Cleric","player_choice":"Card Removal","floor":11.0,"gold_loss":50.0,"damage_taken":0.0},{"cards_removed":["Defend_B"],"damage_healed":0.0,"max_hp_gain":0.0,"max_hp_loss":0.0,"gold_gain":0.0,"event_name":"Living Wall","player_choice":"Forget","floor":14.0,"gold_loss":0.0,"damage_taken":0.0},{"damage_healed":0.0,"max_hp_gain":0.0,"max_hp_loss":0.0,"gold_gain":0.0,"event_name":"Cursed Tome","player_choice":"Ignored","floor":21.0,"gold_loss":0.0,"damage_taken":0.0},{"damage_healed":25.0,"max_hp_gain":0.0,"max_hp_loss":0.0,"gold_gain":0.0,"event_name":"The Library","player_choice":"Heal","floor":24.0,"gold_loss":0.0,"damage_taken":0.0},{"damage_healed":0.0,"max_hp_gain":0.0,"max_hp_loss":0.0,"gold_gain":0.0,"event_name":"SensoryStone","player_choice":"Memory 1","floor":41.0,"gold_loss":0.0,"damage_taken":0.0},{"damage_healed":0.0,"max_hp_gain":0.0,"max_hp_loss":4.0,"gold_gain":0.0,"event_name":"Winding Halls","player_choice":"Max HP","floor":44.0,"gold_loss":0.0,"damage_taken":0.0}],"is_beta":false,"boss_relics":[{"not_picked":["Cursed Key","Fusion Hammer"],"picked":"Snecko Eye"},{"not_picked":["Coffee Dripper","Pandora\u0027s Box"],"picked":"Tiny House"}],"items_purged_floors":[3,5,10,19,22,28,36,39],"is_endless":false,"potions_floor_spawned":[1,7,18,25,31,33,37,38,42],"killed_by":"Time Eater","ascension_level":8}}