{"host":"pcbz64t4k17ey4z1","time":1609791737,"event":{"mods":["2.2 Compatiblity","AchievementEnabler","Act Like it!","Aspiration","BaseMod","Beaked The Cultist","Better Match","Better Third Choice","BetterRewards","Card Forge","Colored Map","Colored Powertips","Conspire","Disable Question Mark Monsters","Fireblade Mod","Friendly Minions","Gensokyo","GifTheSpireLib","Glutton Mod","Googly Eyes","Gremlin Mod","Hermit","Hubris","Infinite Spire","Koishi","Marisa????????","Minty Spire (QoL Compilation)","Permanent Neow","Potionbrewer","Quick Restart","Random Character Button","Rare Cards Sparkle","Relic Filter","Replay The Spire","Robot Space Explorer","Shade Mod","Shop Mod","Small Relic Pack","Spicy Shops","StSLib","Stuff the Spire","SuperFastMode","The Animator","The Cursed","The Druid","The Gatherer","The Hierophant","The IronCluck","The Jungle","The Marked","The Runesmith","Virulent Crown","Waifu the Spire","Wandering Minibosses","vexMod"],"gold_per_floor":[160,5,98,191,281,416,367,587,587,587,706,800,1038,1038,1038,1462,1462,1774,1774,1774,1913,1983,1983,2260,2260,2287,2287,2487,2725,2784,2910,2910,3374,3374,3495,3495,3832,3320,3320,3499,3616,3818,3845,3925,3925,3925,4087,4222,4222,4462,4462,4462,3356,3513,3758],"floor_reached":56,"playtime":5446,"items_purged":[],"score":2125,"play_id":"86e8b4e2-d1ec-4af7-82a2-a01f64ef795c","local_time":"20210104202217","is_ascension_mode":true,"campfire_choices":[{"data":"Koishi:GhostParty","floor":10,"key":"SMITH"},{"data":"Koishi:PredatoryInstincts","floor":15,"key":"SMITH"},{"data":"Koishi:GrowingPain","floor":23,"key":"SMITH"},{"data":"Pot Of Greed","floor":25,"key":"SMITH"},{"data":"Koishi:ImGoingToCallYouNow","floor":27,"key":"SMITH"},{"data":"Koishi:GeneticsOfTheUnconscious","floor":32,"key":"SMITH"},{"data":"Koishi:Ego","floor":46,"key":"SMITH"},{"floor":49,"key":"RECALL"},{"data":"infinitespire:Punishment","floor":52,"key":"SMITH"}],"circlet_count":0,"master_deck":["Koishi:BasicStrike","Koishi:BasicStrike","Koishi:BasicStrike","Koishi:BasicStrike","Koishi:BasicDefend","Koishi:BasicDefend","Koishi:BasicDefend","Koishi:BasicDefend","Koishi:Provoke+1","Koishi:HauntingSlash+1","StuffTheSpire:PlasmaPunch+1","Koishi:BloodcurdlingScream","StuffTheSpire:PlasmaPunch+1","Koishi:FourthEye","Koishi:PredatoryInstincts","Koishi:SubterraneanRose","Koishi:GhostParty+1","Koishi:GrowingPain+1","Koishi:PredatoryInstincts+1","Pot Of Greed+1","Pot Of Greed+1","Koishi:SpiritedAway","Koishi:Untouchable","Koishi:ImGoingToCallYouNow+1","Koishi:SpiritedAway","Pot Of Greed+1","Koishi:BramblyRoseGarden","Koishi:BramblyRoseGarden","Koishi:GeneticsOfTheUnconscious+1","Koishi:GeneticsOfTheUnconscious+1","Koishi:Ego+1","Koishi:Bloodlust+1","infinitespire:Punishment+1","Koishi:PredatoryInstincts","Koishi:Catatonia+1","Koishi:TremblingHands","Koishi:VengefulSpirit","Koishi:MindNumbingTerror","Pot Of Greed"],"relics":["Koishi:ImaginaryFriend","Hammer of Thor","Seething Fire","Anvil of the Gods","Replay:Bandana","DollysMirror","ReplayTheSpireMod:Ninjato","Pantograph","hubris:TinFlute","Grinning Jar","Meat on the Bone","Replay:Fungal Core","hubris:Towel","Ornamental Fan","StuffTheSpire:ForceGauntlet","hubris:SphereOfDissonance","infinitespire:Cupcake","hubris:MysteriousPyramids","Oddly Smooth Stone","potionbrewer:Keyblade","vexMod:PlasmaPancake","StuffTheSpire:Nightcore","Chameleon Ring","hubris:GlazedTorus","Juzu Bracelet","hubris:KleinBottle","Simple Rune","StuffTheSpire:GrapeVine","potionbrewer:SalesContract","StuffTheSpire:OldFever","Durian","Sling","ReplayFunnel","Anchor"],"acts_visited":[],"potions_floor_usage":[6,13,13,29,29,29,31,40,40,44,55],"damage_taken":[{"damage":0,"enemies":"Gensokyo:2_Kodama","floor":1,"turns":3},{"damage":0,"enemies":"Gensokyo:3_Fairies","floor":3,"turns":3},{"damage":0,"enemies":"Gensokyo:Gryphon","floor":4,"turns":3},{"damage":0,"enemies":"Gensokyo:5_Fairies","floor":5,"turns":3},{"damage":27,"enemies":"Gensokyo:Aya","floor":6,"turns":6},{"damage":28,"enemies":"Gensokyo:Mamizou","floor":8,"turns":11},{"damage":0,"enemies":"Gensokyo:LivingMonolith","floor":11,"turns":4},{"damage":4,"enemies":"Gensokyo:CorruptedTreant","floor":12,"turns":4},{"damage":0,"enemies":"Gensokyo:2_Rabbits","floor":13,"turns":7},{"damage":0,"enemies":"Gensokyo:Reimu","floor":16,"turns":11},{"damage":11,"enemies":"3 Byrds","floor":18,"turns":6},{"damage":6,"enemies":"conspire:FuzzyDice","floor":21,"turns":5},{"damage":5,"enemies":"conspire:Head Lice","floor":24,"turns":6},{"damage":2,"enemies":"Chosen and Byrds","floor":28,"turns":5},{"damage":5,"enemies":"Nightmare","floor":29,"turns":7},{"damage":14,"enemies":"Snake Plant","floor":30,"turns":3},{"damage":10,"enemies":"Sentry and Sphere","floor":31,"turns":6},{"damage":6,"enemies":"Automaton","floor":33,"turns":10},{"damage":8,"enemies":"Gensokyo:3_Bats","floor":35,"turns":4},{"damage":4,"enemies":"Gensokyo:AncientGuardian","floor":37,"turns":9},{"damage":3,"enemies":"Gensokyo:Marisa","floor":40,"turns":3},{"damage":6,"enemies":"Gensokyo:Sharpion","floor":41,"turns":4},{"damage":6,"enemies":"Nightmare","floor":42,"turns":4},{"damage":6,"enemies":"Gensokyo:Dusk_and_Dawn","floor":44,"turns":1},{"damage":10,"enemies":"Gensokyo:Marisa","floor":47,"turns":3},{"damage":8,"enemies":"Gensokyo:Rafflesia","floor":48,"turns":4},{"damage":7,"enemies":"Gensokyo:Scarlet_Devils","floor":50,"turns":6},{"damage":3,"enemies":"Shield and Spear","floor":54,"turns":4},{"damage":13,"enemies":"The Heart","floor":55,"turns":8}],"seed_played":"-7993849709873103578","potions_obtained":[{"floor":5,"key":"Adrenaline Potion"},{"floor":6,"key":"Reflective Coating"},{"floor":12,"key":"Explosive Potion"},{"floor":16,"key":"potionbrewer:NoxiousPotion"},{"floor":21,"key":"SpeedPotion"},{"floor":28,"key":"Dexterity Potion"},{"floor":30,"key":"potionbrewer:DiscountPotion"},{"floor":31,"key":"potionbrewer:DiscountPotion"},{"floor":33,"key":"potionbrewer:StunPotion"},{"floor":37,"key":"Weak Potion"},{"floor":44,"key":"potionbrewer:QuicksilverPotion"},{"floor":47,"key":"Explosive Potion"}],"is_trial":false,"path_per_floor":["M","$","M","M","M","E","COS","E","T","R","M","M","M","?","R","B",null,"M","?","?","M","T","R","E","R","T","R","M","NM","M","M","R","B",null,"M","T","M","$","?","E","M","NM","T","M","$","R","E","M","R","B",null,"R","$","E","B",null],"character_chosen":"KOISHI","items_purchased":["Replay:Bandana","StuffTheSpire:PlasmaPunch","DollysMirror","Oddly Smooth Stone","potionbrewer:Keyblade","vexMod:PlasmaPancake","hubris:KleinBottle","StuffTheSpire:GrapeVine","potionbrewer:SalesContract","StuffTheSpire:OldFever","Durian","Sling","ReplayFunnel","Koishi:TremblingHands","Koishi:VengefulSpirit"],"campfire_rested":0,"item_purchase_floors":[0,0,2,38,38,38,45,53,53,53,53,53,53,53,53],"current_hp_per_floor":[54,54,54,56,60,39,39,21,21,21,27,31,51,51,51,60,60,60,60,50,65,65,65,65,65,65,65,65,65,57,65,65,65,65,65,65,65,71,43,71,71,71,71,65,49,49,56,71,71,71,71,71,76,76,74],"gold":3758,"neow_bonus":"","is_daily":false,"chose_seed":false,"campfire_upgraded":8,"win_rate":0.0,"timestamp":1609791737,"path_taken":["M","$","M","M","M","E","COS","E","T","R","M","?","M","?","R","BOSS","M","?","?","M","?","R","E","R","T","R","M","NM","?","M","R","BOSS","M","?","M","$","?","E","M","NM","T","M","?","R","E","M","R","BOSS","R","$","E","BOSS"],"items_purchased_type":["Relic","Card","Relic","Relic","Relic","Relic","Relic","Relic","Relic","Relic","Relic","Relic","Relic","Card","Card"],"build_version":"2020-12-22","purchased_purges":0,"victory":true,"max_hp_per_floor":[60,60,60,60,60,60,60,60,60,60,60,60,60,60,60,60,60,60,60,65,65,65,65,65,65,65,65,65,65,65,65,65,65,65,65,65,65,71,71,71,71,71,71,71,71,71,71,71,71,71,71,71,76,76,76],"card_choices":[{"not_picked":["Koishi:ParalyzingFear","Koishi:HeartfeltFancy"],"picked":"Koishi:BloodcurdlingScream","floor":1},{"not_picked":["Koishi:EmbersOfLove","Koishi:Whimsy"],"picked":"Koishi:FourthEye","floor":3},{"not_picked":["Koishi:HeartfeltFancy","Koishi:EmbryosDream"],"picked":"Koishi:PredatoryInstincts","floor":4},{"not_picked":["Koishi:DanmakuParanoia","Koishi:BloodcurdlingScream"],"picked":"Koishi:SubterraneanRose","floor":5},{"not_picked":["Koishi:DreadfulBlow","Koishi:FleetingPhantom"],"picked":"Koishi:GhostParty","floor":6},{"not_picked":["Koishi:FidgetySnatcher","Koishi:ApparitionsStalkTheNight"],"picked":"Koishi:GrowingPain","floor":8},{"not_picked":["Koishi:ReflexRadar","Koishi:ReleaseOfTheId"],"picked":"Koishi:PredatoryInstincts","floor":11},{"not_picked":["Koishi:UnconsciousUprising","Koishi:Prune"],"picked":"Koishi:SpiritedAway","floor":12},{"not_picked":["Koishi:SubterraneanRose","Koishi:PhantomBarrier"],"picked":"Koishi:Untouchable","floor":13},{"not_picked":["Koishi:RoseHell","Koishi:FormlessExistence"],"picked":"Koishi:ImGoingToCallYouNow","floor":16},{"not_picked":["Koishi:UnansweredLove","Koishi:EmbersOfLove","Koishi:FleetingPhantom"],"picked":"SKIP","floor":18},{"not_picked":["Koishi:CatchAndRose+1","Koishi:SubconsciousSweep"],"picked":"Koishi:SpiritedAway","floor":21},{"not_picked":["Koishi:UnconsciousUprising","Koishi:FleetingPhantom"],"picked":"Koishi:BramblyRoseGarden","floor":24},{"not_picked":["Koishi:MindNumbingTerror+1","Koishi:PhantomBarrier"],"picked":"Koishi:BramblyRoseGarden","floor":28},{"not_picked":["Koishi:UnconsciousUprising","Koishi:Jaunt+1"],"picked":"Koishi:GeneticsOfTheUnconscious+1","floor":29},{"not_picked":["Koishi:Vanish","Koishi:PhantomBarrier","Koishi:PhantomStrike"],"picked":"SKIP","floor":30},{"not_picked":["Koishi:YoukaiPolygraph","Koishi:ParalyzingFear+1"],"picked":"Koishi:GeneticsOfTheUnconscious","floor":31},{"not_picked":["Koishi:MentalBreakdown","Koishi:ConditionedTeleport"],"picked":"Koishi:Ego","floor":33},{"not_picked":["Koishi:SprinkleStarAndHeart+1","Koishi:HeartfeltFancy","Koishi:SubterraneanRose"],"picked":"SKIP","floor":35},{"not_picked":["Koishi:LastRemote+1","Koishi:DNAsFlaw","Koishi:StingingMind"],"picked":"SKIP","floor":37},{"not_picked":["Koishi:Possession","Koishi:RacingHeart+1","Koishi:UnansweredLove"],"picked":"SKIP","floor":40},{"not_picked":["Koishi:UnconsciousUrges","Koishi:EmbryosDream","Koishi:TraumaticStroke"],"picked":"SKIP","floor":41},{"not_picked":["Koishi:JumpScare+1","Koishi:StingingMind+1"],"picked":"Koishi:Bloodlust+1","floor":42},{"not_picked":["Koishi:UnconsciousUprising+1","Koishi:SubconsciousSweep","Koishi:MassHysteria"],"picked":"SKIP","floor":44},{"not_picked":["infinitespire:DeathsTouch","infinitespire:Oblivion"],"picked":"infinitespire:Punishment","floor":45},{"not_picked":["Koishi:ParalyzingFear","Koishi:HeartfeltFancy"],"picked":"Koishi:PredatoryInstincts","floor":47},{"not_picked":["Koishi:FourthEye","Koishi:EmbryosDream+1"],"picked":"Koishi:Catatonia+1","floor":48},{"not_picked":["Koishi:DreadfulBlow+1","Koishi:RorschachInDanmaku"],"picked":"Koishi:MindNumbingTerror","floor":54}],"player_experience":3848828,"relics_obtained":[{"floor":6,"key":"ReplayTheSpireMod:Ninjato"},{"floor":8,"key":"Pantograph"},{"floor":9,"key":"hubris:TinFlute"},{"floor":22,"key":"Ornamental Fan"},{"floor":24,"key":"StuffTheSpire:ForceGauntlet"},{"floor":29,"key":"hubris:SphereOfDissonance"},{"floor":36,"key":"hubris:MysteriousPyramids"},{"floor":40,"key":"Chameleon Ring"},{"floor":42,"key":"hubris:GlazedTorus"},{"floor":43,"key":"Juzu Bracelet"},{"floor":47,"key":"Simple Rune"},{"floor":54,"key":"Anchor"}],"event_choices":[{"damage_healed":0,"gold_gain":0,"player_choice":"Shed Blood","damage_taken":15,"max_hp_gain":5,"max_hp_loss":0,"event_name":"Forgotten Altar","floor":20,"gold_loss":0}],"is_beta":false,"boss_relics":[{"not_picked":["beaked:SacredDeck","Runesmith:UraniumAnvil"],"picked":"Replay:Fungal Core"},{"not_picked":["aspiration:FutureDiary","SacredBark"],"picked":"infinitespire:Cupcake"}],"items_purged_floors":[],"is_endless":false,"potions_floor_spawned":[5,6,12,16,21,28,30,31,33,37,44,47],"ascension_level":6}}