{"host":"40f49r155zsx8eqk","time":1609785093,"event":{"mods":["AchievementEnabler","Aspiration","BaseMod","Curses Come First","Dota2Spire","Evolution","Googly Eyes","Minty Spire (QoL Compilation)","Relic Sorter","Replay The Spire","StSLib","The Gatherer"],"gold_per_floor":[110,110,110,126,137,137,150,184,235,235,235],"floor_reached":10,"playtime":329,"items_purged":[],"score":71,"play_id":"984a557f-bd4b-4c21-9348-0616ab6f24a8","local_time":"20210104213133","is_ascension_mode":true,"campfire_choices":[{"data":"Neutralize","floor":6,"key":"SMITH"}],"circlet_count":0,"master_deck":["Strike_G","Strike_G","Strike_G","Strike_G","Strike_G","Defend_G","Defend_G","Defend_G","Defend_G","Defend_G","Survivor","Neutralize+1","Dagger Spray","Pain","ReplayTheSpireMod:Scrap Shanks","Hidden Blade","Prepared","Pot Of Greed","Pot Of Greed","ReplayTheSpireMod:Exploit Weakness"],"relics":["Ring of the Snake","EVO:Axolotl","aspiration:Nostalgia","Iron Core","Dota2Spire:BladeMail","WarpedTongs","Grinning Jar","Pet Ghost"],"acts_visited":["Exordium"],"potions_floor_usage":[],"damage_taken":[{"damage":4,"enemies":"Jaw Worm","floor":1,"turns":4},{"damage":2,"enemies":"Small Slimes","floor":4,"turns":2},{"damage":8,"enemies":"Cultist","floor":5,"turns":4},{"damage":9,"enemies":"Red Slaver","floor":7,"turns":4},{"damage":24,"enemies":"Replay:BlueRogue","floor":8,"turns":6},{"damage":16,"enemies":"3 Sentries","floor":10,"turns":3}],"seed_played":"-6395910820152803190","potions_obtained":[{"floor":4,"key":"DistilledChaos"},{"floor":8,"key":"Energy Potion"}],"is_trial":false,"path_per_floor":["M","?","?","M","M","R","M","E","T","E"],"character_chosen":"THE_SILENT","items_purchased":[],"campfire_rested":0,"item_purchase_floors":[],"current_hp_per_floor":[66,59,59,57,49,49,40,16,16,0,0],"gold":235,"neow_bonus":"NOSTALGIA","is_daily":false,"chose_seed":false,"campfire_upgraded":1,"win_rate":0.0,"timestamp":1609785093,"path_taken":["M","?","?","M","M","R","?","E","T","E"],"items_purchased_type":[],"build_version":"2020-12-22","purchased_purges":0,"victory":false,"max_hp_per_floor":[70,70,70,70,70,70,70,70,70,70,70],"card_choices":[{"not_picked":["Warcry","Bane"],"picked":"Dagger Spray","floor":1},{"not_picked":["Calculated Gamble","Flying Knee"],"picked":"ReplayTheSpireMod:Scrap Shanks","floor":4},{"not_picked":["Sucker Punch","Dagger Spray"],"picked":"Hidden Blade","floor":5},{"not_picked":["Quick Slash","Underhanded Strike"],"picked":"Prepared","floor":7},{"not_picked":["PiercingWail","Recycle"],"picked":"ReplayTheSpireMod:Exploit Weakness","floor":8}],"player_experience":140792,"relics_obtained":[{"floor":8,"key":"Grinning Jar"},{"floor":9,"key":"Pet Ghost"}],"event_choices":[{"damage_healed":0,"gold_gain":0,"player_choice":"Success","damage_taken":7,"relics_obtained":["Dota2Spire:BladeMail"],"max_hp_gain":0,"max_hp_loss":0,"event_name":"Scrap Ooze","floor":2,"gold_loss":0},{"damage_healed":0,"gold_gain":0,"player_choice":"Rummage","damage_taken":0,"relics_obtained":["WarpedTongs"],"max_hp_gain":0,"max_hp_loss":0,"event_name":"Accursed Blacksmith","floor":3,"gold_loss":0,"cards_obtained":["Pain"]}],"is_beta":false,"boss_relics":[],"items_purged_floors":[],"is_endless":false,"potions_floor_spawned":[4,8],"killed_by":"3 Sentries","ascension_level":1}}