{"host":"p7j7o00jacnw7qzt","time":1609797075,"event":{"mods":["BaseMod","Colored Map","Colored Powertips","DeckTracker","Highlight Path","Minty Spire (QoL Compilation)","Relic Stats"],"gold_per_floor":[109,128,8,8,24,24,53,67,67,83,83,83,83,103,103,175,175,193,193,193,223,239,239,239,239,239,265,7,34,34,109,109,187,187,202,424,424,266,281,313,313,347,347,362,375,375,375,395,395,395,395,395,395,2,37,37],"floor_reached":57,"playtime":3398,"items_purged":["Strike_R","Clothesline+1","Sword Boomerang+1"],"score":3007,"play_id":"81656f97-719a-416f-a2c1-f1735b745fcd","local_time":"20210104165115","is_ascension_mode":true,"campfire_choices":[{"data":"Pommel Strike","floor":6.0,"key":"SMITH"},{"floor":12.0,"key":"REST"},{"data":"Armaments","floor":15.0,"key":"SMITH"},{"floor":23.0,"key":"REST"},{"data":"Bloodletting","floor":25.0,"key":"SMITH"},{"data":"Shockwave","floor":30.0,"key":"SMITH"},{"data":"Shrug It Off","floor":32.0,"key":"SMITH"},{"data":"Second Wind","floor":41.0,"key":"SMITH"},{"floor":47.0,"key":"RECALL"},{"floor":49.0,"key":"DIG"},{"floor":53.0,"key":"DIG"}],"circlet_count":0,"master_deck":["AscendersBane","Disarm","Feel No Pain","Pommel Strike+1","Armaments+1","Rupture+1","Barricade+1","Impervious","Evolve+1","Body Slam+1","Bloodletting+1","Shockwave+1","Exhume","Rupture+1","Seeing Red+1","Shrug It Off+1","Impervious","Second Wind+1","Power Through+1","Shrug It Off+1","Entrench+1","Deep Breath+1"],"relics":["Burning Blood","Frozen Egg 2","Molten Egg 2","Pandora\u0027s Box","Red Mask","Bird Faced Urn","Oddly Smooth Stone","Lantern","Bag of Marbles","Mercury Hourglass","Runic Cube","Orrery","Toxic Egg 2","Prayer Wheel","Shovel","Bag of Preparation","Eternal Feather","Medical Kit","TungstenRod"],"acts_visited":["Exordium","TheCity","TheBeyond","TheEnding"],"potions_floor_usage":[],"damage_taken":[{"damage":7.0,"enemies":"Cultist","floor":1.0,"turns":4.0},{"damage":7.0,"enemies":"Jaw Worm","floor":2.0,"turns":5.0},{"damage":3.0,"enemies":"Small Slimes","floor":5.0,"turns":7.0},{"damage":48.0,"enemies":"Lagavulin","floor":7.0,"turns":8.0},{"damage":4.0,"enemies":"Looter","floor":8.0,"turns":4.0},{"damage":8.0,"enemies":"3 Louse","floor":10.0,"turns":6.0},{"damage":8.0,"enemies":"Blue Slaver","floor":14.0,"turns":5.0},{"damage":25.0,"enemies":"The Guardian","floor":16.0,"turns":16.0},{"damage":22.0,"enemies":"2 Thieves","floor":18.0,"turns":4.0},{"damage":19.0,"enemies":"Masked Bandits","floor":21.0,"turns":5.0},{"damage":8.0,"enemies":"3 Byrds","floor":22.0,"turns":5.0},{"damage":0.0,"enemies":"Slavers","floor":24.0,"turns":1.0},{"damage":30.0,"enemies":"Book of Stabbing","floor":27.0,"turns":4.0},{"damage":24.0,"enemies":"Gremlin Leader","floor":29.0,"turns":6.0},{"damage":43.0,"enemies":"Champ","floor":33.0,"turns":6.0},{"damage":6.0,"enemies":"Orb Walker","floor":35.0,"turns":3.0},{"damage":7.0,"enemies":"3 Darklings","floor":39.0,"turns":6.0},{"damage":6.0,"enemies":"Giant Head","floor":40.0,"turns":6.0},{"damage":9.0,"enemies":"Reptomancer","floor":42.0,"turns":7.0},{"damage":21.0,"enemies":"Jaw Worm Horde","floor":44.0,"turns":6.0},{"damage":21.0,"enemies":"Spire Growth","floor":45.0,"turns":5.0},{"damage":38.0,"enemies":"3 Darklings","floor":48.0,"turns":6.0},{"damage":3.0,"enemies":"Awakened One","floor":50.0,"turns":9.0},{"damage":3.0,"enemies":"Donu and Deca","floor":51.0,"turns":6.0},{"damage":7.0,"enemies":"Shield and Spear","floor":55.0,"turns":6.0},{"damage":9,"enemies":"The Heart","floor":56,"turns":5}],"seed_played":"-394612117904840757","potions_obtained":[{"floor":1.0,"key":"Explosive Potion"},{"floor":14.0,"key":"EntropicBrew"},{"floor":33.0,"key":"HeartOfIron"},{"floor":35.0,"key":"FearPotion"},{"floor":42.0,"key":"SpeedPotion"},{"floor":44.0,"key":"FearPotion"}],"is_trial":false,"path_per_floor":["M","M","$","?","M","R","E","M","T","M","T","R","?","M","R","B",null,"M","?","?","?","M","R","E","R","T","E","$","E","R","T","R","B",null,"M","?","?","$","M","E","R","E","T","M","M","?","R","M","R","B","B",null,"R","$","E","B",null],"character_chosen":"IRONCLAD","items_purchased":["Feel No Pain","Lantern","Orrery","Medical Kit","Deep Breath+1"],"campfire_rested":2,"item_purchase_floors":[3,28,38,54,54],"current_hp_per_floor":[49,48,48,48,51,51,9,11,11,9,9,31,31,29,29,10,59,43,43,43,30,28,50,56,56,56,42,42,34,34,34,34,7,58,62,62,62,62,67,73,73,75,75,64,57,57,57,35,35,46,59,71,71,71,75,75],"gold":37,"neow_bonus":"REMOVE_TWO","is_daily":false,"chose_seed":false,"campfire_upgraded":6,"win_rate":0.0,"timestamp":1609797075,"path_taken":["M","?","?","?","M","R","E","M","T","M","?","R","?","M","R","BOSS","M","?","?","?","M","R","E","R","T","E","$","E","R","?","R","BOSS","M","?","?","$","M","E","R","E","T","M","M","?","R","M","R","BOSS","BOSS","R","$","E","BOSS"],"items_purchased_type":["Card","Relic","Relic","Relic","Card"],"build_version":"2020-12-22","purchased_purges":3,"victory":true,"max_hp_per_floor":[75,75,75,75,75,75,75,75,75,75,75,75,75,75,75,75,75,75,75,75,75,75,75,75,75,75,75,75,75,75,75,75,75,75,75,75,75,75,75,75,75,75,75,75,75,75,75,75,75,75,75,75,75,75,75,75],"relic_stats":{"counters":[26,151],"Eternal Feather":0,"Bag of Preparation":[8],"Medical Kit":[4],"Burning Blood":146,"Mercury Hourglass":[295],"Shovel":2,"Bird Faced Urn":[109],"Pandora\u0027s Box":["Impervious","Evolve","Flex","Body Slam","Bloodletting","Clash"],"Prayer Wheel":3,"obtain_stats":[{"Lantern":28,"Oddly Smooth Stone":27,"Eternal Feather":53,"Bag of Preparation":49,"Frozen Egg 2":7,"Medical Kit":54,"Burning Blood":0,"Mercury Hourglass":31,"Shovel":43,"Bird Faced Urn":26,"Orrery":38,"Molten Egg 2":9,"Pandora\u0027s Box":17,"Prayer Wheel":42,"Red Mask":21,"Bag of Marbles":29,"Toxic Egg 2":40,"TungstenRod":55,"Runic Cube":34},{"Lantern":13,"Oddly Smooth Stone":13,"Eternal Feather":24,"Bag of Preparation":22,"Frozen Egg 2":4,"Medical Kit":24,"Burning Blood":0,"Mercury Hourglass":14,"Shovel":19,"Bird Faced Urn":12,"Orrery":16,"Molten Egg 2":5,"Pandora\u0027s Box":8,"Prayer Wheel":19,"Red Mask":10,"Bag of Marbles":14,"Toxic Egg 2":18,"TungstenRod":25,"Runic Cube":15},{"Lantern":74,"Oddly Smooth Stone":74,"Eternal Feather":140,"Bag of Preparation":125,"Frozen Egg 2":24,"Medical Kit":140,"Burning Blood":0,"Mercury Hourglass":80,"Shovel":108,"Bird Faced Urn":70,"Orrery":89,"Molten Egg 2":28,"Pandora\u0027s Box":55,"Prayer Wheel":108,"Red Mask":64,"Bag of Marbles":80,"Toxic Egg 2":101,"TungstenRod":146,"Runic Cube":86}],"TungstenRod":7,"Runic Cube":[31]},"card_choices":[{"not_picked":["Dual Wield","Cleave","Twin Strike"],"picked":"SKIP","floor":1.0},{"not_picked":["Havoc","Iron Wave"],"picked":"Disarm","floor":2.0},{"not_picked":["Sword Boomerang","Pummel"],"picked":"Pommel Strike","floor":5.0},{"not_picked":["Anger","Entrench"],"picked":"Armaments","floor":7.0},{"not_picked":["Armaments","Wild Strike"],"picked":"Rupture+1","floor":8.0},{"not_picked":["Headbutt+1","Sever Soul+1"],"picked":"Clothesline+1","floor":10.0},{"not_picked":["Anger+1","Cleave+1"],"picked":"Sword Boomerang+1","floor":14.0},{"not_picked":["Double Tap","Corruption+1"],"picked":"Barricade+1","floor":16.0},{"not_picked":["Havoc","Infernal Blade","Pummel+1"],"picked":"SKIP","floor":18.0},{"not_picked":["Thunderclap+1","Twin Strike+1"],"picked":"Rupture+1","floor":21.0},{"not_picked":["True Grit","Iron Wave+1","Flame Barrier"],"picked":"SKIP","floor":22.0},{"not_picked":["True Grit","Iron Wave+1","Flame Barrier"],"picked":"SKIP","floor":22.0},{"not_picked":["True Grit","Iron Wave+1","Flame Barrier"],"picked":"SKIP","floor":22.0},{"not_picked":["Inflame+1","Havoc"],"picked":"Seeing Red+1","floor":27.0},{"not_picked":["Iron Wave+1","Inflame+1"],"picked":"Shrug It Off","floor":29.0},{"not_picked":["Seeing Red","Headbutt+1","Reckless Charge+1"],"picked":"SKIP","floor":35.0},{"not_picked":["True Grit+1","Havoc"],"picked":"Impervious","floor":38.0},{"not_picked":["Anger+1","Entrench"],"picked":"Second Wind","floor":38.0},{"not_picked":["Clash+1","Pummel+1"],"picked":"Power Through+1","floor":38.0},{"not_picked":["Uppercut+1","Body Slam+1"],"picked":"Shrug It Off+1","floor":38.0},{"not_picked":["Heavy Blade+1","Cleave+1","Seeing Red"],"picked":"SKIP","floor":39.0},{"not_picked":["Headbutt+1","Seeing Red+1"],"picked":"Entrench+1","floor":40.0},{"not_picked":["Limit Break+1","Flame Barrier+1","Sword Boomerang+1"],"picked":"SKIP","floor":42.0},{"not_picked":["Rupture+1","Headbutt+1","Blood for Blood+1"],"picked":"SKIP","floor":44.0},{"not_picked":["Anger+1","Havoc+1","Perfected Strike+1"],"picked":"SKIP","floor":44.0},{"not_picked":["Armaments+1","Dropkick+1","Body Slam+1"],"picked":"SKIP","floor":45.0},{"not_picked":["Limit Break+1","Heavy Blade+1","True Grit+1"],"picked":"SKIP","floor":45.0},{"not_picked":["Inflame+1","Heavy Blade+1","Thunderclap+1"],"picked":"SKIP","floor":48.0},{"not_picked":["Reckless Charge+1","Thunderclap+1","Clash+1"],"picked":"SKIP","floor":48.0},{"not_picked":["Thunderclap+1","Flame Barrier+1","Carnage+1"],"picked":"SKIP","floor":55.0}],"player_experience":996133,"relics_obtained":[{"floor":7.0,"key":"Frozen Egg 2"},{"floor":9.0,"key":"Molten Egg 2"},{"floor":21.0,"key":"Red Mask"},{"floor":26.0,"key":"Bird Faced Urn"},{"floor":27.0,"key":"Oddly Smooth Stone"},{"floor":29.0,"key":"Bag of Marbles"},{"floor":31.0,"key":"Mercury Hourglass"},{"floor":40.0,"key":"Toxic Egg 2"},{"floor":42.0,"key":"Prayer Wheel"},{"floor":43.0,"key":"Shovel"},{"floor":49.0,"key":"Bag of Preparation"},{"floor":53.0,"key":"Eternal Feather"},{"floor":55.0,"key":"TungstenRod"}],"event_choices":[{"damage_healed":0.0,"max_hp_gain":0.0,"max_hp_loss":0.0,"gold_gain":0.0,"event_name":"Liars Game","player_choice":"Ignored","floor":4.0,"gold_loss":0.0,"damage_taken":0.0},{"damage_healed":0.0,"max_hp_gain":0.0,"max_hp_loss":0.0,"gold_gain":0.0,"event_name":"Dead Adventurer","player_choice":"Searched \u00271\u0027 times","floor":13.0,"gold_loss":0.0,"damage_taken":0.0},{"damage_healed":0.0,"max_hp_gain":0.0,"max_hp_loss":0.0,"gold_gain":0.0,"cards_transformed":["Flex","Clash"],"event_name":"Drug Dealer","player_choice":"Became Test Subject","floor":19.0,"gold_loss":0.0,"damage_taken":0.0,"cards_obtained":["Shockwave","Exhume"]},{"cards_removed":["Bash"],"damage_healed":0.0,"max_hp_gain":0.0,"max_hp_loss":0.0,"gold_gain":0.0,"event_name":"Back to Basics","player_choice":"Elegance","floor":20.0,"gold_loss":0.0,"damage_taken":0.0},{"damage_healed":0.0,"max_hp_gain":0.0,"max_hp_loss":0.0,"gold_gain":0.0,"event_name":"Masked Bandits","player_choice":"Fought Bandits","floor":21.0,"gold_loss":0.0,"damage_taken":0.0},{"damage_healed":0.0,"max_hp_gain":0.0,"max_hp_loss":0.0,"gold_gain":222.0,"event_name":"Tomb of Lord Red Mask","player_choice":"Wore Mask","floor":36.0,"gold_loss":0.0,"damage_taken":0.0},{"damage_healed":0.0,"max_hp_gain":0.0,"max_hp_loss":0.0,"gold_gain":0.0,"event_name":"SensoryStone","player_choice":"Memory 1","floor":37.0,"gold_loss":0.0,"damage_taken":0.0},{"damage_healed":0.0,"max_hp_gain":0.0,"max_hp_loss":0.0,"gold_gain":0.0,"event_name":"Mysterious Sphere","player_choice":"Ignored","floor":46.0,"gold_loss":0.0,"damage_taken":0.0}],"is_beta":false,"boss_relics":[{"not_picked":["Astrolabe","Black Star"],"picked":"Pandora\u0027s Box"},{"not_picked":["Empty Cage","Mark of Pain"],"picked":"Runic Cube"}],"items_purged_floors":[3,28,54],"is_endless":false,"potions_floor_spawned":[1,14,16,21,24,33,35,42,44],"ascension_level":20}}