{"host":"2no1vwhhkhf0ohz3","time":1609765616,"event":{"mods":["AchievementEnabler","BaseMod","Colored Map","DeckTracker","Keyboard Shortcuts","Minty Spire (QoL Compilation)","Relic Stats","SuperFastMode"],"gold_per_floor":[116,116,128,140,140,140,171,196,196,98,115,115,69,85,85,85,85],"floor_reached":16,"playtime":257,"items_purged":["Strike_R"],"score":145,"play_id":"7fda7dc9-6bcb-448e-95cd-5cbcea03125c","local_time":"20210104220656","is_ascension_mode":true,"campfire_choices":[{"data":"Bash","floor":6,"key":"SMITH"},{"data":"Armaments","floor":12,"key":"SMITH"},{"data":"Searing Blow","floor":15,"key":"SMITH"}],"circlet_count":0,"master_deck":["Strike_R","Strike_R","Defend_R","Defend_R","Defend_R","Defend_R","Bash+1","Power Through","Impervious","Pommel Strike","Searing Blow+1","Seeing Red","Body Slam","Armaments+1","Shrug It Off"],"relics":["Burning Blood","NeowsBlessing","Bird Faced Urn","Odd Mushroom","Mercury Hourglass"],"acts_visited":["Exordium"],"potions_floor_usage":[7,16,16],"damage_taken":[{"damage":0,"enemies":"Jaw Worm","floor":1,"turns":1},{"damage":0,"enemies":"Cultist","floor":3,"turns":1},{"damage":0,"enemies":"2 Louse","floor":4,"turns":1},{"damage":20,"enemies":"Gremlin Nob","floor":7,"turns":4},{"damage":50,"enemies":"The Mushroom Lair","floor":8,"turns":6},{"damage":3,"enemies":"Blue Slaver","floor":11,"turns":3},{"damage":10,"enemies":"Exordium Thugs","floor":14,"turns":5},{"damage":15,"enemies":"Hexaghost","floor":16,"turns":9}],"seed_played":"588505205481502117","potions_obtained":[{"floor":1,"key":"DuplicationPotion"},{"floor":8,"key":"Block Potion"},{"floor":11,"key":"EssenceOfSteel"}],"is_trial":false,"path_per_floor":["M","?","M","M","?","R","E","?","T","$","M","R","$","M","R","B"],"character_chosen":"IRONCLAD","items_purchased":["Body Slam","Shrug It Off"],"campfire_rested":0,"item_purchase_floors":[10,13],"current_hp_per_floor":[78,78,80,80,73,73,59,15,15,15,18,18,18,14,14,0,0],"gold":85,"neow_bonus":"THREE_ENEMY_KILL","is_daily":false,"chose_seed":false,"campfire_upgraded":3,"win_rate":0.0,"timestamp":1609765616,"path_taken":["M","?","?","M","?","R","E","?","T","?","M","R","?","M","R","BOSS"],"items_purchased_type":["Card","Card"],"build_version":"2020-12-22","purchased_purges":1,"victory":false,"max_hp_per_floor":[80,80,80,80,80,80,80,80,80,80,80,80,80,80,80,80,80],"relic_stats":{"counters":[8,30],"Bird Faced Urn":[0],"obtain_stats":[{"NeowsBlessing":0,"Bird Faced Urn":7,"Odd Mushroom":8,"Burning Blood":0,"Mercury Hourglass":9},{"NeowsBlessing":0,"Bird Faced Urn":4,"Odd Mushroom":5,"Burning Blood":0,"Mercury Hourglass":5},{"NeowsBlessing":0,"Bird Faced Urn":7,"Odd Mushroom":13,"Burning Blood":0,"Mercury Hourglass":13}],"Burning Blood":32,"Mercury Hourglass":[56]},"card_choices":[{"not_picked":["Headbutt","Flame Barrier"],"picked":"Power Through","floor":1},{"not_picked":["True Grit","Heavy Blade","Armaments"],"picked":"SKIP","floor":3},{"not_picked":["True Grit","Combust"],"picked":"Pommel Strike","floor":4},{"not_picked":["Armaments","Reaper"],"picked":"Searing Blow","floor":7},{"not_picked":["Flex","Burning Pact"],"picked":"Seeing Red","floor":8},{"not_picked":["Warcry","Headbutt"],"picked":"Armaments","floor":11},{"not_picked":["Pommel Strike","Armaments","Rampage"],"picked":"SKIP","floor":14}],"player_experience":283936,"relics_obtained":[{"floor":7,"key":"Bird Faced Urn"},{"floor":8,"key":"Odd Mushroom"},{"floor":9,"key":"Mercury Hourglass"}],"event_choices":[{"damage_healed":0,"gold_gain":0,"cards_transformed":["Strike_R"],"player_choice":"Transformed","damage_taken":0,"max_hp_gain":0,"max_hp_loss":0,"event_name":"Transmorgrifier","floor":2,"gold_loss":0,"cards_obtained":["Impervious"]},{"cards_removed":["Strike_R"],"damage_healed":0,"gold_gain":0,"player_choice":"Card Removal","damage_taken":7,"max_hp_gain":0,"max_hp_loss":0,"event_name":"Golden Wing","floor":5,"gold_loss":0},{"damage_healed":0,"gold_gain":0,"player_choice":"Fought Mushrooms","damage_taken":0,"max_hp_gain":0,"max_hp_loss":0,"event_name":"Mushrooms","floor":8,"gold_loss":0}],"is_beta":false,"boss_relics":[],"items_purged_floors":[10],"is_endless":false,"potions_floor_spawned":[1,8,11],"killed_by":"Hexaghost","ascension_level":9}}