{"host":"qfskrnw3pl1q86j0","time":1609769445,"event":{"mods":["BaseMod","Block Reminder","Hermit","Marisa????????","Minty Spire (QoL Compilation)","Quick Restart","Random Character Button","Relic Stats","StSLib","The Poker Player","slay the spire mod where everything is the same but ironclad has a cowboy hat"],"gold_per_floor":[117,127,13,31,46,46,61,94,94,94,94,118,118,118,118,225,225,251,251,278,278,305,305,329,329,352,352,372,407,407,39,39,136,136,165,174,190,90,109,109,144,144,191,191,250,250,267,142,142,142],"floor_reached":51,"playtime":1689,"items_purged":["Strike_G","Strike_G","Strike_G"],"score":768,"play_id":"ae6f2364-2eca-435f-905e-61e674d9f6b3","local_time":"20210104151045","is_ascension_mode":false,"campfire_choices":[{"data":"Neutralize","floor":6.0,"key":"SMITH"},{"data":"Footwork","floor":10,"key":"SMITH"},{"data":"Dagger Spray","floor":13,"key":"SMITH"},{"data":"Quick Slash","floor":15,"key":"SMITH"},{"data":"Cloak And Dagger","floor":23,"key":"SMITH"},{"data":"Backflip","floor":25,"key":"SMITH"},{"data":"Slice","floor":27,"key":"SMITH"},{"data":"Survivor","floor":30,"key":"SMITH"},{"data":"Footwork","floor":32,"key":"SMITH"},{"data":"Backflip","floor":40,"key":"SMITH"},{"data":"After Image","floor":42,"key":"SMITH"},{"data":"Defend_G","floor":44,"key":"SMITH"},{"data":"Defend_G","floor":49,"key":"SMITH"}],"circlet_count":0,"master_deck":["Strike_G","Defend_G","Defend_G","Defend_G+1","Defend_G","Defend_G+1","Survivor+1","Neutralize+1","Dagger Spray+1","Quick Slash+1","Footwork+1","Cloak And Dagger+1","Slice+1","Backflip+1","After Image+1","Skewer+1","Masterful Stab+1","Cloak And Dagger+1","Slice+1","Infinite Blades+1","Footwork+1","Backflip+1","Neutralize+1","Blade Dance+1"],"relics":["WristBlade","Akabeko","CeramicFish","Odd Mushroom","Coffee Dripper","MutagenicStrength","Tiny Chest","PreservedInsect","Vajra","MealTicket","Black Star","Mercury Hourglass","CaptainsWheel","Boot","Thread and Needle","Dream Catcher"],"acts_visited":["Exordium","TheCity","TheBeyond"],"potions_floor_usage":[12,20,22,28,29,29,50,50],"damage_taken":[{"damage":1.0,"enemies":"2 Louse","floor":1.0,"turns":4.0},{"damage":0.0,"enemies":"Small Slimes","floor":2.0,"turns":4.0},{"damage":1.0,"enemies":"Jaw Worm","floor":4.0,"turns":3.0},{"damage":0.0,"enemies":"Red Slaver","floor":5.0,"turns":6.0},{"damage":0.0,"enemies":"Large Slime","floor":7.0,"turns":6.0},{"damage":8,"enemies":"Lagavulin","floor":8,"turns":8},{"damage":0,"enemies":"The Mushroom Lair","floor":12,"turns":3},{"damage":15,"enemies":"Slime Boss","floor":16,"turns":11},{"damage":0,"enemies":"Chosen","floor":18,"turns":4},{"damage":4,"enemies":"2 Thieves","floor":20,"turns":3},{"damage":0,"enemies":"Shelled Parasite and Fungi","floor":22,"turns":2},{"damage":0,"enemies":"Snecko","floor":24,"turns":3},{"damage":0,"enemies":"Snake Plant","floor":28,"turns":3},{"damage":15,"enemies":"Slavers","floor":29,"turns":2},{"damage":9,"enemies":"Collector","floor":33,"turns":8},{"damage":0,"enemies":"Orb Walker","floor":35,"turns":3},{"damage":15,"enemies":"3 Darklings","floor":37,"turns":4},{"damage":5,"enemies":"4 Shapes","floor":39,"turns":6},{"damage":0,"enemies":"Giant Head","floor":41,"turns":6},{"damage":0,"enemies":"Mind Bloom Boss Battle","floor":45,"turns":5},{"damage":0,"enemies":"Sphere and 2 Shapes","floor":47,"turns":5},{"damage":0,"enemies":"Awakened One","floor":50,"turns":12}],"seed_played":"2277392668957977717","potions_obtained":[{"floor":4.0,"key":"Weak Potion"},{"floor":5.0,"key":"Weak Potion"},{"floor":8,"key":"CunningPotion"},{"floor":16,"key":"Explosive Potion"},{"floor":20,"key":"Fire Potion"},{"floor":28,"key":"Explosive Potion"},{"floor":29,"key":"BlessingOfTheForge"},{"floor":35,"key":"GhostInAJar"},{"floor":37,"key":"Regen Potion"}],"is_trial":false,"path_per_floor":["M","M","$","M","M","R","M","E","T","R","$","?","R","?","R","B",null,"M","?","M","?","M","R","M","R","T","R","M","E","R","$","R","B",null,"M","?","M","$","M","R","E","R","T","R","?","T","M","$","R","B",null],"character_chosen":"THE_SILENT","items_purchased":["Footwork","Footwork","Vajra","MealTicket"],"campfire_rested":0,"item_purchase_floors":[3,31,31,31],"current_hp_per_floor":[69,69,69,68,68,68,68,60,60,60,60,60,60,60,60,45,70,70,70,66,66,66,66,66,66,66,66,66,51,51,51,51,42,70,70,70,55,70,65,65,65,65,65,65,65,65,65,70,70,70],"gold":142,"neow_bonus":"BOSS_RELIC","is_daily":false,"chose_seed":false,"campfire_upgraded":13,"win_rate":0.0,"timestamp":1609769445,"path_taken":["M","M","$","M","M","R","M","E","T","R","$","?","R","?","R","BOSS","M","?","?","?","M","R","M","R","T","R","M","E","R","$","R","BOSS","M","?","M","$","?","R","E","R","T","R","?","?","M","$","R","BOSS"],"items_purchased_type":["Card","Card","Relic","Relic"],"build_version":"2020-12-22","purchased_purges":3,"victory":true,"max_hp_per_floor":[70,70,70,70,70,70,70,70,70,70,70,70,70,70,70,70,70,70,70,70,70,70,70,70,70,70,70,70,70,70,70,70,70,70,70,70,70,70,70,70,70,70,70,70,70,70,70,70,70,70],"relic_stats":{"Dream Catcher":0,"counters":[22,110],"CeramicFish":90,"Tiny Chest":1,"MealTicket":20,"PreservedInsect":125,"Black Star":1,"Boot":[0],"obtain_stats":[{"CeramicFish":9,"Vajra":31,"Thread and Needle":45,"PreservedInsect":29,"Odd Mushroom":12,"Boot":43,"Akabeko":8,"Mercury Hourglass":41,"CaptainsWheel":41,"Dream Catcher":46,"WristBlade":0,"MutagenicStrength":21,"Tiny Chest":26,"MealTicket":31,"Coffee Dripper":17,"Black Star":34,"Ring of the Snake":0},{"CeramicFish":6,"Vajra":14,"Thread and Needle":20,"PreservedInsect":14,"Odd Mushroom":7,"Boot":19,"Akabeko":6,"Mercury Hourglass":19,"CaptainsWheel":19,"Dream Catcher":20,"WristBlade":0,"MutagenicStrength":10,"Tiny Chest":12,"MealTicket":14,"Coffee Dripper":8,"Black Star":15,"Ring of the Snake":0},{"CeramicFish":31,"Vajra":62,"Thread and Needle":94,"PreservedInsect":62,"Odd Mushroom":34,"Boot":89,"Akabeko":31,"Mercury Hourglass":89,"CaptainsWheel":89,"Dream Catcher":94,"WristBlade":0,"MutagenicStrength":52,"Tiny Chest":57,"MealTicket":62,"Coffee Dripper":45,"Black Star":70,"Ring of the Snake":0}],"Mercury Hourglass":[82]},"card_choices":[{"not_picked":["Bane","Sucker Punch"],"picked":"Dagger Spray","floor":1.0},{"not_picked":["Eviscerate","Underhanded Strike"],"picked":"Quick Slash","floor":2.0},{"not_picked":["Dash","Finisher"],"picked":"Cloak And Dagger","floor":4.0},{"not_picked":["Caltrops","Flying Knee"],"picked":"Slice","floor":5.0},{"not_picked":["Dagger Throw","Predator"],"picked":"Backflip","floor":7.0},{"not_picked":["Quick Slash","Dagger Throw","Tactician"],"picked":"SKIP","floor":8},{"not_picked":["Glass Knife","Phantasmal Killer"],"picked":"After Image","floor":16},{"not_picked":["PiercingWail+1","Tactician"],"picked":"Skewer+1","floor":18},{"not_picked":["Well Laid Plans","Outmaneuver"],"picked":"Masterful Stab+1","floor":20},{"not_picked":["Dagger Throw","Dash"],"picked":"Cloak And Dagger","floor":22},{"not_picked":["Dagger Spray","Underhanded Strike+1"],"picked":"Slice+1","floor":24},{"not_picked":["Sucker Punch+1","Corpse Explosion"],"picked":"Infinite Blades+1","floor":28},{"not_picked":["All Out Attack","Prepared","Burst"],"picked":"SKIP","floor":29},{"not_picked":["Acrobatics+1","Poisoned Stab"],"picked":"Backflip","floor":35},{"not_picked":["Tactician+1","Poisoned Stab+1","Dagger Spray"],"picked":"SKIP","floor":37},{"not_picked":["Calculated Gamble+1","Bane+1","Dagger Throw"],"picked":"SKIP","floor":39},{"not_picked":["Quick Slash+1","Dash","Distraction"],"picked":"SKIP","floor":41},{"not_picked":["Dagger Throw+1","Storm of Steel"],"picked":"Blade Dance+1","floor":45},{"not_picked":["Deadly Poison+1","Slice+1","Heel Hook"],"picked":"SKIP","floor":47}],"player_experience":916629,"relics_obtained":[{"floor":8,"key":"Akabeko"},{"floor":9,"key":"CeramicFish"},{"floor":12,"key":"Odd Mushroom"},{"floor":26,"key":"Tiny Chest"},{"floor":29,"key":"PreservedInsect"},{"floor":41,"key":"Mercury Hourglass"},{"floor":41,"key":"CaptainsWheel"},{"floor":43,"key":"Boot"},{"floor":45,"key":"Thread and Needle"},{"floor":46,"key":"Dream Catcher"}],"event_choices":[{"damage_healed":0,"gold_gain":0,"player_choice":"Fought Mushrooms","damage_taken":0,"max_hp_gain":0,"max_hp_loss":0,"event_name":"Mushrooms","floor":12,"gold_loss":0},{"damage_healed":0,"gold_gain":0,"player_choice":"Grow","damage_taken":0,"max_hp_gain":0,"max_hp_loss":0,"event_name":"Living Wall","floor":14,"gold_loss":0,"cards_upgraded":["Cloak And Dagger"]},{"cards_removed":["Strike_G"],"damage_healed":0,"gold_gain":0,"player_choice":"Purged","damage_taken":0,"max_hp_gain":0,"max_hp_loss":0,"event_name":"Purifier","floor":19,"gold_loss":0},{"damage_healed":0,"gold_gain":0,"player_choice":"Inject Mutagens","damage_taken":0,"relics_obtained":["MutagenicStrength"],"max_hp_gain":0,"max_hp_loss":0,"event_name":"Drug Dealer","floor":21,"gold_loss":0},{"damage_healed":0,"gold_gain":0,"player_choice":"Copied","damage_taken":0,"max_hp_gain":0,"max_hp_loss":0,"event_name":"Duplicator","floor":36,"gold_loss":0,"cards_obtained":["Neutralize"]},{"damage_healed":0,"gold_gain":0,"player_choice":"Fight","damage_taken":0,"max_hp_gain":0,"max_hp_loss":0,"event_name":"MindBloom","floor":45,"gold_loss":0}],"is_beta":false,"boss_relics":[{"not_picked":["SlaversCollar","Velvet Choker"],"picked":"Coffee Dripper"},{"not_picked":["Tiny House","HoveringKite"],"picked":"Black Star"}],"items_purged_floors":[3,38,48],"is_endless":false,"potions_floor_spawned":[4,5,8,16,20,28,29,35,37,41,45],"ascension_level":0}}