{"host":"3498uni0c31c9bdm","time":1609773684,"event":{"mods":["BaseMod","Better Third Choice","Minty Spire (QoL Compilation)","Replay The Spire","StSLib"],"gold_per_floor":[113,127,143,143,156,0,27,27,82,110,129,129,161,177,177,177,177],"floor_reached":16,"playtime":806,"items_purged":[],"score":159,"play_id":"2374cd50-b754-4443-8dd0-cdb30c7db677","local_time":"20210105022124","is_ascension_mode":true,"campfire_choices":[{"floor":12,"key":"REST"},{"floor":15,"key":"RECALL"}],"circlet_count":0,"master_deck":["Strike_R","Strike_R","Strike_R+1","Strike_R+1","Defend_R","Defend_R","Defend_R","Defend_R","Bash","Pummel","Armaments+1","Cleave","Rage+1","Clash","Enlightenment","Flame Barrier","Flex","Disarm","Sword Boomerang","Uppercut"],"relics":["Burning Blood","Replay:Bottled Eggs","Replay:Wax Seal","Simple Rune"],"acts_visited":["Exordium"],"potions_floor_usage":[7,10,13,16,16,16],"damage_taken":[{"damage":3,"enemies":"Small Slimes","floor":1,"turns":4},{"damage":6,"enemies":"Cultist","floor":2,"turns":3},{"damage":9,"enemies":"2 Louse","floor":3,"turns":4},{"damage":8,"enemies":"Blue Slaver","floor":5,"turns":4},{"damage":26,"enemies":"3 Sentries","floor":7,"turns":8},{"damage":32,"enemies":"Gremlin Nob","floor":10,"turns":4},{"damage":6,"enemies":"Exordium Thugs","floor":11,"turns":3},{"damage":6,"enemies":"Replay:BlueRogue","floor":13,"turns":4},{"damage":0,"enemies":"2 Fungi Beasts","floor":14,"turns":3},{"damage":62,"enemies":"Slime Boss","floor":16,"turns":10}],"seed_played":"-876874300739865256","potions_obtained":[{"floor":0,"key":"Adrenaline Potion"},{"floor":0,"key":"AttackPotion"},{"floor":0,"key":"FearPotion"},{"floor":7,"key":"SpeedPotion"},{"floor":10,"key":"SkillPotion"},{"floor":14,"key":"SpeedPotion"}],"is_trial":false,"path_per_floor":["M","M","M","?","M","?","E","?","T","E","M","R","E","M","R","B"],"character_chosen":"IRONCLAD","items_purchased":[],"campfire_rested":1,"item_purchase_floors":[],"current_hp_per_floor":[75,75,72,72,70,76,56,56,56,30,30,55,55,61,61,0,0],"gold":177,"neow_bonus":"THREE_SMALL_POTIONS","is_daily":false,"chose_seed":false,"campfire_upgraded":0,"win_rate":0.0,"timestamp":1609773684,"path_taken":["M","M","M","?","?","?","E","?","T","E","M","R","E","M","R","BOSS"],"items_purchased_type":[],"build_version":"2020-12-22","purchased_purges":0,"victory":false,"max_hp_per_floor":[80,80,80,80,80,86,86,86,86,86,86,86,86,86,86,86,86],"card_choices":[{"not_picked":["ReplayTheSpireMod:Corrosion Curse","Wild Strike"],"picked":"Pummel","floor":1},{"not_picked":["Second Wind","Headbutt"],"picked":"Armaments","floor":2},{"not_picked":["Run Through","Flex"],"picked":"Cleave","floor":3},{"not_picked":["Battle Trance","Metallicize"],"picked":"Clash","floor":5},{"not_picked":["Armaments","Iron Wave"],"picked":"Flame Barrier","floor":7},{"not_picked":["Demonic Infusion","Carnage"],"picked":"Flex","floor":10},{"not_picked":["Body Slam","Perfected Strike"],"picked":"Disarm","floor":11},{"not_picked":["Warcry","Clash"],"picked":"Sword Boomerang","floor":13},{"not_picked":["Armaments","Blood for Blood"],"picked":"Uppercut","floor":14}],"player_experience":653408,"relics_obtained":[{"floor":7,"key":"Replay:Bottled Eggs"},{"floor":10,"key":"Replay:Wax Seal"},{"floor":13,"key":"Simple Rune"}],"event_choices":[{"damage_healed":0,"gold_gain":0,"cards_transformed":["Strike_R"],"player_choice":"Transformed","damage_taken":0,"max_hp_gain":0,"max_hp_loss":0,"event_name":"Transmorgrifier","floor":4,"gold_loss":0,"cards_obtained":["Rage"]},{"damage_healed":0,"gold_gain":0,"player_choice":"RENOUNCE","damage_taken":156,"max_hp_gain":0,"max_hp_loss":0,"event_name":"betterThird:BetterSerpent","floor":6,"gold_loss":156,"cards_obtained":["Enlightenment"]},{"damage_healed":0,"gold_gain":0,"player_choice":"Grow","damage_taken":0,"max_hp_gain":0,"max_hp_loss":0,"event_name":"Living Wall","floor":8,"gold_loss":0,"cards_upgraded":["Rage"]}],"is_beta":false,"boss_relics":[],"items_purged_floors":[],"is_endless":false,"potions_floor_spawned":[2,3,7,10,14],"killed_by":"Slime Boss","ascension_level":6}}