{"host":"gzsdmyo07u314vug","time":1609725997,"event":{"mods":["2.2 Compatiblity","BaseMod","Downfall","GifTheSpireLib","Minty Spire (QoL Compilation)","Quick Restart","Rare Cards Sparkle","Relic Stats","Replay The Spire","Shop Mod","StSLib","The Bug Knight","The Construct","The Elementalist","The IronCluck","The Servant 0.9.4","Unceasing Turn Reminder","everything is the same but u backflip on backflip","slay the spire mod where everything is the same but ironclad has a cowboy hat","vexMod"],"gold_per_floor":[113,113,113,128,53,53,86,106,106,118,128,128,49,49,49,153,153,169,169,169],"floor_reached":19,"playtime":940,"items_purged":["Strike_B"],"score":267,"play_id":"92bddf88-0e4e-4fca-bb8c-039661b2ff02","local_time":"20210103230637","is_ascension_mode":true,"campfire_choices":[{"data":"Streamline","floor":6,"key":"SMITH"},{"data":"Hologram","floor":12,"key":"SMITH"},{"floor":15,"key":"REST"}],"circlet_count":0,"master_deck":["AscendersBane","Strike_B","Strike_B","Strike_B","Defend_B","Defend_B","Defend_B","Defend_B","Zap+1","Dualcast","BootSequence","Streamline+1","Leap","Hologram+1","Buffer","All For One","Hologram"],"relics":["Cracked Core","vexMod:CardConverter","Darkstone Periapt","Peace Pipe","Coffee Dripper"],"acts_visited":["Exordium","TheCity"],"potions_floor_usage":[16,16,18],"damage_taken":[{"damage":8.0,"enemies":"Small Slimes","floor":1.0,"turns":3.0},{"damage":0,"enemies":"Jaw Worm","floor":4,"turns":3},{"damage":28,"enemies":"Gremlin Nob","floor":7,"turns":4},{"damage":0,"enemies":"2 Louse","floor":8,"turns":2},{"damage":0,"enemies":"Exordium Wildlife","floor":10,"turns":2},{"damage":6,"enemies":"Lots of Slimes","floor":11,"turns":4},{"damage":59,"enemies":"Slime Boss","floor":16,"turns":13},{"damage":34,"enemies":"3 Byrds","floor":18,"turns":4},{"damage":34,"enemies":"Cultist and Chosen","floor":19,"turns":5}],"seed_played":"6549607257484495065","potions_obtained":[{"floor":8,"key":"Dexterity Potion"},{"floor":10,"key":"Adrenaline Potion"},{"floor":16,"key":"champ:CounterPotion"},{"floor":18,"key":"FearPotion"}],"is_trial":false,"path_per_floor":["M","?","?","M","$","R","E","M","T","M","M","R","$","?","R","B",null,"M","M"],"character_chosen":"DEFECT","items_purchased":["Buffer"],"campfire_rested":1,"item_purchase_floors":[13],"current_hp_per_floor":[60,60,67,67,67,67,41,41,41,41,37,37,39,36,60,3,63,31,0,0],"gold":169,"neow_bonus":"UPGRADE_CARD","is_daily":false,"chose_seed":false,"campfire_upgraded":2,"win_rate":0.0,"timestamp":1609725997,"path_taken":["M","?","?","M","$","R","E","M","T","M","M","R","$","?","R","BOSS","M","M"],"items_purchased_type":["Card"],"build_version":"2020-12-22","purchased_purges":1,"victory":false,"max_hp_per_floor":[75,75,75,75,75,75,77,77,77,77,79,79,81,81,81,83,83,85,85,85],"relic_stats":{"Darkstone Periapt":0,"Peace Pipe":0,"counters":[9,40],"obtain_stats":[{"Darkstone Periapt":9,"Peace Pipe":14,"vexMod:CardConverter":7,"Coffee Dripper":17,"Cracked Core":0},{"Darkstone Periapt":4,"Peace Pipe":6,"vexMod:CardConverter":3,"Coffee Dripper":7,"Cracked Core":0},{"Darkstone Periapt":12,"Peace Pipe":18,"vexMod:CardConverter":10,"Coffee Dripper":31,"Cracked Core":0}]},"card_choices":[{"not_picked":["BasicCrystalCard","Compile Driver"],"picked":"BootSequence","floor":1.0},{"not_picked":["Compile Driver","BasicCrystalCard"],"picked":"Streamline","floor":4},{"not_picked":["Darkness","FIFO Queue"],"picked":"Leap","floor":7},{"not_picked":["Fusion","Sweeping Beam","Melter"],"picked":"SKIP","floor":8},{"not_picked":["Rip and Tear","Barrage","ReplayTheSpireMod:Repulse"],"picked":"SKIP","floor":10},{"not_picked":["Genetic Algorithm","Go for the Eyes"],"picked":"Hologram","floor":11},{"not_picked":["Electrodynamics","Multi-Cast"],"picked":"All For One","floor":16},{"not_picked":["Scrape","Loop"],"picked":"Hologram","floor":18}],"player_experience":643450,"relics_obtained":[{"floor":7,"key":"vexMod:CardConverter"},{"floor":9,"key":"Darkstone Periapt"}],"event_choices":[{"damage_healed":0,"gold_gain":0,"player_choice":"Success","damage_taken":3,"relics_obtained":["Peace Pipe"],"max_hp_gain":0,"max_hp_loss":0,"event_name":"Scrap Ooze","floor":14,"gold_loss":0}],"is_beta":false,"boss_relics":[{"not_picked":["Runic Pyramid","Replay:Drink Me"],"picked":"Coffee Dripper"}],"items_purged_floors":[5],"is_endless":false,"potions_floor_spawned":[8,10,16,18],"killed_by":"Cultist and Chosen","ascension_level":12}}