{"host":"c3lc60y5x60jlt1y","time":1609774801,"event":{"mods":["AchievementEnabler","BaseMod","Bestiary","Colored Map","Minty Spire (QoL Compilation)","Quick Restart","StSLib","ojb\u0027s Info Mod"],"gold_per_floor":[115,115,136,136,116,116,154,174,174,174,199,238,238,2,2,96,96,109,109,109,122,145,145,145],"floor_reached":23,"playtime":3060,"items_purged":["Strike_G"],"score":448,"play_id":"f912ee07-1cb1-4e25-8ec4-d9b98453f12f","local_time":"20210104174001","is_ascension_mode":true,"campfire_choices":[{"data":"Storm of Steel","floor":6,"key":"SMITH"},{"data":"Bullet Time","floor":10,"key":"SMITH"},{"data":"Neutralize","floor":13,"key":"SMITH"},{"data":"Terror","floor":15,"key":"SMITH"}],"circlet_count":0,"master_deck":["AscendersBane","Strike_G","Defend_G","Defend_G","Survivor","Neutralize+1","Dagger Throw","Cloak And Dagger","Storm of Steel+1","Bullet Time+1","Masterful Stab","Predator+1","Skewer+1","Bouncing Flask","Terror+1","Venomology","Storm of Steel+1","Deadly Poison+1","Dodge and Roll+1","Backstab+1","Finisher+1","Deflect","PiercingWail","Dagger Spray+1"],"relics":["Ring of the Snake","NeowsBlessing","Golden Idol","Eternal Feather","Molten Egg 2","Pen Nib","Astrolabe","Darkstone Periapt"],"acts_visited":["Exordium","TheCity"],"potions_floor_usage":[12,18,21],"damage_taken":[{"damage":0,"enemies":"Jaw Worm","floor":1,"turns":1},{"damage":0,"enemies":"2 Louse","floor":3,"turns":1},{"damage":0,"enemies":"3 Sentries","floor":7,"turns":1},{"damage":0,"enemies":"Cultist","floor":8,"turns":3},{"damage":6,"enemies":"2 Fungi Beasts","floor":11,"turns":3},{"damage":33,"enemies":"Gremlin Nob","floor":12,"turns":4},{"damage":27,"enemies":"The Guardian","floor":16,"turns":11},{"damage":0,"enemies":"Chosen","floor":18,"turns":3},{"damage":0,"enemies":"Shell Parasite","floor":21,"turns":1},{"damage":17,"enemies":"Chosen and Byrds","floor":22,"turns":5},{"damage":56,"enemies":"Book of Stabbing","floor":23,"turns":5}],"seed_played":"5230865965374441845","potions_obtained":[{"floor":3,"key":"Explosive Potion"},{"floor":5,"key":"Strength Potion"},{"floor":8,"key":"Poison Potion"},{"floor":18,"key":"CultistPotion"}],"is_trial":false,"path_per_floor":["M","?","M","?","?","R","E","M","T","R","M","E","R","$","R","B",null,"M","T","?","M","M","E"],"character_chosen":"THE_SILENT","items_purchased":["Bouncing Flask","Terror"],"campfire_rested":0,"item_purchase_floors":[14,14],"current_hp_per_floor":[59,59,59,59,59,59,59,59,59,60,54,21,30,30,42,15,49,49,49,49,49,32,0,0],"gold":145,"neow_bonus":"THREE_ENEMY_KILL","is_daily":false,"chose_seed":false,"campfire_upgraded":4,"win_rate":0.0,"timestamp":1609774801,"path_taken":["M","?","M","?","?","R","E","M","T","R","M","E","R","$","R","BOSS","M","?","?","M","M","E"],"items_purchased_type":["Card","Card"],"build_version":"2020-12-22","purchased_purges":1,"victory":false,"max_hp_per_floor":[66,60,60,60,60,60,60,60,60,60,60,60,60,60,60,60,60,60,60,60,60,60,60,60],"card_choices":[{"not_picked":["Caltrops","Sucker Punch"],"picked":"Dagger Throw","floor":1},{"not_picked":["PiercingWail","Distraction"],"picked":"Cloak And Dagger","floor":3},{"not_picked":["Quick Slash","Accuracy"],"picked":"Bullet Time","floor":7},{"not_picked":["Backflip","Eviscerate"],"picked":"Masterful Stab","floor":8},{"not_picked":["Prepared","Endless Agony+1"],"picked":"Predator+1","floor":11},{"not_picked":["Quick Slash+1","Footwork"],"picked":"Skewer+1","floor":12},{"not_picked":["Phantasmal Killer","Malaise"],"picked":"Venomology","floor":16},{"not_picked":["Dagger Spray+1","Heel Hook+1"],"picked":"Backstab+1","floor":18},{"not_picked":["Heel Hook+1","Terror"],"picked":"PiercingWail","floor":21},{"not_picked":["Terror","Bane+1"],"picked":"Dagger Spray+1","floor":22}],"player_experience":7488957,"relics_obtained":[{"floor":7,"key":"Eternal Feather"},{"floor":9,"key":"Molten Egg 2"},{"floor":12,"key":"Pen Nib"},{"floor":19,"key":"Darkstone Periapt"}],"event_choices":[{"damage_healed":0,"gold_gain":0,"player_choice":"Lose Max HP","damage_taken":0,"relics_obtained":["Golden Idol"],"max_hp_gain":0,"max_hp_loss":6,"event_name":"Golden Idol","floor":2,"gold_loss":0},{"damage_healed":0,"gold_gain":0,"cards_transformed":["Strike_G"],"player_choice":"Change","damage_taken":0,"max_hp_gain":0,"max_hp_loss":0,"event_name":"Living Wall","floor":4,"gold_loss":0,"cards_obtained":["Storm of Steel"]},{"damage_healed":0,"gold_gain":0,"player_choice":"Bought 1 Potion","damage_taken":0,"max_hp_gain":0,"max_hp_loss":0,"event_name":"The Woman in Blue","floor":5,"gold_loss":0},{"damage_healed":0,"gold_gain":0,"cards_transformed":["Defend_G","Defend_G"],"player_choice":"Became Test Subject","damage_taken":0,"max_hp_gain":0,"max_hp_loss":0,"event_name":"Drug Dealer","floor":20,"gold_loss":0,"cards_obtained":["Finisher","Deflect"]}],"is_beta":false,"boss_relics":[{"not_picked":["SlaversCollar","Fusion Hammer"],"picked":"Astrolabe"}],"items_purged_floors":[14],"is_endless":false,"potions_floor_spawned":[3,8,18],"killed_by":"Book of Stabbing","ascension_level":20}}