{"host":"kh6fvhxn285ncg0o","time":1609770717,"event":{"mods":["Act Like it!","BaseMod","Colored Map","Friendly Minions","Keyboard Shortcuts","Minty Spire (QoL Compilation)","Quick Restart","Relic Stats","StSLib","SuperFastMode"],"gold_per_floor":[113,127,145,69,69,69,105,123,147,147,181,181,196,210,210,304,304,325,93,109,199,199,199],"floor_reached":22,"playtime":648,"items_purged":["Bash"],"score":392,"play_id":"f2009353-565c-48bb-9711-fd04532045fd","local_time":"20210104233157","is_ascension_mode":true,"campfire_choices":[{"data":"Uppercut","floor":10,"key":"SMITH"},{"data":"Blood for Blood","floor":12,"key":"SMITH"},{"data":"Body Slam","floor":15,"key":"SMITH"}],"circlet_count":0,"master_deck":["AscendersBane","Defend_R","Defend_R","Defend_R","Defend_R","Uppercut+1","Warcry","Feel No Pain","Evolve","Feed","Blood for Blood+1","Shrug It Off","Body Slam+1","Combust","Reckless Charge","Battle Trance","Finesse"],"relics":["Burning Blood","Golden Idol","Happy Flower","Oddly Smooth Stone","Empty Cage"],"acts_visited":["Exordium","TheCity"],"potions_floor_usage":[7,16,20,22],"damage_taken":[{"damage":6,"enemies":"Cultist","floor":1,"turns":3},{"damage":6,"enemies":"2 Louse","floor":2,"turns":4},{"damage":1,"enemies":"Small Slimes","floor":3,"turns":4},{"damage":31,"enemies":"Lagavulin","floor":7,"turns":7},{"damage":9,"enemies":"Looter","floor":8,"turns":5},{"damage":11,"enemies":"3 Sentries","floor":11,"turns":11},{"damage":11,"enemies":"Lots of Slimes","floor":13,"turns":7},{"damage":6,"enemies":"Exordium Wildlife","floor":14,"turns":4},{"damage":20,"enemies":"Hexaghost","floor":16,"turns":8},{"damage":13,"enemies":"Shell Parasite","floor":18,"turns":7},{"damage":30,"enemies":"3 Byrds","floor":20,"turns":5},{"damage":18,"enemies":"Shelled Parasite and Fungi","floor":22,"turns":3}],"seed_played":"546916950408571595","potions_obtained":[{"floor":2,"key":"Block Potion"},{"floor":3,"key":"SkillPotion"},{"floor":11,"key":"Block Potion"},{"floor":16,"key":"SkillPotion"},{"floor":20,"key":"SkillPotion"}],"is_trial":false,"path_per_floor":["M","M","M","$","?","?","E","M","T","R","E","R","M","M","R","B",null,"M","$","M","?","M"],"character_chosen":"IRONCLAD","items_purchased":["Feed","Reckless Charge","Battle Trance"],"campfire_rested":0,"item_purchase_floors":[4,19,19],"current_hp_per_floor":[68,68,68,68,62,62,37,37,37,37,35,35,33,36,36,22,61,57,57,36,18,0,0],"gold":199,"neow_bonus":"TRANSFORM_TWO_CARDS","is_daily":false,"chose_seed":false,"campfire_upgraded":3,"win_rate":0.0,"timestamp":1609770717,"path_taken":["M","M","M","?","?","?","E","?","T","R","E","R","M","M","R","BOSS","M","$","M","?","?"],"items_purchased_type":["Card","Card","Card"],"build_version":"2020-12-22","purchased_purges":1,"victory":false,"max_hp_per_floor":[68,68,68,68,62,62,62,65,65,65,68,68,71,74,74,74,74,77,77,80,80,80,80],"relic_stats":{"Happy Flower":[16],"counters":[12,68],"Golden Idol":50,"obtain_stats":[{"Happy Flower":7,"Golden Idol":5,"Oddly Smooth Stone":11,"Empty Cage":17,"Burning Blood":0},{"Happy Flower":4,"Golden Idol":3,"Oddly Smooth Stone":6,"Empty Cage":9,"Burning Blood":0},{"Happy Flower":18,"Golden Idol":11,"Oddly Smooth Stone":34,"Empty Cage":53,"Burning Blood":0}],"Burning Blood":61},"card_choices":[{"not_picked":["Havoc","Bloodletting"],"picked":"Feel No Pain","floor":1},{"not_picked":["Anger","Flex"],"picked":"Evolve","floor":2},{"not_picked":["Headbutt","Perfected Strike","Twin Strike"],"picked":"SKIP","floor":3},{"not_picked":["Armaments","Iron Wave"],"picked":"Shrug It Off","floor":7},{"not_picked":["Headbutt","Clothesline","Limit Break"],"picked":"SKIP","floor":8},{"not_picked":["Sword Boomerang","Whirlwind","Flex"],"picked":"SKIP","floor":11},{"not_picked":["Perfected Strike","Headbutt"],"picked":"Body Slam","floor":13},{"not_picked":["Warcry","Headbutt","Intimidate"],"picked":"SKIP","floor":14},{"not_picked":["Evolve","Thunderclap"],"picked":"Combust","floor":18},{"not_picked":["Warcry","Body Slam","Pommel Strike"],"picked":"SKIP","floor":20}],"player_experience":3365361,"relics_obtained":[{"floor":7,"key":"Happy Flower"},{"floor":11,"key":"Oddly Smooth Stone"}],"event_choices":[{"damage_healed":0,"gold_gain":0,"player_choice":"Lose Max HP","damage_taken":0,"relics_obtained":["Golden Idol"],"max_hp_gain":0,"max_hp_loss":6,"event_name":"Golden Idol","floor":5,"gold_loss":0},{"damage_healed":0,"gold_gain":0,"cards_transformed":["Strike_R"],"player_choice":"Transformed","damage_taken":0,"max_hp_gain":0,"max_hp_loss":0,"event_name":"Transmorgrifier","floor":6,"gold_loss":0,"cards_obtained":["Blood for Blood"]},{"damage_healed":0,"gold_gain":90,"player_choice":"GOLD CARD ","damage_taken":18,"max_hp_gain":0,"max_hp_loss":0,"event_name":"Knowing Skull","floor":21,"potions_obtained":[],"gold_loss":0,"cards_obtained":["Finesse"]}],"is_beta":false,"boss_relics":[{"not_picked":["Busted Crown","Runic Cube"],"picked":"Empty Cage"}],"items_purged_floors":[19],"is_endless":false,"potions_floor_spawned":[2,3,11,16,20],"killed_by":"Shelled Parasite and Fungi","ascension_level":20}}