{"host":"q1yq0ibtlljsjzm9","time":1609747606,"event":{"mods":["BaseMod","DeckTracker","Hermit","Minty Spire (QoL Compilation)","StSLib"],"gold_per_floor":[122,134,164,189,211,223,86,86,112,112,139,139,156,180,180,285,285,225,225,225,81,81,81],"floor_reached":22,"playtime":1292,"items_purged":[],"score":184,"play_id":"afa868cd-f669-4b34-92fe-749f82507ce4","local_time":"20210104000646","is_ascension_mode":false,"campfire_choices":[{"floor":6,"key":"RECALL"},{"floor":8,"key":"REST"},{"data":"Juggernaut","floor":10,"key":"SMITH"},{"floor":12,"key":"REST"},{"floor":15,"key":"REST"}],"circlet_count":0,"master_deck":["Strike_R","Strike_R","Strike_R","Strike_R","Strike_R","Defend_R","Defend_R","Defend_R","Defend_R","Bash","Carnage+1","Heavy Blade","Wild Strike","Armaments","Clash","Bludgeon","Clothesline","Reaper","Juggernaut+1","Demon Form","Heavy Blade","Uppercut","Limit Break","Rage","Infernal Blade","Demon Form"],"relics":["Burning Blood","MawBank","Orrery","Regal Pillow","Odd Mushroom","Ectoplasm","Omamori"],"acts_visited":["Exordium","TheCity"],"potions_floor_usage":[11,14,16,18],"damage_taken":[{"damage":2,"enemies":"2 Louse","floor":1,"turns":3},{"damage":1,"enemies":"Cultist","floor":3,"turns":3},{"damage":3,"enemies":"Small Slimes","floor":4,"turns":3},{"damage":26,"enemies":"Exordium Thugs","floor":5,"turns":5},{"damage":31,"enemies":"Lagavulin","floor":11,"turns":6},{"damage":0,"enemies":"Large Slime","floor":13,"turns":4},{"damage":36,"enemies":"The Mushroom Lair","floor":14,"turns":4},{"damage":48,"enemies":"Slime Boss","floor":16,"turns":9},{"damage":39,"enemies":"2 Thieves","floor":18,"turns":4},{"damage":31,"enemies":"Shell Parasite","floor":19,"turns":5},{"damage":28,"enemies":"Snake Plant","floor":22,"turns":4}],"seed_played":"-6707600992379140133","potions_obtained":[{"floor":1,"key":"GamblersBrew"},{"floor":11,"key":"EntropicBrew"},{"floor":16,"key":"BlessingOfTheForge"}],"is_trial":false,"path_per_floor":["M","?","M","M","M","R","$","R","T","R","E","R","M","?","R","B",null,"M","M","?","$","M"],"character_chosen":"IRONCLAD","items_purchased":["Orrery","Omamori"],"campfire_rested":3,"item_purchase_floors":[7,21],"current_hp_per_floor":[80,80,80,80,60,60,60,80,80,80,55,80,80,50,80,38,80,47,22,22,22,0,0],"gold":81,"neow_bonus":"RANDOM_COMMON_RELIC","is_daily":false,"chose_seed":false,"campfire_upgraded":1,"win_rate":0.0,"timestamp":1609747606,"path_taken":["M","?","M","?","M","R","$","R","T","R","E","R","M","?","R","BOSS","M","M","?","?","M"],"items_purchased_type":["Relic","Relic"],"build_version":"2020-12-22","purchased_purges":0,"victory":false,"max_hp_per_floor":[80,80,80,80,80,80,80,80,80,80,80,80,80,80,80,80,80,80,80,80,80,80,80],"card_choices":[{"not_picked":["Rage","Hemokinesis"],"picked":"Carnage","floor":1},{"not_picked":["Sword Boomerang","Twin Strike"],"picked":"Heavy Blade","floor":3},{"not_picked":["True Grit","Warcry"],"picked":"Wild Strike","floor":4},{"not_picked":["Warcry","Sword Boomerang"],"picked":"Armaments","floor":5},{"not_picked":["Blood for Blood","Rage"],"picked":"Clash","floor":7},{"not_picked":["Ghostly Armor","Flex"],"picked":"Bludgeon","floor":7},{"not_picked":["Dark Embrace","Hemokinesis"],"picked":"Clothesline","floor":7},{"not_picked":["Anger","Inflame"],"picked":"Reaper","floor":7},{"not_picked":["Burning Pact","Clothesline"],"picked":"Juggernaut","floor":7},{"not_picked":["Battle Trance","Power Through"],"picked":"Demon Form","floor":11},{"not_picked":["Flex","Headbutt"],"picked":"Heavy Blade","floor":13},{"not_picked":["Shrug It Off","Body Slam"],"picked":"Uppercut","floor":14},{"not_picked":["Bludgeon","Corruption"],"picked":"Limit Break","floor":16},{"not_picked":["Spot Weakness+1","Pummel"],"picked":"Rage","floor":18},{"not_picked":["Body Slam","Anger"],"picked":"Infernal Blade","floor":19}],"player_experience":48866,"relics_obtained":[{"floor":11,"key":"Regal Pillow"},{"floor":14,"key":"Odd Mushroom"}],"event_choices":[{"damage_healed":0,"gold_gain":0,"player_choice":"Upgraded","damage_taken":0,"max_hp_gain":0,"max_hp_loss":0,"event_name":"Upgrade Shrine","floor":2,"gold_loss":0,"cards_upgraded":["Carnage"]},{"damage_healed":0,"gold_gain":0,"player_choice":"Fought Mushrooms","damage_taken":0,"max_hp_gain":0,"max_hp_loss":0,"event_name":"Mushrooms","floor":14,"gold_loss":0},{"damage_healed":0,"gold_gain":0,"player_choice":"Copied","damage_taken":0,"max_hp_gain":0,"max_hp_loss":0,"event_name":"Duplicator","floor":20,"gold_loss":0,"cards_obtained":["Demon Form"]}],"is_beta":false,"boss_relics":[{"not_picked":["Philosopher\u0027s Stone","Fusion Hammer"],"picked":"Ectoplasm"}],"items_purged_floors":[],"is_endless":false,"potions_floor_spawned":[1,11,16],"killed_by":"Snake Plant","ascension_level":0}}