{"host":"tw7a6rmo9h75ssrt","time":1609756428,"event":{"mods":["AchievementEnabler","Act Like it!","BaseMod","Colored Map","Highlight Path","Minty Spire (QoL Compilation)","Permanent Neow","Quick Restart","Relic Stats","SuperFastMode"],"gold_per_floor":[110,121,145,220,233,233,248,23,23,37,37,37,37,77,77,201,201,220,18,43,16,36,36,76,76,99,199,7,7,7,21,21,150,150,171,171,171,194,194,227,227,227,227,78,103,30,30,93,93,93],"floor_reached":51,"playtime":2668,"items_purged":["Defend_R","Injury","Defend_R","Defend_R"],"score":714,"play_id":"261a5119-1188-42cf-bc18-d84bc2be74b5","local_time":"20210104183348","is_ascension_mode":false,"campfire_choices":[{"data":"Perfected Strike","floor":6.0,"key":"SMITH"},{"data":"Cleave","floor":11.0,"key":"SMITH"},{"data":"Bash","floor":13.0,"key":"SMITH"},{"data":"Bloodletting","floor":15.0,"key":"SMITH"},{"data":"Brutality","floor":23.0,"key":"SMITH"},{"data":"Pommel Strike","floor":25.0,"key":"SMITH"},{"data":"Pommel Strike","floor":29.0,"key":"SMITH"},{"data":"Battle Trance","floor":32.0,"key":"SMITH"},{"data":"Brutality","floor":41.0,"key":"SMITH"},{"data":"Shrug It Off","floor":47.0,"key":"SMITH"},{"data":"Deep Breath","floor":49.0,"key":"SMITH"}],"circlet_count":0,"master_deck":["Strike_R","Strike_R","Strike_R","Strike_R","Defend_R","Bash+1","Perfected Strike+1","Cleave+1","Bloodletting+1","Brutality+1","Battle Trance+1","Perfected Strike+1","Pommel Strike+1","Pommel Strike+1","Twin Strike","Brutality+1","Shrug It Off+1","Metallicize","Deep Breath+1","Bandage Up","Shrug It Off+1","Pommel Strike+1"],"relics":["Black Blood","NeowsBlessing","Strawberry","Brimstone","InkBottle","Golden Idol","HornCleat","Membership Card","Bottled Lightning","MealTicket","Kunai","Sozu","Mercury Hourglass","Molten Egg 2","Frozen Eye","CaptainsWheel"],"acts_visited":["Exordium","TheCity","TheBeyond"],"potions_floor_usage":[50,50],"damage_taken":[{"damage":0.0,"enemies":"Cultist","floor":1.0,"turns":1.0},{"damage":0.0,"enemies":"Jaw Worm","floor":2.0,"turns":1.0},{"damage":0.0,"enemies":"2 Louse","floor":5.0,"turns":1.0},{"damage":10.0,"enemies":"Looter","floor":7.0,"turns":3.0},{"damage":3.0,"enemies":"Exordium Thugs","floor":10.0,"turns":3.0},{"damage":5.0,"enemies":"Gremlin Nob","floor":14.0,"turns":3.0},{"damage":47.0,"enemies":"The Guardian","floor":16.0,"turns":8.0},{"damage":24.0,"enemies":"2 Thieves","floor":18.0,"turns":3.0},{"damage":16.0,"enemies":"3 Byrds","floor":20.0,"turns":4.0},{"damage":14.0,"enemies":"Centurion and Healer","floor":22.0,"turns":3.0},{"damage":9.0,"enemies":"Gremlin Leader","floor":24.0,"turns":4.0},{"damage":3.0,"enemies":"Snake Plant","floor":31.0,"turns":1.0},{"damage":50.0,"enemies":"Champ","floor":33.0,"turns":5.0},{"damage":5.0,"enemies":"3 Darklings","floor":35.0,"turns":2.0},{"damage":2.0,"enemies":"3 Shapes","floor":38.0,"turns":2.0},{"damage":45.0,"enemies":"Nemesis","floor":40.0,"turns":5.0},{"damage":7.0,"enemies":"Sphere and 2 Shapes","floor":45.0,"turns":3.0},{"damage":15.0,"enemies":"Mind Bloom Boss Battle","floor":48.0,"turns":6.0},{"damage":62,"enemies":"Awakened One","floor":50,"turns":8}],"seed_played":"2686223443372414877","potions_obtained":[{"floor":1.0,"key":"Dexterity Potion"},{"floor":2.0,"key":"LiquidMemories"},{"floor":7.0,"key":"Weak Potion"},{"floor":20.0,"key":"LiquidMemories"},{"floor":33.0,"key":"PowerPotion"}],"is_trial":false,"path_per_floor":["M","M","T","?","M","R","M","$","T","M","R","?","R","E","R","B",null,"M","$","M","$","M","R","E","R","T","?","$","R","?","M","R","B",null,"M","?","?","M","?","E","R","?","T","$","M","$","R","?","R","B",null],"character_chosen":"IRONCLAD","items_purchased":["Brimstone","Membership Card","Pommel Strike","Kunai","Bandage Up","Shrug It Off","Frozen Eye"],"campfire_rested":0,"item_purchase_floors":[8,19,21,28,44,44,46],"current_hp_per_floor":[80,80,87,76,82,82,78,78,78,81,81,81,81,82,82,41,87,75,75,71,71,69,69,72,72,72,72,87,87,87,87,87,49,87,87,87,87,87,87,54,54,54,54,69,78,87,87,87,87,41],"gold":93,"neow_bonus":"THREE_ENEMY_KILL","is_daily":false,"chose_seed":false,"campfire_upgraded":11,"win_rate":0.0,"timestamp":1609756428,"path_taken":["M","M","?","?","M","R","M","$","T","M","R","?","R","E","R","BOSS","M","$","M","$","M","R","E","R","T","?","?","R","?","M","R","BOSS","M","?","?","?","?","E","R","?","T","$","M","$","R","?","R","BOSS"],"items_purchased_type":["Relic","Relic","Card","Relic","Card","Card","Relic"],"build_version":"2020-12-22","purchased_purges":4,"victory":true,"max_hp_per_floor":[80,80,87,87,87,87,87,87,87,87,87,87,87,87,87,87,87,87,87,87,87,87,87,87,87,87,87,87,87,87,87,87,87,87,87,87,87,87,87,87,87,87,87,87,87,87,87,87,87,87],"relic_stats":{"Sozu":2,"counters":[19,66],"Golden Idol":143,"Black Blood":147,"MealTicket":39,"Kunai":[16],"obtain_stats":[{"NeowsBlessing":0,"Golden Idol":12,"Black Blood":17,"Burning Blood":0,"Mercury Hourglass":40,"Sozu":34,"Frozen Eye":46,"CaptainsWheel":48,"HornCleat":14,"Brimstone":8,"Strawberry":3,"MealTicket":26,"Molten Egg 2":43,"Membership Card":19,"Bottled Lightning":24,"Kunai":28,"InkBottle":9},{"NeowsBlessing":0,"Golden Idol":5,"Black Blood":7,"Burning Blood":0,"Mercury Hourglass":16,"Sozu":13,"Frozen Eye":17,"CaptainsWheel":18,"HornCleat":6,"Brimstone":4,"Strawberry":2,"MealTicket":11,"Molten Egg 2":16,"Membership Card":8,"Bottled Lightning":11,"Kunai":11,"InkBottle":4},{"NeowsBlessing":0,"Golden Idol":9,"Black Blood":20,"Burning Blood":0,"Mercury Hourglass":49,"Sozu":40,"Frozen Eye":52,"CaptainsWheel":58,"HornCleat":12,"Brimstone":6,"Strawberry":2,"MealTicket":34,"Molten Egg 2":49,"Membership Card":23,"Bottled Lightning":34,"Kunai":34,"InkBottle":6}],"InkBottle":[15],"Mercury Hourglass":[63]},"card_choices":[{"not_picked":["Power Through","Shrug It Off"],"picked":"Perfected Strike","floor":1.0},{"not_picked":["Spot Weakness","Body Slam","Dropkick"],"picked":"SKIP","floor":2.0},{"not_picked":["Power Through","Havoc","Heavy Blade"],"picked":"SKIP","floor":5.0},{"not_picked":["Thunderclap","Dropkick","Warcry"],"picked":"SKIP","floor":7.0},{"not_picked":["Wild Strike","Metallicize"],"picked":"Cleave","floor":10.0},{"not_picked":["Body Slam","Sever Soul"],"picked":"Bloodletting","floor":14.0},{"not_picked":["Impervious","Juggernaut"],"picked":"Brutality","floor":16.0},{"not_picked":["Sword Boomerang","Warcry+1"],"picked":"Battle Trance","floor":18.0},{"not_picked":["Rampage","Anger+1"],"picked":"Perfected Strike+1","floor":20.0},{"not_picked":["Havoc+1","Warcry"],"picked":"Pommel Strike","floor":22.0},{"not_picked":["Rage","Metallicize"],"picked":"Twin Strike","floor":24.0},{"not_picked":["Searing Blow","Clash","Iron Wave+1"],"picked":"SKIP","floor":31.0},{"not_picked":["Exhume","Fiend Fire"],"picked":"Brutality","floor":33.0},{"not_picked":["Havoc+1","Pommel Strike"],"picked":"Shrug It Off+1","floor":35.0},{"not_picked":["Flex+1","Searing Blow+1"],"picked":"Metallicize","floor":38.0},{"not_picked":["Discovery","PanicButton"],"picked":"Deep Breath","floor":39.0},{"not_picked":["Feed","Exhume","True Grit+1"],"picked":"SKIP","floor":40.0},{"not_picked":["Dark Embrace","Disarm+1","Hemokinesis+1"],"picked":"SKIP","floor":45.0},{"not_picked":["Evolve","Intimidate+1"],"picked":"Pommel Strike+1","floor":48.0}],"player_experience":1631,"relics_obtained":[{"floor":3.0,"key":"Strawberry"},{"floor":9.0,"key":"InkBottle"},{"floor":14.0,"key":"HornCleat"},{"floor":24.0,"key":"Bottled Lightning"},{"floor":26.0,"key":"MealTicket"},{"floor":40.0,"key":"Mercury Hourglass"},{"floor":43.0,"key":"Molten Egg 2"},{"floor":48.0,"key":"CaptainsWheel"}],"event_choices":[{"damage_healed":0.0,"max_hp_gain":0.0,"max_hp_loss":0.0,"gold_gain":75.0,"event_name":"World of Goop","player_choice":"Gather Gold","floor":4.0,"gold_loss":0.0,"damage_taken":11.0},{"damage_healed":0.0,"max_hp_gain":0.0,"max_hp_loss":0.0,"gold_gain":0.0,"event_name":"Golden Idol","player_choice":"Take Wound","floor":12.0,"gold_loss":0.0,"damage_taken":0.0,"relics_obtained":["Golden Idol"],"cards_obtained":["Injury"]},{"damage_healed":0.0,"max_hp_gain":0.0,"max_hp_loss":0.0,"gold_gain":100.0,"event_name":"Golden Shrine","player_choice":"Pray","floor":27.0,"gold_loss":0.0,"damage_taken":0.0},{"damage_healed":0.0,"max_hp_gain":0.0,"max_hp_loss":0.0,"gold_gain":0.0,"event_name":"Tomb of Lord Red Mask","player_choice":"Ignored","floor":36.0,"gold_loss":0.0,"damage_taken":0.0},{"damage_healed":0.0,"max_hp_gain":0.0,"max_hp_loss":0.0,"gold_gain":0.0,"event_name":"The Woman in Blue","player_choice":"Bought 0 Potions","floor":37.0,"gold_loss":0.0,"damage_taken":0.0},{"damage_healed":0.0,"max_hp_gain":0.0,"max_hp_loss":0.0,"gold_gain":0.0,"event_name":"SensoryStone","player_choice":"Memory 1","floor":39.0,"gold_loss":0.0,"damage_taken":0.0},{"cards_removed":["Strike_R"],"damage_healed":0.0,"max_hp_gain":0.0,"max_hp_loss":0.0,"gold_gain":0.0,"event_name":"Falling","player_choice":"Removed Attack","floor":42.0,"gold_loss":0.0,"damage_taken":0.0},{"damage_healed":0.0,"max_hp_gain":0.0,"max_hp_loss":0.0,"gold_gain":0.0,"event_name":"MindBloom","player_choice":"Fight","floor":48.0,"gold_loss":0.0,"damage_taken":0.0}],"is_beta":false,"boss_relics":[{"not_picked":["Tiny House","SlaversCollar"],"picked":"Black Blood"},{"not_picked":["Calling Bell","Busted Crown"],"picked":"Sozu"}],"items_purged_floors":[8,19,28,44],"is_endless":false,"potions_floor_spawned":[1,2,7,20,33,38,48],"ascension_level":0}}