{"host":"evok2ztcuz289k61","time":1609775760,"event":{"mods":["BaseMod","Colored Map","Downfall","Minty Spire (QoL Compilation)","StSLib"],"gold_per_floor":[99,116,143,157,177,203,226,245,279,296,312,337,262,276,295,393,393,393,407,507,507,195,225,225,225,251,101,111,22,22,37,47,148,148,148,167,177,188,208,208,208,242,242,268,278,278,323,92,110,110,110,110,110,110],"floor_reached":52,"playtime":4157,"items_purged":["Shame"],"score":931,"play_id":"4cd2ff49-3c56-4054-b870-bc372ae82f1f","local_time":"20210104105600","is_ascension_mode":true,"campfire_choices":[{"data":"hexamod:Float","floor":1,"key":"SMITH"},{"data":"hexamod:EtherealExpedition","floor":13,"key":"SMITH"},{"floor":18,"key":"RECALL"},{"data":"hexamod:Incineration","floor":27,"key":"SMITH"},{"data":"hexamod:Incineration","floor":30,"key":"SMITH"},{"data":"hexamod:VolcanoVisage","floor":35,"key":"SMITH"},{"data":"hexamod:FastForward","floor":43,"key":"SMITH"},{"floor":46,"key":"REST"}],"circlet_count":0,"master_deck":["hexamod:Strike","hexamod:Strike","hexamod:Strike","hexamod:Strike","hexamod:Defend","hexamod:Defend","hexamod:Defend","hexamod:Defend","hexamod:Sear","hexamod:Float+1","hexamod:EtherealExpedition+1","hexamod:Hexaguard","hexamod:SpectersWail","hexamod:VolcanoVisage+1","hexamod:HauntingEcho","hexamod:ThermalTransfer","hexamod:GhostflameBarrier","hexamod:SoulSteal","hexamod:AdvancingGuard","hexamod:DynamicBlow","hexamod:WildfireWeapon","hexamod:AdvancingGuard+1","hexamod:FastForward+1","hexamod:Incineration+1","hexamod:RecurringNightmare","Necronomicurse","hexamod:PowerFromBeyond","hexamod:ExtraCrispy","hexamod:Incineration+1","hexamod:HexaLevel","hexamod:RadiantFlame","hexamod:BurningTouch+1","hexamod:BurningTouch+1","hexamod:FastForward+1"],"relics":["hexamod:SpiritBrand","Ornamental Fan","Juzu Bracelet","Incense Burner","Potion Belt","downfall:HeartBlessingBlue","hexamod:IceCube","hexamod:SoulOfChaos","Bottled Flame","Bag of Preparation","hexamod:RecyclingMachine","hexamod:SoulConsumer","Mummified Hand","Necronomicon","Bottled Tornado","downfall:HeartBlessingRed","downfall:HeartBlessingGreen","SacredBark","White Beast Statue","Anchor","Gremlin Horn","Shovel","hexamod:CandleOfCauterizing","Mango"],"acts_visited":["Exordium","TheCity","TheBeyond","TheEnding"],"potions_floor_usage":[6,16,26,33,42,42,45,47,50],"damage_taken":[{"damage":0,"enemies":"Cultist","floor":2,"turns":3},{"damage":3,"enemies":"2 Louse","floor":4,"turns":2},{"damage":0,"enemies":"Small Slimes","floor":5,"turns":2},{"damage":32,"enemies":"Gremlin Nob","floor":6,"turns":5},{"damage":5,"enemies":"2 Fungi Beasts","floor":8,"turns":4},{"damage":5,"enemies":"3 Sentries","floor":9,"turns":5},{"damage":0,"enemies":"Exordium Wildlife","floor":10,"turns":4},{"damage":0,"enemies":"Exordium Thugs","floor":11,"turns":4},{"damage":7,"enemies":"Lagavulin","floor":12,"turns":7},{"damage":1,"enemies":"Blue Slaver","floor":14,"turns":4},{"damage":4,"enemies":"Red Slaver","floor":15,"turns":3},{"damage":12,"enemies":"downfall:Ironclad","floor":16,"turns":9},{"damage":0,"enemies":"Shell Parasite","floor":19,"turns":5},{"damage":15,"enemies":"downfall:Silent","floor":20,"turns":6},{"damage":0,"enemies":"downfall:FleeingMerchant","floor":22,"turns":4},{"damage":0,"enemies":"Book of Stabbing","floor":23,"turns":4},{"damage":27,"enemies":"Gremlin Leader","floor":26,"turns":6},{"damage":0,"enemies":"Centurion and Healer","floor":28,"turns":4},{"damage":0,"enemies":"downfall:FleeingMerchant","floor":29,"turns":4},{"damage":10,"enemies":"Shelled Parasite and Fungi","floor":31,"turns":4},{"damage":0,"enemies":"Snecko","floor":32,"turns":4},{"damage":12,"enemies":"downfall:Watcher","floor":33,"turns":5},{"damage":51,"enemies":"3 Shapes","floor":36,"turns":3},{"damage":0,"enemies":"Orb Walker","floor":37,"turns":4},{"damage":0,"enemies":"Maw","floor":38,"turns":7},{"damage":12,"enemies":"Spire Growth","floor":39,"turns":4},{"damage":0,"enemies":"Reptomancer","floor":42,"turns":4},{"damage":40,"enemies":"Nemesis","floor":44,"turns":9},{"damage":18,"enemies":"Jaw Worm Horde","floor":45,"turns":4},{"damage":0,"enemies":"2 Orb Walkers","floor":47,"turns":4},{"damage":0,"enemies":"downfall:FleeingMerchant","floor":48,"turns":4},{"damage":1,"enemies":"Writhing Mass","floor":49,"turns":4},{"damage":32,"enemies":"downfall:Silent","floor":50,"turns":5},{"damage":91,"enemies":"downfall:CharBossMerchant","floor":52,"turns":7}],"seed_played":"-7876888135378093037","potions_obtained":[{"floor":2,"key":"Swift Potion"},{"floor":9,"key":"Fire Potion"},{"floor":11,"key":"sneckomod:MuddlingPotion"},{"floor":14,"key":"Slimebound:ThreeZeroPotion"},{"floor":16,"key":"Regen Potion"},{"floor":23,"key":"LiquidMemories"},{"floor":26,"key":"Ancient Potion"},{"floor":28,"key":"Ancient Potion"},{"floor":33,"key":"DistilledChaos"},{"floor":39,"key":"AttackPotion"},{"floor":42,"key":"BlessingOfTheForge"},{"floor":44,"key":"Strength Potion"},{"floor":45,"key":"Explosive Potion"},{"floor":47,"key":"Explosive Potion"},{"floor":48,"key":"DistilledChaos"},{"floor":49,"key":"DistilledChaos"}],"is_trial":false,"path_per_floor":["R","M","T","M","M","E","T","M","E","M","M","E","R","M","M","B",null,"R","M","?","?","$","E","T","?","E","R","M","$","R","M","M","B",null,"R","M","M","M","M","?","T","E","R","E","M","R","?","$","M","B",null,"E"],"character_chosen":"THE_SPIRIT","items_purchased":["hexamod:RecyclingMachine","hexamod:Incineration","hexamod:Incineration","hexamod:CandleOfCauterizing","Mango"],"campfire_rested":1,"item_purchase_floors":[22,22,29,48,48],"current_hp_per_floor":[77,77,77,74,74,42,42,37,32,32,32,25,35,34,30,18,87,87,87,72,72,72,72,72,56,43,43,43,43,43,33,33,21,87,87,36,36,36,24,76,76,76,76,36,18,40,40,54,53,21,90,0,0,0],"gold":110,"neow_bonus":"TEN_PERCENT_HP_BONUS","is_daily":false,"chose_seed":false,"campfire_upgraded":6,"win_rate":0.0,"timestamp":1609775760,"path_taken":["R","M","?","M","M","E","T","M","E","M","M","E","R","M","M","BOSS","R","M","?","?","$","E","T","?","E","R","M","$","R","M","M","BOSS","R","M","M","M","M","?","T","E","R","E","M","R","?","$","M","BOSS","E"],"items_purchased_type":["Relic","Card","Card","Relic","Relic"],"build_version":"2020-12-22","purchased_purges":1,"victory":false,"max_hp_per_floor":[77,77,77,77,77,77,77,77,77,77,77,77,87,87,87,87,87,87,87,87,87,87,87,87,87,87,87,87,87,87,87,87,87,87,87,87,87,87,87,76,76,76,76,76,76,76,76,90,90,90,90,90,90,90],"card_choices":[{"not_picked":["hexamod:BurningTouch","hexamod:SwordOfDarkness"],"picked":"hexamod:EtherealExpedition","floor":2},{"not_picked":["hexamod:GhostLash","hexamod:RainOfEmbers"],"picked":"hexamod:Hexaguard","floor":4},{"not_picked":["hexamod:GhostLash","hexamod:RainOfEmbers"],"picked":"hexamod:SpectersWail","floor":5},{"not_picked":["hexamod:AdvancingGuard","hexamod:GhostShield"],"picked":"hexamod:VolcanoVisage","floor":6},{"not_picked":["hexamod:GhostShield","hexamod:RetreatToShadows"],"picked":"hexamod:HauntingEcho","floor":8},{"not_picked":["hexamod:NightmareStrike","hexamod:NightmareGuise"],"picked":"hexamod:ThermalTransfer","floor":9},{"not_picked":["hexamod:FlamesFromBeyond","hexamod:SpectralSpark"],"picked":"hexamod:GhostflameBarrier","floor":10},{"not_picked":["hexamod:SwordOfDarkness","hexamod:RainOfEmbers","hexamod:FirstSeal"],"picked":"SKIP","floor":11},{"not_picked":["hexamod:NightmareStrike","hexamod:SkipABeat"],"picked":"hexamod:SoulSteal","floor":12},{"not_picked":["hexamod:CatchUp","hexamod:NightmareGuise"],"picked":"hexamod:AdvancingGuard","floor":14},{"not_picked":["hexamod:Hexaguard","hexamod:ShieldOfDarkness"],"picked":"hexamod:DynamicBlow","floor":15},{"not_picked":["hexamod:FifthSeal","hexamod:SearingWound"],"picked":"hexamod:WildfireWeapon","floor":16},{"not_picked":["hexamod:InspiringFlames","hexamod:SwordOfDarkness","hexamod:SkipABeat"],"picked":"SKIP","floor":19},{"not_picked":["hexamod:NightmareStrike","hexamod:FirstSeal"],"picked":"hexamod:AdvancingGuard+1","floor":20},{"not_picked":["hexamod:RetreatToShadows","hexamod:ShieldOfDarkness"],"picked":"hexamod:FastForward","floor":22},{"not_picked":["hexamod:Firestarter","hexamod:ApocalypticArmor"],"picked":"hexamod:RecurringNightmare","floor":23},{"not_picked":["hexamod:SwordOfDarkness","hexamod:DynamicBlow"],"picked":"hexamod:PowerFromBeyond","floor":26},{"not_picked":["hexamod:FlamesFromBeyond","hexamod:SoulSteal"],"picked":"hexamod:ExtraCrispy","floor":28},{"not_picked":["hexamod:AdvancingGuard","hexamod:ShieldOfDarkness","hexamod:GhostflameInferno"],"picked":"SKIP","floor":29},{"not_picked":["hexamod:Firestarter","hexamod:ThermalTransfer+1","hexamod:FastForward+1"],"picked":"SKIP","floor":31},{"not_picked":["hexamod:GhostOfSpirePast+1","hexamod:EtherealExpedition","hexamod:NecessarySacrifice"],"picked":"SKIP","floor":32},{"not_picked":["hexamod:TimeWarp","hexamod:SixthSeal"],"picked":"hexamod:HexaLevel","floor":33},{"not_picked":["hexamod:DynamicBlow+1","hexamod:RainOfEmbers+1","hexamod:AdvancingGuard"],"picked":"SKIP","floor":36},{"not_picked":["hexamod:InspiringFlames","hexamod:Again","hexamod:GhostShield"],"picked":"SKIP","floor":37},{"not_picked":["hexamod:ThermalTransfer","hexamod:GhostOfSpirePast+1","hexamod:HauntingEcho+1"],"picked":"SKIP","floor":38},{"not_picked":["hexamod:Firestarter","hexamod:SuperheatedStrike+1","hexamod:InspiringFlames"],"picked":"SKIP","floor":39},{"not_picked":["hexamod:SuperheatedStrike+1","hexamod:TimeWarp"],"picked":"hexamod:RadiantFlame","floor":42},{"not_picked":["hexamod:SoulSteal","hexamod:NightmareStrike","hexamod:ThermalTransfer"],"picked":"SKIP","floor":44},{"not_picked":["hexamod:Hexaguard","hexamod:NightmareGuise+1","hexamod:SpectersWail+1"],"picked":"SKIP","floor":45},{"not_picked":["hexamod:Rewind","hexamod:BacktrackSmack+1"],"picked":"hexamod:BurningTouch+1","floor":47},{"not_picked":["hexamod:HauntingEcho+1","hexamod:EmpoweringStance"],"picked":"hexamod:BurningTouch+1","floor":48},{"not_picked":["hexamod:RainOfEmbers+1","hexamod:GhostShield+1"],"picked":"hexamod:FastForward+1","floor":49}],"player_experience":338727,"relics_obtained":[{"floor":6,"key":"Ornamental Fan"},{"floor":7,"key":"Juzu Bracelet"},{"floor":9,"key":"Incense Burner"},{"floor":12,"key":"Potion Belt"},{"floor":20,"key":"hexamod:SoulOfChaos"},{"floor":20,"key":"Bottled Flame"},{"floor":23,"key":"hexamod:SoulConsumer"},{"floor":24,"key":"Mummified Hand"},{"floor":25,"key":"Necronomicon"},{"floor":26,"key":"Bottled Tornado"},{"floor":41,"key":"White Beast Statue"},{"floor":42,"key":"Anchor"},{"floor":44,"key":"Gremlin Horn"},{"floor":47,"key":"Shovel"}],"event_choices":[{"damage_healed":0,"gold_gain":0,"player_choice":"Stole Relic","damage_taken":0,"relics_obtained":["Bag of Preparation"],"max_hp_gain":0,"max_hp_loss":0,"event_name":"Addict","floor":21,"gold_loss":0,"cards_obtained":["Shame"]},{"damage_healed":0,"gold_gain":0,"player_choice":"Fight","damage_taken":0,"max_hp_gain":0,"max_hp_loss":0,"event_name":"Mysterious Sphere","floor":47,"gold_loss":0}],"is_beta":false,"boss_relics":[{"not_picked":["SlaversCollar","Snecko Eye"],"picked":"hexamod:IceCube"},{"not_picked":["Pandora\u0027s Box","Runic Dome"],"picked":"SacredBark"}],"items_purged_floors":[22],"is_endless":false,"potions_floor_spawned":[2,9,11,14,16,23,26,28,33,38,39,42,44,45,47,48,49],"killed_by":"downfall:CharBossMerchant","ascension_level":2}}