{"host":"axqzpfaj96olobtx","time":1609795308,"event":{"mods":["BaseMod","Colored Map","Colored Powertips","Minty Spire (QoL Compilation)","Relic Stats","StSLib"],"gold_per_floor":[16,36,55,27,43,69,69,94,94,94,94,121,121,42,42,144,144,156,156,175,175,185,185,218,238,238,248,266,266,11,41,41,41,41,60,60,78,78,92,123,123,152,152,152,0,11,11,21,21,21],"floor_reached":51,"playtime":2011,"items_purged":["Strike_G+1"],"score":882,"play_id":"bab63b09-e219-471f-94fe-de34406c6e51","local_time":"20210104212148","is_ascension_mode":true,"campfire_choices":[{"data":"Poisoned Stab","floor":7.0,"key":"SMITH"},{"floor":11.0,"key":"REST"},{"data":"Poisoned Stab","floor":13.0,"key":"SMITH"},{"data":"Well Laid Plans","floor":15.0,"key":"SMITH"},{"data":"After Image","floor":23.0,"key":"SMITH"},{"data":"Dash","floor":29.0,"key":"SMITH"},{"data":"Crippling Poison","floor":32.0,"key":"SMITH"},{"data":"Neutralize","floor":41.0,"key":"SMITH"},{"data":"Survivor","floor":44.0,"key":"SMITH"},{"data":"Blur","floor":49,"key":"SMITH"}],"circlet_count":0,"master_deck":["Strike_G+1","Strike_G+1","Defend_G+1","Defend_G+1","Defend_G+1","Defend_G+1","Survivor+1","Neutralize+1","Poisoned Stab+1","Dagger Spray","Backflip+1","Poisoned Stab+1","PiercingWail","Dash+1","Well Laid Plans+1","After Image+1","Blade Dance+1","Terror","Crippling Poison+1","Infinite Blades+1","Blade Dance+1","Predator+1","Blur+1","PiercingWail+1","Finisher+1","Calculated Gamble","After Image+1","Backflip+1"],"relics":["Ring of the Snake","Calipers","War Paint","Snake Skull","Pantograph","Pen Nib","Unceasing Top","Coffee Dripper","StoneCalendar","Incense Burner","Lee\u0027s Waffle","Shuriken","Astrolabe","Darkstone Periapt","Lantern","Eternal Feather","InkBottle","Red Mask"],"acts_visited":["Exordium","TheCity","TheBeyond"],"potions_floor_usage":[50,50,50],"damage_taken":[{"damage":0.0,"enemies":"Small Slimes","floor":1.0,"turns":3.0},{"damage":1.0,"enemies":"Cultist","floor":2.0,"turns":4.0},{"damage":0.0,"enemies":"2 Louse","floor":3.0,"turns":2.0},{"damage":16.0,"enemies":"Exordium Thugs","floor":4.0,"turns":5.0},{"damage":0.0,"enemies":"Blue Slaver","floor":5.0,"turns":4.0},{"damage":16.0,"enemies":"Gremlin Nob","floor":6.0,"turns":4.0},{"damage":13.0,"enemies":"3 Sentries","floor":8.0,"turns":8.0},{"damage":11.0,"enemies":"Lagavulin","floor":12.0,"turns":6.0},{"damage":28.0,"enemies":"Hexaghost","floor":16.0,"turns":10.0},{"damage":0.0,"enemies":"Chosen","floor":18.0,"turns":4.0},{"damage":5.0,"enemies":"2 Thieves","floor":20.0,"turns":4.0},{"damage":19.0,"enemies":"Shelled Parasite and Fungi","floor":22.0,"turns":5.0},{"damage":0.0,"enemies":"Book of Stabbing","floor":24.0,"turns":6.0},{"damage":0.0,"enemies":"Centurion and Healer","floor":25.0,"turns":6.0},{"damage":2.0,"enemies":"Snecko","floor":27.0,"turns":4.0},{"damage":0.0,"enemies":"Chosen and Byrds","floor":28.0,"turns":5.0},{"damage":7.0,"enemies":"Slavers","floor":31.0,"turns":5.0},{"damage":5.0,"enemies":"Collector","floor":33.0,"turns":6.0},{"damage":5.0,"enemies":"3 Darklings","floor":35.0,"turns":5.0},{"damage":0.0,"enemies":"3 Shapes","floor":37.0,"turns":6.0},{"damage":0.0,"enemies":"Sphere and 2 Shapes","floor":39.0,"turns":5.0},{"damage":44.0,"enemies":"Nemesis","floor":40.0,"turns":5.0},{"damage":2.0,"enemies":"Giant Head","floor":42.0,"turns":7.0},{"damage":0.0,"enemies":"Spire Growth","floor":46.0,"turns":4.0},{"damage":0,"enemies":"3 Darklings","floor":48,"turns":4},{"damage":0,"enemies":"Time Eater","floor":50,"turns":10}],"seed_played":"8252985280964072120","potions_obtained":[{"floor":1.0,"key":"Swift Potion"},{"floor":2.0,"key":"CunningPotion"},{"floor":3.0,"key":"BlessingOfTheForge"},{"floor":12.0,"key":"Strength Potion"},{"floor":22.0,"key":"Fire Potion"},{"floor":24.0,"key":"SpeedPotion"},{"floor":31.0,"key":"BlessingOfTheForge"},{"floor":35.0,"key":"AttackPotion"},{"floor":40.0,"key":"Dexterity Potion"},{"floor":48,"key":"BlessingOfTheForge"}],"is_trial":false,"path_per_floor":["M","M","M","M","M","E","R","E","T","?","R","E","R","$","R","B",null,"M","?","M","?","M","R","E","M","T","M","M","R","$","E","R","B",null,"M","?","M","T","M","E","R","E","T","R","?","M","?","M","R","B",null],"character_chosen":"THE_SILENT","items_purchased":["Well Laid Plans","Terror","Lee\u0027s Waffle"],"campfire_rested":1,"item_purchase_floors":[14,30,30],"current_hp_per_floor":[70,69,69,53,53,37,37,24,24,17,38,27,27,27,27,24,70,70,51,46,46,27,27,27,27,27,25,25,25,77,70,70,72,77,72,72,72,72,72,28,28,26,26,41,41,41,41,41,56,73],"gold":21,"neow_bonus":"ONE_RARE_RELIC","is_daily":false,"chose_seed":false,"campfire_upgraded":9,"win_rate":0.0,"timestamp":1609795308,"path_taken":["M","M","M","M","M","E","R","E","T","?","R","E","R","$","R","BOSS","M","?","?","?","M","R","E","M","T","M","M","R","$","E","R","BOSS","M","?","M","?","M","E","R","E","T","R","?","?","?","M","R","BOSS"],"items_purchased_type":["Card","Card","Relic"],"build_version":"2020-12-22","purchased_purges":1,"victory":true,"max_hp_per_floor":[70,70,70,70,70,70,70,70,70,70,70,70,70,70,70,70,70,70,70,70,70,70,70,70,70,70,70,70,70,77,77,77,77,77,77,73,73,73,73,73,73,73,73,73,73,73,73,73,73,73],"relic_stats":{"Darkstone Periapt":0,"Lee\u0027s Waffle":52,"counters":[26,137],"Astrolabe":["Infinite Blades","Blade Dance","Predator"],"StoneCalendar":[52],"Eternal Feather":30,"Snake Skull":[60],"Pen Nib":[32],"War Paint":["Defend_G","Backflip"],"Shuriken":[38],"Pantograph":49,"obtain_stats":[{"Darkstone Periapt":38,"Lee\u0027s Waffle":30,"Lantern":40,"Calipers":0,"Astrolabe":34,"StoneCalendar":24,"Eternal Feather":42,"Snake Skull":8,"Pen Nib":10,"Incense Burner":26,"War Paint":6,"Shuriken":31,"Pantograph":9,"Coffee Dripper":17,"Red Mask":45,"Unceasing Top":12,"InkBottle":43,"Ring of the Snake":0},{"Darkstone Periapt":20,"Lee\u0027s Waffle":16,"Lantern":22,"Calipers":0,"Astrolabe":18,"StoneCalendar":13,"Eternal Feather":23,"Snake Skull":7,"Pen Nib":7,"Incense Burner":14,"War Paint":6,"Shuriken":17,"Pantograph":7,"Coffee Dripper":9,"Red Mask":23,"Unceasing Top":8,"InkBottle":23,"Ring of the Snake":0},{"Darkstone Periapt":102,"Lee\u0027s Waffle":80,"Lantern":112,"Calipers":0,"Astrolabe":91,"StoneCalendar":65,"Eternal Feather":119,"Snake Skull":30,"Pen Nib":30,"Incense Burner":71,"War Paint":22,"Shuriken":85,"Pantograph":30,"Coffee Dripper":46,"Red Mask":119,"Unceasing Top":36,"InkBottle":119,"Ring of the Snake":0}],"Unceasing Top":[7],"InkBottle":[9],"Ring of the Snake":[52]},"card_choices":[{"not_picked":["Blur","PiercingWail"],"picked":"Poisoned Stab","floor":1.0},{"not_picked":["Distraction","Tactician"],"picked":"Dagger Spray","floor":2.0},{"not_picked":["Dodge and Roll","Tactician"],"picked":"Backflip","floor":3.0},{"not_picked":["Dagger Throw","Slice","Reflex"],"picked":"SKIP","floor":4.0},{"not_picked":["Dagger Throw","Blur"],"picked":"Poisoned Stab","floor":5.0},{"not_picked":["Phantasmal Killer","Calculated Gamble"],"picked":"PiercingWail","floor":6.0},{"not_picked":["Outmaneuver","Underhanded Strike","Skewer"],"picked":"SKIP","floor":8.0},{"not_picked":["Dodge and Roll","Slice"],"picked":"Dash","floor":12.0},{"not_picked":["Doppelganger","Venomology"],"picked":"After Image","floor":16.0},{"not_picked":["Tactician","Infinite Blades+1"],"picked":"Blade Dance+1","floor":18.0},{"not_picked":["Blade Dance","Dodge and Roll+1","Tools of the Trade"],"picked":"SKIP","floor":20.0},{"not_picked":["Dodge and Roll+1","Underhanded Strike","Escape Plan+1"],"picked":"SKIP","floor":22.0},{"not_picked":["Slice","Deflect","Outmaneuver+1"],"picked":"SKIP","floor":24.0},{"not_picked":["Outmaneuver","Deadly Poison","Backflip"],"picked":"SKIP","floor":25.0},{"not_picked":["Poisoned Stab","Deadly Poison","Dagger Spray"],"picked":"SKIP","floor":27.0},{"not_picked":["Escape Plan+1","Bane","Acrobatics"],"picked":"SKIP","floor":28.0},{"not_picked":["Outmaneuver","Masterful Stab+1"],"picked":"Crippling Poison","floor":31.0},{"not_picked":["Underhanded Strike","Bouncing Flask"],"picked":"Blur","floor":35.0},{"not_picked":["Flying Knee","Bane","Dodge and Roll+1"],"picked":"SKIP","floor":37.0},{"not_picked":["Finisher","Acrobatics+1"],"picked":"PiercingWail+1","floor":39.0},{"not_picked":["Deadly Poison","Doppelganger","Distraction"],"picked":"SKIP","floor":40.0},{"not_picked":["Predator","Quick Slash"],"picked":"Finisher+1","floor":42.0},{"not_picked":["Calculated Gamble","Dagger Throw","Terror+1"],"picked":"SKIP","floor":46.0},{"not_picked":["Dagger Throw","Terror+1"],"picked":"Calculated Gamble","floor":46.0},{"not_picked":["Dagger Throw+1","PiercingWail"],"picked":"Backflip+1","floor":48}],"player_experience":12794,"relics_obtained":[{"floor":6.0,"key":"War Paint"},{"floor":8.0,"key":"Snake Skull"},{"floor":9.0,"key":"Pantograph"},{"floor":12.0,"key":"Unceasing Top"},{"floor":24.0,"key":"StoneCalendar"},{"floor":26.0,"key":"Incense Burner"},{"floor":31.0,"key":"Shuriken"},{"floor":38.0,"key":"Darkstone Periapt"},{"floor":40.0,"key":"Lantern"},{"floor":42.0,"key":"Eternal Feather"},{"floor":43.0,"key":"InkBottle"}],"event_choices":[{"damage_healed":0.0,"max_hp_gain":0.0,"max_hp_loss":0.0,"gold_gain":0.0,"event_name":"Scrap Ooze","player_choice":"Success","floor":10.0,"gold_loss":0.0,"damage_taken":7.0,"relics_obtained":["Pen Nib"]},{"damage_healed":0.0,"max_hp_gain":0.0,"max_hp_loss":0.0,"gold_gain":0.0,"event_name":"Knowing Skull","player_choice":"POTION POTION ","floor":19.0,"potions_obtained":["SneckoOil","CultistPotion"],"gold_loss":0.0,"damage_taken":19.0,"cards_obtained":[]},{"damage_healed":0.0,"max_hp_gain":0.0,"max_hp_loss":0.0,"gold_gain":0.0,"event_name":"Back to Basics","player_choice":"Simplicity","floor":21.0,"gold_loss":0.0,"damage_taken":0.0,"cards_upgraded":["Strike_G","Strike_G","Strike_G","Strike_G","Strike_G","Defend_G","Defend_G","Defend_G","Defend_G"]},{"damage_healed":0.0,"max_hp_gain":0.0,"max_hp_loss":4.0,"gold_gain":0.0,"event_name":"Winding Halls","player_choice":"Max HP","floor":36.0,"gold_loss":0.0,"damage_taken":0.0},{"damage_healed":0.0,"max_hp_gain":0.0,"max_hp_loss":0.0,"gold_gain":0.0,"event_name":"Tomb of Lord Red Mask","player_choice":"Paid","floor":45.0,"gold_loss":152.0,"damage_taken":0.0,"relics_obtained":["Red Mask"]},{"damage_healed":0.0,"max_hp_gain":0.0,"max_hp_loss":0.0,"gold_gain":0.0,"event_name":"Duplicator","player_choice":"Copied","floor":47.0,"gold_loss":0.0,"damage_taken":0.0,"cards_obtained":["After Image"]}],"is_beta":false,"boss_relics":[{"not_picked":["HoveringKite","SlaversCollar"],"picked":"Coffee Dripper"},{"not_picked":["Cursed Key","Sozu"],"picked":"Astrolabe"}],"items_purged_floors":[30],"is_endless":false,"potions_floor_spawned":[1,2,3,12,22,24,27,28,31,35,40,48],"ascension_level":1}}