{"host":"27tk4xseidcli2mr","time":1609781756,"event":{"mods":["2.2 Compatiblity","AchievementEnabler","Aspiration","BaseMod","Better Third Choice","Conspire","Custom Start","Downfall","Hubris","Infinite Spire","Jorbs\u0027s Wanderer Trilogy","Minty Spire (QoL Compilation)","Replay The Spire","StSLib","SuperFastMode","[IsaacMod]????"],"gold_per_floor":[118,118,118,118,133,133,164,184,230,230,263,263,263,276,302,313,313,418,418,433,448,150,150,60,60,93,93,144,164,180,213,233,264,264,369,369,387,387,398,9,24,24,24,24,24,52,52,52],"floor_reached":47,"playtime":4098,"items_purged":["Strike_P","Defend_P"],"score":727,"play_id":"745b4b85-0e95-476c-ab77-8d733ed4321f","local_time":"20210104183556","is_ascension_mode":true,"campfire_choices":[{"data":"ClearTheMind","floor":6.0,"key":"SMITH"},{"data":"Fasting2","floor":10.0,"key":"SMITH"},{"data":"Strike_P","floor":17.0,"key":"PURGE"},{"floor":25.0,"key":"RECALL"},{"data":"Replay:Battleflow","floor":34.0,"key":"SMITH"},{"data":"DevaForm","floor":42.0,"key":"SMITH"},{"data":"infinitespire:Fortify","floor":44.0,"key":"SMITH"}],"circlet_count":0,"master_deck":["Strike_P","Defend_P","Defend_P","Defend_P","Eruption+1","Vigilance","Replay:AtTheReady","infinitespire:Fortify+1","ClearTheMind+1","Consecrate+1","Fasting2+1","WheelKick","EmptyFist+1","Establishment","Replay:Cycle+1","PathToVictory+1","Replay:Battleflow+1","FlyingSleeves","PathToVictory","Consecrate","DevaForm+1","Parasite","Tantrum+1"],"relics":["PureWater","HushsDoor","NeowsBlessing","Leech","Garlic","Regal Pillow","Potion Belt","Anchor","MagicMushroom","Chaos","hubris:BundleOfHerbs","Centennial Puzzle","DoctorsRemote","Calipers","Vajra","hubris:Icosahedron","Succubus","hubris:Towel","Whetstone","ClockworkSouvenir"],"acts_visited":["Exordium","TheCity","TheBeyond"],"potions_floor_usage":[47,47],"damage_taken":[{"damage":0.0,"enemies":"Small Slimes","floor":1.0,"turns":1.0},{"damage":0.0,"enemies":"2 Louse","floor":5.0,"turns":1.0},{"damage":0.0,"enemies":"3 Sentries","floor":7.0,"turns":2.0},{"damage":0.0,"enemies":"Cultist","floor":8.0,"turns":3.0},{"damage":3.0,"enemies":"Replay:BlueRogue","floor":11.0,"turns":6.0},{"damage":0.0,"enemies":"2 Fungi Beasts","floor":14.0,"turns":2.0},{"damage":33.0,"enemies":"Gremlin Nob","floor":15.0,"turns":4.0},{"damage":0.0,"enemies":"3 Louse","floor":16.0,"turns":2.0},{"damage":23.0,"enemies":"Hexaghost","floor":18.0,"turns":8.0},{"damage":0.0,"enemies":"Spheric Guardian","floor":20.0,"turns":3.0},{"damage":0.0,"enemies":"Chosen","floor":21.0,"turns":3.0},{"damage":8.0,"enemies":"conspire:Head Lice","floor":26.0,"turns":8.0},{"damage":6.0,"enemies":"Centurion and Healer","floor":29.0,"turns":2.0},{"damage":0.0,"enemies":"conspire:HollyBat","floor":30.0,"turns":6.0},{"damage":0.0,"enemies":"Slavers","floor":31.0,"turns":3.0},{"damage":8.0,"enemies":"Chosen and Byrds","floor":32.0,"turns":4.0},{"damage":0.0,"enemies":"Nightmare","floor":33.0,"turns":5.0},{"damage":65.0,"enemies":"hubris:MusketHawk","floor":35.0,"turns":10.0},{"damage":0.0,"enemies":"3 Darklings","floor":37.0,"turns":6.0},{"damage":2.0,"enemies":"3 Shapes","floor":39.0,"turns":3.0},{"damage":47.0,"enemies":"Writhing Mass","floor":41.0,"turns":6.0},{"damage":11.0,"enemies":"Nemesis","floor":46.0,"turns":5.0},{"damage":5,"enemies":"infinitespire:Three Voidlings","floor":47,"turns":3},{"damage":40,"enemies":"Nightmare_Alpha","floor":47,"turns":7}],"seed_played":"2685930585373939620","potions_obtained":[{"floor":1.0,"key":"EssenceOfSteel"},{"floor":8.0,"key":"Guardian:BlockOnCardUsePotion"},{"floor":14.0,"key":"Reflective Coating"},{"floor":15.0,"key":"BottledMiracle"},{"floor":16.0,"key":"SkillPotion"},{"floor":26.0,"key":"FearPotion"},{"floor":29.0,"key":"SteroidPotion"},{"floor":30.0,"key":"Slimebound:ThreeZeroPotion"},{"floor":31.0,"key":"SpeedPotion"},{"floor":32.0,"key":"AttackPotion"},{"floor":37.0,"key":"Strength Potion"},{"floor":41.0,"key":"SkillPotion"}],"is_trial":false,"path_per_floor":["M","?","?","?","M","R","E","M","T","R","E","PTL","PTL","M","E","M","R","B",null,"M","M","$","?","?","R","E","AVR","T","M","M","E","M","NM","R","B",null,"M","?","M","$","M","R","?","R","T","E","?"],"character_chosen":"WATCHER","items_purchased":["Chaos","Replay:Battleflow","Succubus"],"campfire_rested":0,"item_purchase_floors":[22,22,40],"current_hp_per_floor":[72,53,53,53,53,53,54,56,56,56,58,58,58,60,30,31,31,14,79,79,79,79,79,79,79,74,74,74,70,76,79,71,76,76,18,79,79,79,78,78,36,36,36,36,36,30,0,0],"gold":52,"neow_bonus":"THREE_ENEMY_KILL","is_daily":false,"chose_seed":false,"campfire_upgraded":5,"win_rate":0.0,"timestamp":1609781756,"path_taken":["M","?","?","?","M","R","E","M","T","R","E","PTL","PTL","M","E","M","R","BOSS","M","M","$","?","?","R","E","AVR","T","M","?","E","M","NM","R","BOSS","M","?","M","$","?","R","?","R","T","E","?"],"items_purchased_type":["Card","Card","Relic"],"build_version":"2020-12-22","purchased_purges":2,"victory":false,"max_hp_per_floor":[72,72,72,72,72,72,72,72,72,72,72,72,72,72,72,72,72,72,79,79,79,79,79,79,79,79,79,79,79,79,79,79,79,79,79,79,79,79,79,79,79,79,79,79,79,79,79,79],"card_choices":[{"not_picked":["CutThroughFate","SashWhip"],"picked":"Replay:AtTheReady","floor":1.0},{"not_picked":["infinitespire:SevenWalls","ReplayTheSpireMod:Book of Names"],"picked":"infinitespire:Fortify","floor":2.0},{"not_picked":["Halt","Replay:AtTheReady"],"picked":"ClearTheMind","floor":5.0},{"not_picked":["FollowUp","TalkToTheHand"],"picked":"Consecrate","floor":7.0},{"not_picked":["BowlingBash","FearNoEvil"],"picked":"Fasting2","floor":8.0},{"not_picked":["ClearTheMind","Scrawl","Replay:AtTheReady"],"picked":"SKIP","floor":11.0},{"not_picked":["Swivel","Replay:BluntJabs"],"picked":"WheelKick","floor":14.0},{"not_picked":["TalkToTheHand","Replay:AtTheReady"],"picked":"EmptyFist","floor":15.0},{"not_picked":["ForeignInfluence","Replay:BluntJabs","Evaluate"],"picked":"SKIP","floor":16.0},{"not_picked":["DeusExMachina","SpiritShield"],"picked":"Establishment","floor":18.0},{"not_picked":["Replay:AtTheReady","Wallop"],"picked":"Replay:Cycle+1","floor":20.0},{"not_picked":["ClearTheMind","Replay:Cycle"],"picked":"PathToVictory+1","floor":21.0},{"not_picked":["DeusExMachina","PathToVictory"],"picked":"FlyingSleeves","floor":26.0},{"not_picked":["CrushJoints","BowlingBash+1"],"picked":"PathToVictory","floor":29.0},{"not_picked":["FollowUp","CutThroughFate","Replay:DivineShield"],"picked":"SKIP","floor":30.0},{"not_picked":["PathToVictory","Blasphemy","Protect"],"picked":"SKIP","floor":31.0},{"not_picked":["ThirdEye","Sanctity+1","Prostrate"],"picked":"SKIP","floor":32.0},{"not_picked":["EmptyFist","Evaluate"],"picked":"Consecrate","floor":33.0},{"not_picked":["MasterReality","Scrawl"],"picked":"DevaForm","floor":35.0},{"not_picked":["Wallop+1","Replay:BluntJabs","FollowUp"],"picked":"SKIP","floor":37.0},{"not_picked":["CutThroughFate","ClearTheMind+1","JustLucky"],"picked":"SKIP","floor":39.0},{"not_picked":["Crescendo","Wallop"],"picked":"Tantrum+1","floor":41.0},{"not_picked":["CutThroughFate","WheelKick+1","ForeignInfluence"],"picked":"SKIP","floor":46.0}],"player_experience":1260464,"relics_obtained":[{"floor":4.0,"key":"Garlic"},{"floor":7.0,"key":"Regal Pillow"},{"floor":11.0,"key":"Potion Belt"},{"floor":15.0,"key":"Anchor"},{"floor":26.0,"key":"hubris:BundleOfHerbs"},{"floor":28.0,"key":"Centennial Puzzle"},{"floor":31.0,"key":"DoctorsRemote"},{"floor":33.0,"key":"Calipers"},{"floor":45.0,"key":"Whetstone"},{"floor":46.0,"key":"ClockworkSouvenir"}],"event_choices":[{"cards_removed":["Strike_P"],"damage_healed":0.0,"max_hp_gain":0.0,"max_hp_loss":0.0,"gold_gain":0.0,"event_name":"Designer","player_choice":"Upgrade and Remove","floor":24.0,"gold_loss":90.0,"damage_taken":0.0,"cards_upgraded":["Eruption"]}],"is_beta":false,"boss_relics":[{"not_picked":["hubris:HollowSoul","Cursed Key"],"picked":"MagicMushroom"},{"not_picked":[]},{"not_picked":["DeathBook","Coffee Dripper"],"picked":"Vajra"},{"not_picked":[]}],"items_purged_floors":[22,27],"is_endless":true,"potions_floor_spawned":[1,8,14,15,16,26,29,30,31,32,37,41],"killed_by":"Nightmare_Alpha","ascension_level":4}}