{"host":"7pe9xwx78c6nlay8","time":1609753601,"event":{"mods":["BaseMod","Minty Spire (QoL Compilation)"],"gold_per_floor":[109,109,109,109,121,146,146,160,185,213,213,231,311,325,325,397,397,409,419,619,21,38,48,48,83,83,118,137,172,191,220,220,298,298,316,336,381,395,147,173,173,173,173],"floor_reached":42,"playtime":2048,"items_purged":["Shame"],"score":1169,"play_id":"1f8c1ac8-77a1-4c8d-be28-dd2a0bfc3afc","local_time":"20210104174641","is_ascension_mode":true,"campfire_choices":[{"data":"Nirvana","floor":15.0,"key":"SMITH"},{"data":"Nirvana","floor":32.0,"key":"SMITH"}],"circlet_count":0,"master_deck":["AscendersBane","Strike_P","Strike_P+1","Strike_P","Defend_P","Defend_P","Defend_P+1","Eruption+1","Vigilance","PathToVictory+1","ThirdEye","FollowUp+1","ReachHeaven","Nirvana+1","Wireheading","JustLucky","LessonLearned","PathToVictory","JustLucky","Nirvana+1","Judgement","JustLucky+1","Alpha","CutThroughFate+1","PathToVictory","DevaForm","CutThroughFate","Nirvana","ThirdEye","TalkToTheHand"],"relics":["PureWater","NeowsBlessing","Bag of Marbles","PreservedInsect","CloakClasp","Meat on the Bone","Gremlin Horn","Sozu","Blood Vial","CaptainsWheel","HandDrill","Incense Burner","Thread and Needle","Gambling Chip","Happy Flower","Strawberry","Toy Ornithopter","Snecko Eye","Girya","Membership Card","Letter Opener"],"acts_visited":["Exordium","TheCity","TheBeyond"],"potions_floor_usage":[],"damage_taken":[{"damage":0.0,"enemies":"Cultist","floor":1.0,"turns":1.0},{"damage":0.0,"enemies":"Small Slimes","floor":5.0,"turns":1.0},{"damage":0.0,"enemies":"Gremlin Nob","floor":6.0,"turns":1.0},{"damage":0.0,"enemies":"2 Louse","floor":8.0,"turns":3.0},{"damage":0.0,"enemies":"Lagavulin","floor":10.0,"turns":2.0},{"damage":0.0,"enemies":"Large Slime","floor":12.0,"turns":4.0},{"damage":0.0,"enemies":"Exordium Thugs","floor":14.0,"turns":3.0},{"damage":21.0,"enemies":"Slime Boss","floor":16.0,"turns":7.0},{"damage":15.0,"enemies":"Chosen","floor":18.0,"turns":7.0},{"damage":13.0,"enemies":"3 Byrds","floor":19.0,"turns":6.0},{"damage":13.0,"enemies":"Snecko","floor":22.0,"turns":7.0},{"damage":18.0,"enemies":"Centurion and Healer","floor":23.0,"turns":5.0},{"damage":29.0,"enemies":"Book of Stabbing","floor":25.0,"turns":5.0},{"damage":0.0,"enemies":"Gremlin Leader","floor":27.0,"turns":6.0},{"damage":9.0,"enemies":"Snake Plant","floor":28.0,"turns":4.0},{"damage":22.0,"enemies":"Book of Stabbing","floor":29.0,"turns":5.0},{"damage":0.0,"enemies":"Snecko","floor":30.0,"turns":6.0},{"damage":0.0,"enemies":"Gremlin Leader","floor":31.0,"turns":5.0},{"damage":0.0,"enemies":"Collector","floor":33.0,"turns":6.0},{"damage":20.0,"enemies":"3 Darklings","floor":35.0,"turns":5.0},{"damage":4.0,"enemies":"Orb Walker","floor":36.0,"turns":3.0},{"damage":57.0,"enemies":"2 Orb Walkers","floor":37.0,"turns":6.0},{"damage":0.0,"enemies":"Writhing Mass","floor":38.0,"turns":5.0},{"damage":26.0,"enemies":"Reptomancer","floor":40.0,"turns":5.0},{"damage":12,"enemies":"Nemesis","floor":42,"turns":4}],"seed_played":"3079740300039795393","potions_obtained":[{"floor":8.0,"key":"Block Potion"},{"floor":14.0,"key":"FearPotion"}],"is_trial":false,"path_per_floor":["M","?","?","?","M","E","?","M","T","E","?","M","T","M","R","B",null,"M","M","?","$","M","M","?","E","T","E","M","E","M","E","R","B",null,"M","M","?","M","$","E","?","E"],"character_chosen":"WATCHER","items_purchased":["Blood Vial","CaptainsWheel","HandDrill","Membership Card","Nirvana","ThirdEye"],"campfire_rested":0,"item_purchase_floors":[21,21,21,39,39,39],"current_hp_per_floor":[61,54,59,59,59,59,59,59,59,59,41,41,41,41,41,32,63,48,47,47,47,48,44,44,29,29,43,48,47,49,51,51,53,73,55,53,15,29,29,17,5,0,0],"gold":173,"neow_bonus":"THREE_ENEMY_KILL","is_daily":false,"chose_seed":false,"campfire_upgraded":2,"win_rate":0.0,"timestamp":1609753601,"path_taken":["M","?","?","?","M","E","?","?","T","E","?","M","?","M","R","BOSS","M","M","?","$","?","M","?","E","T","E","M","E","M","E","R","BOSS","M","M","?","M","$","E","?","E"],"items_purchased_type":["Relic","Relic","Relic","Relic","Card","Card"],"build_version":"2020-12-22","purchased_purges":1,"victory":false,"max_hp_per_floor":[68,68,73,73,73,73,73,73,73,73,73,73,73,73,73,73,73,73,73,73,73,73,73,73,73,73,73,73,80,80,80,80,80,80,80,80,80,80,80,80,80,80,80],"card_choices":[{"not_picked":["Consecrate","Protect"],"picked":"PathToVictory","floor":1.0},{"not_picked":["Evaluate","Swivel"],"picked":"ThirdEye","floor":5.0},{"not_picked":["FlurryOfBlows","ThirdEye"],"picked":"FollowUp","floor":6.0},{"not_picked":["EmptyFist","Ragnarok"],"picked":"ReachHeaven","floor":8.0},{"not_picked":["FollowUp","Meditate"],"picked":"Nirvana","floor":10.0},{"not_picked":["Evaluate","Protect"],"picked":"Wireheading","floor":12.0},{"not_picked":["Judgement","Swivel"],"picked":"JustLucky","floor":14.0},{"not_picked":["Scrawl","Devotion"],"picked":"LessonLearned","floor":16.0},{"not_picked":["DeceiveReality","FlyingSleeves","Perseverance"],"picked":"SKIP","floor":18.0},{"not_picked":["InnerPeace","Evaluate"],"picked":"PathToVictory","floor":19.0},{"not_picked":["ThirdEye","FearNoEvil"],"picked":"JustLucky","floor":22.0},{"not_picked":["Halt","JustLucky"],"picked":"Nirvana","floor":23.0},{"not_picked":["WreathOfFlame","Consecrate"],"picked":"Judgement","floor":25.0},{"not_picked":["SashWhip","FollowUp"],"picked":"JustLucky+1","floor":27.0},{"not_picked":["Wireheading","InnerPeace","Consecrate"],"picked":"SKIP","floor":28.0},{"not_picked":["Vengeance","Swivel"],"picked":"Alpha","floor":29.0},{"not_picked":["EmptyFist","ClearTheMind"],"picked":"CutThroughFate","floor":30.0},{"not_picked":["Judgement","JustLucky"],"picked":"PathToVictory","floor":31.0},{"not_picked":["Scrawl","Alpha"],"picked":"DevaForm","floor":33.0},{"not_picked":["EmptyMind","Wireheading+1"],"picked":"CutThroughFate","floor":35.0},{"not_picked":["WindmillStrike","Protect","SignatureMove+1"],"picked":"SKIP","floor":36.0},{"not_picked":["WheelKick","BowlingBash","Indignation"],"picked":"SKIP","floor":38.0},{"not_picked":["Conclude","Meditate"],"picked":"TalkToTheHand","floor":40.0}],"player_experience":1597486,"relics_obtained":[{"floor":6.0,"key":"Bag of Marbles"},{"floor":9.0,"key":"PreservedInsect"},{"floor":10.0,"key":"CloakClasp"},{"floor":13.0,"key":"Gremlin Horn"},{"floor":25.0,"key":"Thread and Needle"},{"floor":26.0,"key":"Gambling Chip"},{"floor":27.0,"key":"Happy Flower"},{"floor":29.0,"key":"Strawberry"},{"floor":31.0,"key":"Toy Ornithopter"},{"floor":37.0,"key":"Girya"},{"floor":40.0,"key":"Letter Opener"}],"event_choices":[{"cards_removed":["Defend_P"],"damage_healed":0.0,"max_hp_gain":0.0,"max_hp_loss":0.0,"gold_gain":0.0,"event_name":"Golden Wing","player_choice":"Card Removal","floor":2.0,"gold_loss":0.0,"damage_taken":7.0},{"damage_healed":0.0,"max_hp_gain":5.0,"max_hp_loss":0.0,"gold_gain":0.0,"event_name":"Big Fish","player_choice":"Donut","floor":3.0,"gold_loss":0.0,"damage_taken":0.0},{"damage_healed":0.0,"max_hp_gain":0.0,"max_hp_loss":0.0,"gold_gain":0.0,"event_name":"Living Wall","player_choice":"Grow","floor":4.0,"gold_loss":0.0,"damage_taken":0.0,"cards_upgraded":["Eruption"]},{"cards_removed":["Strike_P"],"damage_healed":0.0,"max_hp_gain":0.0,"max_hp_loss":0.0,"gold_gain":0.0,"event_name":"Wheel of Change","player_choice":"Card Removal","floor":7.0,"gold_loss":0.0,"damage_taken":0.0},{"damage_healed":0.0,"max_hp_gain":0.0,"max_hp_loss":0.0,"gold_gain":0.0,"event_name":"Scrap Ooze","player_choice":"Success","floor":11.0,"gold_loss":0.0,"damage_taken":18.0,"relics_obtained":["Meat on the Bone"]},{"damage_healed":0.0,"max_hp_gain":0.0,"max_hp_loss":0.0,"gold_gain":250.0,"event_name":"The Joust","player_choice":"Bet on Owner","floor":20.0,"gold_loss":50.0,"damage_taken":0.0},{"damage_healed":0.0,"max_hp_gain":0.0,"max_hp_loss":0.0,"gold_gain":0.0,"event_name":"Addict","player_choice":"Stole Relic","floor":24.0,"gold_loss":0.0,"damage_taken":0.0,"relics_obtained":["Incense Burner"],"cards_obtained":["Shame"]},{"damage_healed":0.0,"max_hp_gain":0.0,"max_hp_loss":0.0,"gold_gain":0.0,"event_name":"Mysterious Sphere","player_choice":"Fight","floor":37.0,"gold_loss":0.0,"damage_taken":0.0},{"damage_healed":0.0,"max_hp_gain":0.0,"max_hp_loss":0.0,"gold_gain":0.0,"event_name":"Wheel of Change","player_choice":"Damaged","floor":41.0,"gold_loss":0.0,"damage_taken":12.0}],"is_beta":false,"boss_relics":[{"not_picked":["SlaversCollar","Tiny House"],"picked":"Sozu"},{"not_picked":["Velvet Choker","Busted Crown"],"picked":"Snecko Eye"}],"items_purged_floors":[39],"is_endless":false,"potions_floor_spawned":[8,14,18,22,27,28,33,35,36,40],"killed_by":"Nemesis","ascension_level":15}}