{"host":"d9m9v0h6vo0edadb","time":1609763299,"event":{"mods":["BaseMod","Hermit","Keyboard Shortcuts","Minty Spire (QoL Compilation)","StSLib","SuperFastMode","The Cursed"],"gold_per_floor":[115,115,115,115,115,140,140,155,155,190,26,45,45,45,45,140,140,159,182,201,70,70,114,114,129,176,196,196,219,119,134,134,233,233,252,252,283,158,176,176,189,224,224,224,267,267,282,306,306,306,306],"floor_reached":52,"playtime":1805,"items_purged":["Envenom","Bane","Riddle With Holes+1"],"score":2180,"play_id":"01d49cd7-dd52-449c-9ad4-2ff86e577ab7","local_time":"20210104212819","is_ascension_mode":true,"campfire_choices":[{"data":"Cloak And Dagger","floor":7.0,"key":"SMITH"},{"data":"Acrobatics","floor":13.0,"key":"SMITH"},{"data":"Reflex","floor":15.0,"key":"SMITH"},{"data":"Tactician","floor":24.0,"key":"SMITH"},{"data":"Venomology","floor":28.0,"key":"SMITH"},{"data":"Concentrate","floor":32.0,"key":"SMITH"},{"data":"Acrobatics","floor":40,"key":"SMITH"},{"data":"Neutralize","floor":44,"key":"SMITH"},{"data":"Survivor","floor":49,"key":"SMITH"}],"circlet_count":0,"master_deck":["AscendersBane","Survivor+1","Neutralize+1","Cloak And Dagger+1","Malaise","Acrobatics+1","Reflex+1","Dagger Throw","Grand Finale","Crippling Poison","Dagger Throw","Leg Sweep","Tactician+1","Venomology+1","Acrobatics+1","Concentrate+1","Caltrops+1","Tactician+1"],"relics":["Ring of the Snake","NeowsBlessing","Tingsha","Orichalcum","Bronze Scales","Unceasing Top","Orrery","Golden Idol","Pandora\u0027s Box","Pen Nib","Blood Vial","Astrolabe","Pocketwatch","Tough Bandages","Blue Candle"],"acts_visited":["Exordium","TheCity","TheBeyond"],"potions_floor_usage":[33,33,37,39,41,42,42,47,48,50,51],"damage_taken":[{"damage":0.0,"enemies":"Small Slimes","floor":1.0,"turns":1.0},{"damage":0.0,"enemies":"3 Sentries","floor":6.0,"turns":1.0},{"damage":0.0,"enemies":"2 Louse","floor":8.0,"turns":1.0},{"damage":0.0,"enemies":"Gremlin Nob","floor":10.0,"turns":3.0},{"damage":0.0,"enemies":"Cultist","floor":12.0,"turns":3.0},{"damage":8.0,"enemies":"Hexaghost","floor":16.0,"turns":10.0},{"damage":6.0,"enemies":"Spheric Guardian","floor":18.0,"turns":4.0},{"damage":0.0,"enemies":"3 Byrds","floor":19.0,"turns":2.0},{"damage":0.0,"enemies":"3 Cultists","floor":20.0,"turns":2.0},{"damage":4.0,"enemies":"Book of Stabbing","floor":23.0,"turns":6.0},{"damage":0.0,"enemies":"Snecko","floor":25.0,"turns":2.0},{"damage":10.0,"enemies":"Snake Plant","floor":27.0,"turns":4.0},{"damage":0.0,"enemies":"Cultist and Chosen","floor":29.0,"turns":2.0},{"damage":14.0,"enemies":"Shelled Parasite and Fungi","floor":31.0,"turns":3.0},{"damage":1,"enemies":"Champ","floor":33,"turns":6},{"damage":0,"enemies":"3 Darklings","floor":35,"turns":1},{"damage":0,"enemies":"Mind Bloom Boss Battle","floor":37,"turns":3},{"damage":2,"enemies":"Orb Walker","floor":39,"turns":2},{"damage":0,"enemies":"Maw","floor":41,"turns":2},{"damage":6,"enemies":"Nemesis","floor":42,"turns":3},{"damage":0,"enemies":"Reptomancer","floor":45,"turns":1},{"damage":0,"enemies":"Sphere and 2 Shapes","floor":47,"turns":3},{"damage":0,"enemies":"4 Shapes","floor":48,"turns":1},{"damage":12,"enemies":"Time Eater","floor":50,"turns":8},{"damage":0,"enemies":"Awakened One","floor":51,"turns":3}],"seed_played":"-5495200616818353850","potions_obtained":[{"floor":8.0,"key":"AttackPotion"},{"floor":12.0,"key":"Poison Potion"},{"floor":16.0,"key":"FearPotion"},{"floor":20.0,"key":"EssenceOfSteel"},{"floor":25.0,"key":"FearPotion"},{"floor":35,"key":"PowerPotion"},{"floor":47,"key":"Block Potion"}],"is_trial":false,"path_per_floor":["M","?","?","?","?","E","R","M","T","E","$","M","R","?","R","B",null,"M","M","M","$","?","E","R","M","T","M","R","M","$","M","R","B",null,"M","?","?","$","M","R","M","E","T","R","E","?","M","M","R","B","B",null],"character_chosen":"THE_SILENT","items_purchased":["Orrery","Acrobatics"],"campfire_rested":0,"item_purchase_floors":[11,21],"current_hp_per_floor":[59,59,54,59,59,59,59,59,59,59,59,59,59,59,59,51,61,55,55,55,55,49,45,45,45,45,37,37,39,39,27,27,28,55,57,57,59,59,59,59,61,57,57,57,59,59,61,63,63,52,63],"gold":306,"neow_bonus":"THREE_ENEMY_KILL","is_daily":false,"chose_seed":false,"campfire_upgraded":9,"win_rate":0.0,"timestamp":1609763299,"path_taken":["M","?","?","?","?","E","R","?","T","E","$","M","R","?","R","BOSS","M","M","M","$","?","E","R","M","T","?","R","M","$","M","R","BOSS","M","?","?","$","M","R","M","E","T","R","E","?","?","M","R","BOSS","BOSS"],"items_purchased_type":["Relic","Card"],"build_version":"2020-12-22","purchased_purges":3,"victory":true,"max_hp_per_floor":[66,66,66,71,71,71,71,71,71,71,71,71,71,64,64,64,64,64,64,64,64,64,64,64,64,64,64,64,64,64,64,64,64,64,64,64,64,64,64,64,64,64,64,64,64,64,64,64,64,64,64],"card_choices":[{"not_picked":["Backflip","Deflect"],"picked":"Cloak And Dagger","floor":1.0},{"not_picked":["Deflect","Noxious Fumes","Terror"],"picked":"SKIP","floor":6.0},{"not_picked":["PiercingWail","Predator"],"picked":"Blade Dance","floor":8.0},{"not_picked":["Riddle With Holes","Terror","Sucker Punch"],"picked":"SKIP","floor":10.0},{"not_picked":["Blade Dance","Dagger Spray"],"picked":"Malaise","floor":11.0},{"not_picked":["After Image","Backflip"],"picked":"Acrobatics","floor":11.0},{"not_picked":["Choke","Noxious Fumes"],"picked":"Reflex","floor":11.0},{"not_picked":["Flying Knee","Outmaneuver"],"picked":"Dagger Throw","floor":11.0},{"not_picked":["Bane","Flying Knee","Deadly Poison"],"picked":"SKIP","floor":12.0},{"not_picked":["Tools of the Trade","After Image"],"picked":"Grand Finale","floor":16.0},{"not_picked":["Deflect","Blade Dance","Underhanded Strike"],"picked":"SKIP","floor":18.0},{"not_picked":["Finisher","Backflip","Deflect"],"picked":"SKIP","floor":19.0},{"not_picked":["Dodge and Roll","Backstab","Cloak And Dagger"],"picked":"SKIP","floor":20.0},{"not_picked":["Quick Slash","Expertise","Cloak And Dagger"],"picked":"SKIP","floor":23.0},{"not_picked":["Quick Slash","Crippling Poison","Bouncing Flask"],"picked":"SKIP","floor":25.0},{"not_picked":["Sucker Punch","Slice","Unload"],"picked":"SKIP","floor":27.0},{"not_picked":["Dodge and Roll+1","Concentrate","Backstab"],"picked":"SKIP","floor":29.0},{"not_picked":["Dodge and Roll+1","Backstab"],"picked":"Concentrate","floor":29.0},{"not_picked":["Dagger Throw","Outmaneuver","Tactician"],"picked":"SKIP","floor":31.0},{"not_picked":["Dagger Throw","Sucker Punch","Dash+1"],"picked":"SKIP","floor":35},{"not_picked":["Sucker Punch","Outmaneuver","Bullet Time"],"picked":"SKIP","floor":39},{"not_picked":["Quick Slash","Deflect+1","Cloak And Dagger"],"picked":"SKIP","floor":41},{"not_picked":["Flying Knee+1","Dodge and Roll","Poisoned Stab"],"picked":"SKIP","floor":42},{"not_picked":["Noxious Fumes+1","Masterful Stab+1","Acrobatics"],"picked":"SKIP","floor":45},{"not_picked":["All Out Attack","Skewer+1","Die Die Die"],"picked":"SKIP","floor":47},{"not_picked":["Backflip+1","Setup+1","Bouncing Flask"],"picked":"SKIP","floor":48}],"player_experience":950076,"relics_obtained":[{"floor":6.0,"key":"Orichalcum"},{"floor":9.0,"key":"Bronze Scales"},{"floor":10.0,"key":"Unceasing Top"},{"floor":23.0,"key":"Pen Nib"},{"floor":26.0,"key":"Blood Vial"},{"floor":37,"key":"Pocketwatch"},{"floor":42,"key":"Tough Bandages"},{"floor":45,"key":"Blue Candle"}],"event_choices":[{"damage_healed":0.0,"max_hp_gain":0.0,"max_hp_loss":0.0,"gold_gain":0.0,"event_name":"Liars Game","player_choice":"Ignored","floor":2.0,"gold_loss":0.0,"damage_taken":0.0},{"damage_healed":0.0,"max_hp_gain":0.0,"max_hp_loss":0.0,"gold_gain":0.0,"event_name":"Scrap Ooze","player_choice":"Success","floor":3.0,"gold_loss":0.0,"damage_taken":5.0,"relics_obtained":["Tingsha"]},{"damage_healed":0.0,"max_hp_gain":5.0,"max_hp_loss":0.0,"gold_gain":0.0,"event_name":"Big Fish","player_choice":"Donut","floor":4.0,"gold_loss":0.0,"damage_taken":0.0},{"cards_removed":["Strike_G"],"damage_healed":0.0,"max_hp_gain":0.0,"max_hp_loss":0.0,"gold_gain":0.0,"event_name":"Bonfire Elementals","player_choice":"Offered Basic","floor":5.0,"gold_loss":0.0,"damage_taken":0.0},{"damage_healed":0.0,"max_hp_gain":0.0,"max_hp_loss":7.0,"gold_gain":0.0,"event_name":"Golden Idol","player_choice":"Lose Max HP","floor":14.0,"gold_loss":0.0,"damage_taken":0.0,"relics_obtained":["Golden Idol"]},{"damage_healed":0.0,"max_hp_gain":0.0,"max_hp_loss":0.0,"gold_gain":0.0,"event_name":"Knowing Skull","player_choice":"","floor":22.0,"potions_obtained":[],"gold_loss":0.0,"damage_taken":6.0,"cards_obtained":[]},{"damage_healed":0,"gold_gain":0,"player_choice":"Ignored","damage_taken":0,"max_hp_gain":0,"max_hp_loss":0,"event_name":"Tomb of Lord Red Mask","floor":36,"gold_loss":0},{"damage_healed":0,"gold_gain":0,"player_choice":"Fight","damage_taken":0,"max_hp_gain":0,"max_hp_loss":0,"event_name":"MindBloom","floor":37,"gold_loss":0},{"damage_healed":0,"gold_gain":0,"player_choice":"Got Potions","damage_taken":0,"max_hp_gain":0,"max_hp_loss":0,"event_name":"Lab","floor":46,"gold_loss":0}],"is_beta":false,"boss_relics":[{"not_picked":["WristBlade","Sozu"],"picked":"Pandora\u0027s Box"},{"not_picked":["Snecko Eye","Velvet Choker"],"picked":"Astrolabe"}],"items_purged_floors":[21,30,38],"is_endless":false,"potions_floor_spawned":[8,12,16,20,25,27,29,35,41,45,47],"ascension_level":20}}