{"host":"p4yrwepmrl4g8pul","time":1609766226,"event":{"mods":["Act Like it!","BaseMod","BetterRewards","Colored Map","Custom Start","Gensokyo","Marisa£®ÏF”Í°°ƒß¿Ì…≥£©","Minty Spire (QoL Compilation)","Quick Restart","Rare Cards Sparkle","Reimu£®≤©¿ˆ¡È√Œ£©","Remilia£®¿Ÿ√◊¿Ú—«£©","Remove Card Discount Mod","Shop Mod","StSLib","The Jungle"],"gold_per_floor":[117,30,30,105,105,105,105,116,163,193,193,193,227,97,97,174,224,242,74,74,105,105,105,123,154,207,224,256,256,256,287,287,359,359,369,369,353,378,424,459,459,488,513,539,539,95,121,150,150,150,150,150,150,150,178,178],"floor_reached":57,"playtime":1954,"items_purged":["Wild Strike","Rupture+1","Bloodletting+1","Armaments+1","Thunderclap+1","True Grit+1","True Grit+1","Power Through+1","Sword Boomerang+1"],"score":3519,"play_id":"1a55c246-3971-4c93-a3ca-c7016559803c","local_time":"20210104211706","daily_mods":["SealedDeck","Heirloom","Flight"],"is_ascension_mode":true,"campfire_choices":[{"data":"Armaments","floor":6.0,"key":"SMITH"},{"data":"True Grit","floor":7.0,"key":"SMITH"},{"data":"Pommel Strike","floor":11.0,"key":"SMITH"},{"floor":12.0,"key":"REST"},{"data":"Body Slam","floor":15.0,"key":"SMITH"},{"data":"Barricade","floor":23.0,"key":"SMITH"},{"floor":29.0,"key":"REST"},{"data":"Shrug It Off","floor":30.0,"key":"SMITH"},{"floor":32.0,"key":"REST"},{"floor":41.0,"key":"RECALL"},{"floor":49.0,"key":"REST"},{"floor":53,"key":"REST"}],"circlet_count":0,"master_deck":["AscendersBane","Pommel Strike+1","Body Slam+1","Shrug It Off+1","Barricade+1","Ghostly Armor+1","Impervious+1","Madness+1","Madness+1","Entrench+1","Madness+1"],"relics":["Burning Blood","Ginger","PreservedInsect","War Paint","Whetstone","Tiny House","Lantern","Red Mask","Toxic Egg 2","Regal Pillow","Akabeko","Singing Bowl","Philosopher\u0027s Stone","Mango","CatCart","Molten Egg 2","Happy Flower","Blood Vial","Bottled Tornado","Frozen Eye","MealTicket","Calipers","Incense Burner"],"acts_visited":["Exordium","TheCity","TheBeyond","TheEnding"],"potions_floor_usage":[56],"damage_taken":[{"damage":3.0,"enemies":"Cultist","floor":1.0,"turns":3.0},{"damage":3.0,"enemies":"2 Louse","floor":8.0,"turns":2.0},{"damage":26.0,"enemies":"3 Sentries","floor":10.0,"turns":9.0},{"damage":32.0,"enemies":"Lagavulin","floor":13.0,"turns":5.0},{"damage":19.0,"enemies":"Slime Boss","floor":16.0,"turns":14.0},{"damage":3.0,"enemies":"Chosen","floor":18.0,"turns":3.0},{"damage":28.0,"enemies":"Masked Bandits","floor":21.0,"turns":3.0},{"damage":6.0,"enemies":"3 Byrds","floor":24.0,"turns":5.0},{"damage":18.0,"enemies":"Gremlin Leader","floor":25.0,"turns":5.0},{"damage":19.0,"enemies":"Shelled Parasite and Fungi","floor":27.0,"turns":5.0},{"damage":42.0,"enemies":"Slavers","floor":28.0,"turns":7.0},{"damage":28.0,"enemies":"Gremlin Leader","floor":31.0,"turns":5.0},{"damage":9.0,"enemies":"Champ","floor":33.0,"turns":11.0},{"damage":24.0,"enemies":"3 Darklings","floor":35.0,"turns":8.0},{"damage":0.0,"enemies":"Mind Bloom Boss Battle","floor":38.0,"turns":3.0},{"damage":0.0,"enemies":"Orin","floor":39.0,"turns":3.0},{"damage":0.0,"enemies":"Nemesis","floor":40.0,"turns":3.0},{"damage":0.0,"enemies":"Reptomancer","floor":42.0,"turns":2.0},{"damage":0.0,"enemies":"Nemesis","floor":44.0,"turns":3.0},{"damage":0.0,"enemies":"Giant Head","floor":48.0,"turns":3.0},{"damage":0.0,"enemies":"Donu and Deca","floor":50.0,"turns":5.0},{"damage":0,"enemies":"Time Eater","floor":51,"turns":5},{"damage":23,"enemies":"Shield and Spear","floor":55,"turns":4},{"damage":51,"enemies":"The Heart","floor":56,"turns":8}],"seed_played":"-2098051489798987318","potions_obtained":[{"floor":10.0,"key":"PowerPotion"},{"floor":13.0,"key":"AttackPotion"},{"floor":16.0,"key":"FearPotion"},{"floor":17.0,"key":"FairyPotion"},{"floor":21.0,"key":"ElixirPotion"},{"floor":22.0,"key":"PowerPotion"},{"floor":31.0,"key":"ZuzhouPotion:ReiMu"},{"floor":38.0,"key":"LiquidBronze"}],"is_trial":true,"path_per_floor":["M","$","?","?","?","R","R","M","T","E","R","R","E","$","R","B",null,"M","$","?","?","?","R","M","E","T","M","E","R","R","E","R","B",null,"M","?","$","?","?","E","R","E","T","E","?","$","T","E","R","B","B",null,"R","$","E","B",null],"character_chosen":"IRONCLAD","items_purchased":["Power Through","Shrug It Off","Lantern","Bottled Tornado","Frozen Eye"],"campfire_rested":5,"item_purchase_floors":[2,14,19,46,46],"current_hp_per_floor":[71,71,48,37,42,42,42,45,45,25,25,47,21,21,21,8,63,66,66,80,58,58,58,58,46,46,33,22,61,61,41,80,77,81,65,50,50,72,80,86,86,94,94,102,102,102,102,108,108,108,108,108,108,108,93,50],"gold":178,"neow_bonus":"","is_daily":false,"chose_seed":false,"campfire_upgraded":6,"win_rate":0.0,"timestamp":1609766226,"path_taken":["M","?","?","?","?","R","R","?","T","E","R","R","E","$","R","BOSS","M","$","?","?","?","R","?","E","T","?","E","R","R","E","R","BOSS","M","?","$","?","?","E","R","E","T","E","?","$","?","E","R","BOSS","BOSS","R","$","E","BOSS"],"items_purchased_type":["Card","Card","Relic","Relic","Relic"],"build_version":"2020-12-22","purchased_purges":9,"victory":true,"max_hp_per_floor":[75,75,75,75,75,75,75,75,75,75,75,75,75,75,75,75,80,80,80,80,80,80,80,80,80,80,80,80,80,80,82,82,82,82,84,84,84,100,102,102,102,104,104,106,106,106,106,108,108,108,108,108,108,108,110,110],"card_choices":[{"not_picked":["Twin Strike","Anger","Warcry"],"picked":"SKIP","floor":1.0},{"not_picked":["Thunderclap","Warcry","Bloodletting"],"picked":"SKIP","floor":8.0},{"not_picked":["Clash","Berserk","Pommel Strike"],"picked":"SKIP","floor":10.0},{"not_picked":["Rage","Thunderclap"],"picked":"Body Slam","floor":13.0},{"not_picked":["Flex","Spot Weakness","Dual Wield+1"],"picked":"SKIP","floor":18.0},{"not_picked":["Twin Strike","Feel No Pain"],"picked":"Barricade","floor":21.0},{"not_picked":["Clothesline","Armaments+1","Perfected Strike"],"picked":"SKIP","floor":24.0},{"not_picked":["Sword Boomerang","Thunderclap"],"picked":"Ghostly Armor+1","floor":25.0},{"not_picked":["Cleave","Flame Barrier+1","Thunderclap"],"picked":"SKIP","floor":27.0},{"not_picked":["Fiend Fire","Whirlwind","Warcry+1"],"picked":"SKIP","floor":28.0},{"not_picked":["Thunderclap","Whirlwind","Clothesline"],"picked":"Singing Bowl","floor":31.0},{"not_picked":["Juggernaut","Limit Break+1"],"picked":"Impervious+1","floor":33.0},{"not_picked":["Sword Boomerang+1","Bloodletting+1","Uppercut+1"],"picked":"Singing Bowl","floor":35.0},{"not_picked":["Clash+1","Sever Soul","Dark Embrace"],"picked":"Singing Bowl","floor":38.0},{"not_picked":["Pommel Strike","Pummel","Flex+1"],"picked":"Singing Bowl","floor":39.0},{"not_picked":["Iron Wave+1","Uppercut+1"],"picked":"Entrench+1","floor":40.0},{"not_picked":["Carnage+1","Dual Wield+1","Perfected Strike+1"],"picked":"Singing Bowl","floor":42.0},{"not_picked":["Fire Breathing","Feed+1","Entrench+1"],"picked":"Singing Bowl","floor":44.0},{"not_picked":["Dark Shackles+1","Panacea+1"],"picked":"Madness+1","floor":45.0},{"not_picked":["Entrench+1","Metallicize+1","Reckless Charge+1"],"picked":"Singing Bowl","floor":48.0},{"not_picked":["Thunderclap+1","Flex+1","Clothesline+1"],"picked":"Singing Bowl","floor":55}],"player_experience":777402,"relics_obtained":[{"floor":9.0,"key":"PreservedInsect"},{"floor":10.0,"key":"War Paint"},{"floor":13.0,"key":"Whetstone"},{"floor":21.0,"key":"Red Mask"},{"floor":25.0,"key":"Toxic Egg 2"},{"floor":26.0,"key":"Regal Pillow"},{"floor":28.0,"key":"Akabeko"},{"floor":31.0,"key":"Singing Bowl"},{"floor":38.0,"key":"Mango"},{"floor":39.0,"key":"CatCart"},{"floor":40.0,"key":"Molten Egg 2"},{"floor":42.0,"key":"Happy Flower"},{"floor":44.0,"key":"Blood Vial"},{"floor":47.0,"key":"MealTicket"},{"floor":48.0,"key":"Calipers"},{"floor":55,"key":"Incense Burner"}],"event_choices":[{"damage_healed":0.0,"max_hp_gain":0.0,"max_hp_loss":0.0,"gold_gain":0.0,"event_name":"Shining Light","player_choice":"Entered Light","floor":3.0,"gold_loss":0.0,"damage_taken":23.0,"cards_upgraded":["Power Through","Bloodletting"]},{"damage_healed":0.0,"max_hp_gain":0.0,"max_hp_loss":0.0,"gold_gain":75.0,"event_name":"World of Goop","player_choice":"Gather Gold","floor":4.0,"gold_loss":0.0,"damage_taken":11.0},{"cards_removed":["True Grit"],"damage_healed":5.0,"max_hp_gain":0.0,"max_hp_loss":0.0,"gold_gain":0.0,"event_name":"Bonfire Elementals","player_choice":"Offered Common","floor":5.0,"gold_loss":0.0,"damage_taken":0.0},{"cards_removed":["True Grit"],"damage_healed":5.0,"max_hp_gain":0.0,"max_hp_loss":0.0,"gold_gain":0.0,"event_name":"Bonfire Elementals","player_choice":"Offered Special","floor":5.0,"gold_loss":0.0,"damage_taken":0.0},{"damage_healed":16.0,"max_hp_gain":0.0,"max_hp_loss":0.0,"gold_gain":0.0,"event_name":"The Library","player_choice":"Heal","floor":20.0,"gold_loss":0.0,"damage_taken":0.0},{"damage_healed":0.0,"max_hp_gain":0.0,"max_hp_loss":0.0,"gold_gain":0.0,"event_name":"Masked Bandits","player_choice":"Fought Bandits","floor":21.0,"gold_loss":0.0,"damage_taken":0.0},{"damage_healed":0.0,"max_hp_gain":0.0,"max_hp_loss":0.0,"gold_gain":0.0,"event_name":"Lab","player_choice":"Got Potions","floor":22.0,"gold_loss":0.0,"damage_taken":0.0},{"damage_healed":0.0,"max_hp_gain":0.0,"max_hp_loss":0.0,"gold_gain":0.0,"event_name":"Winding Halls","player_choice":"Embrace Madness","floor":36.0,"gold_loss":0.0,"damage_taken":15.0,"cards_obtained":["Madness","Madness"]},{"damage_healed":0.0,"max_hp_gain":0.0,"max_hp_loss":0.0,"gold_gain":0.0,"event_name":"MindBloom","player_choice":"Fight","floor":38.0,"gold_loss":0.0,"damage_taken":0.0},{"damage_healed":0.0,"max_hp_gain":0.0,"max_hp_loss":0.0,"gold_gain":0.0,"event_name":"OrinTheCat","player_choice":"Fight","floor":39.0,"gold_loss":0.0,"damage_taken":0.0},{"damage_healed":0.0,"max_hp_gain":0.0,"max_hp_loss":0.0,"gold_gain":0.0,"event_name":"SensoryStone","player_choice":"Memory 1","floor":45.0,"gold_loss":0.0,"damage_taken":0.0}],"is_beta":false,"boss_relics":[{"not_picked":["Runic Dome","Runic Pyramid"],"picked":"Tiny House"},{"not_picked":["Sozu","Calling Bell"],"picked":"Philosopher\u0027s Stone"}],"items_purged_floors":[14,37,37,37,37,37,37,37,37],"is_endless":false,"potions_floor_spawned":[10,13,16,21,31,38,39,40],"ascension_level":20}}