{"host":"yaxsefyig1et0yi2","time":1609771997,"event":{"mods":["Aspiration","BaseMod","BetterRewards","Colored Powertips","Conspire","Displayed Cursed Tome","Downfall","Halation","Hubris","Infinite Spire","JesterMod","Minty Spire (QoL Compilation)","Quick Restart","RatMod","Replay The Spire","Reworked Bosses","Spikes Relics","StSLib","The Jungle"],"gold_per_floor":[116,116,128,148,25,25,41,41,41,41,41,6,33,33,33,145,145,183,183,27,27,63,67,67],"floor_reached":23,"playtime":1331,"items_purged":[],"score":187,"play_id":"2f49eade-8dc9-44e4-beab-a27ab39e7ec7","local_time":"20210104095317","is_ascension_mode":false,"campfire_choices":[{"data":"jesterMod:Tinker","floor":6.0,"key":"SMITH"},{"data":"jesterMod:Schizophrenia","floor":10,"key":"SMITH"},{"data":"jesterMod:DaggerRain","floor":15,"key":"SMITH"}],"circlet_count":0,"master_deck":["jesterMod:Strike","jesterMod:Strike","jesterMod:Strike","jesterMod:Strike","jesterMod:Sickle","jesterMod:Defend","jesterMod:Defend","jesterMod:Defend","jesterMod:Defend","jesterMod:Dodge","jesterMod:ButterKnife","jesterMod:Discretion","jesterMod:Tinker+1","jesterMod:Schizophrenia+1","jesterMod:ButterKnife","jesterMod:Exasperation","jesterMod:DaggerRain+1","jesterMod:Juggler","jesterMod:RecklessStrike","jesterMod:TrickyDodge"],"relics":["jesterMod:JesterCap","Mercury Hourglass","hubris:Icosahedron","Replay:Bandana","hubris:BlackHole","hubris:Towel","Regal Pillow"],"acts_visited":["Exordium","TheCity"],"potions_floor_usage":[],"damage_taken":[{"damage":4.0,"enemies":"Jaw Worm","floor":1.0,"turns":5.0},{"damage":0.0,"enemies":"conspire:RoseBush","floor":3.0,"turns":4.0},{"damage":0.0,"enemies":"Cultist","floor":4.0,"turns":5.0},{"damage":10,"enemies":"Red Slaver","floor":7,"turns":5},{"damage":27,"enemies":"Gremlin Nob","floor":13,"turns":4},{"damage":35,"enemies":"Slime Boss","floor":16,"turns":9},{"damage":48,"enemies":"conspire:FuzzyDice","floor":18,"turns":7},{"damage":15,"enemies":"2 Thieves","floor":22,"turns":3},{"damage":14,"enemies":"Shelled Parasite and Fungi","floor":23,"turns":1}],"seed_played":"1336581458941636093","potions_obtained":[{"floor":3.0,"key":"SteroidPotion"},{"floor":7,"key":"Elixir"},{"floor":13,"key":"BlessingOfTheForge"},{"floor":18,"key":"Strength Potion"}],"is_trial":false,"path_per_floor":["M","?","M","M","$","R","M","$","T","R","?","?","E","?","R","B",null,"M","?","$","?","M","M"],"character_chosen":"THE_JESTER","items_purchased":["jesterMod:Schizophrenia","jesterMod:ButterKnife","Regal Pillow"],"campfire_rested":0,"item_purchase_floors":[5,5,20],"current_hp_per_floor":[73,73,73,73,73,73,63,63,63,63,63,77,50,50,50,15,77,29,29,29,29,14,0,0],"gold":67,"neow_bonus":"TEN_PERCENT_HP_BONUS","is_daily":false,"chose_seed":false,"campfire_upgraded":3,"win_rate":0.0,"timestamp":1609771997,"path_taken":["M","?","M","?","?","R","M","$","T","R","?","?","E","?","R","BOSS","M","?","$","?","M","M"],"items_purchased_type":["Card","Card","Relic"],"build_version":"2020-12-22","purchased_purges":0,"victory":false,"max_hp_per_floor":[77,77,77,77,77,77,77,77,77,77,77,77,77,77,77,77,77,77,77,77,77,77,77,77],"card_choices":[{"not_picked":["jesterMod:Tinker","jesterMod:Haste"],"picked":"jesterMod:ButterKnife","floor":1.0},{"not_picked":["jesterMod:Twirl","jesterMod:Procrastination"],"picked":"jesterMod:Discretion","floor":3.0},{"not_picked":["jesterMod:Dilapidation","jesterMod:Anticipation"],"picked":"jesterMod:Tinker","floor":4.0},{"not_picked":["jesterMod:SelfMockery","jesterMod:Feint"],"picked":"jesterMod:Exasperation","floor":7},{"not_picked":["jesterMod:Inspiration","jesterMod:Arrythmia"],"picked":"jesterMod:DaggerRain","floor":13},{"not_picked":["jesterMod:Squander","jesterMod:Juggle"],"picked":"jesterMod:Juggler","floor":16},{"not_picked":["jesterMod:DancingMad+1","jesterMod:Anticipation"],"picked":"jesterMod:RecklessStrike","floor":18},{"not_picked":["jesterMod:Taunt","jesterMod:Dilapidation"],"picked":"jesterMod:TrickyDodge","floor":22}],"player_experience":231672,"relics_obtained":[{"floor":9,"key":"Mercury Hourglass"},{"floor":13,"key":"Replay:Bandana"}],"event_choices":[{"damage_healed":0.0,"max_hp_gain":0.0,"max_hp_loss":0.0,"gold_gain":0.0,"event_name":"The Woman in Blue","player_choice":"Bought 0 Potions","floor":2.0,"gold_loss":0.0,"damage_taken":0.0},{"damage_healed":19,"gold_gain":0,"player_choice":"Healed","damage_taken":0,"max_hp_gain":0,"max_hp_loss":0,"event_name":"The Cleric","floor":12,"gold_loss":35},{"damage_healed":0,"gold_gain":0,"player_choice":"0 cards matched","damage_taken":0,"max_hp_gain":0,"max_hp_loss":0,"event_name":"Match and Keep!","floor":14,"gold_loss":0,"cards_obtained":[]}],"is_beta":false,"boss_relics":[{"not_picked":["Busted Crown","Tiny House"],"picked":"hubris:BlackHole"}],"items_purged_floors":[],"is_endless":false,"potions_floor_spawned":[3,7,13,18],"killed_by":"Shelled Parasite and Fungi","ascension_level":0}}