{"host":"eydwxg59205c3vtl","time":1609789378,"event":{"mods":["2.2 Compatiblity","BaseMod","Colored Map","Colored Powertips","Hubris","Minty Spire (QoL Compilation)","StSLib","The Jungle","The Necromancer"],"gold_per_floor":[315,20,35,35,52,52,52,52,52,52,86,86,113,175,175,175,175],"floor_reached":16,"playtime":402,"items_purged":[],"score":210,"play_id":"08aca5cf-b64a-4c75-8237-8cc3180b85dd","local_time":"20210104144258","is_ascension_mode":true,"campfire_choices":[{"data":"Crippling Poison","floor":6,"key":"SMITH"},{"data":"Dagger Spray","floor":8,"key":"SMITH"},{"data":"Neutralize","floor":10,"key":"SMITH"},{"floor":15,"key":"REST"}],"circlet_count":0,"master_deck":["AscendersBane","Strike_G","Strike_G","Strike_G","Strike_G","Defend_G","Defend_G","Defend_G","Defend_G","Defend_G","Survivor","Neutralize+1","Dagger Throw","Crippling Poison+1","Dagger Spray+1","Flying Knee","Regret"],"relics":["Ring of the Snake","Old Coin","The Specimen","hubris:SphereOfDissonance","hubris:TenFootPole","Regal Pillow","Centennial Puzzle","Tiny Chest"],"acts_visited":["Exordium"],"potions_floor_usage":[11,14,14],"damage_taken":[{"damage":4,"enemies":"Cultist","floor":1,"turns":4},{"damage":0,"enemies":"Small Slimes","floor":3,"turns":4},{"damage":2,"enemies":"2 Louse","floor":5,"turns":3},{"damage":15,"enemies":"Lagavulin","floor":11,"turns":5},{"damage":5,"enemies":"Gremlin Nob","floor":13,"turns":3},{"damage":16,"enemies":"Lagavulin Event","floor":14,"turns":5},{"damage":61,"enemies":"Slime Boss","floor":16,"turns":12}],"seed_played":"-6399944466495124758","potions_obtained":[{"floor":1,"key":"FearPotion"},{"floor":3,"key":"Poison Potion"},{"floor":13,"key":"GhostInAJar"}],"is_trial":false,"path_per_floor":["M","$","M","$","M","R","?","R","T","R","E","?","E","?","R","B"],"character_chosen":"THE_SILENT","items_purchased":["The Specimen"],"campfire_rested":1,"item_purchase_floors":[2],"current_hp_per_floor":[59,59,59,59,57,57,50,50,50,50,35,35,30,14,50,0,0],"gold":175,"neow_bonus":"ONE_RARE_RELIC","is_daily":false,"chose_seed":false,"campfire_upgraded":3,"win_rate":0.0,"timestamp":1609789378,"path_taken":["M","$","M","?","M","R","?","R","T","R","E","?","E","?","R","BOSS"],"items_purchased_type":["Relic"],"build_version":"2020-12-22","purchased_purges":0,"victory":false,"max_hp_per_floor":[70,70,70,70,70,70,70,70,70,70,70,70,70,70,70,70,70],"card_choices":[{"not_picked":["Distraction","hubris:SlightOfHand"],"picked":"Dagger Throw","floor":1},{"not_picked":["Accuracy","Sucker Punch"],"picked":"Crippling Poison","floor":3},{"not_picked":["Cloak And Dagger","hubris:SlightOfHand"],"picked":"Dagger Spray","floor":5},{"not_picked":["Eviscerate","Infinite Blades"],"picked":"Flying Knee","floor":11},{"not_picked":["All Out Attack","Caltrops","Wraith Form v2"],"picked":"SKIP","floor":13}],"player_experience":582072,"relics_obtained":[{"floor":9,"key":"hubris:SphereOfDissonance"},{"floor":11,"key":"hubris:TenFootPole"},{"floor":13,"key":"Centennial Puzzle"}],"event_choices":[{"cards_removed":["Strike_G"],"damage_healed":0,"gold_gain":0,"player_choice":"Card Removal","damage_taken":7,"max_hp_gain":0,"max_hp_loss":0,"event_name":"Golden Wing","floor":7,"gold_loss":0},{"damage_healed":0,"gold_gain":0,"player_choice":"Box","damage_taken":0,"relics_obtained":["Regal Pillow"],"max_hp_gain":0,"max_hp_loss":0,"event_name":"Big Fish","floor":12,"gold_loss":0,"cards_obtained":["Regret"]},{"damage_healed":0,"gold_gain":30,"player_choice":"Searched \u00273\u0027 times","damage_taken":0,"relics_obtained":["Tiny Chest"],"max_hp_gain":0,"max_hp_loss":0,"event_name":"Dead Adventurer","floor":14,"gold_loss":0}],"is_beta":false,"boss_relics":[],"items_purged_floors":[],"is_endless":false,"potions_floor_spawned":[1,3,13],"killed_by":"Slime Boss","ascension_level":12}}