{"host":"2461dio7vetlq1z3","time":1609776038,"event":{"mods":["2.2 Compatiblity","AchievementEnabler","Aspiration","BaseMod","Better Third Choice","Friendly Minions","Minty Spire (QoL Compilation)","Relic Stats","Spicy Shops","StSLib","Waifu the Spire"],"gold_per_floor":[111,111,111,111,124,157,157,19,64,95,112,112,130,149,149,224,224,238,254,64,84,104,104,137,137],"floor_reached":24,"playtime":858,"items_purged":["Injury","Reprogram"],"score":506,"play_id":"c1733e82-7fea-4f7b-b179-670655ad7618","local_time":"20210104170038","is_ascension_mode":true,"campfire_choices":[{"floor":7,"key":"REST"},{"floor":12,"key":"REST"},{"data":"Machine Learning","floor":15,"key":"SMITH"},{"floor":23,"key":"REST"}],"circlet_count":0,"master_deck":["AscendersBane","Zap+1","Dualcast","Reinforced Body+1","Hologram","Barrage+1","Rip and Tear+1","Doom and Gloom+1","Ball Lightning+1","Rebound+1","Machine Learning+1","Electrodynamics","Reboot","Recycle","Beam Cell+1","Seek","BootSequence","Gash+1","Loop","Steam","Auto Shields","Genetic Algorithm","Hologram+1"],"relics":["Cracked Core","NeowsBlessing","Molten Egg 2","Shuriken","Potion Belt","Strawberry","Pandora\u0027s Box","MawBank"],"acts_visited":["Exordium","TheCity"],"potions_floor_usage":[10,21,24],"damage_taken":[{"damage":0,"enemies":"2 Louse","floor":1,"turns":1},{"damage":0,"enemies":"Jaw Worm","floor":5,"turns":1},{"damage":0,"enemies":"Gremlin Nob","floor":6,"turns":1},{"damage":36,"enemies":"3 Sentries","floor":10,"turns":6},{"damage":0,"enemies":"Small Slimes","floor":11,"turns":3},{"damage":0,"enemies":"Gremlin Gang","floor":13,"turns":2},{"damage":1,"enemies":"2 Fungi Beasts","floor":14,"turns":2},{"damage":42,"enemies":"The Guardian","floor":16,"turns":7},{"damage":0,"enemies":"Chosen","floor":18,"turns":3},{"damage":16,"enemies":"2 Thieves","floor":19,"turns":3},{"damage":9,"enemies":"Snake Plant","floor":21,"turns":3},{"damage":13,"enemies":"3 Cultists","floor":22,"turns":4},{"damage":34,"enemies":"Slavers","floor":24,"turns":3}],"seed_played":"4263541121379398698","potions_obtained":[{"floor":5,"key":"Dexterity Potion"},{"floor":6,"key":"Ancient Potion"},{"floor":10,"key":"CultistPotion"},{"floor":14,"key":"FocusPotion"},{"floor":18,"key":"GamblersBrew"},{"floor":22,"key":"BlessingOfTheForge"}],"is_trial":false,"path_per_floor":["M","?","?","?","M","E","R","$","T","E","M","R","M","M","R","B",null,"M","M","$","M","M","R","E"],"character_chosen":"DEFECT","items_purchased":["Rip and Tear+1","Auto Shields"],"campfire_rested":3,"item_purchase_floors":[8,20],"current_hp_per_floor":[64,43,36,36,36,36,57,57,57,28,28,51,51,50,50,8,61,61,45,45,36,23,46,12,12],"gold":137,"neow_bonus":"THREE_ENEMY_KILL","is_daily":false,"chose_seed":false,"campfire_upgraded":1,"win_rate":0.0,"timestamp":1609776038,"path_taken":["M","?","?","?","?","E","R","$","T","E","M","R","M","M","R","BOSS","M","M","$","M","M","R","E"],"items_purchased_type":["Card","Card"],"build_version":"2020-12-22","purchased_purges":2,"victory":false,"max_hp_per_floor":[71,71,71,71,71,71,71,71,71,78,78,78,78,78,78,78,78,78,78,78,78,78,78,78,78],"relic_stats":{"counters":[13,39],"Shuriken":[5],"Pandora\u0027s Box":["Reboot","Recycle","Beam Cell","Seek","Reprogram","BootSequence","Gash"],"MawBank":0,"obtain_stats":[{"Potion Belt":9,"NeowsBlessing":0,"Shuriken":6,"Strawberry":10,"Molten Egg 2":4,"Pandora\u0027s Box":17,"Cracked Core":0,"MawBank":24},{"Potion Belt":3,"NeowsBlessing":0,"Shuriken":3,"Strawberry":4,"Molten Egg 2":1,"Pandora\u0027s Box":8,"Cracked Core":0,"MawBank":13},{"Potion Belt":3,"NeowsBlessing":0,"Shuriken":3,"Strawberry":9,"Molten Egg 2":1,"Pandora\u0027s Box":23,"Cracked Core":0,"MawBank":39}]},"card_choices":[{"not_picked":["Streamline","Rebound"],"picked":"Reinforced Body","floor":1},{"not_picked":["Steam","Conserve Battery"],"picked":"Hologram","floor":5},{"not_picked":["Go for the Eyes+1","Redo"],"picked":"Barrage+1","floor":6},{"not_picked":["Gash+1","Redo"],"picked":"Doom and Gloom+1","floor":10},{"not_picked":["Fusion","Tempest"],"picked":"Ball Lightning+1","floor":11},{"not_picked":["Sweeping Beam+1","Blizzard+1"],"picked":"Rebound+1","floor":13},{"not_picked":["Barrage+1","Conserve Battery"],"picked":"Machine Learning","floor":14},{"not_picked":["Amplify","Buffer"],"picked":"Electrodynamics","floor":16},{"not_picked":["Darkness+1","Go for the Eyes+1"],"picked":"Loop","floor":18},{"not_picked":["Sunder+1","Stack"],"picked":"Steam","floor":19},{"not_picked":["Chill","Hologram"],"picked":"Genetic Algorithm","floor":21},{"not_picked":["Steam","Streamline+1"],"picked":"Hologram+1","floor":22},{"not_picked":["Scrape+1","Multi-Cast","Turbo+1"],"picked":"SKIP","floor":24}],"player_experience":1047707,"relics_obtained":[{"floor":6,"key":"Shuriken"},{"floor":9,"key":"Potion Belt"},{"floor":10,"key":"Strawberry"},{"floor":24,"key":"MawBank"}],"event_choices":[{"damage_healed":64,"gold_gain":0,"player_choice":"Upgrade","damage_taken":21,"max_hp_gain":0,"max_hp_loss":71,"event_name":"betterThird:BetterShining","floor":2,"gold_loss":0,"cards_upgraded":["Reinforced Body","Zap"]},{"cards_removed":["Defend_B"],"damage_healed":0,"gold_gain":0,"player_choice":"Card Removal","damage_taken":7,"max_hp_gain":0,"max_hp_loss":0,"event_name":"Golden Wing","floor":3,"gold_loss":0}],"is_beta":false,"boss_relics":[{"not_picked":["aspiration:SilentSkillbook","SacredBark"],"picked":"Pandora\u0027s Box"}],"items_purged_floors":[8,20],"is_endless":false,"potions_floor_spawned":[5,6,10,14,18,22],"killed_by":"Slavers","ascension_level":20}}