{"host":"dh8vptmequbrae31","time":1609727408,"event":{"mods":["2.2 Compatiblity","AchievementEnabler","BaseMod","Colored Map","Evolution","Minty Spire (QoL Compilation)","Td1madao Mod"],"gold_per_floor":[110,110,123,123,147,183,133,172,172,172,188,208,183,208,208,331,331,347,387,387,403,502,502,543,543,569,584,12,12,43,168,168,298,298,313,58,58,71,96,96,140,140,218,282,318,318,540,575,575,575,575,575,219,262,262,262],"floor_reached":55,"playtime":7585,"items_purged":["Prepared"],"score":993,"play_id":"87d61f0e-6def-4278-b265-d693793df29b","local_time":"20210103213008","is_ascension_mode":true,"campfire_choices":[{"floor":10,"key":"REST"},{"floor":15,"key":"REST"},{"floor":23,"key":"REST"},{"floor":25,"key":"REST"},{"floor":32,"key":"REST"},{"floor":40,"key":"RECALL"},{"data":"Doppelganger","floor":42,"key":"SMITH"},{"data":"Leg Sweep","floor":49,"key":"SMITH"},{"data":"Bouncing Flask","floor":52,"key":"SMITH"}],"circlet_count":0,"master_deck":["Survivor","Underhanded Strike+1","Doppelganger+1","Night Terror","Burst","Footwork+1","Poisoned Stab+1","Bouncing Flask+1","Bouncing Flask","Envenom+1","Night Terror","Acrobatics","Underhanded Strike","Leg Sweep+1","Apotheosis","Tools of the Trade+1","Bullet Time","Choke+1","Reflex+1","Writhe"],"relics":["EVO:Axolotl","Snecko Eye","Golden Idol","PreservedInsect","Frozen Egg 2","Pen Nib","Pandora\u0027s Box","Red Mask","Strawberry","TwistedFunnel","Whetstone","Blood Vial","Tingsha","White Beast Statue","SlaversCollar","Bottled Lightning","Orichalcum","Paper Crane","Du-Vu Doll","Bronze Scales","Oddly Smooth Stone","Happy Flower","Lee\u0027s Waffle","Vajra"],"acts_visited":["Exordium","TheCity","TheBeyond","TheEnding"],"potions_floor_usage":[6,8,16,16,16,33,39,44,44,48,50,50,54,55],"damage_taken":[{"damage":3,"enemies":"Small Slimes","floor":1,"turns":5},{"damage":0,"enemies":"2 Louse","floor":3,"turns":2},{"damage":0,"enemies":"Jaw Worm","floor":5,"turns":3},{"damage":13,"enemies":"3 Sentries","floor":6,"turns":10},{"damage":0,"enemies":"Lagavulin","floor":8,"turns":5},{"damage":4,"enemies":"Blue Slaver","floor":11,"turns":5},{"damage":2,"enemies":"3 Louse","floor":12,"turns":4},{"damage":4,"enemies":"2 Fungi Beasts","floor":14,"turns":4},{"damage":41,"enemies":"Hexaghost","floor":16,"turns":11},{"damage":43,"enemies":"3 Byrds","floor":18,"turns":4},{"damage":26,"enemies":"Masked Bandits","floor":19,"turns":4},{"damage":14,"enemies":"2 Thieves","floor":21,"turns":4},{"damage":16,"enemies":"Book of Stabbing","floor":24,"turns":3},{"damage":0,"enemies":"Snecko","floor":27,"turns":4},{"damage":3,"enemies":"Gremlin Leader","floor":30,"turns":4},{"damage":18,"enemies":"Colosseum Slavers","floor":31,"turns":2},{"damage":0,"enemies":"Colosseum Nobs","floor":31,"turns":2},{"damage":1,"enemies":"Automaton","floor":33,"turns":5},{"damage":16,"enemies":"3 Shapes","floor":35,"turns":3},{"damage":11,"enemies":"3 Darklings","floor":38,"turns":5},{"damage":0,"enemies":"Transient","floor":39,"turns":5},{"damage":12,"enemies":"Reptomancer","floor":41,"turns":3},{"damage":27,"enemies":"2 Orb Walkers","floor":44,"turns":4},{"damage":0,"enemies":"Giant Head","floor":45,"turns":4},{"damage":0,"enemies":"Reptomancer","floor":48,"turns":2},{"damage":23,"enemies":"Awakened One","floor":50,"turns":6},{"damage":21,"enemies":"Shield and Spear","floor":54,"turns":4},{"damage":75,"enemies":"The Heart","floor":55,"turns":6}],"seed_played":"-5861733034851130728","potions_obtained":[{"floor":3,"key":"Dexterity Potion"},{"floor":6,"key":"DistilledChaos"},{"floor":8,"key":"PowerPotion"},{"floor":12,"key":"Weak Potion"},{"floor":14,"key":"FearPotion"},{"floor":19,"key":"FairyPotion"},{"floor":27,"key":"Strength Potion"},{"floor":33,"key":"AttackPotion"},{"floor":35,"key":"Dexterity Potion"},{"floor":38,"key":"Regen Potion"},{"floor":39,"key":"Dexterity Potion"},{"floor":44,"key":"Dexterity Potion"},{"floor":45,"key":"LiquidMemories"},{"floor":48,"key":"Weak Potion"},{"floor":54,"key":"Fruit Juice"}],"is_trial":false,"path_per_floor":["M","?","M","?","M","E","?","E","T","R","M","M","?","M","R","B",null,"M","?","?","M","?","R","E","R","T","M","$","?","E","?","R","B",null,"M","$","?","M","M","R","E","R","T","?","E","?","?","E","R","B",null,"R","$","E","B"],"character_chosen":"THE_SILENT","items_purchased":["Apotheosis","TwistedFunnel","Whetstone","Bottled Lightning","Happy Flower","Lee\u0027s Waffle","Block Potion"],"campfire_rested":5,"item_purchase_floors":[28,28,28,36,53,53,53],"current_hp_per_floor":[67,50,50,55,55,42,42,42,42,64,60,58,58,54,75,34,75,32,6,6,15,15,37,28,52,52,52,52,52,49,35,59,60,82,66,66,82,71,82,82,70,70,70,45,47,68,68,70,70,49,82,82,89,73,0,0],"gold":262,"neow_bonus":"BOSS_RELIC","is_daily":false,"chose_seed":false,"campfire_upgraded":3,"win_rate":0.0,"timestamp":1609727408,"path_taken":["M","?","M","?","M","E","?","E","T","R","M","?","?","M","R","BOSS","M","?","?","M","?","R","E","R","T","?","$","?","E","?","R","BOSS","M","$","?","M","?","R","E","R","T","?","E","?","?","E","R","BOSS","R","$","E","BOSS"],"items_purchased_type":["Card","Relic","Relic","Relic","Relic","Relic","Potion"],"build_version":"2020-12-22","purchased_purges":1,"victory":false,"max_hp_per_floor":[70,70,70,75,75,75,75,75,75,75,75,75,75,75,75,75,75,75,75,75,75,75,75,82,82,82,82,82,82,82,82,82,82,82,82,82,82,82,82,82,82,82,82,82,82,82,82,82,82,82,82,82,89,94,94,94],"card_choices":[{"not_picked":["Quick Slash","Catalyst"],"picked":"Underhanded Strike","floor":1},{"not_picked":["Catalyst","Masterful Stab","Flying Knee"],"picked":"SKIP","floor":3},{"not_picked":["Underhanded Strike","Bouncing Flask","Poisoned Stab"],"picked":"SKIP","floor":5},{"not_picked":["Sucker Punch","Well Laid Plans","Infinite Blades"],"picked":"SKIP","floor":6},{"not_picked":["Slice","Distraction","Venomology"],"picked":"SKIP","floor":8},{"not_picked":["Slice","Dodge and Roll","Tactician"],"picked":"SKIP","floor":11},{"not_picked":["Bane","Prepared","Slice"],"picked":"SKIP","floor":12},{"not_picked":["Flying Knee","Backflip","Well Laid Plans+1"],"picked":"SKIP","floor":14},{"not_picked":["Burst","Storm of Steel"],"picked":"Doppelganger","floor":16},{"not_picked":["Dagger Spray","Slice","Cloak And Dagger"],"picked":"SKIP","floor":18},{"not_picked":["Accuracy+1","Sucker Punch"],"picked":"Underhanded Strike","floor":21},{"not_picked":["Backflip","Quick Slash+1"],"picked":"Leg Sweep","floor":24},{"not_picked":["Bane","Dodge and Roll+1","Backflip"],"picked":"SKIP","floor":27},{"not_picked":["Slice","Noxious Fumes+1"],"picked":"Tools of the Trade+1","floor":30},{"not_picked":["Envenom+1","Glass Knife"],"picked":"Bullet Time","floor":33},{"not_picked":["Bane","Deadly Poison+1","Acrobatics"],"picked":"SKIP","floor":35},{"not_picked":["Endless Agony+1","Outmaneuver+1"],"picked":"Choke+1","floor":38},{"not_picked":["Blade Dance","Outmaneuver+1","Flying Knee"],"picked":"SKIP","floor":39},{"not_picked":["Flechettes","Night Terror"],"picked":"Reflex+1","floor":41},{"not_picked":["Blur+1","All Out Attack","Leg Sweep"],"picked":"SKIP","floor":45},{"not_picked":["Flying Knee","Predator","Bane+1"],"picked":"SKIP","floor":48},{"not_picked":["Adrenaline","Underhanded Strike+1","Backstab"],"picked":"SKIP","floor":54}],"player_experience":186553,"relics_obtained":[{"floor":6,"key":"PreservedInsect"},{"floor":8,"key":"Frozen Egg 2"},{"floor":9,"key":"Pen Nib"},{"floor":19,"key":"Red Mask"},{"floor":24,"key":"Strawberry"},{"floor":30,"key":"Blood Vial"},{"floor":31,"key":"Tingsha"},{"floor":31,"key":"White Beast Statue"},{"floor":41,"key":"Orichalcum"},{"floor":43,"key":"Paper Crane"},{"floor":44,"key":"Du-Vu Doll"},{"floor":45,"key":"Bronze Scales"},{"floor":48,"key":"Oddly Smooth Stone"},{"floor":54,"key":"Vajra"}],"event_choices":[{"damage_healed":0,"gold_gain":0,"player_choice":"Take Damage","damage_taken":17,"relics_obtained":["Golden Idol"],"max_hp_gain":0,"max_hp_loss":0,"event_name":"Golden Idol","floor":2,"gold_loss":0},{"damage_healed":0,"gold_gain":0,"player_choice":"Donut","damage_taken":0,"max_hp_gain":5,"max_hp_loss":0,"event_name":"Big Fish","floor":4,"gold_loss":0},{"cards_removed":["Neutralize"],"damage_healed":0,"gold_gain":0,"player_choice":"Card Removal","damage_taken":0,"max_hp_gain":0,"max_hp_loss":0,"event_name":"The Cleric","floor":7,"gold_loss":50},{"damage_healed":0,"gold_gain":0,"player_choice":"Left Gold","damage_taken":0,"max_hp_gain":0,"max_hp_loss":0,"event_name":"World of Goop","floor":13,"gold_loss":25},{"damage_healed":0,"gold_gain":0,"player_choice":"Fought Bandits","damage_taken":0,"max_hp_gain":0,"max_hp_loss":0,"event_name":"Masked Bandits","floor":19,"gold_loss":0},{"damage_healed":0,"gold_gain":0,"player_choice":"Ignored","damage_taken":0,"max_hp_gain":0,"max_hp_loss":0,"event_name":"Ghosts","floor":20,"gold_loss":0},{"damage_healed":0,"gold_gain":99,"player_choice":"Stole From Cult","damage_taken":0,"max_hp_gain":0,"max_hp_loss":0,"event_name":"Nest","floor":22,"gold_loss":0},{"damage_healed":0,"gold_gain":0,"player_choice":"Simplicity","damage_taken":0,"max_hp_gain":0,"max_hp_loss":0,"event_name":"Back to Basics","floor":29,"gold_loss":0,"cards_upgraded":[]},{"damage_healed":0,"gold_gain":0,"player_choice":"Fight","damage_taken":0,"max_hp_gain":0,"max_hp_loss":0,"event_name":"Colosseum","floor":31,"gold_loss":0},{"damage_healed":0,"gold_gain":0,"player_choice":"Fought Nobs","damage_taken":0,"max_hp_gain":0,"max_hp_loss":0,"event_name":"Colosseum","floor":31,"gold_loss":0},{"damage_healed":16,"gold_gain":0,"player_choice":"Full Heal","damage_taken":0,"max_hp_gain":0,"max_hp_loss":0,"event_name":"Wheel of Change","floor":37,"gold_loss":0},{"damage_healed":0,"gold_gain":0,"player_choice":"Fight","damage_taken":0,"max_hp_gain":0,"max_hp_loss":0,"event_name":"Mysterious Sphere","floor":44,"gold_loss":0},{"damage_healed":21,"gold_gain":0,"player_choice":"Writhe","damage_taken":0,"max_hp_gain":0,"max_hp_loss":0,"event_name":"Winding Halls","floor":46,"gold_loss":0,"cards_obtained":["Writhe"]},{"damage_healed":0,"gold_gain":222,"player_choice":"Wore Mask","damage_taken":0,"max_hp_gain":0,"max_hp_loss":0,"event_name":"Tomb of Lord Red Mask","floor":47,"gold_loss":0}],"is_beta":false,"boss_relics":[{"not_picked":["Fusion Hammer","Runic Pyramid"],"picked":"Pandora\u0027s Box"},{"not_picked":["Sozu","Calling Bell"],"picked":"SlaversCollar"}],"items_purged_floors":[28],"is_endless":false,"potions_floor_spawned":[3,6,8,12,14,19,27,33,35,38,39,41,44,45,48,54],"killed_by":"The Heart","ascension_level":1}}