{"host":"jegehu1t82aiec5j","time":1609788698,"event":{"mods":["BaseMod","Colored Map","Minty Spire (QoL Compilation)","Relic Stats","StSLib"],"gold_per_floor":[115,265,225,240,89,124,49,49,49,77,77,103,122,150,150,227,227,237,19,35,35,54,54,54,54,129,129,129,142,32,58,58,136,136,148,71,88,106,129,129,156,156,202,202,237,248,268,268,268,268,268],"floor_reached":50,"playtime":2154,"items_purged":["Doubt"],"score":1006,"play_id":"02436694-c273-476a-be6e-44bb5dcba48f","local_time":"20210104143138","is_ascension_mode":true,"campfire_choices":[{"data":"Ball Lightning","floor":8,"key":"SMITH"},{"data":"Hologram","floor":11,"key":"SMITH"},{"data":"Darkness","floor":15,"key":"SMITH"},{"floor":23,"key":"REST"},{"data":"Biased Cognition","floor":27,"key":"SMITH"},{"floor":32,"key":"REST"},{"data":"Electrodynamics","floor":40,"key":"SMITH"},{"data":"Sunder","floor":42,"key":"SMITH"},{"data":"Undo","floor":44,"key":"SMITH"},{"floor":49,"key":"REST"}],"circlet_count":0,"master_deck":["AscendersBane","Strike_B+1","Strike_B+1","Defend_B+1","Defend_B+1","Defend_B+1","Defend_B+1","Zap","Dualcast+1","Cold Snap+1","Compile Driver","Darkness+1","Ball Lightning+1","Hologram+1","Biased Cognition+1","Core Surge+1","Undo+1","Leap+1","Conserve Battery+1","Electrodynamics+1","Redo+1","Hologram+1","Meteor Strike","Sunder+1","Reinforced Body+1","Go for the Eyes"],"relics":["Cracked Core","WarpedTongs","Tiny Chest","Cables","Vajra","Whetstone","Torii","Philosopher\u0027s Stone","DataDisk","Pear","Mummified Hand","InkBottle","Snecko Eye","War Paint","Prayer Wheel","Omamori","Ancient Tea Set"],"acts_visited":["Exordium","TheCity","TheBeyond"],"potions_floor_usage":[10,16,18,31,33,35,45,50,50],"damage_taken":[{"damage":7.0,"enemies":"Jaw Worm","floor":1.0,"turns":3.0},{"damage":2.0,"enemies":"2 Louse","floor":4.0,"turns":2.0},{"damage":8,"enemies":"Lagavulin","floor":6,"turns":6},{"damage":5,"enemies":"3 Sentries","floor":10,"turns":5},{"damage":6,"enemies":"Gremlin Nob","floor":12,"turns":3},{"damage":0,"enemies":"Cultist","floor":13,"turns":2},{"damage":12,"enemies":"Lagavulin","floor":14,"turns":4},{"damage":3,"enemies":"Hexaghost","floor":16,"turns":7},{"damage":18,"enemies":"2 Thieves","floor":18,"turns":3},{"damage":11,"enemies":"3 Byrds","floor":20,"turns":4},{"damage":0,"enemies":"Snecko","floor":22,"turns":5},{"damage":0,"enemies":"Sentry and Sphere","floor":29,"turns":5},{"damage":14,"enemies":"Gremlin Leader","floor":31,"turns":4},{"damage":58,"enemies":"Collector","floor":33,"turns":9},{"damage":1,"enemies":"3 Darklings","floor":35,"turns":4},{"damage":8,"enemies":"Orb Walker","floor":37,"turns":2},{"damage":0,"enemies":"3 Darklings","floor":38,"turns":3},{"damage":2,"enemies":"Giant Head","floor":41,"turns":7},{"damage":31,"enemies":"Nemesis","floor":45,"turns":5},{"damage":0,"enemies":"Sphere and 2 Shapes","floor":46,"turns":2},{"damage":19,"enemies":"Spire Growth","floor":47,"turns":3},{"damage":75,"enemies":"Time Eater","floor":50,"turns":4}],"seed_played":"4698573115452230157","potions_obtained":[{"floor":3.0,"key":"EntropicBrew"},{"floor":3.0,"key":"Block Potion"},{"floor":10,"key":"Regen Potion"},{"floor":16,"key":"EssenceOfSteel"},{"floor":22,"key":"PotionOfCapacity"},{"floor":37,"key":"SkillPotion"},{"floor":46,"key":"Strength Potion"},{"floor":47,"key":"Regen Potion"}],"is_trial":false,"path_per_floor":["M","?","?","M","$","E","?","R","T","E","R","E","M","E","R","B",null,"M","$","M","$","M","R","?","?","T","R","T","M","?","E","R","B",null,"M","$","M","M","T","R","E","R","T","R","E","M","M","?","R","B"],"character_chosen":"DEFECT","items_purchased":["Darkness","DataDisk","Leap","Sunder"],"campfire_rested":3,"item_purchase_floors":[5,19,19,36],"current_hp_per_floor":[64,64,64,62,62,54,54,54,54,49,49,43,43,31,31,33,67,49,49,38,38,38,61,61,61,71,71,71,71,71,57,83,25,72,71,71,63,63,63,63,61,61,61,61,30,30,11,11,37,0,0],"gold":268,"neow_bonus":"TEN_PERCENT_HP_BONUS","is_daily":false,"chose_seed":false,"campfire_upgraded":7,"win_rate":0.0,"timestamp":1609788698,"path_taken":["M","?","?","?","$","E","?","R","T","E","R","E","M","E","R","BOSS","M","$","M","$","M","R","?","?","T","R","?","?","?","E","R","BOSS","M","?","M","M","?","R","E","R","T","R","E","?","M","?","R","BOSS"],"items_purchased_type":["Card","Relic","Card","Card"],"build_version":"2020-12-22","purchased_purges":1,"victory":false,"max_hp_per_floor":[78,78,78,78,78,78,78,78,78,78,78,78,78,78,78,78,78,78,78,78,78,78,78,78,78,88,88,88,88,88,88,88,88,88,88,88,88,88,88,88,88,88,88,88,88,88,88,88,88,88,88],"relic_stats":{"Torii":28,"counters":[22,92],"Mummified Hand":[32],"Snecko Eye":[51,62,64,52],"Tiny Chest":2,"Prayer Wheel":2,"Whetstone":["Cold Snap","Strike_B"],"War Paint":["Leap","Dualcast"],"obtain_stats":[{"Pear":26,"Torii":14,"Vajra":10,"Omamori":43,"Whetstone":12,"War Paint":39,"Ancient Tea Set":45,"WarpedTongs":0,"Cables":9,"DataDisk":19,"Mummified Hand":28,"Snecko Eye":34,"Tiny Chest":6,"Philosopher\u0027s Stone":17,"Prayer Wheel":41,"Cracked Core":0,"InkBottle":31},{"Pear":11,"Torii":7,"Vajra":4,"Omamori":18,"Whetstone":5,"War Paint":17,"Ancient Tea Set":19,"WarpedTongs":0,"Cables":3,"DataDisk":9,"Mummified Hand":11,"Snecko Eye":14,"Tiny Chest":3,"Philosopher\u0027s Stone":8,"Prayer Wheel":18,"Cracked Core":0,"InkBottle":13},{"Pear":44,"Torii":25,"Vajra":16,"Omamori":78,"Whetstone":19,"War Paint":71,"Ancient Tea Set":83,"WarpedTongs":0,"Cables":11,"DataDisk":35,"Mummified Hand":44,"Snecko Eye":62,"Tiny Chest":11,"Philosopher\u0027s Stone":32,"Prayer Wheel":78,"Cracked Core":0,"InkBottle":53}],"InkBottle":[19],"WarpedTongs":[80],"Cables":[66,36,13,9,8]},"card_choices":[{"not_picked":["Conserve Battery","Leap"],"picked":"Cold Snap","floor":1.0},{"not_picked":["Go for the Eyes","Reinforced Body"],"picked":"Compile Driver","floor":4.0},{"not_picked":["Beam Cell","Darkness"],"picked":"Ball Lightning","floor":6},{"not_picked":["Meteor Strike","Barrage"],"picked":"Hologram","floor":10},{"not_picked":["Turbo","Blizzard","Fusion"],"picked":"SKIP","floor":12},{"not_picked":["Aggregate","Gash","Turbo"],"picked":"SKIP","floor":13},{"not_picked":["Reinforced Body","Skim"],"picked":"Biased Cognition","floor":14},{"not_picked":["Multi-Cast","Thunder Strike"],"picked":"Core Surge","floor":16},{"not_picked":["Redo+1","Conserve Battery"],"picked":"Undo","floor":18},{"not_picked":["Steam","Redo"],"picked":"Conserve Battery+1","floor":20},{"not_picked":["Double Energy","Coolheaded"],"picked":"Electrodynamics","floor":22},{"not_picked":["Compile Driver","Blizzard"],"picked":"Redo+1","floor":29},{"not_picked":["Buffer","Compile Driver"],"picked":"Hologram+1","floor":31},{"not_picked":["Buffer","Fission"],"picked":"Meteor Strike","floor":33},{"not_picked":["Streamline","Leap+1","Cold Snap"],"picked":"SKIP","floor":35},{"not_picked":["Rebound","Barrage","FTL+1"],"picked":"SKIP","floor":37},{"not_picked":["Consume","Rebound","Turbo"],"picked":"SKIP","floor":38},{"not_picked":["Streamline","Rip and Tear","Genetic Algorithm"],"picked":"SKIP","floor":41},{"not_picked":["Redo+1","BootSequence+1","Gash"],"picked":"SKIP","floor":45},{"not_picked":["Hologram","Recycle","Chaos"],"picked":"SKIP","floor":46},{"not_picked":["Ball Lightning","Steam","Conserve Battery"],"picked":"SKIP","floor":46},{"not_picked":["Machine Learning","Conserve Battery"],"picked":"Reinforced Body+1","floor":47},{"not_picked":["Steam+1","Lockon"],"picked":"Go for the Eyes","floor":47}],"player_experience":2535466,"relics_obtained":[{"floor":6,"key":"Tiny Chest"},{"floor":9,"key":"Cables"},{"floor":10,"key":"Vajra"},{"floor":12,"key":"Whetstone"},{"floor":14,"key":"Torii"},{"floor":26,"key":"Pear"},{"floor":28,"key":"Mummified Hand"},{"floor":31,"key":"InkBottle"},{"floor":39,"key":"War Paint"},{"floor":41,"key":"Prayer Wheel"},{"floor":43,"key":"Omamori"},{"floor":45,"key":"Ancient Tea Set"}],"event_choices":[{"damage_healed":0.0,"max_hp_gain":0.0,"max_hp_loss":0.0,"gold_gain":150.0,"event_name":"Liars Game","player_choice":"AGREE","floor":2.0,"gold_loss":0.0,"damage_taken":0.0,"cards_obtained":["Doubt"]},{"damage_healed":0.0,"max_hp_gain":0.0,"max_hp_loss":0.0,"gold_gain":0.0,"event_name":"The Woman in Blue","player_choice":"Bought 3 Potions","floor":3.0,"gold_loss":0.0,"damage_taken":0.0},{"cards_removed":["Strike_B"],"damage_healed":0,"gold_gain":0,"player_choice":"Card Removal","damage_taken":0,"max_hp_gain":0,"max_hp_loss":0,"event_name":"The Cleric","floor":7,"gold_loss":75},{"damage_healed":0,"gold_gain":0,"player_choice":"Simplicity","damage_taken":0,"max_hp_gain":0,"max_hp_loss":0,"event_name":"Back to Basics","floor":24,"gold_loss":0,"cards_upgraded":["Strike_B","Strike_B","Defend_B","Defend_B","Defend_B","Defend_B"]},{"damage_healed":0,"gold_gain":0,"player_choice":"Ignored","damage_taken":0,"max_hp_gain":0,"max_hp_loss":0,"event_name":"The Mausoleum","floor":25,"gold_loss":0},{"cards_removed":["Strike_B"],"damage_healed":0,"gold_gain":0,"player_choice":"Upgrade and Remove","damage_taken":0,"max_hp_gain":0,"max_hp_loss":0,"event_name":"Designer","floor":30,"gold_loss":110,"cards_upgraded":["Core Surge"]},{"damage_healed":0,"gold_gain":0,"player_choice":"Ignored","damage_taken":0,"max_hp_gain":0,"max_hp_loss":0,"event_name":"SecretPortal","floor":48,"gold_loss":0}],"is_beta":false,"boss_relics":[{"not_picked":["Fusion Hammer","SacredBark"],"picked":"Philosopher\u0027s Stone"},{"not_picked":["Astrolabe","Tiny House"],"picked":"Snecko Eye"}],"items_purged_floors":[5],"is_endless":false,"potions_floor_spawned":[4,10,12,16,22,29,33,37,46,47],"killed_by":"Time Eater","ascension_level":17}}