{"host":"uonldg9uriwfhjjx","time":1609729919,"event":{"mods":["AchievementEnabler","BaseMod","Minty Spire (QoL Compilation)","Relic Stats"],"gold_per_floor":[117,133,133,143,68,93,93,121,121,135,135,135,47,85,85,179,179,199,289,289,289],"floor_reached":20,"playtime":523,"items_purged":["Strike_R"],"score":432,"play_id":"eaf6f413-8854-4af5-bf8f-03fd33501c9c","local_time":"20210103221159","is_ascension_mode":true,"campfire_choices":[{"data":"Inflame","floor":7,"key":"SMITH"},{"data":"Flex","floor":12,"key":"SMITH"},{"floor":15,"key":"REST"}],"circlet_count":0,"master_deck":["AscendersBane","Strike_R","Strike_R","Strike_R","Strike_R","Defend_R","Defend_R","Defend_R","Defend_R","Bash","Limit Break+1","Flex+1","Thunderclap","Cleave","Inflame+1","Twin Strike","Inflame","Armaments","Sword Boomerang","Feed","Heavy Blade"],"relics":["Burning Blood","Gremlin Horn","Du-Vu Doll","Champion Belt","Golden Idol","Dream Catcher","SacredBark"],"acts_visited":["Exordium","TheCity"],"potions_floor_usage":[6,16,16],"damage_taken":[{"damage":7,"enemies":"Jaw Worm","floor":1,"turns":4},{"damage":10,"enemies":"Small Slimes","floor":2,"turns":4},{"damage":1,"enemies":"Cultist","floor":4,"turns":3},{"damage":33,"enemies":"Gremlin Nob","floor":6,"turns":4},{"damage":30,"enemies":"Lagavulin","floor":8,"turns":7},{"damage":0,"enemies":"Lots of Slimes","floor":10,"turns":1},{"damage":20,"enemies":"3 Sentries","floor":14,"turns":4},{"damage":0,"enemies":"Slime Boss","floor":16,"turns":5},{"damage":42,"enemies":"2 Thieves","floor":18,"turns":4},{"damage":12,"enemies":"Chosen","floor":20,"turns":1}],"seed_played":"50796401117864348","potions_obtained":[{"floor":2,"key":"FearPotion"},{"floor":6,"key":"Strength Potion"},{"floor":14,"key":"Fire Potion"},{"floor":18,"key":"LiquidBronze"}],"is_trial":false,"path_per_floor":["M","M","?","M","$","E","R","E","T","M","?","R","$","E","R","B",null,"M","?","M"],"character_chosen":"IRONCLAD","items_purchased":["Inflame"],"campfire_rested":1,"item_purchase_floors":[13],"current_hp_per_floor":[67,63,63,68,68,41,41,17,17,23,23,23,23,9,29,35,60,24,12,0,0],"gold":289,"neow_bonus":"ONE_RANDOM_RARE_CARD","is_daily":false,"chose_seed":false,"campfire_upgraded":2,"win_rate":0.0,"timestamp":1609729919,"path_taken":["M","M","?","M","$","E","R","E","T","M","?","R","$","E","R","BOSS","M","?","M"],"items_purchased_type":["Card"],"build_version":"2020-12-22","purchased_purges":1,"victory":false,"max_hp_per_floor":[75,75,75,75,75,75,75,75,75,75,68,68,68,68,68,68,68,68,68,68,68],"relic_stats":{"Dream Catcher":1,"Gremlin Horn":[7,7],"counters":[10,37],"Golden Idol":31,"Champion Belt":[10],"obtain_stats":[{"Du-Vu Doll":8,"Dream Catcher":14,"Gremlin Horn":6,"Golden Idol":11,"SacredBark":17,"Champion Belt":9,"Burning Blood":0},{"Du-Vu Doll":5,"Dream Catcher":7,"Gremlin Horn":4,"Golden Idol":6,"SacredBark":8,"Champion Belt":5,"Burning Blood":0},{"Du-Vu Doll":22,"Dream Catcher":27,"Gremlin Horn":15,"Golden Idol":23,"SacredBark":32,"Champion Belt":22,"Burning Blood":0}],"Burning Blood":54},"card_choices":[{"not_picked":["Thunderclap","Headbutt"],"picked":"Flex","floor":1},{"not_picked":["Anger","Hemokinesis"],"picked":"Thunderclap","floor":2},{"not_picked":["Pommel Strike","Body Slam"],"picked":"Cleave","floor":4},{"not_picked":["Cleave","Shrug It Off"],"picked":"Inflame","floor":6},{"not_picked":["Heavy Blade","Demon Form"],"picked":"Twin Strike","floor":8},{"not_picked":["Iron Wave","Clothesline","Havoc"],"picked":"SKIP","floor":10},{"not_picked":["Double Tap","Cleave"],"picked":"Armaments","floor":14},{"not_picked":["Body Slam","Sever Soul"],"picked":"Sword Boomerang","floor":15},{"not_picked":["Double Tap","Reaper"],"picked":"Feed","floor":16},{"not_picked":["Havoc","Warcry"],"picked":"Heavy Blade","floor":18}],"player_experience":732829,"relics_obtained":[{"floor":6,"key":"Gremlin Horn"},{"floor":8,"key":"Du-Vu Doll"},{"floor":9,"key":"Champion Belt"},{"floor":14,"key":"Dream Catcher"}],"event_choices":[{"damage_healed":0,"gold_gain":0,"player_choice":"Grow","damage_taken":0,"max_hp_gain":0,"max_hp_loss":0,"event_name":"Living Wall","floor":3,"gold_loss":0,"cards_upgraded":["Limit Break"]},{"damage_healed":0,"gold_gain":0,"player_choice":"Lose Max HP","damage_taken":0,"relics_obtained":["Golden Idol"],"max_hp_gain":0,"max_hp_loss":7,"event_name":"Golden Idol","floor":11,"gold_loss":0},{"damage_healed":0,"gold_gain":90,"player_choice":"GOLD ","damage_taken":12,"max_hp_gain":0,"max_hp_loss":0,"event_name":"Knowing Skull","floor":19,"potions_obtained":[],"gold_loss":0,"cards_obtained":[]}],"is_beta":false,"boss_relics":[{"not_picked":["Runic Dome","Mark of Pain"],"picked":"SacredBark"}],"items_purged_floors":[5],"is_endless":false,"potions_floor_spawned":[2,6,14,18],"killed_by":"Chosen","ascension_level":16}}