{"host":"8kweeulvvasqx820","time":1609788207,"event":{"mods":["Aspiration","BaseMod","Better Altar","Better Match","Better Note","Better Sensory Stone","Better Skull","Better Third Choice","BetterRewards","Colored Map","Conspire","Displayed Cursed Tome","Downfall","Hubris","Infinite Spire","Jorbs\u0027s Wanderer Trilogy","Minty Spire (QoL Compilation)","Relic Stats","Replay The Spire","Spicy Shops","StSLib","SuperFastMode","Swap Starting Deck Mod","The Construct","The Marked","The Servant 0.9.4","everything is the same but u backflip on backflip","slay the spire mod where everything is the same but ironclad has a cowboy hat"],"gold_per_floor":[118,146,173,207,239,277,277,305,353,353,353,383,383,438,438,542,542,557,588,588,616,141,175,175,195,195,195,120,150,4,26,26,26,26],"floor_reached":33,"playtime":2887,"items_purged":["ReplayTheSpireMod:Black Plague+1","stsjorbsmod:Strike_Wanderer","stsjorbsmod:Strike_Wanderer"],"score":306,"play_id":"b859c51c-0d49-456e-bafc-b173d035be8b","local_time":"20210104142327","is_ascension_mode":false,"campfire_choices":[{"data":"stsjorbsmod:FlameWard","floor":7,"key":"SMITH"},{"data":"stsjorbsmod:ScorchingRay","floor":10,"key":"SMITH"},{"data":"stsjorbsmod:LocateObject","floor":13,"key":"SMITH"},{"data":"stsjorbsmod:ChainLightning","floor":15,"key":"SMITH"},{"data":"stsjorbsmod:Feast","floor":24,"key":"SMITH"},{"data":"stsjorbsmod:Prestidigitation","floor":27,"key":"SMITH"},{"data":"stsjorbsmod:Defend_Wanderer","floor":32,"key":"PURGE"}],"circlet_count":0,"master_deck":["ReplayTheSpireMod:Black Plague+1","stsjorbsmod:ForbiddenGrimoire+1","stsjorbsmod:Strike_Wanderer","stsjorbsmod:Defend_Wanderer","stsjorbsmod:Defend_Wanderer","stsjorbsmod:Defend_Wanderer","stsjorbsmod:FreshAdventure","stsjorbsmod:EyeOfTheStorm","stsjorbsmod:ChainLightning+1","stsjorbsmod:ScorchingRay+1","stsjorbsmod:LoseGrip","stsjorbsmod:LocateObject+1","stsjorbsmod:Inferno+1","stsjorbsmod:FlameWard+1","stsjorbsmod:Counterspell","stsjorbsmod:ColorSpray","stsjorbsmod:Feast+1","stsjorbsmod:RefuseToForget","stsjorbsmod:SmithingStrike+1","stsjorbsmod:BurningFlask","stsjorbsmod:Prestidigitation+1","stsjorbsmod:GatherPower","stsjorbsmod:BlackTentacles","stsjorbsmod:MagicMirror+1"],"relics":["stsjorbsmod:GrimoireRelic","hubris:EmptyBottle","Simple Rune","Boot","aspiration:VileToxins","Meat on the Bone","SacredBark","Anchor","hubris:MedicalManual","Bottled Tornado","Happy Flower"],"acts_visited":["Exordium","TheCity"],"potions_floor_usage":[3,3,5,6,14,16,18,19,21,23,23,23,33,33],"damage_taken":[{"damage":0,"enemies":"Small Slimes","floor":1,"turns":2},{"damage":0,"enemies":"Cultist","floor":2,"turns":2},{"damage":1,"enemies":"Jaw Worm","floor":3,"turns":3},{"damage":0,"enemies":"Large Slime","floor":4,"turns":7},{"damage":14,"enemies":"Exordium Wildlife","floor":5,"turns":3},{"damage":11,"enemies":"Lagavulin","floor":6,"turns":4},{"damage":0,"enemies":"Looter","floor":8,"turns":4},{"damage":8,"enemies":"Blue Slaver","floor":12,"turns":6},{"damage":6,"enemies":"3 Sentries","floor":14,"turns":4},{"damage":17,"enemies":"Fading Forest","floor":16,"turns":10},{"damage":7,"enemies":"Spheric Guardian","floor":18,"turns":6},{"damage":19,"enemies":"2 Thieves","floor":19,"turns":4},{"damage":0,"enemies":"Snake Plant","floor":21,"turns":4},{"damage":36,"enemies":"Gremlin Leader","floor":23,"turns":8},{"damage":0,"enemies":"Cultist and Chosen","floor":25,"turns":6},{"damage":36,"enemies":"Sentry and Sphere","floor":29,"turns":7},{"damage":15,"enemies":"Snake Plant","floor":31,"turns":4},{"damage":34,"enemies":"Champ","floor":33,"turns":7}],"seed_played":"3999964543279593615","potions_obtained":[{"floor":1,"key":"Fruit Juice"},{"floor":3,"key":"Languid Potion"},{"floor":6,"key":"Slimebound:ThreeZeroPotion"},{"floor":16,"key":"Energy Potion"},{"floor":18,"key":"SkillPotion"},{"floor":25,"key":"infinitespire:BlackPotion"},{"floor":31,"key":"Elixir"}],"is_trial":false,"path_per_floor":["M","M","M","M","M","E","R","M","T","R","?","M","R","E","R","B",null,"M","M","?","M","$","E","R","M","T","R","?","M","$","M","R_BF","B"],"character_chosen":"WANDERER","items_purchased":["stsjorbsmod:ChainLightning","stsjorbsmod:ScorchingRay","hubris:EmptyBottle","Block Potion","Energy Potion","Simple Rune","Anchor","stsjorbsmod:BurningFlask","stsjorbsmod:Prestidigitation","Happy Flower"],"campfire_rested":0,"item_purchase_floors":[0,0,0,0,0,0,22,22,22,30],"current_hp_per_floor":[68,68,78,78,65,56,56,57,57,57,57,54,54,50,50,43,80,77,64,64,66,66,42,42,58,58,58,58,34,34,34,34,0,0],"gold":26,"neow_bonus":"","is_daily":false,"chose_seed":false,"campfire_upgraded":6,"win_rate":0.0,"timestamp":1609788207,"path_taken":["M","M","M","M","M","E","R","M","T","R","?","?","R","E","R","BOSS","M","M","?","M","$","E","R","M","T","R","?","M","?","M","R_BF","BOSS"],"items_purchased_type":["Card","Card","Relic","Potion","Potion","Relic","Relic","Card","Card","Relic"],"build_version":"2020-12-22","purchased_purges":3,"victory":false,"max_hp_per_floor":[68,68,78,78,78,78,78,78,78,78,78,80,80,80,80,80,80,82,86,86,86,86,86,86,88,88,88,88,88,88,90,90,90,90],"relic_stats":{"Happy Flower":[3],"counters":[31,152],"Boot":[3],"obtain_stats":[{"aspiration:VileToxins":9,"Lee\u0027s Waffle":23,"conspire:TreasureMap":23,"NeowsBlessing":0,"Happy Flower":30,"SacredBark":17,"aspiration:TrustyKnives":8,"hubris:MedicalManual":23,"Uniform":0,"hubris:EmptyBottle":0,"Bottled Tornado":26,"Boot":6,"conspire:InfiniteJournal":25,"hubris:BlackHole":19,"Replay:Bandana":11,"Anchor":22,"Simple Rune":0,"hubris:TinFlute":14,"Toy Ornithopter":16,"Meat on the Bone":14},{"aspiration:VileToxins":20,"Lee\u0027s Waffle":9,"conspire:TreasureMap":9,"NeowsBlessing":0,"Happy Flower":29,"SacredBark":23,"aspiration:TrustyKnives":3,"hubris:MedicalManual":27,"Uniform":0,"hubris:EmptyBottle":13,"Bottled Tornado":28,"Boot":19,"conspire:InfiniteJournal":11,"hubris:BlackHole":7,"Replay:Bandana":4,"Anchor":26,"Simple Rune":13,"hubris:TinFlute":5,"Toy Ornithopter":6,"Meat on the Bone":22},{"aspiration:VileToxins":86,"Lee\u0027s Waffle":32,"conspire:TreasureMap":32,"NeowsBlessing":0,"Happy Flower":141,"SacredBark":106,"aspiration:TrustyKnives":3,"hubris:MedicalManual":128,"Uniform":0,"hubris:EmptyBottle":61,"Bottled Tornado":134,"Boot":82,"conspire:InfiniteJournal":48,"hubris:BlackHole":28,"Replay:Bandana":7,"Anchor":120,"Simple Rune":61,"hubris:TinFlute":9,"Toy Ornithopter":13,"Meat on the Bone":96}],"Meat on the Bone":48},"card_choices":[{"not_picked":["stsjorbsmod:Rest","stsjorbsmod:ChatteringStrike"],"picked":"stsjorbsmod:LocateObject","floor":1},{"not_picked":["stsjorbsmod:Will","stsjorbsmod:ChatteringStrike"],"picked":"stsjorbsmod:Inferno","floor":2},{"not_picked":["stsjorbsmod:Index","stsjorbsmod:HedgeWizard"],"picked":"stsjorbsmod:FlameWard","floor":3},{"not_picked":["stsjorbsmod:Prepare","stsjorbsmod:DoubleCheck","stsjorbsmod:Channel"],"picked":"SKIP","floor":4},{"not_picked":["stsjorbsmod:WeightOfMemory","stsjorbsmod:ChainLightning","stsjorbsmod:Hibernate"],"picked":"SKIP","floor":5},{"not_picked":["stsjorbsmod:Inferno","stsjorbsmod:ChainLightning"],"picked":"stsjorbsmod:Counterspell","floor":6},{"not_picked":["stsjorbsmod:Channel","stsjorbsmod:DisguiseSelf","stsjorbsmod:Stalwart"],"picked":"SKIP","floor":8},{"not_picked":["stsjorbsmod:ChatteringStrike","stsjorbsmod:Thorns"],"picked":"stsjorbsmod:ColorSpray","floor":12},{"not_picked":["stsjorbsmod:DoubleCheck","stsjorbsmod:Hibernate","stsjorbsmod:Firebolt"],"picked":"SKIP","floor":14},{"not_picked":["stsjorbsmod:CorrodingBarrier","stsjorbsmod:PurgeMind"],"picked":"stsjorbsmod:Feast","floor":16},{"not_picked":["stsjorbsmod:ParryingBlow","stsjorbsmod:Message","stsjorbsmod:Firebolt"],"picked":"SKIP","floor":18},{"not_picked":["stsjorbsmod:FracturedMind","stsjorbsmod:RayOfFrost+1"],"picked":"stsjorbsmod:RefuseToForget","floor":19},{"not_picked":["stsjorbsmod:Stalwart+1","stsjorbsmod:Prestidigitation+1"],"picked":"stsjorbsmod:SmithingStrike+1","floor":21},{"not_picked":["stsjorbsmod:ChainLightning","stsjorbsmod:RayOfFrost"],"picked":"stsjorbsmod:GatherPower","floor":23},{"not_picked":["stsjorbsmod:RefuseToForget+1","stsjorbsmod:DoubleCheck","stsjorbsmod:Firebolt"],"picked":"SKIP","floor":25},{"not_picked":["stsjorbsmod:Mania+1","stsjorbsmod:WanderingMind+1"],"picked":"stsjorbsmod:BlackTentacles","floor":29},{"not_picked":["stsjorbsmod:DoubleCheck","stsjorbsmod:ParryingBlow"],"picked":"stsjorbsmod:MagicMirror+1","floor":31}],"player_experience":62147,"relics_obtained":[{"floor":6,"key":"Boot"},{"floor":9,"key":"aspiration:VileToxins"},{"floor":14,"key":"Meat on the Bone"},{"floor":23,"key":"hubris:MedicalManual"},{"floor":26,"key":"Bottled Tornado"}],"event_choices":[{"cards_removed":["stsjorbsmod:Strike_Wanderer"],"damage_healed":0,"gold_gain":0,"player_choice":"Purged","damage_taken":0,"max_hp_gain":0,"max_hp_loss":0,"event_name":"Purifier","floor":11,"gold_loss":0},{"cards_removed":["ReplayTheSpireMod:Black Plague"],"damage_healed":0,"gold_gain":0,"player_choice":"Give","damage_taken":0,"max_hp_gain":0,"max_hp_loss":0,"event_name":"betterNote:BetterNote","floor":20,"gold_loss":0,"cards_obtained":["None"]},{"cards_removed":["Clumsy"],"damage_healed":0,"gold_gain":0,"player_choice":"Gave Gold","damage_taken":0,"max_hp_gain":0,"max_hp_loss":0,"event_name":"Beggar","floor":28,"gold_loss":75}],"is_beta":false,"boss_relics":[{"not_picked":["hubris:ScarierMask","Astrolabe"],"picked":"SacredBark"}],"items_purged_floors":[0,22,22],"is_endless":false,"potions_floor_spawned":[1,3,6,16,18,19,25,31],"killed_by":"Champ","ascension_level":0}}