{"host":"fdmexzkyss3ff9bv","time":1609803242,"event":{"mods":["BaseMod","Beaked The Cultist","BetterRewards","Downfall","Glutton Mod","Halation","Hubris","Infinite Spire","Minty Spire (QoL Compilation)","Replay The Spire","StSLib","The Animator","The Blackbeard","The Bug Knight","The Construct","The Mystic","The Servant 0.9.4","The Witch"],"gold_per_floor":[109,109,109,120,133,133,145,145,145,163,183,211,227,237,237,333,333,353,342,96,109,109,109,109],"floor_reached":23,"playtime":2026,"items_purged":[],"score":197,"play_id":"0230c0dc-931a-4b32-aad1-f5c39b29af31","local_time":"20210105003402","is_ascension_mode":false,"campfire_choices":[{"floor":6,"key":"RECALL"},{"data":"Recycle","floor":8,"key":"SMITH"},{"floor":15,"key":"REST"}],"circlet_count":0,"master_deck":["Strike_B","Strike_B","Strike_B","Strike_B","Defend_B","Defend_B","Defend_B","Defend_B","Zap","Dualcast","Chaos","ReplayTheSpireMod:Repulse","Zap","Aggregate","Tempest","Recycle+1","Self Repair","Auto Shields","ReplayTheSpireMod:Fabricate Wheel","Rip and Tear","Buffer","Compile Driver","Conserve Battery","Replay:SS_hec_1","beaked:BraceForImpact+1","Streamline"],"relics":["Cracked Core","hubris:Potato","hubris:SphereOfDissonance","construct:ClawGrip","PrismaticShard"],"acts_visited":["Exordium","TheCity"],"potions_floor_usage":[4,12,16,16,16,16,16,19,23],"damage_taken":[{"damage":1,"enemies":"Cultist","floor":1,"turns":4},{"damage":6,"enemies":"Jaw Worm","floor":4,"turns":3},{"damage":0,"enemies":"Small Slimes","floor":5,"turns":3},{"damage":18,"enemies":"Exordium Wildlife","floor":7,"turns":3},{"damage":12,"enemies":"Large Slime","floor":10,"turns":4},{"damage":5,"enemies":"Looter","floor":11,"turns":3},{"damage":13,"enemies":"HollowMod:MossKnight","floor":12,"turns":9},{"damage":17,"enemies":"Lots of Slimes","floor":13,"turns":4},{"damage":16,"enemies":"Exordium Wildlife","floor":14,"turns":3},{"damage":31,"enemies":"Fading Forest","floor":16,"turns":11},{"damage":24,"enemies":"Spheric Guardian","floor":18,"turns":6},{"damage":18,"enemies":"2 Thieves","floor":19,"turns":4},{"damage":19,"enemies":"Snecko","floor":21,"turns":7},{"damage":40,"enemies":"Replay:Snechameleon","floor":23,"turns":7}],"seed_played":"6402912297843288592","potions_obtained":[{"floor":0,"key":"Fruit Juice"},{"floor":0,"key":"EntropicBrew"},{"floor":0,"key":"Reflective Coating"},{"floor":1,"key":"construct:ShiftPotion"},{"floor":11,"key":"CultistPotion"},{"floor":14,"key":"SpeedPotion"},{"floor":16,"key":"FearPotion"},{"floor":19,"key":"Elixir"}],"is_trial":false,"path_per_floor":["M","$","?","M","M","R","M","R","T","M","M","E","M","M","R","B",null,"M","M","$","M","?","E"],"character_chosen":"DEFECT","items_purchased":["PrismaticShard","Replay:SS_hec_1"],"campfire_rested":1,"item_purchase_floors":[20,20],"current_hp_per_floor":[74,74,74,73,73,73,55,55,55,43,38,32,22,13,37,16,80,63,52,52,40,40,0,0],"gold":109,"neow_bonus":"THREE_SMALL_POTIONS","is_daily":false,"chose_seed":false,"campfire_upgraded":1,"win_rate":0.0,"timestamp":1609803242,"path_taken":["M","$","?","?","M","R","M","R","T","M","M","E","M","M","R","BOSS","M","M","$","M","?","E"],"items_purchased_type":["Relic","Card"],"build_version":"2020-12-13","purchased_purges":0,"victory":false,"max_hp_per_floor":[75,75,75,80,80,80,80,80,80,80,80,80,80,80,80,80,80,80,80,80,80,80,80,80],"card_choices":[{"not_picked":["Go for the Eyes","BasicCrystalCard"],"picked":"Chaos","floor":1},{"not_picked":["Capacitor","Lockon"],"picked":"Aggregate","floor":4},{"not_picked":["BasicCrystalCard","Redo"],"picked":"Tempest","floor":5},{"not_picked":["Reprogram","hubris:PowerSurge"],"picked":"Recycle","floor":7},{"not_picked":["Coolheaded","Fusion"],"picked":"Steam","floor":10},{"not_picked":["Rebound","Blizzard"],"picked":"Self Repair","floor":11},{"not_picked":["Scrape","Consume"],"picked":"Auto Shields","floor":12},{"not_picked":["Barrage","Loop"],"picked":"ReplayTheSpireMod:Fabricate Wheel","floor":13},{"not_picked":["Streamline","BasicCrystalCard"],"picked":"Rip and Tear","floor":14},{"not_picked":["hubris:SpecializedCircuitry","Fission"],"picked":"Buffer","floor":16},{"not_picked":["Steam","BasicCrystalCard"],"picked":"Compile Driver","floor":18},{"not_picked":["Redo+1","Rip and Tear"],"picked":"Conserve Battery","floor":19},{"not_picked":["mysticmod:SpellCombat","animator:Assassin"],"picked":"beaked:BraceForImpact+1","floor":21}],"player_experience":63474,"relics_obtained":[{"floor":9,"key":"hubris:Potato"},{"floor":12,"key":"hubris:SphereOfDissonance"}],"event_choices":[{"damage_healed":0,"gold_gain":0,"player_choice":"2 cards matched","damage_taken":0,"max_hp_gain":0,"max_hp_loss":0,"event_name":"Match and Keep!","floor":3,"gold_loss":0,"cards_obtained":["ReplayTheSpireMod:Repulse","Zap"]},{"damage_healed":0,"gold_gain":0,"player_choice":"2 cards matched","damage_taken":0,"max_hp_gain":0,"max_hp_loss":0,"event_name":"Match and Keep!","floor":3,"gold_loss":0,"cards_obtained":["ReplayTheSpireMod:Repulse","Zap"]},{"damage_healed":0,"gold_gain":0,"cards_transformed":["Steam"],"player_choice":"Transformed","damage_taken":0,"max_hp_gain":0,"max_hp_loss":0,"event_name":"Transmorgrifier","floor":22,"gold_loss":0,"cards_obtained":["Streamline"]}],"is_beta":false,"boss_relics":[{"not_picked":["Replay:Grab Bag","Replay:Drink Me"],"picked":"construct:ClawGrip"}],"items_purged_floors":[],"is_endless":false,"potions_floor_spawned":[1,11,14,16,19],"killed_by":"Replay:Snechameleon","ascension_level":0}}