{"host":"f1miojwxaupu79sp","time":1609747312,"event":{"mods":["BaseMod","Better Vampires","Minty Spire (QoL Compilation)","Shop Mod"],"gold_per_floor":[116,135,135,155,155,155,183,183,183,183,10,20,20,30,30,103,103,120,40,40,40,53,53,82,82,107,107,107],"floor_reached":27,"playtime":2937,"items_purged":["Strike_G","Strike_G"],"score":389,"play_id":"068743cc-4c8c-43de-9078-54ede4a7f360","local_time":"20210104030152","is_ascension_mode":true,"campfire_choices":[{"data":"Malaise","floor":6.0,"key":"SMITH"},{"floor":8.0,"key":"REST"},{"data":"Footwork","floor":13.0,"key":"SMITH"},{"data":"Night Terror","floor":15.0,"key":"SMITH"},{"data":"Adrenaline","floor":23.0,"key":"SMITH"},{"data":"Catalyst","floor":25.0,"key":"SMITH"}],"circlet_count":0,"master_deck":["AscendersBane","Strike_G","Strike_G","Defend_G","Defend_G","Defend_G","Defend_G","Defend_G","Survivor","Neutralize","Deadly Poison","Malaise+1","Deflect","Deadly Poison","Footwork+1","Poisoned Stab+1","Cloak And Dagger","Night Terror+1","Adrenaline+1","Catalyst+1","Noxious Fumes+1","Concentrate"],"relics":["Ring of the Snake","NeowsBlessing","The Courier","Blue Candle","Molten Egg 2","Unceasing Top","Tiny Chest"],"acts_visited":["Exordium","TheCity"],"potions_floor_usage":[],"damage_taken":[{"damage":0.0,"enemies":"Small Slimes","floor":1.0,"turns":1.0},{"damage":0.0,"enemies":"Cultist","floor":2.0,"turns":1.0},{"damage":0.0,"enemies":"2 Louse","floor":4.0,"turns":2.0},{"damage":39.0,"enemies":"Gremlin Nob","floor":7.0,"turns":7.0},{"damage":4.0,"enemies":"Large Slime","floor":12.0,"turns":9.0},{"damage":0.0,"enemies":"Looter","floor":14.0,"turns":3.0},{"damage":20.0,"enemies":"Hexaghost","floor":16.0,"turns":12.0},{"damage":0.0,"enemies":"3 Byrds","floor":18.0,"turns":7.0},{"damage":3.0,"enemies":"Shell Parasite","floor":22.0,"turns":6.0},{"damage":20.0,"enemies":"Gremlin Leader","floor":24.0,"turns":11.0},{"damage":33,"enemies":"Slavers","floor":27,"turns":5}],"seed_played":"-5701017302879998843","potions_obtained":[{"floor":2.0,"key":"PowerPotion"},{"floor":16.0,"key":"SneckoOil"}],"is_trial":false,"path_per_floor":["M","M","?","M","?","R","E","R","T","?","$","M","R","M","R","B",null,"M","$","?","?","M","R","E","R","T","E"],"character_chosen":"THE_SILENT","items_purchased":["Footwork","Poisoned Stab+1","Poison Potion"],"campfire_rested":1,"item_purchase_floors":[11,11,11],"current_hp_per_floor":[59,59,59,59,41,41,2,21,21,43,43,39,39,39,39,19,54,54,54,54,54,51,51,31,31,31,0,0],"gold":107,"neow_bonus":"THREE_ENEMY_KILL","is_daily":false,"chose_seed":false,"campfire_upgraded":5,"win_rate":0.0,"timestamp":1609747312,"path_taken":["M","M","?","?","?","R","E","R","T","?","$","M","R","M","R","BOSS","M","$","?","?","M","R","E","R","T","E"],"items_purchased_type":["Card","Card","Potion"],"build_version":"2020-12-22","purchased_purges":2,"victory":false,"max_hp_per_floor":[66,66,66,66,66,66,66,66,66,66,66,66,66,66,66,66,66,66,66,66,66,66,66,66,66,66,66,66],"card_choices":[{"not_picked":["Slice","Finisher"],"picked":"Deadly Poison","floor":1.0},{"not_picked":["PiercingWail","Cloak And Dagger"],"picked":"Malaise","floor":2.0},{"not_picked":["Prepared","Deadly Poison"],"picked":"Deflect","floor":4.0},{"not_picked":["Catalyst","Flying Knee"],"picked":"Deadly Poison","floor":7.0},{"not_picked":["Skewer+1","Backflip"],"picked":"Cloak And Dagger","floor":12.0},{"not_picked":["Outmaneuver","Deadly Poison"],"picked":"Night Terror","floor":14.0},{"not_picked":["Wraith Form v2","Malaise"],"picked":"Adrenaline","floor":16.0},{"not_picked":["PiercingWail","Blade Dance"],"picked":"Catalyst","floor":18.0},{"not_picked":["Expertise","Outmaneuver+1"],"picked":"Noxious Fumes+1","floor":22.0},{"not_picked":["All Out Attack+1","Dagger Throw+1"],"picked":"Concentrate","floor":24.0}],"player_experience":986641,"relics_obtained":[{"floor":7.0,"key":"Blue Candle"},{"floor":9.0,"key":"Molten Egg 2"},{"floor":24.0,"key":"Unceasing Top"},{"floor":26.0,"key":"Tiny Chest"}],"event_choices":[{"cards_removed":["Strike_G"],"damage_healed":0.0,"max_hp_gain":0.0,"max_hp_loss":0.0,"gold_gain":0.0,"event_name":"Purifier","player_choice":"Purged","floor":3.0,"gold_loss":0.0,"damage_taken":0.0},{"damage_healed":0.0,"max_hp_gain":0.0,"max_hp_loss":0.0,"gold_gain":0.0,"event_name":"Scrap Ooze","player_choice":"Success","floor":5.0,"gold_loss":0.0,"damage_taken":18.0,"relics_obtained":["The Courier"]},{"damage_healed":22.0,"max_hp_gain":0.0,"max_hp_loss":0.0,"gold_gain":0.0,"event_name":"Big Fish","player_choice":"Banana","floor":10.0,"gold_loss":0.0,"damage_taken":0.0},{"damage_healed":0.0,"max_hp_gain":0.0,"max_hp_loss":0.0,"gold_gain":0.0,"event_name":"N\u0027loth","player_choice":"Ignored","floor":21.0,"gold_loss":0.0,"damage_taken":0.0}],"is_beta":false,"boss_relics":[{"not_picked":["Cursed Key","Ectoplasm","Sozu"]}],"items_purged_floors":[11,19],"is_endless":false,"potions_floor_spawned":[2,16],"killed_by":"Slavers","ascension_level":14}}