{"host":"es89jqq87guwhc1m","time":1609750299,"event":{"mods":["BaseMod","Colored Map","DeckTracker","Hermit","Minty Spire (QoL Compilation)","StSLib","SuperFastMode"],"gold_per_floor":[111,111,61,81,102,102,145,163,163,201,201,216,216,231,231,351,351,370,370,370,389,140,175,198,247,273,296,296,309,309,322,322,424,424,438,101,113,39,39,72,72,21,21,34,49,49,99,130,130,130,130,130,34,63,63,63],"floor_reached":55,"playtime":4815,"items_purged":["hermit:Desperado","hermit:FullyLoaded"],"score":732,"play_id":"bd123634-ca96-477c-b71b-298e6faf073a","local_time":"20210104175139","is_ascension_mode":false,"campfire_choices":[{"data":"hermit:Combo","floor":6.0,"key":"SMITH"},{"data":"hermit:ShadowCloak","floor":11.0,"key":"SMITH"},{"data":"hermit:Cheat","floor":13.0,"key":"SMITH"},{"floor":15.0,"key":"REST"},{"data":"hermit:EternalForm","floor":28.0,"key":"SMITH"},{"data":"hermit:LuckOfTheDraw","floor":32.0,"key":"SMITH"},{"data":"hermit:Adapt","floor":41.0,"key":"SMITH"},{"floor":49.0,"key":"RECALL"},{"data":"hermit:ShadowCloak","floor":52.0,"key":"SMITH"}],"circlet_count":0,"master_deck":["hermit:Snapshot","hermit:Covet","hermit:ItchyTrigger","Injury","hermit:Combo+1","hermit:Cheat+1","hermit:ShadowCloak+1","hermit:LuckOfTheDraw+1","hermit:EternalForm+1","hermit:OverwhelmingPower","hermit:Gestalt","hermit:TrackingShot","hermit:BlackWind","hermit:FinalCanter","hermit:Manifest","Shame","hermit:GhostlyPresence","hermit:Snipe","hermit:ShadowCloak+1","hermit:BigShot+1","hermit:Adapt+1","hermit:DeadMansHand+1","hermit:ShadowCloak+1","hermit:HeroicBravado","Pain","hermit:Enervate","hermit:LoneWolf+1","Dark Shackles+1","hermit:EyeOfTheStorm+1"],"relics":["hermit:Momento","Bloody Idol","Sundial","Gremlin Horn","hermit:Horseshoe","Pandora\u0027s Box","Lizard Tail","Bag of Preparation","Mercury Hourglass","Potion Belt","Juzu Bracelet","Coffee Dripper","WarpedTongs","Toxic Egg 2","Ginger","Anchor","Bag of Marbles"],"acts_visited":["Exordium","TheCity","TheBeyond","TheEnding"],"potions_floor_usage":[55],"damage_taken":[{"damage":1.0,"enemies":"Jaw Worm","floor":1.0,"turns":3.0},{"damage":2.0,"enemies":"Small Slimes","floor":4.0,"turns":3.0},{"damage":1.0,"enemies":"Cultist","floor":5.0,"turns":4.0},{"damage":46.0,"enemies":"3 Sentries","floor":7.0,"turns":12.0},{"damage":1.0,"enemies":"3 Louse","floor":8.0,"turns":6.0},{"damage":24.0,"enemies":"Gremlin Nob","floor":10.0,"turns":5.0},{"damage":0.0,"enemies":"Exordium Thugs","floor":12.0,"turns":5.0},{"damage":1.0,"enemies":"Blue Slaver","floor":14.0,"turns":3.0},{"damage":32.0,"enemies":"The Guardian","floor":16.0,"turns":16.0},{"damage":1.0,"enemies":"Spheric Guardian","floor":18.0,"turns":3.0},{"damage":40.0,"enemies":"2 Thieves","floor":21.0,"turns":3.0},{"damage":12.0,"enemies":"Book of Stabbing","floor":23.0,"turns":7.0},{"damage":4.0,"enemies":"3 Cultists","floor":24.0,"turns":3.0},{"damage":17.0,"enemies":"Centurion and Healer","floor":27.0,"turns":8.0},{"damage":1.0,"enemies":"Snake Plant","floor":29.0,"turns":4.0},{"damage":2.0,"enemies":"Shelled Parasite and Fungi","floor":31.0,"turns":5.0},{"damage":20.0,"enemies":"Collector","floor":33.0,"turns":6.0},{"damage":0.0,"enemies":"3 Darklings","floor":35.0,"turns":2.0},{"damage":2.0,"enemies":"Orb Walker","floor":37.0,"turns":3.0},{"damage":28.0,"enemies":"Reptomancer","floor":40.0,"turns":6.0},{"damage":2.0,"enemies":"Transient","floor":44.0,"turns":5.0},{"damage":0.0,"enemies":"3 Darklings","floor":45.0,"turns":4.0},{"damage":9.0,"enemies":"Mind Bloom Boss Battle","floor":47.0,"turns":6.0},{"damage":4.0,"enemies":"Giant Head","floor":48.0,"turns":7.0},{"damage":2.0,"enemies":"Time Eater","floor":50.0,"turns":11.0},{"damage":23.0,"enemies":"Shield and Spear","floor":54.0,"turns":5.0},{"damage":57,"enemies":"The Heart","floor":55,"turns":9}],"seed_played":"8628205313044549808","potions_obtained":[{"floor":7.0,"key":"Regen Potion"},{"floor":8.0,"key":"SpeedPotion"},{"floor":10.0,"key":"hermit:Tonic"},{"floor":16.0,"key":"Fire Potion"},{"floor":18.0,"key":"Fire Potion"},{"floor":23.0,"key":"Fire Potion"},{"floor":24.0,"key":"Regen Potion"},{"floor":31.0,"key":"SkillPotion"},{"floor":33.0,"key":"EntropicBrew"},{"floor":35.0,"key":"LiquidBronze"},{"floor":40.0,"key":"hermit:BlackBile"},{"floor":44.0,"key":"Swift Potion"},{"floor":54.0,"key":"SkillPotion"}],"is_trial":false,"path_per_floor":["M","?","?","M","M","R","E","M","T","E","R","M","R","M","R","B",null,"M","?","?","M","$","E","M","T","T","M","R","M","?","M","R","B",null,"M","$","M","$","?","E","R","$","T","M","M","?","?","E","R","B",null,"R","$","E","B"],"character_chosen":"HERMIT","items_purchased":["hermit:Snipe","Bag of Preparation","hermit:ShadowCloak","hermit:HeroicBravado","GamblersBrew","Swift Potion","Dark Shackles+1"],"campfire_rested":1,"item_purchase_floors":[22,22,36,36,38,42,53],"current_hp_per_floor":[74,74,74,72,71,71,25,24,24,14,14,14,14,13,35,3,75,74,74,74,34,34,22,18,18,18,16,16,15,15,18,18,42,75,75,75,75,75,75,52,52,52,52,55,60,60,56,57,57,55,75,75,75,57,0,0],"gold":63,"neow_bonus":"REMOVE_CARD","is_daily":false,"chose_seed":false,"campfire_upgraded":7,"win_rate":0.0,"timestamp":1609750299,"path_taken":["M","?","?","M","M","R","E","M","T","E","R","M","R","M","R","BOSS","M","?","?","M","$","E","M","?","T","M","R","M","?","M","R","BOSS","BOSS","M","$","M","$","?","E","R","?","T","M","M","?","?","E","R","BOSS","R","$","E","BOSS"],"items_purchased_type":["Card","Relic","Card","Card","Potion","Potion","Card"],"build_version":"2020-12-22","purchased_purges":2,"victory":false,"max_hp_per_floor":[75,75,75,75,75,75,75,75,75,75,75,75,75,75,75,75,75,75,75,75,75,75,75,75,75,75,75,75,75,75,75,75,75,75,75,75,75,75,75,75,75,75,75,75,75,75,75,75,75,75,75,75,75,75,75,75],"card_choices":[{"not_picked":["hermit:Dive","hermit:Manifest"],"picked":"hermit:ItchyTrigger","floor":1.0},{"not_picked":["hermit:BodyArmor","hermit:Headshot"],"picked":"hermit:Combo","floor":4.0},{"not_picked":["hermit:Vantage","hermit:Combo"],"picked":"hermit:Cheat","floor":5.0},{"not_picked":["hermit:Shortfuse","hermit:PistolWhip"],"picked":"hermit:ShadowCloak","floor":7.0},{"not_picked":["hermit:Quickdraw","hermit:GoldenBullet","hermit:Midnight"],"picked":"SKIP","floor":8.0},{"not_picked":["hermit:Feint","hermit:Roulette"],"picked":"hermit:FullyLoaded","floor":10.0},{"not_picked":["hermit:TrackingShot","hermit:Gambit"],"picked":"hermit:LuckOfTheDraw","floor":12.0},{"not_picked":["hermit:ItchyTrigger","hermit:SprayPray","hermit:Determination"],"picked":"SKIP","floor":14.0},{"not_picked":["hermit:RoundhouseKick","hermit:Magnum"],"picked":"hermit:EternalForm","floor":16.0},{"not_picked":["hermit:Grudge","hermit:Vantage+1"],"picked":"hermit:Manifest","floor":18.0},{"not_picked":["hermit:Glare","hermit:ItchyTrigger"],"picked":"hermit:GhostlyPresence","floor":21.0},{"not_picked":["hermit:Roulette","hermit:WideOpen"],"picked":"hermit:ShadowCloak+1","floor":23.0},{"not_picked":["hermit:Dive","hermit:Glare","hermit:Ricochet"],"picked":"SKIP","floor":24.0},{"not_picked":["hermit:DeadMansHand","hermit:Midnight","hermit:ItchyTrigger"],"picked":"SKIP","floor":27.0},{"not_picked":["hermit:Headshot","hermit:HighNoon","hermit:BodyArmor+1"],"picked":"SKIP","floor":29.0},{"not_picked":["hermit:Misfire","hermit:Coalescence+1"],"picked":"hermit:BigShot+1","floor":31.0},{"not_picked":["hermit:OverwhelmingPower","hermit:Purgatory"],"picked":"hermit:Adapt","floor":33.0},{"not_picked":["hermit:Malice","hermit:CalledShot"],"picked":"hermit:DeadMansHand+1","floor":35.0},{"not_picked":["hermit:Coalescence+1","hermit:Snipe+1","hermit:LuckOfTheDraw+1"],"picked":"SKIP","floor":37.0},{"not_picked":["hermit:Shortfuse","hermit:Deadeye+1","hermit:Coalescence+1"],"picked":"SKIP","floor":40.0},{"not_picked":["hermit:CalledShot+1","hermit:Spite+1"],"picked":"hermit:Enervate","floor":44.0},{"not_picked":["hermit:BigShot","hermit:Determination","hermit:GoldenBullet"],"picked":"SKIP","floor":45.0},{"not_picked":["hermit:BigShot","hermit:Determination","hermit:GoldenBullet"],"picked":"SKIP","floor":45.0},{"not_picked":["hermit:Desperado","hermit:ItchyTrigger"],"picked":"hermit:LoneWolf+1","floor":48.0},{"not_picked":["hermit:LowProfile+1","hermit:BodyArmor+1"],"picked":"hermit:EyeOfTheStorm+1","floor":54.0}],"player_experience":1645748,"relics_obtained":[{"floor":7.0,"key":"Sundial"},{"floor":9.0,"key":"Gremlin Horn"},{"floor":10.0,"key":"hermit:Horseshoe"},{"floor":23.0,"key":"Mercury Hourglass"},{"floor":25.0,"key":"Potion Belt"},{"floor":26.0,"key":"Juzu Bracelet"},{"floor":40.0,"key":"Toxic Egg 2"},{"floor":47.0,"key":"Ginger"},{"floor":48.0,"key":"Anchor"},{"floor":54.0,"key":"Bag of Marbles"}],"event_choices":[{"damage_healed":0.0,"max_hp_gain":0.0,"max_hp_loss":0.0,"gold_gain":0.0,"event_name":"Golden Idol","player_choice":"Take Wound","floor":2.0,"gold_loss":0.0,"damage_taken":0.0,"relics_obtained":["Golden Idol"],"cards_obtained":["Injury"]},{"cards_removed":["hermit:Strike_Hermit"],"damage_healed":0.0,"max_hp_gain":0.0,"max_hp_loss":0.0,"gold_gain":0.0,"event_name":"The Cleric","player_choice":"Card Removal","floor":3.0,"gold_loss":50.0,"damage_taken":0.0},{"damage_healed":0.0,"max_hp_gain":0.0,"max_hp_loss":0.0,"gold_gain":0.0,"event_name":"Ghosts","player_choice":"Ignored","floor":19.0,"gold_loss":0.0,"damage_taken":0.0},{"damage_healed":0.0,"max_hp_gain":0.0,"max_hp_loss":0.0,"gold_gain":0.0,"event_name":"Addict","player_choice":"Stole Relic","floor":20.0,"gold_loss":0.0,"damage_taken":0.0,"relics_obtained":["Lizard Tail"],"cards_obtained":["Shame"]},{"damage_healed":0.0,"max_hp_gain":0.0,"max_hp_loss":0.0,"gold_gain":0.0,"event_name":"Forgotten Altar","player_choice":"Gave Idol","floor":30.0,"relics_lost":["Golden Idol"],"gold_loss":0.0,"damage_taken":0.0,"relics_obtained":["Bloody Idol"]},{"damage_healed":0.0,"max_hp_gain":0.0,"max_hp_loss":0.0,"gold_gain":0.0,"event_name":"Accursed Blacksmith","player_choice":"Rummage","floor":39.0,"gold_loss":0.0,"damage_taken":0.0,"relics_obtained":["WarpedTongs"],"cards_obtained":["Pain"]},{"damage_healed":0.0,"max_hp_gain":0.0,"max_hp_loss":0.0,"gold_gain":0.0,"event_name":"SecretPortal","player_choice":"Ignored","floor":46.0,"gold_loss":0.0,"damage_taken":0.0},{"damage_healed":0.0,"max_hp_gain":0.0,"max_hp_loss":0.0,"gold_gain":0.0,"event_name":"MindBloom","player_choice":"Fight","floor":47.0,"gold_loss":0.0,"damage_taken":0.0}],"is_beta":false,"boss_relics":[{"not_picked":["hermit:ClaspedLocket","Snecko Eye"],"picked":"Pandora\u0027s Box"},{"not_picked":["SlaversCollar","hermit:DentedPlate"],"picked":"Coffee Dripper"}],"items_purged_floors":[22,36],"is_endless":false,"potions_floor_spawned":[7,8,10,16,18,23,24,31,33,35,40,44,45,54],"killed_by":"The Heart","ascension_level":0}}