{"host":"yq9lr8gtbjek4ze8","time":1609734393,"event":{"mods":["Act Like it!","Arknights The Spire","BaseMod","CapriCore","Conspire","Friendly Minions","Gensokyo","GifTheSpireLib","Hallownest","Koishi","Marisa（F雨　魔理沙）","Mimic Mod","Minty Spire (QoL Compilation)","MostiFishMod","Pale of the Ancients","Quick Restart","Reimu（博丽灵梦）","Replay The Spire","StSLib","WarShipGirlsR/战舰少女R mod","Yakumo Yukari mod","【功能Mod】聪明的最终Boss"],"gold_per_floor":[112,42,42,62,164,199,199,199,199],"floor_reached":8,"playtime":388,"items_purged":[],"score":63,"play_id":"3c499edc-74c6-4c88-a166-8b6c129267a7","local_time":"20210104122633","is_ascension_mode":true,"campfire_choices":[{"floor":7,"key":"REST"}],"circlet_count":0,"master_deck":["ats:Strike C","ats:Strike G+1","ats:Strike S","ats:Strike V","ats:Armor Crushing Shot","ats:Defend+1","ats:Defend","ats:Defend","ats:Defend","ats:Emotion Absorption+1","ats:Very Hot Blade","ats:Ignite","ats:Ignite","ats:Sunburst","ats:Leaping Hammer"],"relics":["ats:Sanity","DaveBox","The Courier","SynthV:TestCard","Happy Flower","ats:Originium","ats:Gyao"],"acts_visited":["Gensokyo:Gensokyo"],"potions_floor_usage":[6,6],"damage_taken":[{"damage":4,"enemies":"Gensokyo:2_Kodama","floor":1,"turns":4},{"damage":9,"enemies":"Gensokyo:Gryphon","floor":4,"turns":4},{"damage":5,"enemies":"Gensokyo:Mamizou","floor":6,"turns":7},{"damage":51,"enemies":"Gensokyo:Cirno","floor":8,"turns":7}],"seed_played":"-7213246233944381327","potions_obtained":[{"floor":1,"key":"AttackPotion"},{"floor":4,"key":"Swift Potion"}],"is_trial":false,"path_per_floor":["M","?","?","M","?","E","R","E"],"character_chosen":"DOCTOR_CLASS","items_purchased":[],"campfire_rested":1,"item_purchase_floors":[],"current_hp_per_floor":[68,68,68,59,31,26,47,0,0],"gold":199,"neow_bonus":"UPGRADE_CARD","is_daily":false,"chose_seed":false,"campfire_upgraded":0,"win_rate":0.0,"timestamp":1609734393,"path_taken":["M","?","?","M","?","E","R","E"],"items_purchased_type":[],"build_version":"2020-12-22","purchased_purges":0,"victory":false,"max_hp_per_floor":[72,72,72,72,72,72,72,72,72],"card_choices":[{"not_picked":["ats:Steam Pump","ats:Shell Defense"],"picked":"ats:Sunburst","floor":1},{"not_picked":["ats:Poison Spread","ats:Demon Strength","ats:Hook Shot","ats:Automatic Cover"],"picked":"ats:Very Hot Blade","floor":4},{"not_picked":["ats:Overload","ats:Shadow Raid","ats:Assault Order","ats:Charging Defense"],"picked":"ats:Ignite","floor":5},{"not_picked":["ats:Hammer On","ats:Sword Rain","ats:Assault Order","ats:Poison Spread"],"picked":"ats:Ignite","floor":5},{"not_picked":["ats:Flame Of Heaven","ats:Support Order","ats:Beaten Up","ats:Curse Doll"],"picked":"ats:Sunburst","floor":5},{"not_picked":["ats:Red Shift","ats:Echo Reverb","ats:Support Order","ats:Assault Order"],"picked":"ats:Leaping Hammer","floor":6}],"player_experience":141328,"relics_obtained":[{"floor":1,"key":"SynthV:TestCard"},{"floor":6,"key":"ats:Originium"},{"floor":6,"key":"ats:Gyao"}],"event_choices":[],"is_beta":false,"boss_relics":[],"items_purged_floors":[],"is_endless":false,"potions_floor_spawned":[1,4],"killed_by":"Gensokyo:Cirno","ascension_level":4}}