{"host":"28p8ce41sjwa6lzf","time":1609791682,"event":{"mods":["BaseMod","Colored Map","Colored Powertips","Highlight Path","Minty Spire (QoL Compilation)","Permanent Neow","Quick Restart","Random Character Button","Rare Cards Sparkle","Relic Stats","StSLib","Unceasing Turn Reminder"],"gold_per_floor":[13,25,39,4,4,21,53,53,53,53,53,53,85,97,97,176,176,152,20,30,30,30,65,65,65,65],"floor_reached":25,"playtime":1832,"items_purged":["Strike_B"],"score":458,"play_id":"1e2d8750-1c67-4698-bc00-9ea532ceb525","local_time":"20210104142122","is_ascension_mode":true,"campfire_choices":[{"data":"Undo","floor":8.0,"key":"SMITH"},{"data":"Loop","floor":10.0,"key":"SMITH"},{"floor":12.0,"key":"REST"},{"data":"Blizzard","floor":15.0,"key":"SMITH"},{"floor":24.0,"key":"REST"}],"circlet_count":0,"master_deck":["AscendersBane","Strike_B","Strike_B","Defend_B","Defend_B","Defend_B","Zap","Dualcast","Blizzard+1","Tempest","Cold Snap","Undo+1","Cold Snap","Loop+1","Coolheaded","Seek","Conserve Battery+1"],"relics":["Cracked Core","Cables","Bronze Scales","Runic Pyramid","Ancient Tea Set"],"acts_visited":["Exordium","TheCity"],"potions_floor_usage":[25],"damage_taken":[{"damage":2.0,"enemies":"2 Louse","floor":1.0,"turns":2.0},{"damage":12.0,"enemies":"Small Slimes","floor":2.0,"turns":3.0},{"damage":12.0,"enemies":"Jaw Worm","floor":3.0,"turns":4.0},{"damage":3.0,"enemies":"Gremlin Gang","floor":6.0,"turns":2.0},{"damage":33.0,"enemies":"Gremlin Nob","floor":7.0,"turns":4.0},{"damage":8.0,"enemies":"Lagavulin","floor":13.0,"turns":6.0},{"damage":3.0,"enemies":"Blue Slaver","floor":14.0,"turns":4.0},{"damage":1.0,"enemies":"The Guardian","floor":16.0,"turns":11.0},{"damage":14.0,"enemies":"2 Thieves","floor":18.0,"turns":4.0},{"damage":9.0,"enemies":"Shell Parasite","floor":20.0,"turns":8.0},{"damage":33.0,"enemies":"Book of Stabbing","floor":23.0,"turns":6.0},{"damage":41,"enemies":"Gremlin Leader","floor":25,"turns":6}],"seed_played":"-3377394346994550300","potions_obtained":[{"floor":1.0,"key":"Dexterity Potion"},{"floor":2.0,"key":"Explosive Potion"},{"floor":14.0,"key":"Swift Potion"}],"is_trial":false,"path_per_floor":["M","M","M","?","?","M","E","R","T","R","?","R","E","M","R","B",null,"M","$","M","?","?","E","R","E"],"character_chosen":"DEFECT","items_purchased":["Fire Potion"],"campfire_rested":2,"item_purchase_floors":[19],"current_hp_per_floor":[62,50,38,55,55,52,19,19,19,19,19,40,32,29,29,28,60,46,46,37,37,37,4,25,0,0],"gold":65,"neow_bonus":"TRANSFORM_TWO_CARDS","is_daily":false,"chose_seed":false,"campfire_upgraded":3,"win_rate":0.0,"timestamp":1609791682,"path_taken":["M","M","M","?","?","M","E","R","T","R","?","R","E","M","R","BOSS","M","$","M","?","?","E","R","E"],"items_purchased_type":["Potion"],"build_version":"2020-12-22","purchased_purges":1,"victory":false,"max_hp_per_floor":[71,71,71,71,71,71,71,71,71,71,71,71,71,71,71,71,71,71,71,71,71,71,71,71,71,71],"relic_stats":{"counters":[12,60],"Bronze Scales":[156],"obtain_stats":[{"Bronze Scales":13,"Cracked Core":0,"Ancient Tea Set":23,"Cables":7,"Runic Pyramid":17},{"Bronze Scales":6,"Cracked Core":0,"Ancient Tea Set":11,"Cables":5,"Runic Pyramid":8},{"Bronze Scales":21,"Cracked Core":0,"Ancient Tea Set":54,"Cables":15,"Runic Pyramid":36}],"Cables":[39,14,25,0,0]},"card_choices":[{"not_picked":["BootSequence","Barrage"],"picked":"Cold Snap","floor":1.0},{"not_picked":["Turbo","Force Field","Leap"],"picked":"SKIP","floor":2.0},{"not_picked":["Beam Cell","Barrage"],"picked":"Undo","floor":3.0},{"not_picked":["Fusion","Tempest"],"picked":"Cold Snap","floor":6.0},{"not_picked":["Auto Shields","Melter"],"picked":"Loop","floor":7.0},{"not_picked":["Compile Driver","Beam Cell"],"picked":"Coolheaded","floor":13.0},{"not_picked":["Streamline","Scrape","Storm"],"picked":"SKIP","floor":14.0},{"not_picked":["Machine Learning","Core Surge"],"picked":"Seek","floor":16.0},{"not_picked":["Storm","Streamline"],"picked":"Conserve Battery+1","floor":18.0},{"not_picked":["Streamline+1","Redo","Leap"],"picked":"SKIP","floor":20.0},{"not_picked":["Sweeping Beam","Doom and Gloom+1","Leap"],"picked":"SKIP","floor":23.0}],"player_experience":1069294,"relics_obtained":[{"floor":7.0,"key":"Cables"},{"floor":13.0,"key":"Bronze Scales"},{"floor":23.0,"key":"Ancient Tea Set"}],"event_choices":[{"damage_healed":17.0,"max_hp_gain":0.0,"max_hp_loss":0.0,"gold_gain":0.0,"event_name":"The Cleric","player_choice":"Healed","floor":4.0,"gold_loss":35.0,"damage_taken":0.0},{"damage_healed":0.0,"max_hp_gain":0.0,"max_hp_loss":0.0,"gold_gain":0.0,"event_name":"Liars Game","player_choice":"Ignored","floor":5.0,"gold_loss":0.0,"damage_taken":0.0},{"damage_healed":0.0,"max_hp_gain":0.0,"max_hp_loss":0.0,"gold_gain":0.0,"event_name":"Shining Light","player_choice":"Ignored","floor":11.0,"gold_loss":0.0,"damage_taken":0.0},{"damage_healed":0.0,"max_hp_gain":0.0,"max_hp_loss":0.0,"gold_gain":0.0,"event_name":"Cursed Tome","player_choice":"Ignored","floor":21.0,"gold_loss":0.0,"damage_taken":0.0},{"damage_healed":0.0,"max_hp_gain":0.0,"max_hp_loss":0.0,"gold_gain":0.0,"event_name":"Vampires","player_choice":"Ignored","floor":22.0,"gold_loss":0.0,"damage_taken":0.0}],"is_beta":false,"boss_relics":[{"not_picked":["Cursed Key","Calling Bell"],"picked":"Runic Pyramid"}],"items_purged_floors":[19],"is_endless":false,"potions_floor_spawned":[1,2,14,16],"killed_by":"Gremlin Leader","ascension_level":20}}