{"host":"pq8o62wp0h1hflf3","time":1609787874,"event":{"mods":["BaseMod","Minty Spire (QoL Compilation)","Relic Stats","ojb\u0027s Info Mod"],"gold_per_floor":[115,133,208,208,0,35,35,35,35,370,370,65,65,88,88,184,184,199,249,269,142,142,175,222,237,260,301,314,352,33,72,72,161,161,174,12,35,35,54,95,95,130,130,130,130,5,30,30,30,30,30,30,30,30,64,64],"floor_reached":57,"playtime":4623,"items_purged":["Injury","Strike_R","Strike_R"],"score":3009,"play_id":"2049d70f-c162-4f21-9244-fff70b599076","local_time":"20210104141754","is_ascension_mode":true,"campfire_choices":[{"data":"Bash","floor":7,"key":"SMITH"},{"data":"Disarm","floor":11,"key":"SMITH"},{"data":"Clothesline","floor":15,"key":"SMITH"},{"floor":32,"key":"RECALL"},{"floor":41,"key":"REST"},{"floor":45,"key":"REST"},{"floor":49,"key":"REST"},{"floor":53,"key":"REST"}],"circlet_count":0,"master_deck":["AscendersBane","Strike_R","Strike_R","Strike_R","Defend_R","Defend_R","Defend_R","Defend_R","Bash+1","Shrug It Off","Feel No Pain","Clothesline+1","Disarm+1","Reaper","Apotheosis","Carnage","Fiend Fire","Dual Wield","Feel No Pain","RitualDagger","Battle Trance","Feed","Uppercut+1","Feed","Reaper","Shockwave","Dark Embrace","Flame Barrier","Burning Pact+1","Barricade"],"relics":["Snecko Eye","Golden Idol","Kunai","Charon\u0027s Ashes","Old Coin","InkBottle","Velvet Choker","Mercury Hourglass","Bag of Preparation","Centennial Puzzle","Lantern","Pantograph","Incense Burner","Bronze Scales","Fusion Hammer","Orrery","Prayer Wheel","Dead Branch","Pen Nib","Strawberry"],"acts_visited":["Exordium","TheCity","TheBeyond","TheEnding"],"potions_floor_usage":[10,16,40,56,56],"damage_taken":[{"damage":0,"enemies":"Cultist","floor":1,"turns":2},{"damage":7,"enemies":"Small Slimes","floor":2,"turns":4},{"damage":12,"enemies":"3 Sentries","floor":6,"turns":9},{"damage":0,"enemies":"Lagavulin","floor":10,"turns":4},{"damage":0,"enemies":"Jaw Worm","floor":14,"turns":4},{"damage":6,"enemies":"Hexaghost","floor":16,"turns":8},{"damage":2,"enemies":"Shell Parasite","floor":18,"turns":2},{"damage":0,"enemies":"Spheric Guardian","floor":20,"turns":3},{"damage":11,"enemies":"Book of Stabbing","floor":23,"turns":5},{"damage":0,"enemies":"Cultist and Chosen","floor":25,"turns":5},{"damage":0,"enemies":"Gremlin Leader","floor":27,"turns":7},{"damage":0,"enemies":"Snake Plant","floor":28,"turns":1},{"damage":0,"enemies":"Slavers","floor":29,"turns":3},{"damage":12,"enemies":"Book of Stabbing","floor":31,"turns":4},{"damage":32,"enemies":"Collector","floor":33,"turns":7},{"damage":1,"enemies":"3 Darklings","floor":35,"turns":5},{"damage":0,"enemies":"Orb Walker","floor":37,"turns":5},{"damage":9,"enemies":"Jaw Worm Horde","floor":39,"turns":3},{"damage":19,"enemies":"Nemesis","floor":40,"turns":7},{"damage":0,"enemies":"Reptomancer","floor":42,"turns":4},{"damage":0,"enemies":"3 Darklings","floor":47,"turns":2},{"damage":69,"enemies":"Time Eater","floor":50,"turns":13},{"damage":29,"enemies":"Donu and Deca","floor":51,"turns":7},{"damage":18,"enemies":"Shield and Spear","floor":55,"turns":6},{"damage":47,"enemies":"The Heart","floor":56,"turns":8}],"seed_played":"395257690144592293","potions_obtained":[{"floor":2,"key":"BlessingOfTheForge"},{"floor":18,"key":"Energy Potion"},{"floor":25,"key":"LiquidMemories"},{"floor":28,"key":"PowerPotion"},{"floor":31,"key":"CultistPotion"},{"floor":40,"key":"BlessingOfTheForge"}],"is_trial":false,"path_per_floor":["M","M","?","?","$","E","R","$","T","E","R","$","?","M","R","B",null,"M","?","M","$","?","E","T","M","T","E","M","E","$","E","R","B",null,"M","$","M","?","M","E","R","E","T","$","R","$","M","?","R","B","B",null,"R","$","E","B",null],"character_chosen":"IRONCLAD","items_purchased":["Clothesline","Regen Potion","Apotheosis","Dual Wield","Feel No Pain","Incense Burner","Orrery"],"campfire_rested":4,"item_purchase_floors":[5,5,12,21,21,30,36],"current_hp_per_floor":[68,61,50,50,50,38,38,38,38,38,38,38,12,14,14,30,64,62,62,62,62,56,51,51,63,63,63,63,70,70,72,72,50,69,77,77,81,81,87,70,87,87,87,87,87,87,87,77,87,40,90,97,99,99,102,88],"gold":64,"neow_bonus":"BOSS_RELIC","is_daily":false,"chose_seed":false,"campfire_upgraded":3,"win_rate":0.0,"timestamp":1609787874,"path_taken":["M","?","?","?","$","E","R","?","T","E","R","$","?","M","R","BOSS","M","?","M","?","?","E","?","?","T","E","M","E","$","E","R","BOSS","M","$","M","?","M","E","R","E","T","?","R","$","?","?","R","BOSS","BOSS","R","$","E","BOSS"],"items_purchased_type":["Card","Potion","Card","Card","Card","Relic","Relic"],"build_version":"2020-12-22","purchased_purges":3,"victory":true,"max_hp_per_floor":[75,75,75,75,75,75,75,75,75,75,75,75,75,75,75,75,75,75,75,75,75,75,75,75,75,75,75,75,75,75,75,75,75,75,79,79,83,83,87,87,87,87,87,87,87,87,87,87,87,91,99,99,99,99,110,110],"relic_stats":{"counters":[25,128],"Golden Idol":194,"Dead Branch":[110],"Charon\u0027s Ashes":[841],"Pen Nib":[6],"Bag of Preparation":[32],"Mercury Hourglass":[306],"Centennial Puzzle":[26],"Pantograph":36,"Bronze Scales":[306],"Snecko Eye":[282,263,268,223],"Prayer Wheel":2,"Kunai":[29],"obtain_stats":[{"Lantern":27,"Golden Idol":4,"Dead Branch":40,"Velvet Choker":17,"Charon\u0027s Ashes":9,"Pen Nib":42,"Bag of Preparation":24,"Incense Burner":30,"Burning Blood":0,"Old Coin":10,"Mercury Hourglass":23,"Centennial Puzzle":26,"Pantograph":29,"Bronze Scales":31,"Strawberry":55,"Snecko Eye":0,"Orrery":36,"Prayer Wheel":38,"Fusion Hammer":34,"Kunai":6,"InkBottle":13},{"Lantern":11,"Golden Idol":2,"Dead Branch":19,"Velvet Choker":6,"Charon\u0027s Ashes":3,"Pen Nib":20,"Bag of Preparation":9,"Incense Burner":13,"Burning Blood":0,"Old Coin":4,"Mercury Hourglass":9,"Centennial Puzzle":10,"Pantograph":13,"Bronze Scales":14,"Strawberry":24,"Snecko Eye":0,"Orrery":16,"Prayer Wheel":17,"Fusion Hammer":15,"Kunai":3,"InkBottle":4},{"Lantern":53,"Golden Idol":6,"Dead Branch":88,"Velvet Choker":31,"Charon\u0027s Ashes":15,"Pen Nib":92,"Bag of Preparation":41,"Incense Burner":57,"Burning Blood":0,"Old Coin":19,"Mercury Hourglass":41,"Centennial Puzzle":46,"Pantograph":57,"Bronze Scales":61,"Strawberry":120,"Snecko Eye":0,"Orrery":73,"Prayer Wheel":78,"Fusion Hammer":68,"Kunai":15,"InkBottle":19}],"InkBottle":[38]},"card_choices":[{"not_picked":["Rage","Armaments"],"picked":"Shrug It Off","floor":1},{"not_picked":["Evolve","Warcry"],"picked":"Feel No Pain","floor":2},{"not_picked":["Dropkick","Clash"],"picked":"Disarm","floor":6},{"not_picked":["Clash","Armaments"],"picked":"Reaper","floor":10},{"not_picked":["Sever Soul","Inflame"],"picked":"Carnage","floor":14},{"not_picked":["Impervious","Brutality"],"picked":"Fiend Fire","floor":16},{"not_picked":["Heavy Blade","Spot Weakness","Sentinel"],"picked":"SKIP","floor":18},{"not_picked":["Power Through","Sword Boomerang","Wild Strike"],"picked":"SKIP","floor":20},{"not_picked":["Rampage+1","Entrench","Cleave"],"picked":"SKIP","floor":23},{"not_picked":["Iron Wave","Uppercut"],"picked":"Feel No Pain","floor":25},{"not_picked":["Perfected Strike","Disarm","Bloodletting+1"],"picked":"SKIP","floor":27},{"not_picked":["Clash","Thunderclap","Power Through"],"picked":"SKIP","floor":28},{"not_picked":["Second Wind","Heavy Blade","Berserk"],"picked":"SKIP","floor":29},{"not_picked":["Twin Strike","Body Slam"],"picked":"Battle Trance","floor":31},{"not_picked":["Exhume","Fiend Fire"],"picked":"Feed","floor":33},{"not_picked":["True Grit","Ghostly Armor"],"picked":"Uppercut+1","floor":35},{"not_picked":["Cleave+1","Clothesline"],"picked":"Feed","floor":36},{"not_picked":["Heavy Blade","Body Slam+1"],"picked":"Reaper","floor":36},{"not_picked":["Warcry","Inflame"],"picked":"Shockwave","floor":36},{"not_picked":["Clash","Whirlwind+1"],"picked":"Dark Embrace","floor":36},{"not_picked":["Havoc","Perfected Strike","Shrug It Off+1"],"picked":"SKIP","floor":37},{"not_picked":["Berserk","Clash+1"],"picked":"Flame Barrier","floor":39},{"not_picked":["Flex+1","Rupture+1","Armaments"],"picked":"SKIP","floor":39},{"not_picked":["Seeing Red","Dual Wield","Armaments"],"picked":"SKIP","floor":40},{"not_picked":["Armaments","Pummel"],"picked":"Burning Pact+1","floor":42},{"not_picked":["Metallicize","Shrug It Off","Rampage+1"],"picked":"SKIP","floor":47},{"not_picked":["Second Wind","Sentinel","Perfected Strike"],"picked":"SKIP","floor":47},{"not_picked":["Havoc+1","Fiend Fire"],"picked":"Barricade","floor":55}],"player_experience":1097246,"relics_obtained":[{"floor":6,"key":"Kunai"},{"floor":9,"key":"Charon\u0027s Ashes"},{"floor":10,"key":"Old Coin"},{"floor":23,"key":"Mercury Hourglass"},{"floor":24,"key":"Bag of Preparation"},{"floor":26,"key":"Centennial Puzzle"},{"floor":27,"key":"Lantern"},{"floor":29,"key":"Pantograph"},{"floor":31,"key":"Bronze Scales"},{"floor":40,"key":"Dead Branch"},{"floor":42,"key":"Pen Nib"},{"floor":55,"key":"Strawberry"}],"event_choices":[{"damage_healed":0,"gold_gain":75,"player_choice":"Gather Gold","damage_taken":11,"max_hp_gain":0,"max_hp_loss":0,"event_name":"World of Goop","floor":3,"gold_loss":0},{"damage_healed":0,"gold_gain":0,"player_choice":"Take Wound","damage_taken":0,"relics_obtained":["Golden Idol"],"max_hp_gain":0,"max_hp_loss":0,"event_name":"Golden Idol","floor":4,"gold_loss":0,"cards_obtained":["Injury"]},{"damage_healed":0,"gold_gain":0,"player_choice":"Success","damage_taken":26,"relics_obtained":["InkBottle"],"max_hp_gain":0,"max_hp_loss":0,"event_name":"Scrap Ooze","floor":13,"gold_loss":0},{"damage_healed":0,"gold_gain":50,"player_choice":"Pray","damage_taken":0,"max_hp_gain":0,"max_hp_loss":0,"event_name":"Golden Shrine","floor":19,"gold_loss":0},{"damage_healed":0,"gold_gain":0,"player_choice":"Joined the Cult","damage_taken":6,"max_hp_gain":0,"max_hp_loss":0,"event_name":"Nest","floor":22,"gold_loss":0,"cards_obtained":["RitualDagger"]},{"cards_removed":["Feel No Pain"],"damage_healed":0,"gold_gain":0,"player_choice":"Gave Card","damage_taken":0,"relics_obtained":["Prayer Wheel"],"max_hp_gain":0,"max_hp_loss":0,"event_name":"WeMeetAgain","floor":38,"gold_loss":0},{"damage_healed":0,"gold_gain":0,"player_choice":"Memory 3","damage_taken":10,"max_hp_gain":0,"max_hp_loss":0,"event_name":"SensoryStone","floor":48,"gold_loss":0}],"is_beta":false,"boss_relics":[{"not_picked":["Busted Crown","Ectoplasm"],"picked":"Velvet Choker"},{"not_picked":["Runic Dome","Runic Pyramid"],"picked":"Fusion Hammer"}],"items_purged_floors":[5,12,46],"is_endless":false,"potions_floor_spawned":[2,18,25,28,29,31,37,39,40,47],"ascension_level":20}}