{"host":"9n6i2vl93jt4o42q","time":1609803831,"event":{"mods":["BaseMod","Downfall","Minty Spire (QoL Compilation)","Relic Stats","StSLib"],"gold_per_floor":[99,112,122,122,122,122,122,122,137,168,183,203,128,44,61,156,156,156,169,186,0,100,128,208,133,152,167,185,214,214,241,251,346,346,346,358,458,411,427,427,451,470,470,395,420,420,454,235,255,255,255,284,13,13,13],"floor_reached":56,"playtime":8544,"items_purged":["Shame","hexamod:Strike","hexamod:Defend"],"score":1523,"play_id":"bb7cd4cf-e3a6-488b-9098-00f926be53c2","local_time":"20210105004351","is_ascension_mode":true,"campfire_choices":[{"data":"hexamod:Float","floor":1,"key":"SMITH"},{"data":"hexamod:FastForward","floor":6,"key":"SMITH"},{"data":"hexamod:SpectersWail","floor":8,"key":"SMITH"},{"floor":13,"key":"REST"},{"floor":18,"key":"RECALL"},{"data":"hexamod:SearingWound","floor":25,"key":"SMITH"},{"data":"hexamod:GiftsFromTheDead","floor":35,"key":"SMITH"},{"data":"hexamod:Hexaguard","floor":40,"key":"SMITH"},{"data":"hexamod:ShieldOfDarkness","floor":44,"key":"SMITH"},{"data":"hexamod:WildfireWeapon","floor":46,"key":"SMITH"},{"data":"hexamod:NightmareStrike","floor":54,"key":"SMITH"}],"circlet_count":0,"master_deck":["hexamod:Defend","hexamod:Defend","hexamod:Sear","hexamod:Float+1","hexamod:FlamesFromBeyond","hexamod:NightmareStrike+1","hexamod:SpectersWail+1","hexamod:FastForward+1","hexamod:BurningTouch","hexamod:EtherealExpedition","hexamod:Hexaguard+1","hexamod:SpectralAdrenaline","hexamod:ShieldOfDarkness+1","hexamod:ThirdSeal","hexamod:SearingWound+1","hexamod:TimeWarp+1","hexamod:TimeOfNeed","hexamod:ThermalTransfer+1","hexamod:GhostShield","hexamod:NightmareGuise+1","hexamod:Incineration+1","hexamod:SpectralAdrenaline","hexamod:SwordOfDarkness+1","hexamod:BurningTouch+1","hexamod:RadiantFlame","hexamod:ChargedBarrage+1","hexamod:ThermalTransfer+1","hexamod:RadiantFlame+1","hexamod:Firestarter+1","hexamod:ThermalTransfer+1","hexamod:DynamicBlow+1","hexamod:RainOfEmbers+1","hexamod:GiftsFromTheDead+1","hexamod:WildfireWeapon+1","hexamod:AdvancingGuard","hexamod:NecessarySacrifice","hexamod:Haunt+1","hexamod:Float+1","hexamod:Firestarter+1","hexamod:HeatShield+1","hexamod:GhostLash+1","hexamod:ThermalTransfer+1","hexamod:StepThrough+1","Panacea"],"relics":["hexamod:SpiritBrand","downfall:ShatteredFragment","Toy Ornithopter","Sundial","Molten Egg 2","downfall:HeartBlessingGreen","Sozu","Lee\u0027s Waffle","PreservedInsect","Pear","downfall:HeartBlessingRed","FossilizedHelix","Ginger","Bronze Scales","Empty Cage","Bag of Marbles","Sling","downfall:HeartBlessingBlue","Akabeko","CaptainsWheel","Membership Card","Lantern","Gambling Chip"],"acts_visited":["Exordium","TheCity","TheBeyond","TheEnding"],"potions_floor_usage":[55],"damage_taken":[{"damage":5,"enemies":"Small Slimes","floor":2,"turns":3},{"damage":0,"enemies":"2 Louse","floor":3,"turns":2},{"damage":0,"enemies":"Cultist","floor":9,"turns":3},{"damage":16,"enemies":"3 Sentries","floor":10,"turns":5},{"damage":0,"enemies":"2 Fungi Beasts","floor":11,"turns":3},{"damage":15,"enemies":"Large Slime","floor":12,"turns":5},{"damage":0,"enemies":"downfall:FleeingMerchant","floor":14,"turns":4},{"damage":6,"enemies":"Lots of Slimes","floor":15,"turns":4},{"damage":8,"enemies":"downfall:Silent","floor":16,"turns":6},{"damage":0,"enemies":"3 Byrds","floor":19,"turns":4},{"damage":14,"enemies":"Spheric Guardian","floor":20,"turns":4},{"damage":3,"enemies":"downfall:FleeingMerchant","floor":21,"turns":4},{"damage":1,"enemies":"Gremlin Leader","floor":23,"turns":5},{"damage":0,"enemies":"Snake Plant","floor":26,"turns":3},{"damage":0,"enemies":"Chosen and Byrds","floor":27,"turns":4},{"damage":15,"enemies":"3 Cultists","floor":28,"turns":5},{"damage":0,"enemies":"Book of Stabbing","floor":29,"turns":3},{"damage":0,"enemies":"Gremlin Leader","floor":31,"turns":3},{"damage":0,"enemies":"Sentry and Sphere","floor":32,"turns":4},{"damage":40,"enemies":"downfall:Ironclad","floor":33,"turns":6},{"damage":0,"enemies":"Orb Walker","floor":36,"turns":3},{"damage":0,"enemies":"downfall:FleeingMerchant","floor":38,"turns":3},{"damage":0,"enemies":"3 Shapes","floor":39,"turns":4},{"damage":0,"enemies":"Maw","floor":42,"turns":4},{"damage":0,"enemies":"Giant Head","floor":45,"turns":5},{"damage":0,"enemies":"Reptomancer","floor":47,"turns":3},{"damage":0,"enemies":"4 Shapes","floor":49,"turns":3},{"damage":0,"enemies":"downfall:Watcher","floor":50,"turns":7},{"damage":6,"enemies":"downfall:CharBossMerchant","floor":52,"turns":5},{"damage":11,"enemies":"downfall:NeowBoss","floor":55,"turns":24}],"seed_played":"-7675739808930782198","potions_obtained":[{"floor":3,"key":"champ:CounterPotion"},{"floor":10,"key":"hexamod:InfernoChargePotion"},{"floor":11,"key":"SmokeBomb"},{"floor":16,"key":"PowerPotion"}],"is_trial":false,"path_per_floor":["R","M","M","?","?","R","T","R","M","E","M","M","R","$","M","B",null,"R","M","M","$","?","E","T","R","M","M","M","E","?","E","M","B",null,"R","M","?","$","M","R","T","M","?","R","E","R","E","$","M","B",null,"E","$","R","B",null],"character_chosen":"THE_SPIRIT","items_purchased":["hexamod:ThirdSeal","hexamod:SwordOfDarkness+1","Lee\u0027s Waffle","Bag of Marbles","Sling","Membership Card","hexamod:GhostLash+1","Gambling Chip","hexamod:StepThrough+1","Panacea"],"campfire_rested":1,"item_purchase_floors":[14,21,21,38,38,48,48,53,53,53],"current_hp_per_floor":[63,58,58,37,34,34,34,34,34,18,18,3,21,21,15,7,63,63,63,49,70,70,69,79,79,79,79,64,64,64,64,64,24,80,80,80,80,80,80,80,80,80,80,90,90,90,90,90,90,90,90,84,84,84,78],"gold":13,"neow_bonus":"TRANSFORM_TWO_CARDS","is_daily":false,"chose_seed":false,"campfire_upgraded":9,"win_rate":0.0,"timestamp":1609803831,"path_taken":["R","M","M","?","?","R","T","R","M","E","M","M","R","$","M","BOSS","R","M","M","$","?","E","T","R","M","?","M","E","?","E","M","BOSS","R","M","?","$","M","R","T","?","?","R","E","R","E","$","M","BOSS","E","$","R","BOSS"],"items_purchased_type":["Card","Card","Relic","Relic","Relic","Relic","Card","Relic","Card","Card"],"build_version":"2020-12-22","purchased_purges":3,"victory":true,"max_hp_per_floor":[63,63,63,63,63,63,63,63,63,63,63,63,63,63,63,63,63,63,63,63,70,70,70,80,80,80,80,80,80,80,80,80,80,80,80,80,80,80,80,80,80,80,80,90,90,90,90,90,90,90,90,90,90,90,90],"relic_stats":{"Sozu":8,"Lee\u0027s Waffle":24,"counters":[30,141],"Sundial":[10],"Bronze Scales":[107],"Gambling Chip":[1],"PreservedInsect":373,"Ginger":[12],"obtain_stats":[{"Lee\u0027s Waffle":21,"Lantern":52,"downfall:ShatteredFragment":4,"Pear":24,"downfall:HeartBlessingRed":25,"downfall:HeartBlessingGreen":13,"PreservedInsect":23,"Ginger":30,"Empty Cage":34,"Sling":38,"Akabeko":45,"Sozu":17,"CaptainsWheel":47,"Sundial":7,"downfall:HeartBlessingBlue":44,"Bronze Scales":31,"Gambling Chip":53,"Molten Egg 2":10,"Bag of Marbles":38,"Membership Card":48,"hexamod:SpiritBrand":0,"Toy Ornithopter":5,"FossilizedHelix":29},{"Lee\u0027s Waffle":12,"Lantern":29,"downfall:ShatteredFragment":2,"Pear":13,"downfall:HeartBlessingRed":13,"downfall:HeartBlessingGreen":6,"PreservedInsect":13,"Ginger":17,"Empty Cage":20,"Sling":22,"Akabeko":25,"Sozu":9,"CaptainsWheel":26,"Sundial":2,"downfall:HeartBlessingBlue":24,"Bronze Scales":18,"Gambling Chip":29,"Molten Egg 2":4,"Bag of Marbles":22,"Membership Card":26,"hexamod:SpiritBrand":0,"Toy Ornithopter":2,"FossilizedHelix":17},{"Lee\u0027s Waffle":47,"Lantern":117,"downfall:ShatteredFragment":5,"Pear":52,"downfall:HeartBlessingRed":52,"downfall:HeartBlessingGreen":21,"PreservedInsect":52,"Ginger":67,"Empty Cage":80,"Sling":86,"Akabeko":99,"Sozu":35,"CaptainsWheel":102,"Sundial":5,"downfall:HeartBlessingBlue":94,"Bronze Scales":70,"Gambling Chip":117,"Molten Egg 2":13,"Bag of Marbles":86,"Membership Card":102,"hexamod:SpiritBrand":0,"Toy Ornithopter":5,"FossilizedHelix":67}],"Toy Ornithopter":5},"card_choices":[{"not_picked":["hexamod:Firestarter","hexamod:PhantomFireball"],"picked":"hexamod:SpectersWail","floor":2},{"not_picked":["hexamod:GhostShield","hexamod:Haunt"],"picked":"hexamod:FastForward","floor":3},{"not_picked":["hexamod:BacktrackSmack","hexamod:InspiringFlames"],"picked":"hexamod:BurningTouch","floor":9},{"not_picked":["hexamod:NightmareStrike+1","hexamod:InspiringFlames"],"picked":"hexamod:EtherealExpedition","floor":10},{"not_picked":["hexamod:GhostOfSpirePast","hexamod:InspiringFlames"],"picked":"hexamod:Hexaguard","floor":11},{"not_picked":["hexamod:RecurringNightmare","hexamod:Firestarter+1"],"picked":"hexamod:SpectralAdrenaline","floor":12},{"not_picked":["hexamod:ExtraCrispy","hexamod:Hexaguard"],"picked":"hexamod:ShieldOfDarkness","floor":14},{"not_picked":["hexamod:FourthSeal","hexamod:Incineration+1"],"picked":"hexamod:SearingWound","floor":15},{"not_picked":["hexamod:InspiringFlames","hexamod:FastForward","hexamod:SecondSeal"],"picked":"SKIP","floor":15},{"not_picked":["hexamod:FifthSeal","hexamod:GiftsFromTheDead"],"picked":"hexamod:TimeWarp+1","floor":16},{"not_picked":["hexamod:FifthSeal","hexamod:GhostflameInferno"],"picked":"hexamod:TimeOfNeed","floor":16},{"not_picked":["hexamod:BacktrackSmack+1","hexamod:FastForward+1"],"picked":"hexamod:ThermalTransfer+1","floor":19},{"not_picked":["hexamod:FastForward","hexamod:DynamicBlow+1"],"picked":"hexamod:GhostShield","floor":19},{"not_picked":["hexamod:RetreatToShadows","hexamod:BacktrackSmack+1"],"picked":"hexamod:NightmareGuise+1","floor":20},{"not_picked":["hexamod:BacktrackSmack+1","hexamod:GhostflameBarrier","hexamod:Hexaguard"],"picked":"SKIP","floor":20},{"not_picked":["hexamod:SpectersWail+1","hexamod:FourthSeal"],"picked":"hexamod:Incineration+1","floor":21},{"not_picked":["hexamod:GhostShield","hexamod:GhostOfSpirePresent"],"picked":"hexamod:SpectralAdrenaline","floor":21},{"not_picked":["hexamod:CatchUp","hexamod:SearingWound"],"picked":"hexamod:BurningTouch+1","floor":23},{"not_picked":["hexamod:GhostOfSpireFuture+1","hexamod:BurningTouch"],"picked":"hexamod:RadiantFlame","floor":23},{"not_picked":["hexamod:ExtraCrispy","hexamod:SoulSteal"],"picked":"hexamod:ChargedBarrage+1","floor":26},{"not_picked":["hexamod:GhostShield","hexamod:NightmareGuise"],"picked":"hexamod:ThermalTransfer+1","floor":27},{"not_picked":["hexamod:SpectersWail+1","hexamod:HauntingEcho+1"],"picked":"hexamod:RadiantFlame+1","floor":27},{"not_picked":["hexamod:BurningTouch","hexamod:SkipABeat"],"picked":"hexamod:Firestarter+1","floor":28},{"not_picked":["hexamod:BacktrackSmack+1","hexamod:FastForward","hexamod:RadiantFlame"],"picked":"SKIP","floor":28},{"not_picked":["hexamod:InspiringFlames+1","hexamod:CrushingStance+1"],"picked":"hexamod:ThermalTransfer+1","floor":29},{"not_picked":["hexamod:SwordOfDarkness+1","hexamod:FirstSeal"],"picked":"hexamod:DynamicBlow+1","floor":31},{"not_picked":["hexamod:SearingWound","hexamod:SwordOfDarkness+1","hexamod:ShieldOfDarkness"],"picked":"SKIP","floor":31},{"not_picked":["hexamod:NightmareStrike+1","hexamod:PowerFromBeyond"],"picked":"hexamod:RainOfEmbers+1","floor":32},{"not_picked":["hexamod:TimeOfNeed","hexamod:WildfireWeapon"],"picked":"hexamod:GiftsFromTheDead","floor":33},{"not_picked":["hexamod:SearingWound","hexamod:GhostflameInferno"],"picked":"hexamod:WildfireWeapon","floor":33},{"not_picked":["hexamod:Again+1","hexamod:NightmareStrike+1"],"picked":"hexamod:AdvancingGuard","floor":36},{"not_picked":["hexamod:Rewind","hexamod:RainOfEmbers+1"],"picked":"hexamod:NecessarySacrifice","floor":38},{"not_picked":["hexamod:FastForward","hexamod:BacktrackSmack+1","hexamod:RadiantFlame+1"],"picked":"SKIP","floor":38},{"not_picked":["hexamod:GhostLash+1","hexamod:ShieldOfDarkness","hexamod:BurningTouch+1"],"picked":"SKIP","floor":39},{"not_picked":["hexamod:TimeOfNeed","hexamod:HeatMetal+1"],"picked":"hexamod:Haunt+1","floor":42},{"not_picked":["hexamod:FlamesFromBeyond","hexamod:FourthSeal","hexamod:GhostOfSpirePast+1"],"picked":"SKIP","floor":42},{"not_picked":["hexamod:NightmareStrike+1","hexamod:RainOfEmbers+1"],"picked":"hexamod:Firestarter+1","floor":45},{"not_picked":["hexamod:SwordOfDarkness+1","hexamod:AdvancingGuard"],"picked":"hexamod:HeatShield+1","floor":45},{"not_picked":["hexamod:ChargedBarrage+1","hexamod:GiftsFromTheDead","hexamod:HeatShield+1"],"picked":"SKIP","floor":47},{"not_picked":["hexamod:SpectralAdrenaline","hexamod:HauntingEcho+1","hexamod:SecondSeal"],"picked":"SKIP","floor":47},{"not_picked":["hexamod:PhantomFireball+1","hexamod:Firestarter+1"],"picked":"hexamod:ThermalTransfer+1","floor":49},{"not_picked":["hexamod:ThermalTransfer+1","hexamod:HeatMetal+1","hexamod:HauntingEcho+1"],"picked":"SKIP","floor":52},{"not_picked":["hexamod:GhostLash+1","hexamod:HeatShield","hexamod:FirstSeal"],"picked":"SKIP","floor":52}],"player_experience":2100268,"relics_obtained":[{"floor":7,"key":"Sundial"},{"floor":10,"key":"Molten Egg 2"},{"floor":23,"key":"PreservedInsect"},{"floor":24,"key":"Pear"},{"floor":29,"key":"FossilizedHelix"},{"floor":31,"key":"Bronze Scales"},{"floor":45,"key":"Akabeko"},{"floor":47,"key":"CaptainsWheel"},{"floor":52,"key":"Lantern"}],"event_choices":[{"damage_healed":0,"gold_gain":0,"player_choice":"Success","damage_taken":3,"relics_obtained":["Toy Ornithopter"],"max_hp_gain":0,"max_hp_loss":0,"event_name":"Scrap Ooze","floor":5,"gold_loss":0},{"damage_healed":0,"gold_gain":0,"player_choice":"Stole Relic","damage_taken":0,"relics_obtained":["Ginger"],"max_hp_gain":0,"max_hp_loss":0,"event_name":"Addict","floor":30,"gold_loss":0,"cards_obtained":["Shame"]},{"damage_healed":0,"gold_gain":0,"player_choice":"Copied","damage_taken":0,"max_hp_gain":0,"max_hp_loss":0,"event_name":"Duplicator","floor":43,"gold_loss":0,"cards_obtained":["hexamod:Float"]}],"is_beta":false,"boss_relics":[{"not_picked":["Cursed Key","Fusion Hammer"],"picked":"Sozu"},{"not_picked":["Velvet Choker","Coffee Dripper"],"picked":"Empty Cage"}],"items_purged_floors":[38,48,53],"is_endless":false,"potions_floor_spawned":[3,10,11,16,19,20,28,31,33,36,39,47],"ascension_level":1}}