{"host":"0hso8scipor0iz5a","time":1609782591,"event":{"mods":["Act Like it!","BaseMod","Better Altar","Better Match","Better Sensory Stone","Better Skull","Better Third Choice","Elementarium","Gensokyo","GifTheSpireLib","Hallownest","Hubris","Jedi Mod","Minty Spire (QoL Compilation)","Quarter Circle Forward PUNCH!","Replay The Spire","Reworked Bosses","StSLib"],"gold_per_floor":[112,42,95,106,106,134,134,154,154,181,181,0,29,60,60,165,165,175,175,175,0,0,0,35,51,51,51,51,12,12,22,22,119,119,135,354,104,117,42,42,42,42,42,48,48,48,48,48,48,48,48,48,48,48,48],"floor_reached":56,"playtime":3594,"items_purged":["ReplayTheSpireMod:Splinters","Strike_P","jedi:BattleThirst","Decay"],"score":1808,"play_id":"57485edd-36ea-4880-926a-61de2eeebdca","local_time":"20210104184951","is_ascension_mode":true,"campfire_choices":[{"data":"Eruption","floor":7,"key":"SMITH"},{"data":"Consecrate","floor":11,"key":"SMITH"},{"data":"Devotion","floor":15,"key":"SMITH"},{"data":"ConjureBlade","floor":23,"key":"SMITH"},{"data":"Perseverance","floor":28,"key":"SMITH"},{"data":"Protect","floor":30,"key":"SMITH"},{"floor":32,"key":"DIG"},{"data":"Midas Touch","floor":40,"key":"SMITH"},{"data":"SpiritShield","floor":42,"key":"SMITH"},{"floor":49,"key":"RECALL"},{"data":"DevaForm","floor":52,"key":"SMITH"}],"circlet_count":0,"master_deck":["Defend_P","Defend_P","Defend_P","Defend_P+1","Eruption+1","Vigilance","Protect+1","Consecrate+1","SandsOfTime","DeusExMachina","SandsOfTime","Devotion+1","SpiritShield+1","ConjureBlade+1","FlyingSleeves+1","MentalFortress+1","FearNoEvil","Perseverance+1","Prostrate+1","Pray","DevaForm+1","Fasting2+1","FollowUp+1","JustLucky+1","Study","Midas Touch+1","Sanctity+1","Worship+1","SandsOfTime+1","Fasting2","Replay:AtTheReady+1"],"relics":["PureWater","NeowsBlessing","Hallownest:StagBellRelic1","hubris:Towel","Mango","Incense Burner","Gremlin Horn","Hallownest:BankAccountRelic","Matryoshka","qcfpunch:Spiky_Bracers","hubris:TerracottaHorce","hubris:Icosahedron","qcfpunch:Wrestler\u0027s_Cloak","qcfpunch:Red_Gi","InkBottle","Eternal Feather","hubris:PeanutButter","Astrolabe","Pocketwatch","Pet Ghost","jedi:ominousloannote","jedi:cryingmask","Pantograph","Replay:Baseball","Bottled Tornado"],"acts_visited":["Hallownest:Greenpath","Hallownest:CityofTears","Hallownest:KingdomsEdge","TheEnding"],"potions_floor_usage":[10,12,16,25,28,33,33,33,54,55,55],"damage_taken":[{"damage":0,"enemies":"2_ Uuma","floor":1,"turns":1},{"damage":0,"enemies":"Hallownest:monsterHuskWarrior","floor":4,"turns":1},{"damage":0,"enemies":"Hallownest:eliteMossKnight","floor":6,"turns":1},{"damage":0,"enemies":"Hallownest:monsterHuskGuard","floor":8,"turns":4},{"damage":11,"enemies":"Hallownest:eliteCrystalGuardian","floor":10,"turns":5},{"damage":2,"enemies":"Hallownest:eliteVengeflyKing","floor":13,"turns":3},{"damage":10,"enemies":"Hallownest:eliteMossKnight","floor":14,"turns":2},{"damage":23,"enemies":"Hallownest:BossFalseKnight","floor":16,"turns":6},{"damage":6,"enemies":"Hallownest:2_Mistakes","floor":18,"turns":4},{"damage":4,"enemies":"Hallownest:Nosk","floor":24,"turns":5},{"damage":21,"enemies":"Hallownest:3_Youths","floor":25,"turns":6},{"damage":31,"enemies":"Hallownest:monsterShrumalOgre","floor":31,"turns":4},{"damage":43,"enemies":"Hallownest:BossMantisLord","floor":33,"turns":6},{"damage":0,"enemies":"Hallownest:Shield_Heavy","floor":35,"turns":4},{"damage":18,"enemies":"Hallownest:3_Siblings","floor":38,"turns":7},{"damage":0,"enemies":"Hallownest:eliteCollector","floor":45,"turns":5},{"damage":16,"enemies":"Hallownest:monsterPrimalAspid","floor":46,"turns":3},{"damage":4,"enemies":"Hallownest:StalkingDevout","floor":47,"turns":4},{"damage":0,"enemies":"Hallownest:2_Wing_and_1_Kings","floor":48,"turns":4},{"damage":21,"enemies":"Hallownest:BossHollowKnight","floor":50,"turns":6},{"damage":27,"enemies":"Shield and Spear","floor":54,"turns":5},{"damage":81,"enemies":"The Heart","floor":55,"turns":7}],"seed_played":"-8649395727618986454","potions_obtained":[{"floor":3,"key":"qcfpunch:Challenger_Coin"},{"floor":3,"key":"BlessingOfTheForge"},{"floor":3,"key":"SkillPotion"},{"floor":10,"key":"Elixir"},{"floor":14,"key":"Toxic Potion"},{"floor":16,"key":"Explosive Potion"},{"floor":18,"key":"jedi:mysterypotion"},{"floor":25,"key":"ColorlessPotion"},{"floor":31,"key":"BlessingOfTheForge"},{"floor":35,"key":"CultistPotion"},{"floor":45,"key":"SkillPotion"},{"floor":54,"key":"FearPotion"}],"is_trial":false,"path_per_floor":["M","?","?","M","?","E","R","M","T","E","R","?","E","E","R","B",null,"M","?","?","$","?","R","E","M","T","?","R","$","R","M","R","B",null,"M","?","$","M","?","R","?","R","T","$","E","M","E","M","R","B",null,"R","$","E","B",null],"character_chosen":"WATCHER","items_purchased":["MentalFortress+1","FearNoEvil","Pray","Midas Touch","jedi:ominousloannote","jedi:cryingmask"],"campfire_rested":0,"item_purchase_floors":[21,21,29,37,44,44],"current_hp_per_floor":[72,72,72,72,72,86,86,86,86,75,75,75,73,63,63,40,75,69,69,69,69,69,69,65,44,44,44,56,56,71,55,70,27,71,71,42,42,24,24,39,39,57,57,57,57,41,37,37,55,59,79,86,86,59,3],"gold":48,"neow_bonus":"THREE_ENEMY_KILL","is_daily":false,"chose_seed":false,"campfire_upgraded":9,"win_rate":0.0,"timestamp":1609782591,"path_taken":["M","?","?","?","?","E","R","M","T","E","R","?","E","E","R","BOSS","M","?","?","$","?","R","E","M","T","?","R","?","R","M","R","BOSS","M","?","$","?","?","R","?","R","T","$","E","M","E","?","R","BOSS","R","$","E","BOSS"],"items_purchased_type":["Card","Card","Card","Card","Relic","Relic"],"build_version":"2020-12-22","purchased_purges":4,"victory":true,"max_hp_per_floor":[72,72,72,72,72,86,86,86,86,86,86,86,86,86,86,86,86,86,86,86,86,86,86,86,86,86,86,86,86,86,86,86,86,86,86,86,86,86,86,86,86,86,86,86,86,86,86,86,86,86,86,86,86,86,86],"card_choices":[{"not_picked":["BowlingBash","FollowUp"],"picked":"Protect","floor":1},{"not_picked":["WreathOfFlame","FlurryOfBlows"],"picked":"Consecrate","floor":3},{"not_picked":["EmptyFist","ClearTheMind","FollowUp"],"picked":"SKIP","floor":4},{"not_picked":["Prostrate","Replay:ManipulateFuture"],"picked":"SandsOfTime","floor":6},{"not_picked":["Perseverance","Replay:BluntJabs"],"picked":"DeusExMachina","floor":8},{"not_picked":["Prostrate","Vengeance"],"picked":"SandsOfTime","floor":10},{"not_picked":["PathToVictory","JustLucky"],"picked":"Devotion","floor":13},{"not_picked":["Consecrate","CutThroughFate"],"picked":"SpiritShield","floor":14},{"not_picked":["LessonLearned","Scrawl"],"picked":"ConjureBlade","floor":16},{"not_picked":["Indignation","BowlingBash"],"picked":"FlyingSleeves+1","floor":18},{"not_picked":["PathToVictory","Prostrate"],"picked":"Perseverance","floor":24},{"not_picked":["Sanctity","Swivel"],"picked":"Prostrate+1","floor":25},{"not_picked":["FearNoEvil","Evaluate","FollowUp"],"picked":"SKIP","floor":31},{"not_picked":["DeusExMachina","Blasphemy"],"picked":"DevaForm","floor":33},{"not_picked":["CrushJoints","BowlingBash+1"],"picked":"Study","floor":35},{"not_picked":["Replay:AtTheReady+1","SashWhip+1"],"picked":"Sanctity+1","floor":38},{"not_picked":["LikeWater+1","Perseverance+1"],"picked":"Worship+1","floor":39},{"not_picked":["BowlingBash+1","FollowUp+1"],"picked":"SandsOfTime+1","floor":45},{"not_picked":["Nirvana","ThirdEye+1","Crescendo+1"],"picked":"SKIP","floor":46},{"not_picked":["CrushJoints+1","FlyingSleeves"],"picked":"Fasting2","floor":47},{"not_picked":["DeceiveReality","Replay:AtTheReady","Consecrate+1"],"picked":"SKIP","floor":48},{"not_picked":["ClearTheMind+1","Protect"],"picked":"Replay:AtTheReady+1","floor":54}],"player_experience":1435763,"relics_obtained":[{"floor":6,"key":"Mango"},{"floor":9,"key":"Incense Burner"},{"floor":10,"key":"Gremlin Horn"},{"floor":13,"key":"Matryoshka"},{"floor":14,"key":"qcfpunch:Spiky_Bracers"},{"floor":24,"key":"qcfpunch:Wrestler\u0027s_Cloak"},{"floor":26,"key":"qcfpunch:Red_Gi"},{"floor":26,"key":"InkBottle"},{"floor":32,"key":"hubris:PeanutButter"},{"floor":43,"key":"Pet Ghost"},{"floor":45,"key":"Pantograph"},{"floor":47,"key":"Replay:Baseball"},{"floor":54,"key":"Bottled Tornado"}],"event_choices":[{"damage_healed":0,"gold_gain":219,"player_choice":"GO GO UP ","damage_taken":33,"relics_obtained":[],"max_hp_gain":0,"max_hp_loss":0,"event_name":"betterSkull:BetterSkull","floor":36,"gold_loss":0,"cards_upgraded":["Defend_P"]},{"damage_healed":0,"gold_gain":0,"player_choice":"2","damage_taken":0,"max_hp_gain":0,"max_hp_loss":0,"event_name":"betterMatch:BetterMatch","floor":39,"gold_loss":0,"cards_obtained":["betterMatch:UncommonCard"]}],"is_beta":false,"boss_relics":[{"not_picked":["Honey Jar","Cursed Key"],"picked":"hubris:TerracottaHorce"},{"not_picked":["Snecko Heart","hubris:ScarierMask"],"picked":"Astrolabe"}],"items_purged_floors":[21,37,44,44],"is_endless":false,"potions_floor_spawned":[6,10,14,16,18,25,31,35,45,54],"ascension_level":10}}