{"host":"xurz8oye0j2lsa2k","time":1609728309,"event":{"mods":["AchievementEnabler","BaseMod","Colored Map","Hubris","Marisa????????","Minty Spire (QoL Compilation)","Permanent Neow","Replay The Spire","StSLib"],"gold_per_floor":[116,134,153,64,76,101,101,120,120,139,139,170,170,192,192,289,289,306,322,338,349,349,349],"floor_reached":22,"playtime":858,"items_purged":[],"score":200,"play_id":"e57e03d9-6d77-4242-b979-118c4c9ea043","local_time":"20210103214509","is_ascension_mode":false,"campfire_choices":[{"data":"PowerUp","floor":7.0,"key":"SMITH"},{"floor":11.0,"key":"REST"},{"data":"SprinkleStarSeal","floor":13.0,"key":"SMITH"},{"floor":15.0,"key":"REST"}],"circlet_count":0,"master_deck":["Strike_MRS","Strike_MRS","Strike_MRS","Strike_MRS","Defend_MRS","Defend_MRS","Defend_MRS","Defend_MRS","MasterSpark","UpSweep","DoubleSpark","PowerUp+1","SprinkleStarSeal+1","MilkyWay","MilkyWay","MysteriousBeam","AsteroidBelt","ChargingUp","LuminesStrike","RefractionSpark","Parasite","Parasite","MachineGunSpark","ManaRampage","IllusionStar+1","NonDirectionalLaser","IllusionStar+1"],"relics":["BewitchedHakkero","SlaversCollar","Painkiller Herb","Quantum Egg","Mirror","Akabeko","ShroomBag","Mummified Hand"],"acts_visited":["Exordium","TheCity"],"potions_floor_usage":[],"damage_taken":[{"damage":0.0,"enemies":"2 Louse","floor":1.0,"turns":3.0},{"damage":7.0,"enemies":"Small Slimes","floor":2.0,"turns":3.0},{"damage":0.0,"enemies":"Cultist","floor":3.0,"turns":3.0},{"damage":10.0,"enemies":"Looter","floor":5.0,"turns":2.0},{"damage":7.0,"enemies":"Gremlin Nob","floor":6.0,"turns":4.0},{"damage":7.0,"enemies":"3 Louse","floor":8.0,"turns":2.0},{"damage":25.0,"enemies":"Gremlin Gang","floor":10.0,"turns":4.0},{"damage":13.0,"enemies":"Lagavulin","floor":12.0,"turns":5.0},{"damage":18.0,"enemies":"The Mushroom Lair","floor":14.0,"turns":3.0},{"damage":1.0,"enemies":"Hexaghost","floor":16.0,"turns":8.0},{"damage":23.0,"enemies":"2 Thieves","floor":18.0,"turns":3.0},{"damage":0.0,"enemies":"Shell Parasite","floor":19.0,"turns":2.0},{"damage":22.0,"enemies":"Snecko","floor":20.0,"turns":5.0},{"damage":16,"enemies":"Snake Plant","floor":21,"turns":2},{"damage":17,"enemies":"Centurion and Healer","floor":22,"turns":2}],"seed_played":"4642440158179967645","potions_obtained":[{"floor":2.0,"key":"PowerPotion"},{"floor":5.0,"key":"Doom Potion"},{"floor":6.0,"key":"SteroidPotion"},{"floor":10.0,"key":"Adrenaline Potion"}],"is_trial":false,"path_per_floor":["?","?","?","T","?","E","T","?","T","?","T","E","T","?","T","B",null,"?","?","?","?","?"],"character_chosen":"MARISA","items_purchased":["MilkyWay","MysteriousBeam"],"campfire_rested":2,"item_purchase_floors":[4,4],"current_hp_per_floor":[75,68,68,68,58,51,51,44,44,19,41,28,28,10,32,35,75,52,54,34,20,3,3],"gold":349,"neow_bonus":"DOUBLE_BOSS_RELIC","is_daily":false,"chose_seed":false,"campfire_upgraded":2,"win_rate":0.0,"timestamp":1609728309,"path_taken":["?","?","?","T","?","E","T","?","T","?","T","E","T","?","T","BOSS","?","?","?","?","?"],"items_purchased_type":["Card","Card"],"build_version":"2020-12-22","purchased_purges":0,"victory":false,"max_hp_per_floor":[75,75,75,75,75,75,75,75,75,75,75,75,75,75,75,75,75,75,75,75,75,75,75],"card_choices":[{"not_picked":["BlazeAway","RefractionSpark"],"picked":"DoubleSpark","floor":1.0},{"not_picked":["SuperPerseids","NonDirectionalLaser"],"picked":"PowerUp","floor":2.0},{"not_picked":["DarkSpark","GrandCross"],"picked":"SprinkleStarSeal","floor":3.0},{"not_picked":["MeteoricShower","DeepEcoloBomb"],"picked":"AsteroidBelt","floor":5.0},{"not_picked":["AbsoluteMagnitude","AsteroidBelt"],"picked":"ChargingUp","floor":6.0},{"not_picked":["StarlightTyphoon","GravityBeat"],"picked":"LuminesStrike","floor":8.0},{"not_picked":["GrandCross","ChargeUpSpray"],"picked":"RefractionSpark","floor":10.0},{"not_picked":["EventHorizon","SporeBomb","SprinkleStarSeal"],"picked":"SKIP","floor":12.0},{"not_picked":["DragonMeteor","MagicAbsorber"],"picked":"MachineGunSpark","floor":14.0},{"not_picked":["TreasureHunter","MillisecondPulsars"],"picked":"ManaRampage","floor":16.0},{"not_picked":["WitchOfGreed","Acceleration"],"picked":"IllusionStar+1","floor":18.0},{"not_picked":["Acceleration","GravityBeat"],"picked":"NonDirectionalLaser","floor":19.0},{"not_picked":["MysteriousBeam","WitchLeyline"],"picked":"IllusionStar+1","floor":20.0},{"not_picked":["UnstableBomb","DC","WitchLeyline"],"picked":"SKIP","floor":21}],"player_experience":494025,"relics_obtained":[{"floor":6.0,"key":"Quantum Egg"},{"floor":9.0,"key":"Mirror"},{"floor":12.0,"key":"Akabeko"},{"floor":14.0,"key":"ShroomBag"}],"event_choices":[{"damage_healed":0.0,"max_hp_gain":0.0,"max_hp_loss":0.0,"gold_gain":0.0,"event_name":"Mushrooms_MRS","player_choice":"Fought Mushrooms","floor":14.0,"gold_loss":0.0,"damage_taken":0.0}],"is_beta":false,"boss_relics":[{"not_picked":["Pandora\u0027s Box","Calling Bell"],"picked":"BewitchedHakkero"}],"items_purged_floors":[],"is_endless":false,"potions_floor_spawned":[2,5,6,10],"killed_by":"Centurion and Healer","ascension_level":0}}