{"host":"g01l53quoe6lrer0","time":1609744887,"event":{"mods":["2.2 Compatiblity","AchievementEnabler","BaseMod","Colored Map","Highlight Path","Keyboard Shortcuts","Minty Spire (QoL Compilation)","Permanent Neow","Quick Restart","StSLib","SuperFastMode","everything is the same but u backflip on backflip"],"gold_per_floor":[112,112,112,125,141,171,171,199,269,269,298,315,335,148,148,250,550,564,271,288,288,288,288,317,317,342,342,342,353,353,353,353,353,353],"floor_reached":33,"playtime":1120,"items_purged":["Strike_P","Strike_P"],"score":374,"play_id":"5d8d2171-bc11-4f04-8174-06a9683bf626","local_time":"20210104162127","is_ascension_mode":true,"campfire_choices":[{"data":"Ragnarok","floor":7.0,"key":"SMITH"},{"data":"1","floor":10.0,"key":"LIFT"},{"data":"DeusExMachina","floor":15.0,"key":"SMITH"},{"data":"2","floor":23.0,"key":"LIFT"},{"data":"3","floor":25,"key":"LIFT"},{"data":"MasterReality","floor":27,"key":"SMITH"},{"floor":30,"key":"REST"},{"data":"Blasphemy","floor":32,"key":"SMITH"}],"circlet_count":0,"master_deck":["Strike_P","Defend_P+1","Defend_P","Defend_P","Defend_P","Eruption","Vigilance","DeusExMachina+1","WreathOfFlame+1","Ragnarok+1","FlyingSleeves","Tantrum","MasterReality+1","CurseOfTheBell","Meditate","CrushJoints+1","Blasphemy+1"],"relics":["PureWater","Girya","Regal Pillow","Kunai","War Paint","Membership Card","Calling Bell","Strawberry","Molten Egg 2","Old Coin","Omamori","Torii","Necronomicon","Bird Faced Urn"],"acts_visited":["Exordium","TheCity"],"potions_floor_usage":[33],"damage_taken":[{"damage":0.0,"enemies":"Small Slimes","floor":1.0,"turns":4.0},{"damage":0.0,"enemies":"Jaw Worm","floor":4.0,"turns":2.0},{"damage":1.0,"enemies":"Cultist","floor":5.0,"turns":3.0},{"damage":27.0,"enemies":"Gremlin Nob","floor":6.0,"turns":4.0},{"damage":14.0,"enemies":"3 Sentries","floor":8.0,"turns":6.0},{"damage":0.0,"enemies":"Lagavulin","floor":11.0,"turns":3.0},{"damage":0.0,"enemies":"Red Slaver","floor":12.0,"turns":3.0},{"damage":2.0,"enemies":"2 Fungi Beasts","floor":13.0,"turns":2.0},{"damage":0.0,"enemies":"The Guardian","floor":16.0,"turns":3.0},{"damage":0.0,"enemies":"Spheric Guardian","floor":18.0,"turns":1.0},{"damage":24.0,"enemies":"2 Thieves","floor":20.0,"turns":4.0},{"damage":13.0,"enemies":"Gremlin Leader","floor":24.0,"turns":3.0},{"damage":1,"enemies":"Cultist and Chosen","floor":29,"turns":3},{"damage":100073,"enemies":"Automaton","floor":33,"turns":7}],"seed_played":"7406496281027552035","potions_obtained":[{"floor":4.0,"key":"Block Potion"},{"floor":6.0,"key":"Dexterity Potion"},{"floor":12.0,"key":"SpeedPotion"},{"floor":31,"key":"Explosive Potion"}],"is_trial":false,"path_per_floor":["M","?","?","M","M","E","R","E","T","R","E","M","M","$","R","B",null,"M","$","M","?","?","R","E","R","T","R","?","M","R","?","R","B"],"character_chosen":"WATCHER","items_purchased":["Membership Card","CrushJoints+1","Omamori","Torii"],"campfire_rested":1,"item_purchase_floors":[14,19,19,19],"current_hp_per_floor":[72,72,72,72,71,44,44,30,30,30,30,30,28,28,28,28,79,79,79,55,39,65,65,52,52,52,52,37,38,78,78,78,0,0],"gold":353,"neow_bonus":"ONE_RANDOM_RARE_CARD","is_daily":false,"chose_seed":false,"campfire_upgraded":4,"win_rate":0.0,"timestamp":1609744887,"path_taken":["M","?","?","M","M","E","R","E","T","R","E","?","M","$","R","BOSS","M","$","M","?","?","R","E","R","T","R","?","M","R","?","R","BOSS"],"items_purchased_type":["Relic","Card","Relic","Relic"],"build_version":"2020-12-22","purchased_purges":2,"victory":false,"max_hp_per_floor":[72,72,72,72,72,72,72,72,72,72,72,72,72,72,72,72,79,79,79,79,79,79,79,79,79,79,79,84,84,84,84,84,84,84],"card_choices":[{"not_picked":["FlurryOfBlows","JustLucky"],"picked":"WreathOfFlame","floor":1.0},{"not_picked":["Weave","JustLucky","PathToVictory"],"picked":"SKIP","floor":4.0},{"not_picked":["WreathOfFlame","DeceiveReality","Protect"],"picked":"SKIP","floor":5.0},{"not_picked":["Study","Brilliance"],"picked":"FlyingSleeves","floor":6.0},{"not_picked":["FollowUp","EmptyFist","CrushJoints"],"picked":"SKIP","floor":8.0},{"not_picked":["BowlingBash","CutThroughFate","Protect"],"picked":"SKIP","floor":11.0},{"not_picked":["BowlingBash","CutThroughFate","Protect"],"picked":"SKIP","floor":11.0},{"not_picked":["EmptyFist","Fasting2"],"picked":"Tantrum","floor":12.0},{"not_picked":["Prostrate","ReachHeaven","FlyingSleeves"],"picked":"SKIP","floor":13.0},{"not_picked":["LessonLearned","Vault"],"picked":"MasterReality","floor":16.0},{"not_picked":["Evaluate","WheelKick+1"],"picked":"Meditate","floor":18.0},{"not_picked":["Evaluate","BowlingBash+1","FollowUp+1"],"picked":"SKIP","floor":20.0},{"not_picked":["SashWhip+1","CrushJoints+1","Tantrum+1"],"picked":"SKIP","floor":24.0},{"not_picked":["Swivel","FlyingSleeves+1"],"picked":"Blasphemy","floor":29}],"player_experience":62048,"relics_obtained":[{"floor":6.0,"key":"Girya"},{"floor":8.0,"key":"Regal Pillow"},{"floor":9.0,"key":"Kunai"},{"floor":11.0,"key":"War Paint"},{"floor":17.0,"key":"Strawberry"},{"floor":17.0,"key":"Molten Egg 2"},{"floor":17.0,"key":"Old Coin"},{"floor":21.0,"key":"Necronomicon"},{"floor":24.0,"key":"Bird Faced Urn"}],"event_choices":[{"cards_removed":["Strike_P"],"damage_healed":0.0,"max_hp_gain":0.0,"max_hp_loss":0.0,"gold_gain":0.0,"event_name":"Living Wall","player_choice":"Forget","floor":2.0,"gold_loss":0.0,"damage_taken":0.0},{"damage_healed":0.0,"max_hp_gain":0.0,"max_hp_loss":0.0,"gold_gain":0.0,"event_name":"Match and Keep!","player_choice":"1 cards matched","floor":3.0,"gold_loss":0.0,"damage_taken":0.0,"cards_obtained":["Ragnarok"]},{"damage_healed":0.0,"max_hp_gain":0.0,"max_hp_loss":0.0,"gold_gain":0.0,"event_name":"Cursed Tome","player_choice":"Obtained Book","floor":21.0,"gold_loss":0.0,"damage_taken":16.0},{"damage_healed":26.0,"max_hp_gain":0.0,"max_hp_loss":0.0,"gold_gain":0.0,"event_name":"The Library","player_choice":"Heal","floor":22.0,"gold_loss":0.0,"damage_taken":0.0},{"damage_healed":0,"gold_gain":0,"player_choice":"Shed Blood","damage_taken":20,"max_hp_gain":5,"max_hp_loss":0,"event_name":"Forgotten Altar","floor":28,"gold_loss":0},{"damage_healed":0,"gold_gain":0,"player_choice":"Got Potions","damage_taken":0,"max_hp_gain":0,"max_hp_loss":0,"event_name":"Lab","floor":31,"gold_loss":0}],"is_beta":false,"boss_relics":[{"not_picked":["Busted Crown","Runic Pyramid"],"picked":"Calling Bell"}],"items_purged_floors":[14,19],"is_endless":false,"potions_floor_spawned":[4,6,12,20],"killed_by":"Automaton","ascension_level":1}}