{"host":"5raohst9sk3kvp5v","time":1609723487,"event":{"mods":["BaseMod","Colored Powertips","Highlight Path","Minty Spire (QoL Compilation)","Quick Restart","Relic Stats","StSLib"],"gold_per_floor":[118,118,134,3,3,3,3],"floor_reached":6,"playtime":299,"items_purged":["Regret"],"score":68,"play_id":"94f4f364-2b31-4249-b620-f8a877732aab","local_time":"20210103192447","is_ascension_mode":true,"campfire_choices":[],"circlet_count":0,"master_deck":["AscendersBane","Strike_R","Strike_R","Strike_R","Strike_R","Strike_R","Defend_R","Defend_R","Defend_R","Defend_R","Bash","Barricade","Power Through","Battle Trance","Ghostly Armor","Body Slam"],"relics":["Burning Blood","Prayer Wheel","Golden Idol"],"acts_visited":["Exordium"],"potions_floor_usage":[6],"damage_taken":[{"damage":9.0,"enemies":"2 Louse","floor":1.0,"turns":5.0},{"damage":8.0,"enemies":"Small Slimes","floor":3.0,"turns":5.0},{"damage":29,"enemies":"Lagavulin","floor":6,"turns":9}],"seed_played":"-4684699646760280469","potions_obtained":[{"floor":1.0,"key":"PowerPotion"}],"is_trial":false,"path_per_floor":["M","?","M","$","?","E"],"character_chosen":"IRONCLAD","items_purchased":["Body Slam"],"campfire_rested":0,"item_purchase_floors":[4],"current_hp_per_floor":[65,65,63,63,63,34,34],"gold":3,"neow_bonus":"ONE_RANDOM_RARE_CARD","is_daily":false,"chose_seed":false,"campfire_upgraded":0,"win_rate":0.0,"timestamp":1609723487,"path_taken":["M","?","M","$","?","E"],"items_purchased_type":["Card"],"build_version":"2020-12-22","purchased_purges":1,"victory":false,"max_hp_per_floor":[75,75,75,75,68,68,68],"relic_stats":{"counters":[3,19],"Golden Idol":0,"Prayer Wheel":1,"obtain_stats":[{"Golden Idol":5,"Prayer Wheel":2,"Burning Blood":0},{"Golden Idol":2,"Prayer Wheel":1,"Burning Blood":0},{"Golden Idol":10,"Prayer Wheel":5,"Burning Blood":0}],"Burning Blood":12},"card_choices":[{"not_picked":["Hemokinesis","Thunderclap"],"picked":"Power Through","floor":1.0},{"not_picked":["Clash","Clothesline"],"picked":"Battle Trance","floor":3.0},{"not_picked":["Dropkick","Searing Blow"],"picked":"Ghostly Armor","floor":3.0}],"player_experience":1693702,"relics_obtained":[],"event_choices":[{"damage_healed":0.0,"max_hp_gain":0.0,"max_hp_loss":0.0,"gold_gain":0.0,"event_name":"Big Fish","player_choice":"Box","floor":2.0,"gold_loss":0.0,"damage_taken":0.0,"relics_obtained":["Prayer Wheel"],"cards_obtained":["Regret"]},{"damage_healed":0.0,"max_hp_gain":0.0,"max_hp_loss":7.0,"gold_gain":0.0,"event_name":"Golden Idol","player_choice":"Lose Max HP","floor":5.0,"gold_loss":0.0,"damage_taken":0.0,"relics_obtained":["Golden Idol"]}],"is_beta":false,"boss_relics":[],"items_purged_floors":[4],"is_endless":false,"potions_floor_spawned":[1],"killed_by":"Lagavulin","ascension_level":20}}