{"host":"4sjakdxyb9lejcxv","time":1609730540,"event":{"mods":["BaseMod","Downfall","Minty Spire (QoL Compilation)","StSLib"],"gold_per_floor":[117,136,136,148,58,69,93,118,43,28,40,25,25,10,10,105,105,117,128,128,126,137,137,164,179,195,52,52,66,66,66,66,66],"floor_reached":31,"playtime":2108,"items_purged":["hexamod:Strike","hexamod:Strike"],"score":237,"play_id":"32b65a29-419e-4138-9dab-8ed1ae34e677","local_time":"20210103222220","is_ascension_mode":false,"campfire_choices":[{"data":"hexamod:HexaLevel","floor":9,"key":"SMITH"},{"floor":15,"key":"REST"},{"floor":28,"key":"REST"},{"floor":30,"key":"REST"}],"circlet_count":0,"master_deck":["hexamod:Defend","hexamod:Defend","hexamod:Defend","hexamod:Defend","hexamod:Sear","hexamod:Float","hexamod:TimeWarp","hexamod:Rewind","hexamod:HeatMetal","hexamod:TimeWarp","hexamod:HexaLevel+1","hexamod:RadiantFlame","hexamod:FastForward","hexamod:Again","hexamod:ChargedBarrage","hexamod:Firestarter","hexamod:InspiringFlames","hexamod:GhostflameInferno","hexamod:Rewind","hexamod:PhantomCloak","RitualDagger+1","hexamod:FastForward","hexamod:HauntingEcho+1","hexamod:EmpoweredFlame","hexamod:ExtraCrispy","hexamod:HexaLevel+1"],"relics":["hexamod:SpiritBrand","Oddly Smooth Stone","Akabeko","downfall:HeartBlessingGreen","Pear","Fusion Hammer","Bottled Lightning","DollysMirror"],"acts_visited":["Exordium","TheCity"],"potions_floor_usage":[8,10],"damage_taken":[{"damage":0,"enemies":"Small Slimes","floor":1,"turns":3},{"damage":0,"enemies":"Cultist","floor":2,"turns":3},{"damage":5,"enemies":"Jaw Worm","floor":4,"turns":2},{"damage":0,"enemies":"downfall:FleeingMerchant","floor":5,"turns":4},{"damage":13,"enemies":"Exordium Thugs","floor":6,"turns":4},{"damage":16,"enemies":"Gremlin Nob","floor":8,"turns":5},{"damage":2,"enemies":"downfall:FleeingMerchant","floor":10,"turns":4},{"damage":6,"enemies":"Red Slaver","floor":11,"turns":4},{"damage":7,"enemies":"downfall:FleeingMerchant","floor":12,"turns":4},{"damage":12,"enemies":"downfall:FleeingMerchant","floor":14,"turns":4},{"damage":16,"enemies":"downfall:Silent","floor":16,"turns":8},{"damage":8,"enemies":"Spheric Guardian","floor":18,"turns":4},{"damage":20,"enemies":"Centurion and Healer","floor":19,"turns":8},{"damage":17,"enemies":"downfall:FleeingMerchant","floor":21,"turns":3},{"damage":5,"enemies":"Snake Plant","floor":22,"turns":4},{"damage":14,"enemies":"3 Cultists","floor":25,"turns":6},{"damage":4,"enemies":"Centurion and Healer","floor":26,"turns":5},{"damage":14,"enemies":"Snecko","floor":29,"turns":6},{"damage":49,"enemies":"Book of Stabbing","floor":31,"turns":4}],"seed_played":"-8020834697834677337","potions_obtained":[{"floor":2,"key":"Block Potion"},{"floor":4,"key":"SkillPotion"},{"floor":11,"key":"sneckomod:MuddlingPotion"},{"floor":16,"key":"EntropicBrew"},{"floor":20,"key":"CultistPotion"},{"floor":22,"key":"Energy Potion"}],"is_trial":false,"path_per_floor":["M","M","?","M","$","M","T","E","R","$","M","$","?","$","R","B",null,"M","M","?","$","M","?","T","M","M","$","R","M","R","E"],"character_chosen":"THE_SPIRIT","items_purchased":["Bottled Lightning","DollysMirror"],"campfire_rested":3,"item_purchase_floors":[21,27],"current_hp_per_floor":[70,70,70,65,65,52,52,36,36,34,28,21,31,19,43,27,80,72,52,52,35,30,30,30,16,12,12,36,22,46,0,0,0],"gold":66,"neow_bonus":"ONE_RANDOM_RARE_CARD","is_daily":false,"chose_seed":false,"campfire_upgraded":1,"win_rate":0.0,"timestamp":1609730540,"path_taken":["M","M","?","M","$","M","T","E","R","$","?","$","?","?","R","BOSS","M","M","?","$","M","?","T","M","?","$","R","M","R","E"],"items_purchased_type":["Relic","Relic"],"build_version":"2020-12-22","purchased_purges":2,"victory":false,"max_hp_per_floor":[70,70,70,70,70,70,70,70,70,70,70,70,80,80,80,80,80,80,80,80,80,80,80,80,80,80,80,80,80,80,80,80,80],"card_choices":[{"not_picked":["hexamod:ThermalTransfer","hexamod:SpectralAdrenaline"],"picked":"hexamod:Rewind","floor":1},{"not_picked":["hexamod:GhostOfSpireFuture","hexamod:Firestarter"],"picked":"hexamod:HeatMetal","floor":2},{"not_picked":["hexamod:SpectersWail","hexamod:NightmareStrike"],"picked":"hexamod:HexaLevel","floor":4},{"not_picked":["hexamod:NightmareStrike","hexamod:HeatShield"],"picked":"hexamod:RadiantFlame","floor":5},{"not_picked":["hexamod:Rewind","hexamod:NightmareStrike"],"picked":"hexamod:FastForward","floor":6},{"not_picked":["hexamod:StepThrough","hexamod:SwordOfDarkness"],"picked":"hexamod:Again","floor":8},{"not_picked":["hexamod:PhantomFireball","hexamod:ThermalTransfer"],"picked":"hexamod:ChargedBarrage","floor":10},{"not_picked":["hexamod:NightmareGuise","hexamod:Incineration"],"picked":"hexamod:Firestarter","floor":11},{"not_picked":["hexamod:SoulSteal","hexamod:NightmareStrike","hexamod:Hexaguard"],"picked":"SKIP","floor":12},{"not_picked":["hexamod:Incineration","hexamod:HauntingEcho"],"picked":"hexamod:InspiringFlames","floor":14},{"not_picked":["hexamod:FifthSeal","hexamod:UnleashSpirits"],"picked":"hexamod:GhostflameInferno","floor":16},{"not_picked":["hexamod:SpectersWail","hexamod:GhostShield"],"picked":"hexamod:Rewind","floor":18},{"not_picked":["hexamod:FirstSeal","hexamod:SpectersWail+1"],"picked":"hexamod:PhantomCloak","floor":19},{"not_picked":["hexamod:TimeOfNeed","hexamod:NightmareStrike"],"picked":"hexamod:FastForward","floor":21},{"not_picked":["hexamod:BacktrackSmack","hexamod:Haunt"],"picked":"hexamod:HauntingEcho+1","floor":22},{"not_picked":["hexamod:BacktrackSmack","hexamod:HeatShield"],"picked":"hexamod:EmpoweredFlame","floor":25},{"not_picked":["hexamod:Haunt+1","hexamod:SixthSeal"],"picked":"hexamod:ExtraCrispy","floor":26},{"not_picked":["hexamod:PhantomFireball","hexamod:GhostLash+1","hexamod:Rewind"],"picked":"SKIP","floor":29}],"player_experience":202586,"relics_obtained":[{"floor":7,"key":"Oddly Smooth Stone"},{"floor":8,"key":"Akabeko"},{"floor":13,"key":"Pear"}],"event_choices":[{"damage_healed":0,"gold_gain":0,"cards_transformed":["hexamod:Strike"],"player_choice":"Transformed","damage_taken":0,"max_hp_gain":0,"max_hp_loss":0,"event_name":"Transmorgrifier","floor":3,"gold_loss":0,"cards_obtained":["hexamod:TimeWarp"]},{"damage_healed":0,"gold_gain":0,"player_choice":"Relic","damage_taken":0,"max_hp_gain":0,"max_hp_loss":0,"event_name":"Wheel of Change","floor":13,"gold_loss":0},{"cards_removed":["hexamod:Strike"],"damage_healed":0,"gold_gain":0,"player_choice":"Offered Basic","damage_taken":0,"max_hp_gain":0,"max_hp_loss":0,"event_name":"Bonfire Elementals","floor":23,"gold_loss":0}],"is_beta":false,"boss_relics":[{"not_picked":["Empty Cage","Pandora\u0027s Box"],"picked":"Fusion Hammer"}],"items_purged_floors":[5,21],"is_endless":false,"potions_floor_spawned":[2,4,11,16,22,26],"killed_by":"Book of Stabbing","ascension_level":0}}