{"host":"fjaupvxe7fzqrf4j","time":1609749526,"event":{"mods":["ATMod(°¢èªMod)","BaseMod","Minty Spire (QoL Compilation)","StSLib"],"gold_per_floor":[115,134,134,34,49,78,105,105,105,132,132,157,176,203,203,279,279,298,59,59,73,73,404,404,432,432,432,463,18,52,78,78,152,152,165,180,205,43,62,91,129,166,201,213,225,269,315,356,368,380,392,404,416,115,145,145],"floor_reached":57,"playtime":2038,"items_purged":["Reprogram","Streamline","Hologram+1"],"score":4216,"play_id":"ed0e563a-f101-46e6-acbb-5a932a278a8a","local_time":"20210104163846","daily_mods":["SealedDeck","Heirloom","Time Dilation","Flight","Elite Swarm"],"is_ascension_mode":true,"campfire_choices":[{"floor":8.0,"key":"REST"},{"floor":11.0,"key":"REST"},{"data":"AT_RightCognition","floor":15.0,"key":"SMITH"},{"floor":24.0,"key":"REST"},{"floor":27.0,"key":"REST"},{"data":"Seek","floor":32.0,"key":"SMITH"},{"data":"Heatsinks","floor":44.0,"key":"SMITH"},{"data":"Seek","floor":45.0,"key":"SMITH"},{"floor":49.0,"key":"RECALL"},{"data":"Biased Cognition","floor":53.0,"key":"SMITH"}],"circlet_count":0,"master_deck":["AscendersBane","Ball Lightning","Defragment+1","White Noise","Heatsinks+1","Conserve Battery","Coolheaded+1","Ball Lightning","Turbo","AT_WaterDrop","Biased Cognition+1","Seek+1","AT_RightCognition+1","Seek+1","Capacitor","Coolheaded","Electrodynamics","Creative AI","Echo Form+1","Defragment+1","Amplify+1","White Noise+1","AT_EMC2+1","Buffer+1","Biased Cognition+1","Self Repair+1"],"relics":["Cracked Core","AT_ATBox","Calipers","AT_RedNoBalance","Mummified Hand","Sundial","AT_SunfireAegis","Pocketwatch","AT_BladeRuinedKing","Runic Pyramid","Enchiridion","Old Coin","Symbiotic Virus","Pantograph","OrangePellets","Frozen Egg 2","Toy Ornithopter","Mango","Astrolabe","AT_LudenTempest","Membership Card","MawBank","AT_GoldPhoenixTree","AT_Kusabimaru","War Paint","Gambling Chip","Pear","Gremlin Horn","AT_ChloranthyRing","AT_TimeSand","CaptainsWheel"],"acts_visited":["Exordium","TheCity","TheBeyond","TheEnding"],"potions_floor_usage":[56,56],"damage_taken":[{"damage":0.0,"enemies":"Cultist","floor":1.0,"turns":3.0},{"damage":3.0,"enemies":"Small Slimes","floor":2.0,"turns":3.0},{"damage":1.0,"enemies":"Jaw Worm","floor":5.0,"turns":3.0},{"damage":10.0,"enemies":"Gremlin Nob","floor":6.0,"turns":3.0},{"damage":0.0,"enemies":"3 Sentries","floor":7.0,"turns":9.0},{"damage":18.0,"enemies":"Gremlin Nob","floor":10.0,"turns":4.0},{"damage":0.0,"enemies":"3 Sentries","floor":12.0,"turns":5.0},{"damage":7.0,"enemies":"Blue Slaver","floor":13.0,"turns":3.0},{"damage":0.0,"enemies":"Lagavulin","floor":14.0,"turns":4.0},{"damage":11.0,"enemies":"Hexaghost","floor":16.0,"turns":5.0},{"damage":0.0,"enemies":"Chosen","floor":18.0,"turns":2.0},{"damage":0.0,"enemies":"2 Thieves","floor":21.0,"turns":2.0},{"damage":4.0,"enemies":"Slavers","floor":23.0,"turns":3.0},{"damage":17.0,"enemies":"Book of Stabbing","floor":25.0,"turns":3.0},{"damage":0.0,"enemies":"Gremlin Leader","floor":28.0,"turns":2.0},{"damage":22.0,"enemies":"Slavers","floor":30.0,"turns":3.0},{"damage":0.0,"enemies":"Book of Stabbing","floor":31.0,"turns":3.0},{"damage":0.0,"enemies":"Automaton","floor":33.0,"turns":3.0},{"damage":4.0,"enemies":"3 Darklings","floor":35.0,"turns":2.0},{"damage":0.0,"enemies":"3 Shapes","floor":36.0,"turns":1.0},{"damage":0.0,"enemies":"Mind Bloom Boss Battle","floor":37.0,"turns":3.0},{"damage":0.0,"enemies":"Spire Growth","floor":39.0,"turns":2.0},{"damage":0.0,"enemies":"Reptomancer","floor":40.0,"turns":1.0},{"damage":0.0,"enemies":"Giant Head","floor":41.0,"turns":3.0},{"damage":0.0,"enemies":"Nemesis","floor":42.0,"turns":1.0},{"damage":0.0,"enemies":"Giant Head","floor":46.0,"turns":2.0},{"damage":0.0,"enemies":"Reptomancer","floor":47.0,"turns":2.0},{"damage":0.0,"enemies":"Giant Head","floor":48.0,"turns":2.0},{"damage":0.0,"enemies":"Time Eater","floor":50.0,"turns":3.0},{"damage":0.0,"enemies":"Donu and Deca","floor":51.0,"turns":1.0},{"damage":0.0,"enemies":"Shield and Spear","floor":55.0,"turns":1.0},{"damage":32,"enemies":"The Heart","floor":56,"turns":5}],"seed_played":"-2259316189062898387","potions_obtained":[{"floor":2.0,"key":"EssenceOfDarkness"},{"floor":6.0,"key":"CultistPotion"},{"floor":13.0,"key":"ColorlessPotion"},{"floor":25.0,"key":"Energy Potion"}],"is_trial":true,"path_per_floor":["M","M","?","$","M","E","E","R","T","E","R","E","M","E","R","B",null,"M","$","?","M","?","E","R","E","T","R","E","$","E","E","R","B",null,"M","M","?","$","M","E","E","E","T","R","R","E","E","E","R","B","B",null,"R","$","E","B",null],"character_chosen":"DEFECT","items_purchased":["Turbo","Capacitor","Coolheaded","OrangePellets","Frozen Egg 2","Membership Card","AT_ChloranthyRing","AT_TimeSand","Self Repair+1"],"campfire_rested":4,"item_purchase_floors":[4,19,19,29,29,38,54,54,54],"current_hp_per_floor":[64,61,61,61,60,50,35,56,56,17,38,35,28,35,35,24,59,35,35,35,35,14,10,31,14,14,35,35,35,13,27,27,52,77,73,73,85,85,85,85,85,85,85,85,85,85,95,95,95,95,95,95,95,95,95,93],"gold":145,"neow_bonus":"","is_daily":false,"chose_seed":false,"campfire_upgraded":5,"win_rate":0.0,"timestamp":1609749526,"path_taken":["M","?","?","$","M","E","E","R","T","E","R","E","?","E","R","BOSS","M","$","?","?","?","E","R","E","T","R","E","?","E","E","R","BOSS","M","M","?","$","M","E","E","E","T","R","R","E","E","E","R","BOSS","BOSS","R","$","E","BOSS"],"items_purchased_type":["Card","Card","Card","Relic","Relic","Relic","Relic","Relic","Card"],"build_version":"2020-12-22","purchased_purges":3,"victory":true,"max_hp_per_floor":[71,71,71,71,71,71,71,71,71,71,71,71,71,71,71,71,71,71,71,71,71,71,71,71,71,71,71,71,71,71,85,85,85,85,85,85,85,85,85,85,85,85,85,85,85,85,95,95,95,95,95,95,95,95,95,95],"card_choices":[{"not_picked":["Storm","Self Repair"],"picked":"Coolheaded","floor":1.0},{"not_picked":["Gash","AT_HeatAcrobatics"],"picked":"Ball Lightning","floor":2.0},{"not_picked":["Scrape","Sweeping Beam","Compile Driver"],"picked":"SKIP","floor":5.0},{"not_picked":["Buffer","Hyperbeam"],"picked":"AT_WaterDrop","floor":6.0},{"not_picked":["Meteor Strike","All For One"],"picked":"Biased Cognition","floor":7.0},{"not_picked":["Reboot","Thunder Strike"],"picked":"Seek","floor":10.0},{"not_picked":["Hyperbeam","Creative AI"],"picked":"AT_RightCognition","floor":12.0},{"not_picked":["Sweeping Beam","AT_HeatAcrobatics","Genetic Algorithm"],"picked":"SKIP","floor":13.0},{"not_picked":["AT_WaterDrop","Reboot","Amplify"],"picked":"SKIP","floor":14.0},{"not_picked":["Thunder Strike","Amplify"],"picked":"Seek","floor":16.0},{"not_picked":["AT_ThreeBodyProblem","Go for the Eyes","Undo+1"],"picked":"SKIP","floor":18.0},{"not_picked":["AT_HeatAcrobatics","Beam Cell","Redo"],"picked":"SKIP","floor":21.0},{"not_picked":["Creative AI","Core Surge"],"picked":"Electrodynamics","floor":23.0},{"not_picked":["Multi-Cast","Rainbow","Biased Cognition"],"picked":"SKIP","floor":25.0},{"not_picked":["Rainbow","Meteor Strike"],"picked":"Creative AI","floor":28.0},{"not_picked":["Reboot","Rainbow"],"picked":"Echo Form+1","floor":30.0},{"not_picked":["Seek","Amplify","Meteor Strike"],"picked":"SKIP","floor":31.0},{"not_picked":["Multi-Cast","Echo Form+1"],"picked":"Buffer+1","floor":33.0},{"not_picked":["Turbo","Steam Power+1","Hologram"],"picked":"SKIP","floor":35.0},{"not_picked":["Lockon","Ball Lightning"],"picked":"AT_EMC2+1","floor":36.0},{"not_picked":["Steam","Go for the Eyes"],"picked":"Buffer+1","floor":39.0},{"not_picked":["Echo Form+1","Creative AI+1","Electrodynamics+1"],"picked":"SKIP","floor":40.0},{"not_picked":["Creative AI+1","Multi-Cast","Amplify"],"picked":"SKIP","floor":41.0},{"not_picked":["Buffer+1","Multi-Cast","Meteor Strike"],"picked":"SKIP","floor":42.0},{"not_picked":["Core Surge","Machine Learning+1","Meteor Strike"],"picked":"SKIP","floor":46.0},{"not_picked":["Seek","AT_RightCognition+1"],"picked":"Biased Cognition+1","floor":47.0},{"not_picked":["Rainbow","Multi-Cast","Machine Learning+1"],"picked":"SKIP","floor":48.0},{"not_picked":["Core Surge","Amplify","Meteor Strike"],"picked":"SKIP","floor":55.0}],"player_experience":335318,"relics_obtained":[{"floor":6.0,"key":"AT_SilverBalance"},{"floor":7.0,"key":"Mummified Hand"},{"floor":9.0,"key":"Sundial"},{"floor":10.0,"key":"AT_SunfireAegis"},{"floor":12.0,"key":"Pocketwatch"},{"floor":14.0,"key":"AT_BladeRuinedKing"},{"floor":22.0,"key":"Enchiridion"},{"floor":23.0,"key":"Old Coin"},{"floor":25.0,"key":"Symbiotic Virus"},{"floor":28.0,"key":"Pantograph"},{"floor":30.0,"key":"Toy Ornithopter"},{"floor":31.0,"key":"Mango"},{"floor":37.0,"key":"AT_LudenTempest"},{"floor":40.0,"key":"MawBank"},{"floor":41.0,"key":"AT_GoldPhoenixTree"},{"floor":42.0,"key":"AT_Kusabimaru"},{"floor":43.0,"key":"War Paint"},{"floor":46.0,"key":"Gambling Chip"},{"floor":47.0,"key":"Pear"},{"floor":48.0,"key":"Gremlin Horn"},{"floor":55.0,"key":"CaptainsWheel"}],"event_choices":[{"damage_healed":0.0,"max_hp_gain":0.0,"max_hp_loss":0.0,"gold_gain":0.0,"event_name":"Accursed Blacksmith","player_choice":"Forge","floor":3.0,"gold_loss":0.0,"damage_taken":0.0,"cards_upgraded":["Defragment"]},{"damage_healed":0.0,"max_hp_gain":0.0,"max_hp_loss":0.0,"gold_gain":0.0,"event_name":"Match and Keep!","player_choice":"0 cards matched","floor":20.0,"gold_loss":0.0,"damage_taken":0.0,"cards_obtained":[]},{"damage_healed":0.0,"max_hp_gain":0.0,"max_hp_loss":0.0,"gold_gain":0.0,"event_name":"Cursed Tome","player_choice":"Obtained Book","floor":22.0,"gold_loss":0.0,"damage_taken":21.0},{"damage_healed":0.0,"max_hp_gain":0.0,"max_hp_loss":0.0,"gold_gain":0.0,"event_name":"MindBloom","player_choice":"Fight","floor":37.0,"gold_loss":0.0,"damage_taken":0.0}],"is_beta":false,"boss_relics":[{"not_picked":["Empty Cage","Calling Bell"],"picked":"Runic Pyramid"},{"not_picked":["Busted Crown","Sozu"],"picked":"Astrolabe"}],"items_purged_floors":[4,19,54],"is_endless":false,"potions_floor_spawned":[2,6,13,14,25,30,33,35,39,41,47,48],"ascension_level":20}}