{"host":"65mk3suhfjklhbko","time":1609783814,"event":{"mods":["AchievementEnabler","BaseMod","Bestiary","Minty Spire (QoL Compilation)","Quick Restart","StSLib"],"gold_per_floor":[144,38,38,83,158,158,248,293,293,293,393,393,438,483,573,573,873,873,918,506,551,596,428,428,428],"floor_reached":24,"playtime":1026,"items_purged":[],"score":231,"play_id":"e297200e-476e-4926-bdff-e34d68341ec4","local_time":"20210104131014","daily_mods":["Chimera","Diverse","Midas"],"is_ascension_mode":false,"campfire_choices":[{"floor":6.0,"key":"REST"},{"floor":10.0,"key":"REST"},{"floor":12.0,"key":"REST"},{"floor":16.0,"key":"REST"}],"circlet_count":0,"master_deck":["Bash","Survivor","Zap","Eruption","Strike_R","Strike_G","Strike_B","Defend_R","Defend_G","Defend_P","EmptyFist","Disarm","Spot Weakness","Genetic Algorithm","Cleave","Poisoned Stab","CutThroughFate","Creative AI","Metallicize","TalkToTheHand","Footwork","Pray+1","Fusion+1","Madness+1"],"relics":["Cracked Core","Happy Flower","Toxic Egg 2","Thread and Needle","Inserter","Membership Card","Orichalcum","Blood Vial","Singing Bowl"],"acts_visited":[],"potions_floor_usage":[],"damage_taken":[{"damage":0.0,"enemies":"Cultist","floor":1.0,"turns":3.0},{"damage":0.0,"enemies":"Small Slimes","floor":4.0,"turns":2.0},{"damage":32.0,"enemies":"Gremlin Nob","floor":7.0,"turns":4.0},{"damage":0.0,"enemies":"2 Louse","floor":8.0,"turns":4.0},{"damage":3.0,"enemies":"2 Fungi Beasts","floor":13.0,"turns":3.0},{"damage":4.0,"enemies":"Blue Slaver","floor":14.0,"turns":4.0},{"damage":28.0,"enemies":"Lagavulin","floor":15.0,"turns":6.0},{"damage":10.0,"enemies":"The Guardian","floor":17.0,"turns":11.0},{"damage":35.0,"enemies":"Spheric Guardian","floor":19.0,"turns":7.0},{"damage":3.0,"enemies":"2 Thieves","floor":21.0,"turns":5.0},{"damage":0.0,"enemies":"Snecko","floor":22.0,"turns":7.0},{"damage":53,"enemies":"Slavers","floor":24,"turns":1}],"seed_played":"-6631355389535803282","potions_obtained":[{"floor":7.0,"key":"BlessingOfTheForge"},{"floor":8.0,"key":"Energy Potion"},{"floor":13.0,"key":"Energy Potion"},{"floor":17.0,"key":"FocusPotion"}],"is_trial":false,"path_per_floor":["M","$","?","M","?","R","E","M","T","R","?","R","M","M","E","R","B",null,"M","$","M","M","$","E"],"character_chosen":"DEFECT","items_purchased":["Disarm","Spot Weakness","TalkToTheHand","Footwork","Membership Card","Orichalcum","Blood Vial","Singing Bowl","Madness+1"],"campfire_rested":4,"item_purchase_floors":[2,2,20,20,20,20,20,23,23],"current_hp_per_floor":[75,75,75,75,64,75,43,43,43,65,65,75,72,68,40,62,52,75,40,40,39,41,41,0,0],"gold":428,"neow_bonus":"","is_daily":true,"chose_seed":false,"campfire_upgraded":0,"win_rate":0.0,"timestamp":1609783814,"path_taken":["M","$","?","M","?","R","E","M","T","R","?","R","M","M","E","R","BOSS","M","$","M","?","$","E"],"items_purchased_type":["Card","Card","Card","Card","Relic","Relic","Relic","Relic","Card"],"build_version":"2020-12-22","purchased_purges":0,"victory":false,"max_hp_per_floor":[75,75,75,75,75,75,75,75,75,75,75,75,75,75,75,75,75,75,75,75,75,75,75,75,75],"card_choices":[{"not_picked":["Halt","Feel No Pain"],"picked":"EmptyFist","floor":1.0},{"not_picked":["Second Wind","Halt"],"picked":"Genetic Algorithm","floor":4.0},{"not_picked":["True Grit+1","CutThroughFate"],"picked":"Cleave","floor":13.0},{"not_picked":["Rage+1","Go for the Eyes"],"picked":"Poisoned Stab","floor":14.0},{"not_picked":["Prepared+1","Sunder"],"picked":"CutThroughFate","floor":15.0},{"not_picked":["Phantasmal Killer+1","Multi-Cast+1"],"picked":"Creative AI","floor":17.0},{"not_picked":["Rupture","Coolheaded+1"],"picked":"Metallicize","floor":19.0},{"not_picked":["Cleave","Sweeping Beam"],"picked":"Pray+1","floor":21.0},{"not_picked":["Capacitor+1","Steam Power+1"],"picked":"Fusion+1","floor":22.0}],"player_experience":629865,"relics_obtained":[{"floor":7.0,"key":"Happy Flower"},{"floor":9.0,"key":"Toxic Egg 2"},{"floor":15.0,"key":"Thread and Needle"}],"event_choices":[{"damage_healed":0.0,"max_hp_gain":0.0,"max_hp_loss":0.0,"gold_gain":0.0,"event_name":"The Cleric","player_choice":"Leave","floor":3.0,"gold_loss":0.0,"damage_taken":0.0},{"damage_healed":0.0,"max_hp_gain":0.0,"max_hp_loss":0.0,"gold_gain":75.0,"event_name":"World of Goop","player_choice":"Gather Gold","floor":5.0,"gold_loss":0.0,"damage_taken":11.0},{"damage_healed":0.0,"max_hp_gain":0.0,"max_hp_loss":0.0,"gold_gain":100.0,"event_name":"Golden Shrine","player_choice":"Pray","floor":11.0,"gold_loss":0.0,"damage_taken":0.0}],"is_beta":false,"boss_relics":[{"not_picked":["Black Star","Cursed Key"],"picked":"Inserter"}],"items_purged_floors":[],"is_endless":false,"potions_floor_spawned":[7,8,13,17,22],"killed_by":"Slavers","ascension_level":0}}