{"host":"0azimyi6n3ugndj4","time":1609785620,"event":{"mods":["2.2 Compatiblity","BaseMod","Bestiary","Conspire","Curses Come First","Defuse TimeMaze Blight","Hermit","Hyrulean Relics","Infinite Spire","Minty Spire (QoL Compilation)","Relic Stats","Replay The Spire","StSLib","SuperFastMode","The Cursed","The Hierophant","Uncapped","¡¼?Úª?ø«¡½REMEMod"],"gold_per_floor":[150,210,210,210,210,210,245,245,245,365,445,703,853,247,247,440,440,440,440,518,518,101,206,256,345,372,347,347],"floor_reached":27,"playtime":537,"items_purged":[],"score":678,"play_id":"7cee42ff-cc79-45a4-9778-6b9ea98a22b3","local_time":"20210105034020","daily_mods":["SealedDeck","Hoarder","Insanity","Chimera","Specialized","Vintage","ControlledChaos","Allstar","Diverse","Colorless Cards","Heirloom","Time Dilation","Flight","Elite Swarm","Lethality","Midas","Binary"],"is_ascension_mode":true,"campfire_choices":[{"floor":6,"key":"REST"},{"floor":8,"key":"REST"},{"floor":15,"key":"REST"}],"circlet_count":0,"master_deck":["Demon Form","Wraith Form v2+1","Echo Form","DevaForm","AscendersBane","Bash","Survivor","Zap","Strike_R","Strike_G","Strike_B","Defend_R","Defend_G","Defend_P","hermit:ShadowCloak","TheCursedMod:RavingStaff","Sword Boomerang","Flex","hermit:Misfire","Dagger Throw","Havoc","hierophant:ThreeLashes","hierophant:PassingBell","hierophant:FieryStrike","Reprogram","REME_SelfUpgrade","ReplayTheSpireMod:Calculation Training+1","Wild Strike","Go for the Eyes","Streamline","CutThroughFate","hierophant:ThreeLashes","hermit:Misfire","Underhanded Strike","Redo","EmptyBody","hermit:HoleUp","Deflect","hierophant:Bribe","Acrobatics","hermit:Showdown","TheCursedMod:SaltUponWound","Blizzard","hermit:Feint","TheCursedMod:Torture","TheCursedMod:FleshFromBone","Ball Lightning","Reflex","REME_TheoryOfElimination","hermit:Headshot","hierophant:Remorse","Hologram","All Out Attack","Underhanded Strike","hermit:Vantage","Terror","BasicCrystalCard","TheCursedMod:SurpriseAttack","hierophant:Bribe","hermit:WideOpen","Deflect","hierophant:Flagellation","Barrage","Consecrate","Consecrate","Consecrate","Consecrate","Consecrate","Consecrate","Consecrate","Consecrate","Consecrate","Consecrate","Consecrate","Consecrate","Consecrate","Consecrate","Consecrate","hierophant:MirrorShield","hierophant:MirrorShield","hierophant:MirrorShield","REME_TwoStrings","REME_TwoStrings","REME_TwoStrings","hierophant:HolyVerse","hierophant:HolyVerse","hierophant:HolyVerse","hermit:LowProfile","hermit:LowProfile","hermit:LowProfile","Shrug It Off","Shrug It Off","Shrug It Off","PathToVictory","PathToVictory","PathToVictory","hermit:Horror","hermit:Horror","hermit:Horror","ReplayTheSpireMod:Shiv Toss","ReplayTheSpireMod:Shiv Toss","ReplayTheSpireMod:Shiv Toss","hierophant:AuricShield","hierophant:AuricShield","hierophant:AuricShield","Disarm","Disarm","Disarm","Crippling Poison","Crippling Poison","Crippling Poison","hierophant:Alms","hierophant:Alms","hierophant:Alms","WindmillStrike","WindmillStrike","WindmillStrike","Wraith Form v2","Wraith Form v2","Wraith Form v2","Writhe","Writhe"],"relics":["Frozen Eye","Busted Crown","REME_ComplimentaryCards","Replay:PocketPolymizer","ReplayTheSpireMod:Shallot","Paper Crane","Darkstone Periapt","Sizzling Blood","REME_ArchaeologicalTools","zeldaRelics:CourageTriforce","Mirror","infinitespire:WardingShard","Snake Skull","Boot","infinitespire:PuzzleCube","Gremlin Food","DollysMirror","conspire:RoyalGoblet","Oddly Smooth Stone","PreservedInsect","REME_PoisonedDagger","Membership Card","Sundial","ReplayTheSpireMod:Lightbulb","zeldaRelics:WisdomPiece"],"acts_visited":["Exordium","TheCity"],"potions_floor_usage":[14,27,27],"damage_taken":[{"damage":0,"enemies":"Cultist","floor":1,"turns":2},{"damage":0,"enemies":"2 Louse","floor":2,"turns":1},{"damage":11,"enemies":"Small Slimes","floor":7,"turns":2},{"damage":18,"enemies":"Exordium Thugs","floor":10,"turns":3},{"damage":0,"enemies":"Large Slime","floor":11,"turns":3},{"damage":2,"enemies":"conspire:MimicChest","floor":13,"turns":5},{"damage":14,"enemies":"The Guardian","floor":16,"turns":8},{"damage":13,"enemies":"2 Thieves","floor":18,"turns":2},{"damage":15,"enemies":"Chosen","floor":20,"turns":5},{"damage":32,"enemies":"Slavers","floor":23,"turns":4},{"damage":29,"enemies":"Replay:Snechameleon","floor":25,"turns":5},{"damage":13,"enemies":"Book of Stabbing","floor":27,"turns":2}],"seed_played":"-94552991693244184","potions_obtained":[{"floor":1,"key":"CultistPotion"},{"floor":13,"key":"LifebloodPotion"},{"floor":20,"key":"Elixir"},{"floor":25,"key":"GamblersBrew"}],"is_trial":true,"path_per_floor":["M","M","?","?","?","R","M","R","T","M","M","?","?","$","R","B",null,"M","?","M","?","$","E","?","E","T","E"],"character_chosen":"THE_SILENT","items_purchased":["infinitespire:PuzzleCube","Gremlin Food","Fruit Juice","DollysMirror","Membership Card","Sundial","ReplayTheSpireMod:Lightbulb"],"campfire_rested":3,"item_purchase_floors":[14,14,14,14,22,22,22],"current_hp_per_floor":[59,59,24,28,7,28,21,42,42,28,32,9,11,16,38,28,63,54,72,61,61,61,33,33,8,8,0,0],"gold":347,"neow_bonus":"","is_daily":false,"chose_seed":false,"campfire_upgraded":0,"win_rate":0.0,"timestamp":1609785620,"path_taken":["M","?","?","?","?","R","M","R","T","?","M","?","?","?","R","BOSS","M","?","?","?","$","E","?","E","T","E"],"items_purchased_type":["Relic","Relic","Potion","Relic","Relic","Relic","Relic"],"build_version":"2020-12-22","purchased_purges":0,"victory":false,"max_hp_per_floor":[66,66,66,70,70,70,70,70,70,70,70,70,70,75,75,75,75,75,93,93,93,93,93,93,93,93,93,93],"relic_stats":{"Darkstone Periapt":18,"Busted Crown":16,"counters":[12,42],"Sundial":[0],"Snake Skull":[6],"PreservedInsect":121,"Boot":[8],"obtain_stats":[{"Darkstone Periapt":3,"Replay:PocketPolymizer":0,"conspire:RoyalGoblet":17,"Snake Skull":12,"Sizzling Blood":4,"Boot":13,"Frozen Eye":0,"DollysMirror":14,"Sundial":22,"REME_ArchaeologicalTools":7,"zeldaRelics:CouragePiece":9,"Ring of the Snake":0,"Gremlin Food":14,"zeldaRelics:WisdomPiece":26,"Oddly Smooth Stone":18,"PreservedInsect":19,"Paper Crane":2,"REME_PoisonedDagger":20,"zeldaRelics:CourageTriforce":25,"Busted Crown":0,"ReplayTheSpireMod:Shallot":1,"infinitespire:WardingShard":11,"Membership Card":22,"Mirror":10,"ReplayTheSpireMod:Lightbulb":22,"infinitespire:PuzzleCube":14,"REME_ComplimentaryCards":0},{"Darkstone Periapt":2,"Replay:PocketPolymizer":0,"conspire:RoyalGoblet":7,"Snake Skull":5,"Sizzling Blood":2,"Boot":6,"Frozen Eye":0,"DollysMirror":6,"Sundial":9,"REME_ArchaeologicalTools":3,"zeldaRelics:CouragePiece":3,"Ring of the Snake":0,"Gremlin Food":6,"zeldaRelics:WisdomPiece":11,"Oddly Smooth Stone":8,"PreservedInsect":8,"Paper Crane":2,"REME_PoisonedDagger":9,"zeldaRelics:CourageTriforce":11,"Busted Crown":0,"ReplayTheSpireMod:Shallot":1,"infinitespire:WardingShard":5,"Membership Card":9,"Mirror":4,"ReplayTheSpireMod:Lightbulb":9,"infinitespire:PuzzleCube":6,"REME_ComplimentaryCards":0},{"Darkstone Periapt":3,"Replay:PocketPolymizer":0,"conspire:RoyalGoblet":24,"Snake Skull":11,"Sizzling Blood":3,"Boot":16,"Frozen Eye":0,"DollysMirror":16,"Sundial":31,"REME_ArchaeologicalTools":5,"zeldaRelics:CouragePiece":5,"Ring of the Snake":0,"Gremlin Food":16,"zeldaRelics:WisdomPiece":40,"Oddly Smooth Stone":26,"PreservedInsect":26,"Paper Crane":3,"REME_PoisonedDagger":31,"zeldaRelics:CourageTriforce":40,"Busted Crown":0,"ReplayTheSpireMod:Shallot":2,"infinitespire:WardingShard":11,"Membership Card":31,"Mirror":8,"ReplayTheSpireMod:Lightbulb":31,"infinitespire:PuzzleCube":16,"REME_ComplimentaryCards":0}]},"card_choices":[],"player_experience":1522643,"relics_obtained":[{"floor":1,"key":"ReplayTheSpireMod:Shallot"},{"floor":2,"key":"Paper Crane"},{"floor":7,"key":"REME_ArchaeologicalTools"},{"floor":9,"key":"zeldaRelics:CouragePiece"},{"floor":10,"key":"Mirror"},{"floor":11,"key":"infinitespire:WardingShard"},{"floor":12,"key":"Snake Skull"},{"floor":13,"key":"Boot"},{"floor":18,"key":"Oddly Smooth Stone"},{"floor":20,"key":"REME_PoisonedDagger"},{"floor":23,"key":"zeldaRelics:CouragePiece"},{"floor":25,"key":"zeldaRelics:CouragePiece"},{"floor":26,"key":"zeldaRelics:WisdomPiece"}],"event_choices":[{"damage_healed":0,"gold_gain":0,"player_choice":"Success","damage_taken":35,"relics_obtained":["Darkstone Periapt"],"max_hp_gain":0,"max_hp_loss":0,"event_name":"Scrap Ooze","floor":3,"gold_loss":0},{"damage_healed":0,"gold_gain":0,"player_choice":"Entered Light","damage_taken":21,"max_hp_gain":0,"max_hp_loss":0,"event_name":"Shining Light","floor":5,"gold_loss":0,"cards_upgraded":["Replay:AtTheReady","ReplayTheSpireMod:Calculation Training"]},{"damage_healed":0,"gold_gain":0,"player_choice":"Opened","damage_taken":0,"relics_obtained":["PreservedInsect"],"max_hp_gain":0,"max_hp_loss":0,"event_name":"The Mausoleum","floor":19,"gold_loss":0,"cards_obtained":["Writhe"]},{"cards_removed":["Writhe"],"damage_healed":0,"gold_gain":0,"player_choice":"Elegance","damage_taken":0,"max_hp_gain":0,"max_hp_loss":0,"event_name":"Back to Basics","floor":21,"gold_loss":0},{"damage_healed":0,"gold_gain":50,"player_choice":"Stole From Cult","damage_taken":0,"max_hp_gain":0,"max_hp_loss":0,"event_name":"Nest","floor":24,"gold_loss":0}],"is_beta":false,"boss_relics":[{"not_picked":["Snecko Eye","ReplayTheSpireMod:SealedPack"],"picked":"conspire:RoyalGoblet"}],"items_purged_floors":[],"is_endless":false,"potions_floor_spawned":[1,13,20,25],"killed_by":"Book of Stabbing","ascension_level":20}}