{"host":"Ceyx","time":1609771873,"event":{"mods":["BaseMod","Beaked The Cultist","BetterRewards","Conspire","Downfall","Hermit","Lobotomy","Minty Spire (QoL Compilation)","Shop Mod","StSLib","The Jungle","The Poker Player"],"gold_per_floor":[117,117,129,129,144,144,144,157,157,157,11,24,42,42,42,146,146,165,185,185,220,220,220,220],"floor_reached":22,"playtime":1577,"items_purged":[],"score":226,"play_id":"99a8974e-7083-4912-83c3-742d4f0c5494","local_time":"20210104215113","is_ascension_mode":false,"metric_token":786,"campfire_choices":[{"data":"PokerPlayerMod:TrumpStrike","floor":6,"key":"SMITH"},{"floor":10,"key":"REST"},{"data":"PokerPlayerMod:CloakAndDiamond","floor":15,"key":"SMITH"}],"circlet_count":0,"master_deck":["PokerPlayerMod:Diamond1","PokerPlayerMod:Diamond2","PokerPlayerMod:Diamond3","PokerPlayerMod:Diamond5","PokerPlayerMod:Diamond5","PokerPlayerMod:Spade1","PokerPlayerMod:Spade2","PokerPlayerMod:Spade3","PokerPlayerMod:Spade4","PokerPlayerMod:Club1","PokerPlayerMod:Club2","PokerPlayerMod:Heart3","PokerPlayerMod:TrumpStrike+1","PokerPlayerMod:BadJoker","PokerPlayerMod:Mulligan","PokerPlayerMod:Diamond5","PokerPlayerMod:Club2","PokerPlayerMod:Diamond4","PokerPlayerMod:CardBurn","PokerPlayerMod:CloakAndDiamond+1","PokerPlayerMod:Diamond2","PokerPlayerMod:Diamond9","PokerPlayerMod:CardPrinter","PokerPlayerMod:CardBurn","PokerPlayerMod:ThinkingTime","PokerPlayerMod:Diamond2"],"relics":["PokerPlayerMod:DeckCase","CogitoBucket","Vajra","PokerPlayerMod:PendantOfEscape","conspire:SeveredTorchhead","PokerPlayerMod:ClubPass"],"acts_visited":["Exordium","TheCity"],"potions_floor_usage":[13,16,21,21,22],"damage_taken":[{"damage":11,"enemies":"Jaw Worm","floor":1,"turns":3},{"damage":10,"enemies":"Small Slimes","floor":3,"turns":3},{"damage":14,"enemies":"conspire:RoseBush","floor":5,"turns":3},{"damage":6,"enemies":"Exordium Thugs","floor":8,"turns":3},{"damage":6,"enemies":"Gremlin Gang","floor":12,"turns":2},{"damage":3,"enemies":"conspire:2 RoseBushes","floor":13,"turns":2},{"damage":0,"enemies":"Slime Boss","floor":16,"turns":7},{"damage":19,"enemies":"2 Thieves","floor":18,"turns":3},{"damage":10,"enemies":"Shell Parasite","floor":19,"turns":3},{"damage":12,"enemies":"conspire:MimicChest","floor":21,"turns":4},{"damage":23,"enemies":"conspire:HollyBat","floor":22,"turns":2}],"seed_played":"2017726069241522300","potions_obtained":[{"floor":1,"key":"AttackPotion"},{"floor":3,"key":"Energy Potion"},{"floor":5,"key":"Dexterity Potion"},{"floor":13,"key":"LiquidBronze"},{"floor":21,"key":"EssenceOfSteel"}],"is_trial":false,"path_per_floor":["M","?","M","?","M","R","?","M","T","R","$","M","M","?","R","B",null,"M","M","?","?","M"],"character_chosen":"THE_POKER_PLAYER","items_purchased":["PokerPlayerMod:PendantOfEscape"],"campfire_rested":1,"item_purchase_floors":[11],"current_hp_per_floor":[41,31,21,21,11,11,11,8,8,23,23,17,23,23,23,30,52,33,29,29,20,0,0,0],"gold":220,"neow_bonus":"","is_daily":false,"chose_seed":false,"campfire_upgraded":2,"win_rate":0.0,"timestamp":1609771873,"path_taken":["M","?","M","?","M","R","?","?","T","R","$","?","M","?","R","BOSS","M","M","?","?","?"],"items_purchased_type":["Relic"],"build_version":"2020-12-18","purchased_purges":0,"victory":false,"max_hp_per_floor":[52,52,52,52,52,52,52,52,52,52,52,52,52,52,52,52,52,52,52,52,52,52,52,52],"card_choices":[{"not_picked":["PokerPlayerMod:ClubsClub","PokerPlayerMod:CardPrinter"],"picked":"PokerPlayerMod:Diamond5","floor":1},{"not_picked":["UniverseFragment","Funeral"],"picked":"FieryBird","floor":3},{"not_picked":["PokerPlayerMod:CardBurn","PokerPlayerMod:DiamondStrike"],"picked":"PokerPlayerMod:Club2","floor":3},{"not_picked":["PokerPlayerMod:ClubShade","PokerPlayerMod:Extraction"],"picked":"PokerPlayerMod:Diamond4","floor":5},{"not_picked":["PokerPlayerMod:SpadeStrike","PokerPlayerMod:ClubsClub"],"picked":"PokerPlayerMod:CardBurn","floor":8},{"not_picked":["PokerPlayerMod:JackOfSpades","PokerPlayerMod:Club4"],"picked":"PokerPlayerMod:CloakAndDiamond","floor":12},{"not_picked":["PokerPlayerMod:DartThrow","PokerPlayerMod:Spade2"],"picked":"PokerPlayerMod:Diamond2","floor":13},{"not_picked":["PokerPlayerMod:Spade9","PokerPlayerMod:ItsShowtime"],"picked":"PokerPlayerMod:Diamond9","floor":16},{"not_picked":["PokerPlayerMod:CardBurn","PokerPlayerMod:Spade5"],"picked":"PokerPlayerMod:CardPrinter","floor":18},{"not_picked":["PokerPlayerMod:DartThrow","PokerPlayerMod:Club1"],"picked":"PokerPlayerMod:CardBurn","floor":19},{"not_picked":["PokerPlayerMod:DartThrow","PokerPlayerMod:Trickery"],"picked":"PokerPlayerMod:Diamond2","floor":21}],"player_experience":510068,"relics_obtained":[{"floor":9,"key":"Vajra"},{"floor":21,"key":"PokerPlayerMod:ClubPass"}],"event_choices":[{"damage_healed":0,"gold_gain":0,"player_choice":"Entered Light","damage_taken":10,"max_hp_gain":0,"max_hp_loss":0,"event_name":"Shining Light","floor":2,"gold_loss":0,"cards_upgraded":["PokerPlayerMod:Heart3","PokerPlayerMod:Diamond5"]},{"damage_healed":0,"gold_gain":0,"player_choice":"Leave","damage_taken":0,"max_hp_gain":0,"max_hp_loss":0,"event_name":"conspire:Investor","floor":4,"gold_loss":0},{"cards_removed":["FieryBird"],"damage_healed":0,"gold_gain":0,"player_choice":"Purged","damage_taken":0,"max_hp_gain":0,"max_hp_loss":0,"event_name":"Purifier","floor":7,"gold_loss":0},{"damage_healed":0,"gold_gain":0,"player_choice":"Ignored","damage_taken":0,"max_hp_gain":0,"max_hp_loss":0,"event_name":"NoteForYourself","floor":14,"gold_loss":0},{"damage_healed":0,"gold_gain":0,"player_choice":"Think Hard","damage_taken":0,"max_hp_gain":0,"max_hp_loss":0,"event_name":"PokerPlayerMod:Vampires","floor":20,"gold_loss":0,"cards_obtained":["PokerPlayerMod:ThinkingTime"]}],"is_beta":true,"boss_relics":[{"not_picked":["Sozu","Coffee Dripper"],"picked":"conspire:SeveredTorchhead"}],"items_purged_floors":[],"is_endless":false,"potions_floor_spawned":[1,3,5,8,13,21],"killed_by":"conspire:HollyBat","ascension_level":0}}