{"host":"359hz4210ybch7ku","time":1609738868,"event":{"mods":["BaseMod","Block Reminder","Colored Map","Colored Powertips","Highlight Path","Minty Spire (QoL Compilation)","Slay the Relics Exporter","StSLib"],"gold_per_floor":[115,115,134,36,56,56,76,76,99,99,113,11,11,25,25,124,124,139,139,139,155,171,171,171,171],"floor_reached":24,"playtime":2888,"items_purged":["Defend_P"],"score":216,"play_id":"3c6d9272-16f3-4455-bc13-e3f2ae40cdde","local_time":"20210103214108","is_ascension_mode":true,"campfire_choices":[{"data":"Study","floor":6,"key":"SMITH"},{"data":"PathToVictory","floor":8,"key":"SMITH"},{"data":"WaveOfTheHand","floor":10,"key":"SMITH"},{"data":"Protect","floor":15,"key":"SMITH"},{"data":"MasterReality","floor":23,"key":"SMITH"}],"circlet_count":0,"master_deck":["Strike_P","Strike_P","Strike_P","Defend_P","Defend_P","Defend_P","Eruption","Vigilance","WaveOfTheHand+1","Study+1","ClearTheMind","PathToVictory+1","Pray","Prostrate","Protect+1","MasterReality+1","Prostrate","Consecrate+1"],"relics":["PureWater","NeowsBlessing","Toy Ornithopter","VioletLotus","MutagenicStrength"],"acts_visited":["Exordium","TheCity"],"potions_floor_usage":[11,14,14,14,16,21,24],"damage_taken":[{"damage":0,"enemies":"Jaw Worm","floor":1,"turns":1},{"damage":0,"enemies":"Cultist","floor":3,"turns":1},{"damage":0,"enemies":"Small Slimes","floor":5,"turns":1},{"damage":6,"enemies":"3 Louse","floor":7,"turns":4},{"damage":5,"enemies":"Exordium Thugs","floor":11,"turns":4},{"damage":42,"enemies":"Gremlin Gang","floor":14,"turns":5},{"damage":26,"enemies":"Slime Boss","floor":16,"turns":14},{"damage":15,"enemies":"Chosen","floor":18,"turns":6},{"damage":6,"enemies":"Shell Parasite","floor":21,"turns":6},{"damage":15,"enemies":"Snake Plant","floor":22,"turns":4},{"damage":51,"enemies":"Gremlin Leader","floor":24,"turns":5}],"seed_played":"-2080346324365448239","potions_obtained":[{"floor":3,"key":"Block Potion"},{"floor":5,"key":"SkillPotion"},{"floor":13,"key":"SkillPotion"},{"floor":14,"key":"SpeedPotion"},{"floor":18,"key":"Block Potion"},{"floor":21,"key":"SteroidPotion"},{"floor":22,"key":"AttackPotion"}],"is_trial":false,"path_per_floor":["M","?","M","$","M","R","M","R","T","R","M","$","?","M","R","B",null,"M","?","?","M","M","R","E"],"character_chosen":"WATCHER","items_purchased":["ClearTheMind","Prostrate","SpeedPotion"],"campfire_rested":0,"item_purchase_floors":[4,12,12],"current_hp_per_floor":[72,72,72,72,72,72,66,66,66,66,66,66,66,39,39,18,72,57,57,57,56,41,41,0,0],"gold":171,"neow_bonus":"THREE_ENEMY_KILL","is_daily":false,"chose_seed":false,"campfire_upgraded":5,"win_rate":0.0,"timestamp":1609738868,"path_taken":["M","?","?","$","M","R","?","R","T","R","M","?","?","?","R","BOSS","M","?","?","M","M","R","E"],"items_purchased_type":["Card","Card","Potion"],"build_version":"2020-12-22","purchased_purges":1,"victory":false,"max_hp_per_floor":[72,72,72,72,72,72,72,72,72,72,72,72,72,72,72,72,72,72,72,72,72,72,72,72,72],"card_choices":[{"not_picked":["BowlingBash","Swivel"],"picked":"WaveOfTheHand","floor":1},{"not_picked":["MentalFortress","CrushJoints"],"picked":"Study","floor":3},{"not_picked":["FlurryOfBlows","BowlingBash"],"picked":"PathToVictory","floor":5},{"not_picked":["Wallop","EmptyBody"],"picked":"Pray","floor":7},{"not_picked":["BattleHymn","CarveReality","Evaluate"],"picked":"SKIP","floor":11},{"not_picked":["CrushJoints","JustLucky"],"picked":"Protect","floor":14},{"not_picked":["ConjureBlade","Ragnarok"],"picked":"MasterReality","floor":16},{"not_picked":["Protect","Pray"],"picked":"Prostrate","floor":18},{"not_picked":["ReachHeaven","Adaptation","Tantrum"],"picked":"SKIP","floor":21},{"not_picked":["SashWhip","WheelKick"],"picked":"Consecrate+1","floor":22}],"player_experience":136472,"relics_obtained":[{"floor":9,"key":"Toy Ornithopter"}],"event_choices":[{"cards_removed":["Strike_P"],"damage_healed":0,"gold_gain":0,"player_choice":"Offered Basic","damage_taken":0,"max_hp_gain":0,"max_hp_loss":0,"event_name":"Bonfire Elementals","floor":2,"gold_loss":0},{"damage_healed":0,"gold_gain":0,"player_choice":"Got Potions","damage_taken":0,"max_hp_gain":0,"max_hp_loss":0,"event_name":"Lab","floor":13,"gold_loss":0},{"damage_healed":0,"gold_gain":0,"player_choice":"Inject Mutagens","damage_taken":0,"relics_obtained":["MutagenicStrength"],"max_hp_gain":0,"max_hp_loss":0,"event_name":"Drug Dealer","floor":19,"gold_loss":0},{"damage_healed":0,"gold_gain":0,"player_choice":"Ignored","damage_taken":0,"max_hp_gain":0,"max_hp_loss":0,"event_name":"Ghosts","floor":20,"gold_loss":0}],"is_beta":false,"boss_relics":[{"not_picked":["Runic Pyramid","Velvet Choker"],"picked":"VioletLotus"}],"items_purged_floors":[4],"is_endless":false,"potions_floor_spawned":[3,5,14,18,21,22],"killed_by":"Gremlin Leader","ascension_level":3}}