{"host":"f1miojwxaupu79sp","time":1609770736,"event":{"mods":["BaseMod","Better Vampires","Minty Spire (QoL Compilation)","Shop Mod"],"gold_per_floor":[112,128,2,2,2,2,24,37,37,37,37,57,57,85,85,156,156,166,185,32,87,106,106,56,56,56,56,56,56,56,56,56,127,127,137,189,289,308,308,308,308,308],"floor_reached":41,"playtime":14699,"items_purged":["Strike_G","Bane"],"score":655,"play_id":"ecd5b9af-3559-4ea5-9b19-f670cfeeb1be","local_time":"20210104093216","is_ascension_mode":true,"campfire_choices":[{"data":"Venomology","floor":6,"key":"SMITH"},{"data":"Malaise","floor":11,"key":"SMITH"},{"floor":13,"key":"REST"},{"floor":15,"key":"REST"},{"floor":23,"key":"REST"},{"data":"Glass Knife","floor":25,"key":"SMITH"},{"data":"Crippling Poison","floor":27,"key":"SMITH"},{"data":"Calculated Gamble","floor":30,"key":"SMITH"},{"data":"Bouncing Flask","floor":32,"key":"SMITH"},{"data":"Crippling Poison","floor":40,"key":"SMITH"}],"circlet_count":0,"master_deck":["AscendersBane","Survivor","Neutralize","Venomology+1","Heel Hook","Poisoned Stab","Malaise+1","Slice","Dagger Spray","Die Die Die","Terror","Tactician","Unload","Riddle With Holes","Glass Knife+1","Calculated Gamble+1","Slice","Crippling Poison+1","Sucker Punch+1","Bouncing Flask+1","Deflect","Escape Plan","Concentrate+1","Deflect","Crippling Poison+1","Noxious Fumes","Dodge and Roll+1","Good Instincts"],"relics":["Ring of the Serpent","Pantograph","Odd Mushroom","StoneCalendar","Incense Burner","Toy Ornithopter","Pandora\u0027s Box","Pocketwatch","Potion Belt","Ginger"],"acts_visited":["Exordium","TheCity","TheBeyond"],"potions_floor_usage":[2,7,7,7,8,14,14,16,16,18,21,22,22,22,33,33,36,36,36,38,38],"damage_taken":[{"damage":15,"enemies":"Small Slimes","floor":1,"turns":6},{"damage":0,"enemies":"2 Louse","floor":2,"turns":3},{"damage":18,"enemies":"The Mushroom Lair","floor":7,"turns":6},{"damage":7,"enemies":"Jaw Worm","floor":8,"turns":4},{"damage":11,"enemies":"Blue Slaver","floor":12,"turns":6},{"damage":11,"enemies":"3 Sentries","floor":14,"turns":7},{"damage":43,"enemies":"Hexaghost","floor":16,"turns":18},{"damage":16,"enemies":"Spheric Guardian","floor":18,"turns":4},{"damage":10,"enemies":"2 Thieves","floor":19,"turns":3},{"damage":17,"enemies":"Shelled Parasite and Fungi","floor":21,"turns":5},{"damage":20,"enemies":"Cultist and Chosen","floor":22,"turns":5},{"damage":33,"enemies":"Collector","floor":33,"turns":9},{"damage":15,"enemies":"3 Shapes","floor":35,"turns":6},{"damage":33,"enemies":"2 Orb Walkers","floor":36,"turns":5},{"damage":8,"enemies":"Orb Walker","floor":38,"turns":3},{"damage":30,"enemies":"Nemesis","floor":41,"turns":4}],"seed_played":"-5060191389387306690","potions_obtained":[{"floor":7,"key":"BlessingOfTheForge"},{"floor":12,"key":"Block Potion"},{"floor":16,"key":"Fire Potion"},{"floor":21,"key":"LiquidMemories"},{"floor":22,"key":"Block Potion"},{"floor":33,"key":"SkillPotion"},{"floor":35,"key":"EssenceOfSteel"}],"is_trial":false,"path_per_floor":["M","M","$","?","$","R","?","M","T","?","R","M","R","E","R","B",null,"M","M","$","M","M","R","$","R","T","R","?","$","R","?","R","B",null,"M","?","?","M","?","R","E"],"character_chosen":"THE_SILENT","items_purchased":["Energy Potion","Deflect","Deflect"],"campfire_rested":3,"item_purchase_floors":[3,20,24],"current_hp_per_floor":[44,44,44,37,37,37,19,12,12,12,12,1,20,9,28,20,55,44,34,34,22,17,36,36,36,36,36,36,36,36,36,36,33,58,43,25,25,27,27,27,0,0],"gold":308,"neow_bonus":"ONE_RANDOM_RARE_CARD","is_daily":false,"chose_seed":false,"campfire_upgraded":7,"win_rate":0.0,"timestamp":1609770736,"path_taken":["M","M","$","?","$","R","?","?","T","?","R","M","R","E","R","BOSS","M","?","$","M","M","R","$","R","T","R","?","$","R","?","R","BOSS","M","?","?","?","?","R","E"],"items_purchased_type":["Potion","Card","Card"],"build_version":"2020-12-22","purchased_purges":2,"victory":false,"max_hp_per_floor":[66,66,66,66,66,66,66,66,66,66,66,66,66,66,66,66,66,66,66,66,66,66,66,66,66,66,66,66,66,66,66,66,66,66,66,66,66,66,66,66,66,66],"card_choices":[{"not_picked":["Backflip","Flying Knee"],"picked":"Heel Hook","floor":1},{"not_picked":["Endless Agony","PiercingWail"],"picked":"Poisoned Stab","floor":2},{"not_picked":["Sucker Punch","Dodge and Roll"],"picked":"Malaise","floor":7},{"not_picked":["Dagger Throw","Bane","Setup"],"picked":"SKIP","floor":8},{"not_picked":["Quick Slash","Skewer"],"picked":"Slice","floor":12},{"not_picked":["All Out Attack","Quick Slash"],"picked":"Dagger Spray","floor":14},{"not_picked":["Malaise","Burst"],"picked":"Die Die Die","floor":16},{"not_picked":["Concentrate","Calculated Gamble"],"picked":"Sucker Punch+1","floor":18},{"not_picked":["Terror","Expertise"],"picked":"Bouncing Flask","floor":19},{"not_picked":["PiercingWail","Dodge and Roll"],"picked":"Escape Plan","floor":21},{"not_picked":["Bouncing Flask","PiercingWail"],"picked":"Concentrate+1","floor":22},{"not_picked":["Dagger Throw+1","Underhanded Strike"],"picked":"Crippling Poison","floor":35},{"not_picked":["Accuracy","Skewer"],"picked":"Noxious Fumes","floor":36},{"not_picked":["Dagger Spray+1","Bane"],"picked":"Dodge and Roll+1","floor":38},{"not_picked":["Deep Breath","Bandage Up"],"picked":"Good Instincts","floor":39}],"player_experience":996901,"relics_obtained":[{"floor":7,"key":"Odd Mushroom"},{"floor":9,"key":"StoneCalendar"},{"floor":14,"key":"Toy Ornithopter"},{"floor":26,"key":"Pocketwatch"},{"floor":36,"key":"Ginger"}],"event_choices":[{"damage_healed":0,"gold_gain":0,"player_choice":"Success","damage_taken":7,"relics_obtained":["Pantograph"],"max_hp_gain":0,"max_hp_loss":0,"event_name":"Scrap Ooze","floor":4,"gold_loss":0},{"damage_healed":0,"gold_gain":0,"player_choice":"Fought Mushrooms","damage_taken":0,"max_hp_gain":0,"max_hp_loss":0,"event_name":"Mushrooms","floor":7,"gold_loss":0},{"damage_healed":0,"gold_gain":0,"player_choice":"Gave Potion","damage_taken":0,"relics_obtained":["Incense Burner"],"max_hp_gain":0,"max_hp_loss":0,"event_name":"WeMeetAgain","floor":10,"gold_loss":0},{"damage_healed":0,"gold_gain":0,"player_choice":"Opened","damage_taken":0,"relics_obtained":["Potion Belt"],"max_hp_gain":0,"max_hp_loss":0,"event_name":"The Mausoleum","floor":31,"gold_loss":0},{"damage_healed":0,"gold_gain":0,"player_choice":"Fight","damage_taken":0,"max_hp_gain":0,"max_hp_loss":0,"event_name":"Mysterious Sphere","floor":36,"gold_loss":0},{"damage_healed":0,"gold_gain":100,"player_choice":"Pray","damage_taken":0,"max_hp_gain":0,"max_hp_loss":0,"event_name":"Golden Shrine","floor":37,"gold_loss":0},{"damage_healed":0,"gold_gain":0,"player_choice":"Memory 1","damage_taken":0,"max_hp_gain":0,"max_hp_loss":0,"event_name":"SensoryStone","floor":39,"gold_loss":0}],"is_beta":false,"boss_relics":[{"not_picked":["Sozu","Coffee Dripper"],"picked":"Pandora\u0027s Box"},{"not_picked":["Runic Dome","Fusion Hammer"],"picked":"Ring of the Serpent"}],"items_purged_floors":[3,20],"is_endless":false,"potions_floor_spawned":[7,12,16,21,22,33,35],"killed_by":"Nemesis","ascension_level":14}}