{"host":"dhyczjm99amxd3qx","time":1609731373,"event":{"mods":["BaseMod","Colored Map","Googly Eyes","Highlight Path","Minty Spire (QoL Compilation)","Quick Restart","StSLib"],"gold_per_floor":[109,109,121,140,159,191,191,221,221,181,198,228,240,256,256,256,256],"floor_reached":16,"playtime":849,"items_purged":[],"score":155,"play_id":"9731d19a-2b83-45a0-893b-e4d21abc5176","local_time":"20210103223613","is_ascension_mode":true,"campfire_choices":[{"floor":7,"key":"REST"},{"floor":15,"key":"REST"}],"circlet_count":0,"master_deck":["Strike_B","Strike_B+1","Strike_B+1","Defend_B","Defend_B","Defend_B","Defend_B","Zap","Dualcast","Blizzard","Genetic Algorithm","Ball Lightning","Cold Snap","Fission","Coolheaded","Defragment"],"relics":["Cracked Core","Vajra","Bottled Flame","Girya","Pocketwatch"],"acts_visited":["Exordium"],"potions_floor_usage":[8,11,12,12,12,14,14],"damage_taken":[{"damage":0,"enemies":"2 Louse","floor":1,"turns":3},{"damage":2,"enemies":"Jaw Worm","floor":3,"turns":3},{"damage":0,"enemies":"Cultist","floor":4,"turns":3},{"damage":2,"enemies":"2 Fungi Beasts","floor":5,"turns":4},{"damage":51,"enemies":"Gremlin Nob","floor":6,"turns":5},{"damage":15,"enemies":"Lagavulin","floor":8,"turns":6},{"damage":3,"enemies":"Blue Slaver","floor":11,"turns":2},{"damage":3,"enemies":"3 Sentries","floor":12,"turns":6},{"damage":4,"enemies":"Looter","floor":13,"turns":2},{"damage":0,"enemies":"3 Louse","floor":14,"turns":3},{"damage":27,"enemies":"Slime Boss","floor":16,"turns":5}],"seed_played":"7453093722437579129","potions_obtained":[{"floor":6,"key":"Weak Potion"},{"floor":10,"key":"Fire Potion"},{"floor":10,"key":"Energy Potion"},{"floor":10,"key":"EssenceOfDarkness"},{"floor":11,"key":"Block Potion"},{"floor":12,"key":"PowerPotion"},{"floor":13,"key":"AttackPotion"}],"is_trial":false,"path_per_floor":["M","?","M","M","M","E","R","E","T","?","M","E","M","M","R","B"],"character_chosen":"DEFECT","items_purchased":[],"campfire_rested":2,"item_purchase_floors":[],"current_hp_per_floor":[75,60,58,58,56,5,27,12,12,12,9,6,2,2,24,0,0],"gold":256,"neow_bonus":"REMOVE_CARD","is_daily":false,"chose_seed":false,"campfire_upgraded":0,"win_rate":0.0,"timestamp":1609731373,"path_taken":["M","?","M","M","M","E","R","E","T","?","?","E","M","M","R","BOSS"],"items_purchased_type":[],"build_version":"2020-12-22","purchased_purges":0,"victory":false,"max_hp_per_floor":[75,75,75,75,75,75,75,75,75,75,75,75,75,75,75,75,75],"card_choices":[{"not_picked":["Gash","Sweeping Beam","Turbo"],"picked":"SKIP","floor":1},{"not_picked":["Steam Power","Scrape","Barrage"],"picked":"SKIP","floor":3},{"not_picked":["Turbo","Sweeping Beam"],"picked":"Blizzard","floor":4},{"not_picked":["Ball Lightning","Darkness"],"picked":"Genetic Algorithm","floor":5},{"not_picked":["Hologram","Barrage"],"picked":"Ball Lightning","floor":6},{"not_picked":["Stack","White Noise","Recycle"],"picked":"SKIP","floor":8},{"not_picked":["Turbo","Sweeping Beam"],"picked":"Cold Snap","floor":11},{"not_picked":["Barrage","White Noise"],"picked":"Fission","floor":12},{"not_picked":["Doom and Gloom","Turbo"],"picked":"Coolheaded","floor":13},{"not_picked":["Sweeping Beam","Barrage"],"picked":"Defragment","floor":14}],"player_experience":314810,"relics_obtained":[{"floor":6,"key":"Vajra"},{"floor":8,"key":"Bottled Flame"},{"floor":9,"key":"Girya"},{"floor":12,"key":"Pocketwatch"}],"event_choices":[{"damage_healed":0,"gold_gain":0,"player_choice":"Entered Light","damage_taken":15,"max_hp_gain":0,"max_hp_loss":0,"event_name":"Shining Light","floor":2,"gold_loss":0,"cards_upgraded":["Strike_B","Strike_B"]},{"damage_healed":0,"gold_gain":0,"player_choice":"Bought 3 Potions","damage_taken":0,"max_hp_gain":0,"max_hp_loss":0,"event_name":"The Woman in Blue","floor":10,"gold_loss":0}],"is_beta":false,"boss_relics":[],"items_purged_floors":[],"is_endless":false,"potions_floor_spawned":[6,11,12,13],"killed_by":"Slime Boss","ascension_level":5}}