{"host":"6jrnojxwearbrjzo","time":1609795519,"event":{"mods":["Ascension Reborn","BaseMod","Minty Spire (QoL Compilation)","Replay The Spire","Shop Mod","Spicy Shops","StSLib","TestMod","The Cursed","The Servant 0.9.4","vexMod"],"gold_per_floor":[112,122,139,11,411,411,486,486,786,820,840,840,872,890,890,987,987,998,1018,1117,1220,146,146,146,146,221,221,274,42,42,42,42,184,184,215,90,113,163,190,190,0,0,0,0,0,0,34,81,81,126],"floor_reached":51,"playtime":2168,"items_purged":["Voices","Defend_G"],"score":899,"play_id":"bfa55eb5-4b88-4b37-83ea-d8479252ce70","local_time":"20210105052519","is_ascension_mode":true,"campfire_choices":[{"data":"Crippling Poison","floor":6,"key":"SMITH"},{"data":"Acrobatics","floor":12,"key":"SMITH"},{"floor":15,"key":"REST"},{"data":"Poison Darts","floor":23,"key":"SMITH"},{"data":"Phantasmal Killer","floor":25,"key":"SMITH"},{"data":"Infinite Blades","floor":27,"key":"SMITH"},{"data":"ReplayTheSpireMod:Shiv Toss","floor":30,"key":"SMITH"},{"floor":32,"key":"REST"},{"data":"Strike_G","floor":40,"key":"SMITH"},{"data":"Strike_G","floor":44,"key":"SMITH"},{"data":"Strike_G","floor":46,"key":"SMITH"},{"data":"Defend_G","floor":49,"key":"SMITH"}],"circlet_count":0,"master_deck":["Strike_G","Strike_G+1","Strike_G+1","Defend_G","Defend_G+1","Defend_G","Survivor+1","Neutralize+1","Crippling Poison+1","Bane+1","Acrobatics+1","Phantasmal Killer+1","Poison Darts+1","Prepared+1","Infinite Blades+1","ReplayTheSpireMod:Shiv Toss+1","Finisher+1","Deadly Poison+1","Hidden Blade+1","Backflip+1"],"relics":["Ring of the Serpent","testmod-Register","Anchor","Kunai","testmod-Motorcycle","Old Coin","Vajra","Pear","Gremlin Food","testmod-TheFather","HandDrill","Sundial","Matryoshka","ReplayTheSpireMod:CursedCoin","Ring of Hypnosis","Ring of Fury","Replay:Bandana","Replay:Bottled Snecko","Paper Crane","Replay:Rubber Ducky","Red Mask","vexMod:InvisibilityCloak","Onion Ring","Juzu Bracelet","Centennial Puzzle"],"acts_visited":["Exordium","TheCity","TheBeyond"],"potions_floor_usage":[14,16,16,28,33,38,39,48,50],"damage_taken":[{"damage":0,"enemies":"Jaw Worm","floor":1,"turns":4},{"damage":0,"enemies":"Small Slimes","floor":2,"turns":4},{"damage":1,"enemies":"Cultist","floor":3,"turns":4},{"damage":28,"enemies":"Gremlin Nob","floor":10,"turns":5},{"damage":0,"enemies":"Exordium Wildlife","floor":11,"turns":3},{"damage":14,"enemies":"Lagavulin","floor":13,"turns":6},{"damage":0,"enemies":"Large Slime","floor":14,"turns":3},{"damage":35,"enemies":"Slime Boss","floor":16,"turns":13},{"damage":9,"enemies":"Shell Parasite","floor":18,"turns":5},{"damage":20,"enemies":"Spheric Guardian","floor":19,"turns":4},{"damage":5,"enemies":"Gremlin Leader","floor":28,"turns":2},{"damage":7,"enemies":"Collector","floor":33,"turns":4},{"damage":0,"enemies":"3 Shapes","floor":35,"turns":3},{"damage":0,"enemies":"Orb Walker","floor":37,"turns":2},{"damage":0,"enemies":"Transient","floor":38,"turns":5},{"damage":14,"enemies":"Sphere and 2 Shapes","floor":39,"turns":3},{"damage":2,"enemies":"Jaw Worm Horde","floor":47,"turns":3},{"damage":0,"enemies":"R_Hoarder","floor":48,"turns":4},{"damage":45,"enemies":"Awakened One","floor":50,"turns":9}],"seed_played":"8785645253537389945","potions_obtained":[{"floor":1,"key":"Fire Potion"},{"floor":10,"key":"Swift Potion"},{"floor":13,"key":"Fire Potion"},{"floor":14,"key":"SteroidPotion"},{"floor":18,"key":"DistilledChaos"},{"floor":28,"key":"SteroidPotion"},{"floor":37,"key":"LiquidMemories"},{"floor":38,"key":"Fire Potion"},{"floor":48,"key":"CultistPotion"}],"is_trial":false,"path_per_floor":["M","M","M","$","?","R","?","?","T","E","M","R","E","M","R","B",null,"M","M","?","?","$","R","?","R","T","R","E","$","R","?","R","B",null,"M","$","M","M","M","R","?","?","T","R","?","R","M","E","R","B",null],"character_chosen":"THE_SILENT","items_purchased":["Kunai","testmod-TheFather","HandDrill","Sundial","Matryoshka","ReplayTheSpireMod:CursedCoin","Energy Potion","Infinite Blades","Replay:Rubber Ducky","ReplayTheSpireMod:Shiv Toss","ColorlessPotion","DuplicationPotion"],"campfire_rested":2,"item_purchase_floors":[4,22,22,22,22,22,22,22,29,29,36,36],"current_hp_per_floor":[70,70,69,69,69,69,58,58,58,30,30,30,26,26,50,15,80,71,51,51,31,31,31,31,31,31,31,26,26,26,26,50,43,80,80,80,80,80,66,66,66,66,66,66,66,66,64,64,64,19],"gold":126,"neow_bonus":"RANDOM_COMMON_RELIC","is_daily":false,"chose_seed":false,"campfire_upgraded":10,"win_rate":0.0,"timestamp":1609795519,"path_taken":["M","M","M","$","?","R","?","?","T","E","M","R","E","?","R","BOSS","M","M","?","?","$","R","?","R","T","R","E","$","R","?","R","BOSS","M","$","M","M","M","R","?","?","T","R","?","R","M","E","R","BOSS"],"items_purchased_type":["Relic","Relic","Relic","Relic","Relic","Relic","Potion","Card","Relic","Card","Potion","Potion"],"build_version":"2020-12-22","purchased_purges":2,"victory":true,"max_hp_per_floor":[70,70,70,70,70,70,70,70,70,70,70,70,80,80,80,80,80,80,80,80,80,80,80,80,80,80,80,80,80,80,80,80,80,80,80,80,80,80,80,80,80,80,80,80,80,80,80,80,80,80],"card_choices":[{"not_picked":["Distraction","Riddle With Holes","Slice"],"picked":"SKIP","floor":1},{"not_picked":["Deflect","Blur"],"picked":"Crippling Poison","floor":2},{"not_picked":["Blade Dance","Finisher"],"picked":"Bane","floor":3},{"not_picked":["Quick Slash","PiercingWail"],"picked":"Acrobatics","floor":10},{"not_picked":["Flying Knee","Fluid Movement","Riddle With Holes"],"picked":"SKIP","floor":11},{"not_picked":["PiercingWail","Riddle With Holes"],"picked":"Phantasmal Killer","floor":13},{"not_picked":["Underhanded Strike","PiercingWail","Slice"],"picked":"SKIP","floor":14},{"not_picked":["Malaise","Phantasmal Killer"],"picked":"Poison Darts","floor":16},{"not_picked":["Poisoned Stab","Dagger Spray","Slice+1"],"picked":"SKIP","floor":18},{"not_picked":["Fluid Movement","Outmaneuver+1","Deflect"],"picked":"SKIP","floor":19},{"not_picked":["Predator","Flying Knee+1"],"picked":"Prepared","floor":21},{"not_picked":["Die Die Die","Dagger Spray","Dash+1"],"picked":"SKIP","floor":28},{"not_picked":["Outmaneuver+1","Replay:Poison Smokescreen+1"],"picked":"Hidden Blade+1","floor":35},{"not_picked":["Eviscerate","Flying Knee"],"picked":"Backflip+1","floor":37},{"not_picked":["Underhanded Strike","Deadly Poison","Hidden Blade"],"picked":"SKIP","floor":38},{"not_picked":["Crippling Poison+1","Dodge and Roll","Backflip"],"picked":"SKIP","floor":39},{"not_picked":["Riddle With Holes+1","Bane+1","Dagger Spray"],"picked":"SKIP","floor":47},{"not_picked":["Quick Slash+1","Flying Knee+1","Infinite Blades+1"],"picked":"SKIP","floor":48}],"player_experience":8013,"relics_obtained":[{"floor":9,"key":"Old Coin"},{"floor":10,"key":"Vajra"},{"floor":13,"key":"Pear"},{"floor":21,"key":"Gremlin Food"},{"floor":24,"key":"Ring of Hypnosis"},{"floor":24,"key":"Ring of Fury"},{"floor":26,"key":"Replay:Bandana"},{"floor":26,"key":"Replay:Bottled Snecko"},{"floor":28,"key":"Paper Crane"},{"floor":43,"key":"vexMod:InvisibilityCloak"},{"floor":43,"key":"Onion Ring"},{"floor":48,"key":"Centennial Puzzle"}],"event_choices":[{"damage_healed":0,"gold_gain":400,"player_choice":"Sell","damage_taken":0,"max_hp_gain":0,"max_hp_loss":0,"event_name":"恩洛斯的盘子","floor":5,"relics_lost":["testmod-TestBox"],"gold_loss":0},{"damage_healed":0,"gold_gain":75,"player_choice":"Gather Gold","damage_taken":11,"max_hp_gain":0,"max_hp_loss":0,"event_name":"World of Goop","floor":7,"gold_loss":0},{"damage_healed":0,"gold_gain":0,"player_choice":"Gave Potion","damage_taken":0,"relics_obtained":["testmod-Motorcycle"],"max_hp_gain":0,"max_hp_loss":0,"event_name":"WeMeetAgain","floor":8,"gold_loss":0},{"damage_healed":0,"gold_gain":99,"player_choice":"Stole From Cult","damage_taken":0,"max_hp_gain":0,"max_hp_loss":0,"event_name":"Nest","floor":20,"gold_loss":0},{"damage_healed":0,"gold_gain":0,"cards_transformed":["Defend_G","Strike_G"],"player_choice":"Became Test Subject","damage_taken":0,"max_hp_gain":0,"max_hp_loss":0,"event_name":"Drug Dealer","floor":31,"gold_loss":0,"cards_obtained":["Finisher","Deadly Poison"]},{"damage_healed":0,"gold_gain":0,"player_choice":"Paid","damage_taken":0,"relics_obtained":["Red Mask"],"max_hp_gain":0,"max_hp_loss":0,"event_name":"Tomb of Lord Red Mask","floor":41,"gold_loss":190},{"cards_removed":["Strike_G"],"damage_healed":0,"gold_gain":0,"player_choice":"Removed Attack","damage_taken":0,"max_hp_gain":0,"max_hp_loss":0,"event_name":"Falling","floor":42,"gold_loss":0},{"damage_healed":0,"gold_gain":0,"player_choice":"Swap Relic","damage_taken":0,"relics_obtained":["Juzu Bracelet"],"max_hp_gain":0,"max_hp_loss":0,"event_name":"给自己的盒子","floor":45,"relics_lost":["vexMod:ImprovementManual"],"gold_loss":0}],"is_beta":false,"boss_relics":[{"not_picked":["testmod-TimeTraveler","ChewingGum"],"picked":"Ring of the Serpent"},{"not_picked":["Velvet Choker","Replay:Ancient Bell"],"picked":"vexMod:ImprovementManual"}],"items_purged_floors":[22,22],"is_endless":false,"potions_floor_spawned":[1,10,13,14,18,28,37,38,48],"ascension_level":0}}