{"host":"weghyrtrhzwgovqi","time":1609735622,"event":{"mods":["Act Like it!","BaseMod","Defuse TimeMaze Blight","Dota2Spire","Gensokyo","Minty Spire (QoL Compilation)","Remilia£¨ÀÙÃ×ÀòÑÇ£©","RumiaBox-Â¶Ã×æ«µÄÉñÃØºÐ×Ó","StSLib","Uncapped","UnlockEverythingMod","Youmu£¨»êÆÇÑýÃÎ£©","[IsaacMod]ÒÔÈö¼âËþ","noobMod"],"gold_per_floor":[111,175,18,35,51,76,416,416,416,416,104,143,143,189,189,370,370,401,427,454,232,259,330,342,399,411,472,124,164,215,61,61,177,177,204,47,68,94,128,167,279,328,410,492,509,524,297,297],"floor_reached":47,"playtime":1053,"items_purged":[],"score":1681,"play_id":"c75ee4df-4609-40f9-9e33-00bcaab977b7","local_time":"20210104124702","daily_mods":["Draft","Hoarder","Shiny","Specialized","Vintage","Heirloom","Time Dilation","Flight","Lethality"],"is_ascension_mode":true,"campfire_choices":[{"data":"BloodySeventeenLaser","floor":8.0,"key":"SMITH"},{"data":"BloodyCatastrophe","floor":13.0,"key":"SMITH"},{"data":"BloodHunter","floor":15.0,"key":"SMITH"},{"data":"TricksterDevil","floor":32.0,"key":"SMITH"}],"circlet_count":0,"master_deck":["ScarletCoffin","DemonKingCradle","TricksterDevil+1","BloodRain","ForecastOfChange","CurseOfVladTepes","TransientEternity","EquivalentExchange","ScarletMeister","QueenOfMidnight","KillingBlow","BloodyHallows","BatForm","BloodyCatastrophe+1","CeilingFear","ChaoticDestiny","BloodySeventeenLaser+1","HellCatastrophe","HeartBreak","UltimateOffering","UltimateOffering","UltimateOffering","UltimateOffering","UltimateOffering","UltimateOffering","UltimateOffering","UltimateOffering","UltimateOffering","UltimateOffering","UltimateOffering","UltimateOffering","UltimateOffering","UltimateOffering","UltimateOffering","EndlessAdversity","EndlessAdversity","EndlessAdversity","UnderTheZenith","UnderTheZenith","UnderTheZenith","UnderTheZenith","UnderTheZenith","BloodHunter+1","BloodHunter","BloodHunter","ScarletDevilSign","ScarletDevilSign","ScarletDevilSign","VampireSweep","VampireSweep","VampireSweep","BloodHunter","BloodHunter","BloodHunter","ChainGang+1","ChainGang","ChainGang","Stigmanizer","Stigmanizer+1","Stigmanizer","ScarletImprint","ScarletImprint","ScarletImprint","Stigmanizer","Stigmanizer","Stigmanizer","VampireClaw","VampireClaw","VampireClaw","DiffusionOfMisfortune","DiffusionOfMisfortune","DiffusionOfMisfortune","BloodHunter","BloodHunter","BloodHunter","VampireClaw","VampireClaw","VampireClaw","ForecastOfChange","ForecastOfChange","ForecastOfChange","ChainGang","ChainGang","ChainGang","EquivalentExchange","EquivalentExchange","EquivalentExchange","DiffusionOfMisfortune+1","DiffusionOfMisfortune+1","DiffusionOfMisfortune+1","SuperhumanBloodyKnife","SuperhumanBloodyKnife","SuperhumanBloodyKnife","BloodySeventeenLaser","BloodySeventeenLaser","BloodySeventeenLaser","CurseOfVladTepes","CurseOfVladTepes","CurseOfVladTepes","EternalNight+1","EternalNight+1","EternalNight+1","ForecastOfChange","ForecastOfChange","ForecastOfChange","BloodyTrap+1","BloodyTrap+1","BloodyTrap+1","BloodRain","BloodRain","BloodRain"],"relics":["ScarletHat","ice","HushsDoor","KeepersGift","Ice Cream","SalivaCoin","RedBat","Blood Vial","SteamSale","Dream Catcher","Dota2Spire:Satanic","Dota2Spire:BattleFury","Old Coin","Bottled Lightning","HandDrill","Dota2Spire:PhaseBoots","Dota2Spire:CrimsonGuard","Dota2Spire:ArmletOfMordiggian","Vajra","SoulBox","Dota2Spire:Vanguard","Bag of Preparation","Dota2Spire:ShadowBlade","Boot","Happy Flower","Strange Spoon","MawBank","Dota2Spire:Desolator","Whetstone","AntiCross","Dota2Spire:DrumOfEndurance","Chemical X","Meat on the Bone","Dota2Spire:Mjollnir","InkBottle","Potion Belt","Chaos","Bag of Marbles","BookOfRevelations","GuppysTail","GuppysHead","AddBug","SecretRecord","Strange Spoon","Ccalipers","Frozen Eye","MomsKnife","StoneCalendar","Centennial Puzzle","Dota2Spire:ShivaGuard","Dota2Spire:AssaultCuirass","HornCleat","DeadEye","CaptainsWheel","TheAbacus"],"acts_visited":[],"potions_floor_usage":[],"damage_taken":[{"damage":0.0,"enemies":"Cultist","floor":1.0,"turns":2.0},{"damage":23.0,"enemies":"Hiden Room Battle","floor":2.0,"turns":1.0},{"damage":0.0,"enemies":"Small Slimes","floor":4.0,"turns":1.0},{"damage":0.0,"enemies":"Jaw Worm","floor":5.0,"turns":1.0},{"damage":0.0,"enemies":"3 Sentries","floor":6.0,"turns":2.0},{"damage":1.0,"enemies":"Gremlin Nob","floor":7.0,"turns":2.0},{"damage":18.0,"enemies":"Lagavulin","floor":12.0,"turns":2.0},{"damage":30.0,"enemies":"3 Sentries","floor":14.0,"turns":1.0},{"damage":35.0,"enemies":"The Guardian","floor":16.0,"turns":5.0},{"damage":42.0,"enemies":"3 Byrds","floor":18.0,"turns":1.0},{"damage":4.0,"enemies":"Spheric Guardian","floor":19.0,"turns":2.0},{"damage":4.0,"enemies":"Snake Plant","floor":20.0,"turns":1.0},{"damage":4.0,"enemies":"3 Cultists","floor":22.0,"turns":2.0},{"damage":50.0,"enemies":"Book of Stabbing","floor":23.0,"turns":2.0},{"damage":35.0,"enemies":"Slavers","floor":25.0,"turns":1.0},{"damage":37.0,"enemies":"Gremlin Leader","floor":27.0,"turns":1.0},{"damage":38.0,"enemies":"Book of Stabbing","floor":29.0,"turns":2.0},{"damage":4.0,"enemies":"Gremlin Leader","floor":30.0,"turns":1.0},{"damage":12.0,"enemies":"Automaton","floor":33.0,"turns":2.0},{"damage":0.0,"enemies":"Orb Walker","floor":35.0,"turns":1.0},{"damage":0.0,"enemies":"3 Shapes","floor":37.0,"turns":1.0},{"damage":5.0,"enemies":"Writhing Mass","floor":38.0,"turns":3.0},{"damage":21.0,"enemies":"Jaw Worm Horde","floor":39.0,"turns":2.0},{"damage":10.0,"enemies":"Reptomancer","floor":40.0,"turns":1.0},{"damage":32.0,"enemies":"Giant Head","floor":41.0,"turns":3.0},{"damage":32.0,"enemies":"Nemesis","floor":42.0,"turns":1.0},{"damage":6.0,"enemies":"Reptomancer","floor":44.0,"turns":1.0},{"damage":32.0,"enemies":"Sphere and 2 Shapes","floor":45.0,"turns":1.0},{"damage":0.0,"enemies":"3 Darklings","floor":46.0,"turns":1.0}],"seed_played":"-8048612920613863588","potions_obtained":[{"floor":4.0,"key":"SpeedPotion"},{"floor":12.0,"key":"BlessingOfTheForge"},{"floor":16.0,"key":"PowerPotion"},{"floor":30.0,"key":"SkillPotion"},{"floor":38.0,"key":"SteroidPotion"},{"floor":39.0,"key":"Ancient Potion"},{"floor":40.0,"key":"Dexterity Potion"}],"is_trial":true,"path_per_floor":["M","?","$","M","M","E","E","R","T","?","$","E","R","E","R","B",null,"M","M","M","$","M","E","?","E","T","E","$","E","E","$","R","B",null,"M","$","M","M","M","E","E","E","T","E","M","M","$"],"character_chosen":"REMILIA","items_purchased":["SteamSale","HandDrill","Dota2Spire:PhaseBoots","Dota2Spire:CrimsonGuard","ChainGang","Boot","Happy Flower","Strange Spoon","Chemical X","Meat on the Bone","Dota2Spire:Mjollnir","Chaos","Bag of Marbles","GuppysTail","GuppysHead","SecretRecord","CaptainsWheel","TheAbacus"],"campfire_rested":0,"item_purchase_floors":[3,11,11,11,11,21,21,21,28,28,28,31,31,34,34,36,47,47],"current_hp_per_floor":[75,37,37,39,43,50,53,53,53,53,53,65,65,37,37,75,75,75,75,75,75,75,71,71,73,73,77,77,79,79,79,79,79,59,59,59,59,55,40,44,64,64,64,64,64,64,64,64],"gold":297,"neow_bonus":"","is_daily":false,"chose_seed":false,"campfire_upgraded":4,"win_rate":0.0,"timestamp":1609735622,"path_taken":["M","?","$","M","M","E","E","R","T","?","$","E","R","E","R","BOSS","M","M","M","$","M","E","?","E","T","E","$","E","E","$","R","BOSS","M","$","M","M","M","E","E","E","T","E","M","M","$"],"items_purchased_type":["Relic","Relic","Relic","Relic","Card","Relic","Relic","Relic","Relic","Relic","Relic","Card","Relic","Relic","Relic","Relic","Relic","Relic"],"build_version":"2020-12-22","purchased_purges":0,"victory":false,"max_hp_per_floor":[75,75,75,75,75,75,75,75,75,75,75,75,75,75,75,75,75,75,75,75,75,75,77,77,77,77,77,77,79,79,79,79,79,59,59,59,60,62,64,64,64,64,64,64,64,64,64,64],"card_choices":[{"not_picked":["GlobalNightmare","DevilSight"],"picked":"EndlessAdversity","floor":0.0},{"not_picked":["EmergencyRegeneration","BombardNight"],"picked":"UnderTheZenith","floor":0.0},{"not_picked":["NightLord","BombardNight"],"picked":"UnderTheZenith","floor":0.0},{"not_picked":["UnstableMagic","UnderTheZenith"],"picked":"BloodHunter","floor":0.0},{"not_picked":["CharismaGuard","FavorOfDestiny"],"picked":"ScarletDevilSign","floor":0.0},{"not_picked":["FavorOfDestiny","CharismaGuard"],"picked":"VampireSweep","floor":0.0},{"not_picked":["FavorOfDestiny","TwelveNightmare"],"picked":"BloodHunter","floor":0.0},{"not_picked":["DevilSight","ForbiddenFruit"],"picked":"ChainGang","floor":0.0},{"not_picked":["HunterOfTheNight","CharismaGuard"],"picked":"Stigmanizer","floor":0.0},{"not_picked":["MastersStateliness","Ultimatum"],"picked":"ScarletImprint","floor":0.0},{"not_picked":["VampireClaw","FitfulNightmare"],"picked":"Stigmanizer","floor":0.0},{"not_picked":["BloodyTrap","ScarletImprint"],"picked":"VampireClaw","floor":0.0},{"not_picked":["BlasphemousPunishment","ScarletImprint"],"picked":"DiffusionOfMisfortune","floor":0.0},{"not_picked":["UnstableMagic","FavorOfDestiny"],"picked":"BloodHunter","floor":0.0},{"not_picked":["ScarletImprint","Septette"],"picked":"VampireClaw","floor":0.0},{"not_picked":["BloodyTrap","SuperhumanBloodyKnife"],"picked":"ForecastOfChange","floor":6.0},{"not_picked":["BloodHunter","DemonKingCradle","DiffusionOfMisfortune"],"picked":"SKIP","floor":7.0},{"not_picked":["BloodHunter","DiffusionOfMisfortune","BlasphemousPunishment"],"picked":"SKIP","floor":12.0},{"not_picked":["AfternoonTea","BloodAndWine","MiserableFate"],"picked":"SKIP","floor":14.0},{"not_picked":["BatForm","BloodRain"],"picked":"EquivalentExchange","floor":16.0},{"not_picked":["DevilSight+1","StarOfDavid"],"picked":"DiffusionOfMisfortune+1","floor":23.0},{"not_picked":["BlasphemousPunishment","ForbiddenFruit"],"picked":"SuperhumanBloodyKnife","floor":25.0},{"not_picked":["CharismaGuard","UnderTheZenith"],"picked":"BloodySeventeenLaser","floor":27.0},{"not_picked":["ScarletImprint+1","BloodAndWine"],"picked":"CurseOfVladTepes","floor":29.0},{"not_picked":["BombardNight","RedRainbow","EternalNight+1"],"picked":"SKIP","floor":30.0},{"not_picked":["BombardNight","RedRainbow"],"picked":"EternalNight+1","floor":30.0},{"not_picked":["ChaoticDestiny","ScarletCoffin"],"picked":"ForecastOfChange","floor":33.0},{"not_picked":["FavorOfDestiny+1","ScarletSymphony+1","BombardNight+1"],"picked":"SKIP","floor":40.0},{"not_picked":["ReincarnationDial","MastersStateliness","BloodyTrap+1"],"picked":"SKIP","floor":41.0},{"not_picked":["ReincarnationDial","MastersStateliness"],"picked":"BloodyTrap+1","floor":41.0},{"not_picked":["DevilSight","BloodyMagicSquare"],"picked":"BloodRain","floor":42.0},{"not_picked":["StarOfDavid","UnstableMagic","MiserableFate+1"],"picked":"SKIP","floor":44.0}],"player_experience":285372,"relics_obtained":[{"floor":1.0,"key":"SalivaCoin"},{"floor":2.0,"key":"RedBat"},{"floor":2.0,"key":"Blood Vial"},{"floor":4.0,"key":"Dream Catcher"},{"floor":5.0,"key":"Dota2Spire:Satanic"},{"floor":6.0,"key":"Dota2Spire:BattleFury"},{"floor":7.0,"key":"Old Coin"},{"floor":9.0,"key":"Bottled Lightning"},{"floor":12.0,"key":"Dota2Spire:ArmletOfMordiggian"},{"floor":14.0,"key":"Vajra"},{"floor":18.0,"key":"Dota2Spire:Vanguard"},{"floor":19.0,"key":"Bag of Preparation"},{"floor":20.0,"key":"Dota2Spire:ShadowBlade"},{"floor":22.0,"key":"MawBank"},{"floor":23.0,"key":"Dota2Spire:Desolator"},{"floor":25.0,"key":"Whetstone"},{"floor":26.0,"key":"AntiCross"},{"floor":27.0,"key":"Dota2Spire:DrumOfEndurance"},{"floor":29.0,"key":"InkBottle"},{"floor":30.0,"key":"Potion Belt"},{"floor":35.0,"key":"AddBug"},{"floor":37.0,"key":"Strange Spoon"},{"floor":37.0,"key":"Ccalipers"},{"floor":38.0,"key":"Frozen Eye"},{"floor":39.0,"key":"MomsKnife"},{"floor":40.0,"key":"StoneCalendar"},{"floor":41.0,"key":"Centennial Puzzle"},{"floor":42.0,"key":"Dota2Spire:ShivaGuard"},{"floor":43.0,"key":"Dota2Spire:AssaultCuirass"},{"floor":45.0,"key":"HornCleat"},{"floor":46.0,"key":"DeadEye"}],"event_choices":[{"damage_healed":0.0,"max_hp_gain":0.0,"max_hp_loss":0.0,"gold_gain":0.0,"event_name":"HidenRoomEvent","player_choice":"Fight","floor":2.0,"gold_loss":0.0,"damage_taken":0.0},{"damage_healed":0.0,"max_hp_gain":0.0,"max_hp_loss":0.0,"gold_gain":0.0,"event_name":"Match and Keep!","player_choice":"0 cards matched","floor":10.0,"gold_loss":0.0,"damage_taken":0.0,"cards_obtained":[]},{"cards_removed":["UnderTheZenith"],"damage_healed":0.0,"max_hp_gain":0.0,"max_hp_loss":0.0,"gold_gain":0.0,"event_name":"Back to Basics","player_choice":"Elegance","floor":24.0,"gold_loss":0.0,"damage_taken":0.0}],"is_beta":false,"boss_relics":[{"not_picked":["SacredBark","ChampionBelt"],"picked":"SoulBox"},{"not_picked":[]},{"not_picked":["Fusion Hammer","Mercury Hourglass"],"picked":"BookOfRevelations"},{"not_picked":[]}],"items_purged_floors":[],"is_endless":true,"potions_floor_spawned":[4,7,12,16,20,22,25,27,29,30,38,39,40,41,44],"ascension_level":1}}