{"host":"2se5dq1do2gp0x9k","time":1609719851,"event":{"mods":["AchievementEnabler","BaseMod","Block Reminder","Colored Map","Colored Powertips","Minty Spire (QoL Compilation)","Relic Stats","StSLib","SuperFastMode"],"gold_per_floor":[110,110,35,35,50,50,94,94,118,118,138,138,138,174,174,302,302,334,376,394,417,417,417,417,417],"floor_reached":24,"playtime":874,"items_purged":[],"score":310,"play_id":"6ca9345e-7a75-4d70-9f9e-be2e88cca1a3","local_time":"20210103162411","is_ascension_mode":true,"campfire_choices":[{"data":"ThirdEye","floor":6.0,"key":"SMITH"},{"data":"LikeWater","floor":8.0,"key":"SMITH"},{"data":"Vigilance","floor":13.0,"key":"SMITH"},{"data":"Evaluate","floor":15,"key":"SMITH"},{"floor":23,"key":"REST"}],"circlet_count":0,"master_deck":["AscendersBane","Strike_P","Strike_P","Defend_P","Defend_P","Defend_P","Eruption","Vigilance+1","The Bomb+1","LikeWater+1","WreathOfFlame","Evaluate+1","ThirdEye+1","FearNoEvil","FearNoEvil","Evaluate+1","DeusExMachina","CurseOfTheBell","PathToVictory+1","ClearTheMind+1","SandsOfTime","Indignation","ThirdEye"],"relics":["PureWater","Golden Idol","Eternal Feather","Yang","Matryoshka","Calling Bell","CeramicFish","Singing Bowl","Mango","Red Mask","Nloth\u0027s Gift"],"acts_visited":["Exordium","TheCity"],"potions_floor_usage":[14,16,18,24],"damage_taken":[{"damage":0.0,"enemies":"Cultist","floor":1.0,"turns":4.0},{"damage":9.0,"enemies":"2 Louse","floor":5.0,"turns":3.0},{"damage":9.0,"enemies":"3 Sentries","floor":7.0,"turns":3.0},{"damage":0.0,"enemies":"Small Slimes","floor":11.0,"turns":3.0},{"damage":9,"enemies":"Gremlin Nob","floor":14,"turns":4},{"damage":9,"enemies":"The Guardian","floor":16,"turns":11},{"damage":11,"enemies":"Chosen","floor":18,"turns":7},{"damage":58,"enemies":"Masked Bandits","floor":19,"turns":4},{"damage":4,"enemies":"2 Thieves","floor":21,"turns":4},{"damage":41,"enemies":"Slavers","floor":24,"turns":5}],"seed_played":"-1922650855268147875","potions_obtained":[{"floor":1.0,"key":"Block Potion"},{"floor":5.0,"key":"Explosive Potion"},{"floor":14,"key":"LiquidMemories"},{"floor":21,"key":"LiquidMemories"}],"is_trial":false,"path_per_floor":["M","?","$","?","M","R","E","R","T","?","M","T","R","E","R","B",null,"M","?","?","M","?","R","E"],"character_chosen":"WATCHER","items_purchased":["Evaluate","ThirdEye"],"campfire_rested":1,"item_purchase_floors":[3,3],"current_hp_per_floor":[65,65,65,60,51,51,42,51,58,45,45,45,54,45,54,45,76,65,7,7,3,3,39,0,0],"gold":417,"neow_bonus":"RANDOM_COLORLESS_2","is_daily":false,"chose_seed":false,"campfire_upgraded":4,"win_rate":0.0,"timestamp":1609719851,"path_taken":["M","?","$","?","M","R","E","R","T","?","M","?","R","E","R","BOSS","M","?","?","M","?","R","E"],"items_purchased_type":["Card","Card"],"build_version":"2020-12-22","purchased_purges":0,"victory":false,"max_hp_per_floor":[65,65,65,60,60,60,60,60,67,67,67,67,67,67,67,67,81,81,81,81,81,81,81,81,81],"relic_stats":{"Singing Bowl":0,"counters":[10,48],"Golden Idol":64,"CeramicFish":45,"Eternal Feather":39,"Yang":[32],"Nloth\u0027s Gift":0,"obtain_stats":[{"Calling Bell":17,"Matryoshka":14,"Singing Bowl":17,"Golden Idol":4,"Strawberry":9,"CeramicFish":17,"Eternal Feather":7,"Yang":12,"Mango":17,"Red Mask":19,"Nloth\u0027s Gift":22,"PureWater":0},{"Calling Bell":6,"Matryoshka":5,"Singing Bowl":6,"Golden Idol":1,"Strawberry":3,"CeramicFish":6,"Eternal Feather":3,"Yang":4,"Mango":6,"Red Mask":8,"Nloth\u0027s Gift":9,"PureWater":0},{"Calling Bell":28,"Matryoshka":17,"Singing Bowl":28,"Golden Idol":4,"Strawberry":10,"CeramicFish":28,"Eternal Feather":10,"Yang":13,"Mango":28,"Red Mask":39,"Nloth\u0027s Gift":43,"PureWater":0}]},"card_choices":[{"not_picked":["Magnetism","Mayhem"],"picked":"The Bomb","floor":0.0},{"not_picked":["Consecrate","SandsOfTime"],"picked":"LikeWater","floor":1.0},{"not_picked":["Worship","Crescendo","ClearTheMind"],"picked":"SKIP","floor":5.0},{"not_picked":["ThirdEye","ClearTheMind"],"picked":"FearNoEvil","floor":7.0},{"not_picked":["CutThroughFate","Fasting2"],"picked":"FearNoEvil","floor":11.0},{"not_picked":["Scrawl","TalkToTheHand"],"picked":"Evaluate","floor":14},{"not_picked":["Devotion","Establishment"],"picked":"DeusExMachina","floor":16},{"not_picked":["Consecrate","Conclude"],"picked":"PathToVictory+1","floor":18},{"not_picked":["JustLucky","ThirdEye"],"picked":"ClearTheMind+1","floor":19},{"not_picked":["BowlingBash","Collect"],"picked":"ThirdEye","floor":21}],"player_experience":3748825,"relics_obtained":[{"floor":7.0,"key":"Eternal Feather"},{"floor":9.0,"key":"Strawberry"},{"floor":12.0,"key":"Yang"},{"floor":14,"key":"Matryoshka"},{"floor":17,"key":"CeramicFish"},{"floor":17,"key":"Singing Bowl"},{"floor":17,"key":"Mango"},{"floor":19,"key":"Red Mask"}],"event_choices":[{"damage_healed":0.0,"max_hp_gain":0.0,"max_hp_loss":0.0,"gold_gain":0.0,"cards_transformed":["Strike_P"],"event_name":"Living Wall","player_choice":"Change","floor":2.0,"gold_loss":0.0,"damage_taken":0.0,"cards_obtained":["WreathOfFlame"]},{"damage_healed":0.0,"max_hp_gain":0.0,"max_hp_loss":5.0,"gold_gain":0.0,"event_name":"Golden Idol","player_choice":"Lose Max HP","floor":4.0,"gold_loss":0.0,"damage_taken":0.0,"relics_obtained":["Golden Idol"]},{"damage_healed":0.0,"max_hp_gain":0.0,"max_hp_loss":0.0,"gold_gain":0.0,"event_name":"Shining Light","player_choice":"Entered Light","floor":10.0,"gold_loss":0.0,"damage_taken":13.0,"cards_upgraded":["Evaluate","The Bomb"]},{"damage_healed":0,"gold_gain":0,"player_choice":"Fought Bandits","damage_taken":0,"max_hp_gain":0,"max_hp_loss":0,"event_name":"Masked Bandits","floor":19,"gold_loss":0},{"damage_healed":0,"gold_gain":0,"cards_transformed":["Strike_P","Defend_P"],"player_choice":"Became Test Subject","damage_taken":0,"max_hp_gain":0,"max_hp_loss":0,"event_name":"Drug Dealer","floor":20,"gold_loss":0,"cards_obtained":["SandsOfTime","Indignation"]},{"damage_healed":0,"gold_gain":0,"player_choice":"Traded Relic","damage_taken":0,"relics_obtained":["Nloth\u0027s Gift"],"max_hp_gain":0,"max_hp_loss":0,"event_name":"N\u0027loth","floor":22,"relics_lost":["Strawberry"],"gold_loss":0}],"is_beta":false,"boss_relics":[{"not_picked":["Velvet Choker","Black Star"],"picked":"Calling Bell"}],"items_purged_floors":[],"is_endless":false,"potions_floor_spawned":[1,5,14,21],"killed_by":"Slavers","ascension_level":11}}