{"host":"vuriy6uyozwp3u0s","time":1609754902,"event":{"mods":["BaseMod","BetterRewards","Hermit","Minty Spire (QoL Compilation)","Permanent Neow","Quick Restart","StSLib","The Wild Card"],"gold_per_floor":[119,119,129,142,217,246,246,246,246,260,260,260,278,306,306,306,306],"floor_reached":16,"playtime":1099,"items_purged":[],"score":110,"play_id":"0dcb7d05-2d44-41ba-ab0a-65f044b64e09","local_time":"20210104190822","is_ascension_mode":false,"campfire_choices":[{"floor":7,"key":"REST"},{"floor":11,"key":"REST"},{"floor":15,"key":"REST"}],"circlet_count":0,"master_deck":["hermit:Strike_Hermit","hermit:Strike_Hermit","hermit:Strike_Hermit","hermit:Strike_Hermit","hermit:Defend_Hermit","hermit:Defend_Hermit","hermit:Defend_Hermit","hermit:Defend_Hermit+1","hermit:Snapshot","hermit:Covet+1","hermit:Quickdraw","hermit:Manifest","hermit:Dive","hermit:Feint","hermit:CursedWeapon","Parasite","hermit:Shortfuse","hermit:Combo+1","hermit:TakeAim+1"],"relics":["hermit:Momento","Frozen Egg 2","War Paint","MealTicket"],"acts_visited":["Exordium"],"potions_floor_usage":[6,14],"damage_taken":[{"damage":0,"enemies":"2 Louse","floor":1,"turns":2},{"damage":9,"enemies":"Small Slimes","floor":3,"turns":4},{"damage":0,"enemies":"Jaw Worm","floor":4,"turns":4},{"damage":39,"enemies":"Lagavulin","floor":6,"turns":13},{"damage":19,"enemies":"3 Louse","floor":10,"turns":4},{"damage":22,"enemies":"Gremlin Gang","floor":13,"turns":7},{"damage":28,"enemies":"3 Sentries","floor":14,"turns":13},{"damage":28,"enemies":"The Guardian","floor":16,"turns":5}],"seed_played":"618977007500120790","potions_obtained":[{"floor":3,"key":"BlessingOfTheForge"},{"floor":4,"key":"hermit:BlackBile"},{"floor":6,"key":"FairyPotion"},{"floor":13,"key":"Ancient Potion"}],"is_trial":false,"path_per_floor":["M","?","M","M","?","E","R","?","T","M","R","?","M","E","R","B"],"character_chosen":"HERMIT","items_purchased":[],"campfire_rested":3,"item_purchase_floors":[],"current_hp_per_floor":[75,75,66,66,55,16,38,56,56,37,59,59,37,9,31,3,3],"gold":306,"neow_bonus":"THREE_CARDS","is_daily":false,"chose_seed":false,"campfire_upgraded":0,"win_rate":0.0,"timestamp":1609754902,"path_taken":["M","?","M","M","?","E","R","?","T","M","R","?","?","E","R","BOSS"],"items_purchased_type":[],"build_version":"2020-12-22","purchased_purges":0,"victory":false,"max_hp_per_floor":[75,75,75,75,75,75,75,75,75,75,75,75,75,75,75,75,75],"card_choices":[{"not_picked":["hermit:Coalescence","hermit:BodyArmor"],"picked":"hermit:Quickdraw","floor":0},{"not_picked":["hermit:LoneWolf","hermit:Grudge"],"picked":"hermit:Manifest","floor":1},{"not_picked":["hermit:BodyArmor","hermit:Roulette"],"picked":"hermit:Dive","floor":3},{"not_picked":["hermit:Enervate","hermit:HoleUp"],"picked":"hermit:Feint","floor":4},{"not_picked":["hermit:WideOpen","hermit:TrackingShot"],"picked":"hermit:CursedWeapon","floor":6},{"not_picked":["hermit:CalledShot","hermit:DeadOrAlive"],"picked":"hermit:Shortfuse","floor":10},{"not_picked":["hermit:Misfire","hermit:CalledShot"],"picked":"hermit:Combo+1","floor":13},{"not_picked":["hermit:DeadOrAlive","hermit:Gambit"],"picked":"hermit:TakeAim+1","floor":14}],"player_experience":58074,"relics_obtained":[{"floor":6,"key":"Frozen Egg 2"},{"floor":9,"key":"War Paint"},{"floor":14,"key":"MealTicket"}],"event_choices":[{"damage_healed":0,"gold_gain":0,"player_choice":"Leave","damage_taken":0,"max_hp_gain":0,"max_hp_loss":0,"event_name":"The Cleric","floor":2,"gold_loss":0},{"damage_healed":0,"gold_gain":75,"player_choice":"Gather Gold","damage_taken":11,"max_hp_gain":0,"max_hp_loss":0,"event_name":"World of Goop","floor":5,"gold_loss":0},{"damage_healed":18,"gold_gain":0,"player_choice":"Healed and dodged fight","damage_taken":0,"max_hp_gain":0,"max_hp_loss":0,"event_name":"Mushrooms","floor":8,"gold_loss":0,"cards_obtained":["Parasite"]},{"damage_healed":0,"gold_gain":0,"player_choice":"Searched \u00270\u0027 times","damage_taken":0,"max_hp_gain":0,"max_hp_loss":0,"event_name":"Dead Adventurer","floor":12,"gold_loss":0}],"is_beta":false,"boss_relics":[],"items_purged_floors":[],"is_endless":false,"potions_floor_spawned":[3,4,6,13],"killed_by":"The Guardian","ascension_level":0}}