{"host":"6gnjg44wf0nz538o","time":1609718482,"event":{"mods":["AchievementEnabler","BaseMod","BetterRewards","Colored Map","Minty Spire (QoL Compilation)","Replay The Spire","Spicy Shops","StSLib","The Servant 0.9.4"],"gold_per_floor":[111,59,71,85,85,111,111,111,135,169,169,244,97,116,116,191,191,204,224,224,19,38,65,65,82,82,32,97,147,147,157,157,233,333,348,348,348,364,389,417,69,69,122,140,166,166,192,212,212,212],"floor_reached":51,"playtime":1415,"items_purged":["Strike_R","Defy Death+1","Defend_R"],"score":1570,"play_id":"a8bdf1f9-15d3-48ef-9aa4-11c5e357795f","local_time":"20210103190122","is_ascension_mode":true,"campfire_choices":[{"data":"Searing Blow","floor":7.0,"key":"SMITH"},{"floor":11.0,"key":"REST"},{"data":"Whirlwind","floor":15.0,"key":"SMITH"},{"floor":24.0,"key":"REST"},{"floor":30.0,"key":"REST"},{"data":"Limit Break","floor":32,"key":"SMITH"},{"data":"Heavy Blade","floor":42,"key":"SMITH"},{"data":"Berserk","floor":49,"key":"SMITH"}],"circlet_count":0,"master_deck":["AscendersBane","Strike_R","Strike_R","Strike_R","Defend_R","Defend_R","Anger","Anger","Searing Blow+1","Whirlwind+1","Anger","Limit Break+1","Heavy Blade+1","Flex+1","ReplayTheSpireMod:Splinters","Feed","Berserk+1","Thunderclap","Pot Of Greed","Pot Of Greed","Rampage"],"relics":["Burning Blood","Brimstone","Bag of Marbles","Regal Pillow","Smiling Mask","Nunchaku","ReplayTheSpireMod:TigerMarble","Black Star","HandDrill","Self Forming Clay","Art of War","Meat on the Bone","MealTicket","Replay:Wanted Poster","CaptainsWheel","Toy Ornithopter","Blue Doll","Chemical X","Gambling Chip","Vajra","PreservedInsect","Snack Pack","Grinning Jar"],"acts_visited":["Exordium","TheCity","TheBeyond"],"potions_floor_usage":[33,45,50,50],"damage_taken":[{"damage":8.0,"enemies":"Cultist","floor":1.0,"turns":3.0},{"damage":0.0,"enemies":"2 Louse","floor":3.0,"turns":2.0},{"damage":0.0,"enemies":"Small Slimes","floor":4.0,"turns":2.0},{"damage":26.0,"enemies":"3 Sentries","floor":6.0,"turns":4.0},{"damage":10.0,"enemies":"Gremlin Nob","floor":10.0,"turns":3.0},{"damage":0.0,"enemies":"Looter","floor":14.0,"turns":1.0},{"damage":18.0,"enemies":"Fading Forest","floor":16.0,"turns":11.0},{"damage":0.0,"enemies":"3 Byrds","floor":18.0,"turns":2.0},{"damage":22.0,"enemies":"Shell Parasite","floor":19.0,"turns":3.0},{"damage":0.0,"enemies":"Snake Plant","floor":22.0,"turns":1.0},{"damage":52.0,"enemies":"Gremlin Leader","floor":23.0,"turns":3.0},{"damage":40.0,"enemies":"Snecko","floor":25.0,"turns":4.0},{"damage":2,"enemies":"Centurion and Healer","floor":31,"turns":3},{"damage":44,"enemies":"Collector","floor":33,"turns":6},{"damage":0,"enemies":"3 Darklings","floor":35,"turns":2},{"damage":27,"enemies":"3 Shapes","floor":38,"turns":2},{"damage":4,"enemies":"Mind Bloom Boss Battle","floor":39,"turns":4},{"damage":22,"enemies":"R_Hoarder","floor":40,"turns":4},{"damage":10,"enemies":"Maw","floor":44,"turns":4},{"damage":1,"enemies":"Reptomancer","floor":45,"turns":1},{"damage":3,"enemies":"Sphere and 2 Shapes","floor":48,"turns":2},{"damage":58,"enemies":"Donu and Deca","floor":50,"turns":4}],"seed_played":"-5759401181436306664","potions_obtained":[{"floor":1.0,"key":"Swift Potion"},{"floor":10.0,"key":"Energy Potion"},{"floor":25.0,"key":"Weak Potion"},{"floor":28.0,"key":"Fire Potion"},{"floor":28.0,"key":"DuplicationPotion"},{"floor":35,"key":"GamblersBrew"},{"floor":44,"key":"LiquidMemories"},{"floor":48,"key":"Block Potion"}],"is_trial":false,"path_per_floor":["M","$","M","M","?","E","R","?","T","E","R","?","$","M","R","B",null,"M","M","?","$","M","E","R","M","T","$","?","T","R","M","R","B",null,"M","?","?","M","?","E","$","R","T","M","E","?","T","M","R","B",null],"character_chosen":"IRONCLAD","items_purchased":["Brimstone","Anger","Whirlwind","ReplayTheSpireMod:TigerMarble","HandDrill","Chemical X","Gambling Chip"],"campfire_rested":3,"item_purchase_floors":[0,2,13,13,21,41,41],"current_hp_per_floor":[70,70,76,80,80,60,60,53,53,49,80,80,80,80,80,80,80,80,64,64,64,70,24,63,29,29,29,29,29,68,72,72,46,72,78,78,78,60,74,58,73,73,73,69,79,79,79,79,79,53],"gold":212,"neow_bonus":"","is_daily":false,"chose_seed":false,"campfire_upgraded":5,"win_rate":0.0,"timestamp":1609718482,"path_taken":["M","$","?","M","?","E","R","?","T","E","R","?","?","M","R","BOSS","M","?","?","$","?","E","R","M","T","?","?","?","R","M","R","BOSS","M","?","?","?","?","E","$","R","T","M","E","?","?","M","R","BOSS"],"items_purchased_type":["Relic","Card","Card","Relic","Relic","Relic","Relic"],"build_version":"2020-12-22","purchased_purges":3,"victory":true,"max_hp_per_floor":[80,80,80,80,80,80,80,80,80,80,80,80,80,80,80,80,80,80,80,80,80,80,80,80,80,80,80,80,80,80,80,80,80,80,80,80,80,83,83,83,83,83,83,83,83,79,79,79,79,82],"card_choices":[{"not_picked":["Entrench","Sever Soul","Warcry"],"picked":"SKIP","floor":1.0},{"not_picked":["Warcry","Sword Boomerang"],"picked":"Anger","floor":3.0},{"not_picked":["Sever Soul","Run Through","Clothesline"],"picked":"SKIP","floor":4.0},{"not_picked":["Power Through","Iron Wave"],"picked":"Searing Blow","floor":6.0},{"not_picked":["True Grit","Juggernaut","Replay:Undeath\u0027s Touch"],"picked":"SKIP","floor":10.0},{"not_picked":["Clash","Cleave"],"picked":"Anger","floor":14.0},{"not_picked":["Double Tap","Immolate"],"picked":"Limit Break","floor":16.0},{"not_picked":["Battle Trance+1","Body Slam","Perfected Strike"],"picked":"SKIP","floor":18.0},{"not_picked":["ReplayTheSpireMod:LeadingStrike","Warcry","Cleave"],"picked":"SKIP","floor":19.0},{"not_picked":["Berserk","Flex+1"],"picked":"Heavy Blade","floor":22.0},{"not_picked":["Headbutt","Battle Trance+1"],"picked":"Flex+1","floor":23.0},{"not_picked":["Heavy Blade","Ghostly Armor","Wild Strike"],"picked":"SKIP","floor":25.0},{"not_picked":["Warcry","Clash","Iron Wave+1"],"picked":"SKIP","floor":31},{"not_picked":["Corruption","Eclipse"],"picked":"Feed","floor":33},{"not_picked":["Flex","Rupture","Life Link"],"picked":"SKIP","floor":35},{"not_picked":["Replay:Undeath\u0027s Touch+1","Pommel Strike","Combust"],"picked":"SKIP","floor":38},{"not_picked":["Sword Boomerang","Battle Trance"],"picked":"Thunderclap","floor":40},{"not_picked":["Clothesline","Thunderclap","Flex"],"picked":"SKIP","floor":44},{"not_picked":["Rage","ReplayTheSpireMod:Muscle Training","Searing Blow"],"picked":"SKIP","floor":45},{"not_picked":["Clothesline","Pommel Strike"],"picked":"Rampage","floor":48}],"player_experience":512298,"relics_obtained":[{"floor":6.0,"key":"Bag of Marbles"},{"floor":9.0,"key":"Smiling Mask"},{"floor":10.0,"key":"Nunchaku"},{"floor":23.0,"key":"Self Forming Clay"},{"floor":23.0,"key":"Art of War"},{"floor":26.0,"key":"Meat on the Bone"},{"floor":28.0,"key":"MealTicket"},{"floor":39,"key":"CaptainsWheel"},{"floor":40,"key":"Toy Ornithopter"},{"floor":40,"key":"Blue Doll"},{"floor":43,"key":"Vajra"},{"floor":45,"key":"PreservedInsect"},{"floor":45,"key":"Snack Pack"},{"floor":47,"key":"Grinning Jar"}],"event_choices":[{"damage_healed":0.0,"max_hp_gain":0.0,"max_hp_loss":0.0,"gold_gain":0.0,"event_name":"Scrap Ooze","player_choice":"Success","floor":8.0,"gold_loss":0.0,"damage_taken":7.0,"relics_obtained":["Regal Pillow"]},{"damage_healed":0.0,"max_hp_gain":0.0,"max_hp_loss":0.0,"gold_gain":75.0,"event_name":"Golden Wing","player_choice":"Gained Gold","floor":12.0,"gold_loss":0.0,"damage_taken":0.0},{"damage_healed":0.0,"max_hp_gain":0.0,"max_hp_loss":0.0,"gold_gain":0.0,"event_name":"Match and Keep!","player_choice":"0 cards matched","floor":20.0,"gold_loss":0.0,"damage_taken":0.0,"cards_obtained":[]},{"cards_removed":["Strike_R"],"damage_healed":0,"gold_gain":0,"player_choice":"Removed Attack","damage_taken":0,"max_hp_gain":0,"max_hp_loss":0,"event_name":"Falling","floor":36,"gold_loss":0},{"damage_healed":0,"gold_gain":0,"player_choice":"1 cards matched","damage_taken":0,"max_hp_gain":0,"max_hp_loss":0,"event_name":"Match and Keep!","floor":37,"gold_loss":0,"cards_obtained":["Berserk"]},{"damage_healed":0,"gold_gain":0,"player_choice":"Fight","damage_taken":0,"max_hp_gain":0,"max_hp_loss":0,"event_name":"MindBloom","floor":39,"gold_loss":0},{"damage_healed":0,"gold_gain":0,"player_choice":"Max HP","damage_taken":0,"max_hp_gain":0,"max_hp_loss":4,"event_name":"Winding Halls","floor":46,"gold_loss":0}],"is_beta":false,"boss_relics":[{"not_picked":["Cursed Key","Replay:Grab Bag"],"picked":"Black Star"},{"not_picked":["Electric Blood","Ooze Armor"],"picked":"Replay:Wanted Poster"}],"items_purged_floors":[21,27,41],"is_endless":false,"potions_floor_spawned":[1,10,25,31,35,44,48],"ascension_level":13}}