{"host":"0azimyi6n3ugndj4","time":1609788224,"event":{"mods":["2.2 Compatiblity","BaseMod","Bestiary","Conspire","Curses Come First","Defuse TimeMaze Blight","Duelist Mod","GifTheSpireLib","Hermit","Hubris","Hyrulean Relics","Infinite Spire","Jorbs\u0027s Wanderer Trilogy","Minty Spire (QoL Compilation)","Relic Stats","Replay The Spire","StSLib","SuperFastMode","The Cursed","The Hierophant","Uncapped","¡¼?Úª?ø«¡½REMEMod"],"gold_per_floor":[158,158,158,158,9,9,9,90,90],"floor_reached":8,"playtime":200,"items_purged":[],"score":177,"play_id":"3749b273-2240-4dd2-b9ed-0b56a0a10742","local_time":"20210105042344","daily_mods":["SealedDeck","Hoarder","Insanity","Chimera","Specialized","Vintage","ControlledChaos","Allstar","Diverse","Colorless Cards","Heirloom","Time Dilation","Flight","Elite Swarm","Lethality","Midas","Binary"],"is_ascension_mode":false,"campfire_choices":[{"data":"1","floor":6,"key":"LIFT"}],"circlet_count":0,"master_deck":["Demon Form","Wraith Form v2","Echo Form","DevaForm","theDuelist:Nameless:Magic:YamiForm","stsjorbsmod:ArcaneForm","stsjorbsmod:WastingForm","theDuelist:YamiForm","Bash","Survivor","Zap","Eruption","Strike_R","Strike_G","Strike_B","Defend_R","Defend_G","Defend_P","stsjorbsmod:Firebolt","Crescendo","Replay:Sssssssssstrike","TheCursedMod:SmokeScreen","Replay:Anticipation","EmptyMind","theDuelist:WormApocalypse","hierophant:Remorse","hermit:ItchyTrigger","Conclude","hubris:SlightOfHand","stsjorbsmod:ChainLightning","TheCursedMod:TacticalStrike","Prostrate","Barrage","theDuelist:FairyBox","Entrench","hierophant:Shelter","Battle Trance","Replay:Battleflow","hierophant:AuricBeam","Conserve Battery","theDuelist:MagnumShield","Clash","theDuelist:PowerKaishin","Feel No Pain","stsjorbsmod:Hibernate","TheCursedMod:Wield","Finisher","BowlingBash","ReplayTheSpireMod:Shiv Toss","theDuelist:DarkBurningAttack","theDuelist:PowerWall","theDuelist:CombinationAttack","hierophant:Remorse","PathToVictory","Run Through","hierophant:SealAway","Cold Snap","Deflect","Carnage","Prepared","ReplayTheSpireMod:Corrosion Curse","TheCursedMod:CursedBlade","theDuelist:LegendarySword","stsjorbsmod:ChainLightning","hermit:Malice","hermit:Grudge","hierophant:Endure","ReplayTheSpireMod:Shiv Toss","hierophant:ThreeLashes","hierophant:ThreeLashes","hierophant:ThreeLashes","hierophant:ThreeLashes","hierophant:ThreeLashes","hierophant:ThreeLashes","hierophant:ThreeLashes","hierophant:ThreeLashes","hierophant:ThreeLashes","hierophant:ThreeLashes","hierophant:ThreeLashes","hierophant:ThreeLashes","hierophant:ThreeLashes","hierophant:ThreeLashes","hierophant:ThreeLashes","theDuelist:BigFire","theDuelist:BigFire","theDuelist:BigFire","TheCursedMod:SaltUponWound","TheCursedMod:SaltUponWound","TheCursedMod:SaltUponWound","theDuelist:MiraculousDescent","theDuelist:MiraculousDescent","theDuelist:MiraculousDescent","Anger","Anger","Anger","theDuelist:PowerKaishin","theDuelist:PowerKaishin","theDuelist:PowerKaishin","stsjorbsmod:ArcaneWeapon","stsjorbsmod:ArcaneWeapon","stsjorbsmod:ArcaneWeapon","Coolheaded","Coolheaded","Coolheaded","Consecrate","Consecrate","Consecrate","stsjorbsmod:TrueStrike","stsjorbsmod:TrueStrike","stsjorbsmod:TrueStrike","TheCursedMod:CursedAmulet","TheCursedMod:CursedAmulet","TheCursedMod:CursedAmulet","REME_PuzzleBox","REME_PuzzleBox","REME_PuzzleBox","theDuelist:VampireCurse","theDuelist:VampireCurse","theDuelist:VampireCurse","theDuelist:MillenniumSpellbook","theDuelist:MillenniumSpellbook","theDuelist:MillenniumSpellbook"],"relics":["theDuelist:MillenniumPuzzle","theDuelist:CardPoolRelic","theDuelist:CardPoolBasicRelic","theDuelist:BoosterPackPoolRelic","theDuelist:CardPoolAddRelic","theDuelist:CardPoolMinusRelic","theDuelist:CardPoolSaveRelic","theDuelist:CardPoolOptionsRelic","Frozen Eye","Busted Crown","REME_ComplimentaryCards","Girya","infinitespire:Broken Mirror","hubris:Icosahedron","Boot","zeldaRelics:CouragePiece"],"acts_visited":["Exordium"],"potions_floor_usage":[],"damage_taken":[{"damage":0,"enemies":"2 Louse","floor":1,"turns":1},{"damage":0,"enemies":"Replay:BlueRogue","floor":8,"turns":2}],"seed_played":"-4064341008550612217","potions_obtained":[{"floor":8,"key":"theDuelist:SealedPackD"}],"is_trial":true,"path_per_floor":["M","?","?","?","$","R","$","E"],"character_chosen":"THE_DUELIST","items_purchased":["Boot"],"campfire_rested":0,"item_purchase_floors":[5],"current_hp_per_floor":[80,80,83,83,83,83,83,84,84],"gold":90,"neow_bonus":"","is_daily":false,"chose_seed":false,"campfire_upgraded":0,"win_rate":0.0,"timestamp":1609788224,"path_taken":["M","?","?","?","?","R","$","E"],"items_purchased_type":["Relic"],"build_version":"2020-12-22","purchased_purges":0,"victory":false,"max_hp_per_floor":[80,80,83,83,83,83,83,84,84],"relic_stats":{"Busted Crown":166,"counters":[2,3],"Boot":[0],"obtain_stats":[{"Girya":0,"theDuelist:MillenniumPuzzle":0,"theDuelist:CardPoolSaveRelic":0,"Boot":5,"Frozen Eye":0,"theDuelist:BoosterPackPoolRelic":0,"theDuelist:CardPoolMinusRelic":0,"Busted Crown":0,"hubris:Icosahedron":4,"infinitespire:Broken Mirror":1,"theDuelist:CardPoolBasicRelic":0,"theDuelist:CardPoolAddRelic":0,"theDuelist:CardPoolOptionsRelic":0,"zeldaRelics:CouragePiece":8,"theDuelist:CardPoolRelic":0,"REME_ComplimentaryCards":0},{"Girya":0,"theDuelist:MillenniumPuzzle":0,"theDuelist:CardPoolSaveRelic":0,"Boot":1,"Frozen Eye":0,"theDuelist:BoosterPackPoolRelic":0,"theDuelist:CardPoolMinusRelic":0,"Busted Crown":0,"hubris:Icosahedron":1,"infinitespire:Broken Mirror":1,"theDuelist:CardPoolBasicRelic":0,"theDuelist:CardPoolAddRelic":0,"theDuelist:CardPoolOptionsRelic":0,"zeldaRelics:CouragePiece":2,"theDuelist:CardPoolRelic":0,"REME_ComplimentaryCards":0},{"Girya":0,"theDuelist:MillenniumPuzzle":0,"theDuelist:CardPoolSaveRelic":0,"Boot":1,"Frozen Eye":0,"theDuelist:BoosterPackPoolRelic":0,"theDuelist:CardPoolMinusRelic":0,"Busted Crown":0,"hubris:Icosahedron":1,"infinitespire:Broken Mirror":1,"theDuelist:CardPoolBasicRelic":0,"theDuelist:CardPoolAddRelic":0,"theDuelist:CardPoolOptionsRelic":0,"zeldaRelics:CouragePiece":3,"theDuelist:CardPoolRelic":0,"REME_ComplimentaryCards":0}]},"card_choices":[],"player_experience":1524473,"relics_obtained":[{"floor":1,"key":"infinitespire:Broken Mirror"},{"floor":8,"key":"zeldaRelics:CouragePiece"}],"event_choices":[{"damage_healed":0,"gold_gain":0,"player_choice":"Took item - Received: Millennium Spellbook","duelist":true,"damage_taken":0,"max_hp_gain":0,"max_hp_loss":0,"event_name":"Millennium Items","floor":2,"gold_loss":0}],"is_beta":false,"boss_relics":[],"items_purged_floors":[],"is_endless":false,"potions_floor_spawned":[8],"killed_by":"Replay:BlueRogue","ascension_level":0}}