{"host":"foq4mrde4mssg7vt","time":1609769687,"event":{"mods":["AchievementEnabler","BaseMod","Colored Map","Colored Powertips","Highlight Path","Minty Spire (QoL Compilation)","Relic Stats","everything is the same but u backflip on backflip"],"gold_per_floor":[163,178,193,193,193,220,220,254,254,273,284,304,304,320,320,399,399,399,29,29,29,29,29,29,29,29,29,29,29,29,29,29],"floor_reached":31,"playtime":1092,"items_purged":[],"score":485,"play_id":"1fab57c1-c60c-4676-bdbf-51db5b89e52c","local_time":"20210104221447","is_ascension_mode":true,"campfire_choices":[{"floor":7.0,"key":"REST"},{"floor":13.0,"key":"REST"},{"data":"Evolve","floor":15.0,"key":"SMITH"},{"floor":23.0,"key":"REST"},{"floor":25.0,"key":"REST"},{"data":"Corruption","floor":27.0,"key":"SMITH"}],"circlet_count":0,"master_deck":["AscendersBane","Strike_R+1","Strike_R+1","Strike_R+1","Strike_R+1","Strike_R+1","Defend_R+1","Defend_R+1","Defend_R+1","Defend_R+1","Bash","Evolve+1","Anger","Iron Wave","Purity","Pummel","Immolate","Perfected Strike","Wild Strike","Corruption+1","Pommel Strike","Dark Embrace","Shrug It Off","Fire Breathing","Writhe","Cleave+1","Inflame","True Grit+1"],"relics":["Tiny House","Pen Nib","Pear","Toy Ornithopter","Ectoplasm","Mummified Hand","Paper Frog","Orichalcum","Letter Opener","Whetstone"],"acts_visited":["Exordium","TheCity"],"potions_floor_usage":[28],"damage_taken":[{"damage":2.0,"enemies":"2 Louse","floor":1.0,"turns":4.0},{"damage":1.0,"enemies":"Cultist","floor":2.0,"turns":4.0},{"damage":8.0,"enemies":"Jaw Worm","floor":3.0,"turns":4.0},{"damage":44.0,"enemies":"Lagavulin","floor":6.0,"turns":8.0},{"damage":24.0,"enemies":"3 Sentries","floor":8.0,"turns":7.0},{"damage":1.0,"enemies":"3 Louse","floor":10.0,"turns":3.0},{"damage":0.0,"enemies":"Large Slime","floor":11.0,"turns":4.0},{"damage":0.0,"enemies":"Exordium Thugs","floor":12.0,"turns":3.0},{"damage":11.0,"enemies":"Blue Slaver","floor":14.0,"turns":4.0},{"damage":38.0,"enemies":"Slime Boss","floor":16.0,"turns":6.0},{"damage":19.0,"enemies":"3 Byrds","floor":18.0,"turns":5.0},{"damage":14.0,"enemies":"Spheric Guardian","floor":20.0,"turns":4.0},{"damage":13.0,"enemies":"Cultist and Chosen","floor":22.0,"turns":6.0},{"damage":53.0,"enemies":"Slavers","floor":24.0,"turns":4.0},{"damage":15,"enemies":"Gremlin Leader","floor":28,"turns":5},{"damage":25,"enemies":"Slavers","floor":31,"turns":2}],"seed_played":"-7521600766732616484","potions_obtained":[{"floor":0.0,"key":"Energy Potion"},{"floor":1.0,"key":"Energy Potion"},{"floor":3.0,"key":"Swift Potion"},{"floor":6.0,"key":"BlessingOfTheForge"},{"floor":10.0,"key":"ElixirPotion"},{"floor":18.0,"key":"SkillPotion"},{"floor":24.0,"key":"SteroidPotion"}],"is_trial":false,"path_per_floor":["M","M","M","?","?","E","R","E","T","M","M","M","R","M","R","B",null,"M","$","M","?","M","R","E","R","T","R","E","$","?","E"],"character_chosen":"IRONCLAD","items_purchased":["Dark Embrace","Shrug It Off","Mummified Hand"],"campfire_rested":4,"item_purchase_floors":[19,19,19],"current_hp_per_floor":[71,70,62,62,62,18,42,28,28,27,27,27,54,43,43,10,70,51,51,37,37,29,56,8,35,35,35,25,25,25,0,0],"gold":29,"neow_bonus":"BOSS_RELIC","is_daily":false,"chose_seed":false,"campfire_upgraded":2,"win_rate":0.0,"timestamp":1609769687,"path_taken":["M","M","M","?","?","E","R","E","T","M","M","?","R","M","R","BOSS","M","?","?","?","M","R","E","R","T","R","E","$","?","E"],"items_purchased_type":["Card","Card","Relic"],"build_version":"2020-12-22","purchased_purges":0,"victory":false,"max_hp_per_floor":[80,80,80,80,80,80,80,90,90,90,90,90,90,90,90,90,90,90,90,90,90,90,90,90,90,90,90,90,90,90,90,90],"relic_stats":{"counters":[16,73],"Mummified Hand":[19],"Pen Nib":[11],"Ectoplasm":99,"Letter Opener":[5],"Whetstone":["Strike_R","Strike_R"],"Orichalcum":[6],"obtain_stats":[{"Tiny House":0,"Pear":8,"Mummified Hand":19,"Pen Nib":6,"Ectoplasm":17,"Letter Opener":26,"Whetstone":28,"Orichalcum":24,"Burning Blood":0,"Toy Ornithopter":9,"Paper Frog":21},{"Tiny House":0,"Pear":5,"Mummified Hand":11,"Pen Nib":4,"Ectoplasm":10,"Letter Opener":14,"Whetstone":15,"Orichalcum":14,"Burning Blood":0,"Toy Ornithopter":5,"Paper Frog":12},{"Tiny House":0,"Pear":27,"Mummified Hand":52,"Pen Nib":20,"Ectoplasm":47,"Letter Opener":66,"Whetstone":71,"Orichalcum":66,"Burning Blood":0,"Toy Ornithopter":27,"Paper Frog":56}],"Toy Ornithopter":20},"card_choices":[{"not_picked":["Bloodletting","Metallicize"],"picked":"Evolve","floor":0.0},{"not_picked":["Rage","Flex","Clothesline"],"picked":"SKIP","floor":1.0},{"not_picked":["Dual Wield","Entrench"],"picked":"Anger","floor":2.0},{"not_picked":["Flame Barrier","Flex"],"picked":"Iron Wave","floor":3.0},{"not_picked":["Flex","Fire Breathing"],"picked":"Pummel","floor":6.0},{"not_picked":["Flex","Wild Strike"],"picked":"Immolate","floor":8.0},{"not_picked":["Armaments","Burning Pact"],"picked":"Perfected Strike","floor":10.0},{"not_picked":["Armaments","Sever Soul","Anger"],"picked":"SKIP","floor":11.0},{"not_picked":["Warcry","Rupture","Seeing Red"],"picked":"SKIP","floor":12.0},{"not_picked":["Dual Wield","Pommel Strike"],"picked":"Wild Strike","floor":14.0},{"not_picked":["Reaper","Limit Break"],"picked":"Corruption","floor":16.0},{"not_picked":["Whirlwind+1","Intimidate"],"picked":"Pommel Strike","floor":18.0},{"not_picked":["Headbutt","Infernal Blade"],"picked":"Fire Breathing","floor":20.0},{"not_picked":["Cleave+1","Perfected Strike+1","Clash"],"picked":"SKIP","floor":22.0},{"not_picked":["Perfected Strike+1","Clash"],"picked":"Cleave+1","floor":22.0},{"not_picked":["Shrug It Off","Thunderclap+1"],"picked":"Inflame","floor":24.0},{"not_picked":["Perfected Strike","Carnage"],"picked":"True Grit+1","floor":28}],"player_experience":391346,"relics_obtained":[{"floor":6.0,"key":"Pen Nib"},{"floor":8.0,"key":"Pear"},{"floor":9.0,"key":"Toy Ornithopter"},{"floor":24.0,"key":"Orichalcum"},{"floor":26.0,"key":"Letter Opener"},{"floor":28,"key":"Whetstone"}],"event_choices":[{"damage_healed":0.0,"max_hp_gain":0.0,"max_hp_loss":0.0,"gold_gain":0.0,"event_name":"Shining Light","player_choice":"Ignored","floor":4.0,"gold_loss":0.0,"damage_taken":0.0},{"damage_healed":0.0,"max_hp_gain":0.0,"max_hp_loss":0.0,"gold_gain":0.0,"event_name":"Match and Keep!","player_choice":"1 cards matched","floor":5.0,"gold_loss":0.0,"damage_taken":0.0,"cards_obtained":["Purity"]},{"damage_healed":0.0,"max_hp_gain":0.0,"max_hp_loss":0.0,"gold_gain":0.0,"event_name":"The Mausoleum","player_choice":"Opened","floor":21.0,"gold_loss":0.0,"damage_taken":0.0,"relics_obtained":["Paper Frog"],"cards_obtained":["Writhe"]},{"damage_healed":0,"gold_gain":0,"player_choice":"Simplicity","damage_taken":0,"max_hp_gain":0,"max_hp_loss":0,"event_name":"Back to Basics","floor":30,"gold_loss":0,"cards_upgraded":["Strike_R","Strike_R","Defend_R","Defend_R","Defend_R","Defend_R"]}],"is_beta":false,"boss_relics":[{"not_picked":["Pandora\u0027s Box","Runic Cube"],"picked":"Ectoplasm"}],"items_purged_floors":[],"is_endless":false,"potions_floor_spawned":[1,3,6,10,11,18,24],"killed_by":"Slavers","ascension_level":14}}