{"host":"t7mx8yfj1no5p62f","time":1609741044,"event":{"mods":["BaseMod","Colored Map","Colored Powertips","Minty Spire (QoL Compilation)","Relic Stats","StSLib"],"gold_per_floor":[115,115,128,144,156,156,188,188,188,216,235,289,186,217,217,288,288,308,319,319,337,337,337,364,364,364,376,407,407,407,407],"floor_reached":30,"playtime":1020,"items_purged":["Strike_B"],"score":676,"play_id":"68813993-8064-42a6-929f-86629d812c4a","local_time":"20210104011724","is_ascension_mode":true,"campfire_choices":[{"data":"Sunder","floor":6.0,"key":"SMITH"},{"data":"Beam Cell","floor":8.0,"key":"SMITH"},{"data":"Buffer","floor":15.0,"key":"SMITH"},{"floor":23.0,"key":"REST"},{"data":"Fission","floor":25.0,"key":"SMITH"}],"circlet_count":0,"master_deck":["AscendersBane","Strike_B","Strike_B","Strike_B","Defend_B","Defend_B","Defend_B","Defend_B","Zap","Dualcast","Streamline+1","Sunder+1","Reinforced Body","Beam Cell+1","Machine Learning","Turbo","Ball Lightning","Buffer+1","Fission+1","Turbo","Tempest","Auto Shields","Leap"],"relics":["Cracked Core","Akabeko","Gremlin Horn","Strawberry","Runic Pyramid","Nilry\u0027s Codex","Pen Nib","Cables","Regal Pillow"],"acts_visited":["Exordium","TheCity"],"potions_floor_usage":[28],"damage_taken":[{"damage":4.0,"enemies":"2 Louse","floor":1.0,"turns":2.0},{"damage":3.0,"enemies":"Small Slimes","floor":3.0,"turns":3.0},{"damage":12.0,"enemies":"Jaw Worm","floor":4.0,"turns":3.0},{"damage":7.0,"enemies":"Looter","floor":5.0,"turns":4.0},{"damage":13.0,"enemies":"3 Sentries","floor":7.0,"turns":5.0},{"damage":15.0,"enemies":"Lagavulin","floor":10.0,"turns":6.0},{"damage":0.0,"enemies":"Large Slime","floor":11.0,"turns":3.0},{"damage":5.0,"enemies":"3 Sentries","floor":14.0,"turns":4.0},{"damage":0.0,"enemies":"Slime Boss","floor":16.0,"turns":7.0},{"damage":5.0,"enemies":"3 Byrds","floor":18.0,"turns":5.0},{"damage":0.0,"enemies":"Chosen","floor":19.0,"turns":3.0},{"damage":10.0,"enemies":"Shelled Parasite and Fungi","floor":21.0,"turns":5.0},{"damage":9.0,"enemies":"Slavers","floor":24.0,"turns":4.0},{"damage":0.0,"enemies":"Centurion and Healer","floor":27.0,"turns":6.0},{"damage":14,"enemies":"Book of Stabbing","floor":28,"turns":3},{"damage":35,"enemies":"Slavers","floor":30,"turns":2}],"seed_played":"6895146741088749160","potions_obtained":[{"floor":5.0,"key":"EssenceOfDarkness"},{"floor":7.0,"key":"DuplicationPotion"},{"floor":11.0,"key":"GamblersBrew"},{"floor":16.0,"key":"Weak Potion"},{"floor":18.0,"key":"FearPotion"}],"is_trial":false,"path_per_floor":["M","?","M","M","M","R","E","R","T","E","M","?","$","E","R","B",null,"M","M","?","M","?","R","E","R","T","M","E","?","E"],"character_chosen":"DEFECT","items_purchased":["Ball Lightning"],"campfire_rested":1,"item_purchase_floors":[13],"current_hp_per_floor":[67,67,64,52,45,45,32,32,32,17,17,17,17,19,19,19,69,64,64,64,54,33,58,49,49,49,49,35,35,0,0],"gold":407,"neow_bonus":"TEN_PERCENT_HP_BONUS","is_daily":false,"chose_seed":false,"campfire_upgraded":4,"win_rate":0.0,"timestamp":1609741044,"path_taken":["M","?","M","M","M","R","E","R","T","E","M","?","$","E","R","BOSS","M","M","?","M","?","R","E","R","T","M","E","?","E"],"items_purchased_type":["Card"],"build_version":"2020-12-22","purchased_purges":1,"victory":false,"max_hp_per_floor":[78,78,78,78,78,78,78,78,78,78,78,78,78,85,85,85,85,85,85,85,85,85,85,85,85,85,85,85,85,85,85],"relic_stats":{"Regal Pillow":0,"Gremlin Horn":[10,10],"counters":[16,65],"Pen Nib":[1],"obtain_stats":[{"Regal Pillow":28,"Gremlin Horn":10,"Nilry\u0027s Codex":22,"Strawberry":14,"Pen Nib":24,"Cracked Core":0,"Akabeko":7,"Runic Pyramid":17,"Cables":26},{"Regal Pillow":15,"Gremlin Horn":6,"Nilry\u0027s Codex":12,"Strawberry":8,"Pen Nib":13,"Cracked Core":0,"Akabeko":5,"Runic Pyramid":9,"Cables":13},{"Regal Pillow":63,"Gremlin Horn":23,"Nilry\u0027s Codex":50,"Strawberry":30,"Pen Nib":54,"Cracked Core":0,"Akabeko":17,"Runic Pyramid":37,"Cables":54}],"Cables":[8,7,1,0,0]},"card_choices":[{"not_picked":["Gash","Compile Driver"],"picked":"Streamline","floor":1.0},{"not_picked":["Compile Driver","Conserve Battery"],"picked":"Sunder","floor":3.0},{"not_picked":["White Noise","Ball Lightning"],"picked":"Reinforced Body","floor":4.0},{"not_picked":["Streamline","Barrage"],"picked":"Beam Cell","floor":5.0},{"not_picked":["Scrape","Compile Driver"],"picked":"Machine Learning","floor":7.0},{"not_picked":["Barrage","Compile Driver","Beam Cell"],"picked":"SKIP","floor":10.0},{"not_picked":["Compile Driver","Cold Snap"],"picked":"Turbo","floor":11.0},{"not_picked":["Coolheaded","Streamline"],"picked":"Buffer","floor":14.0},{"not_picked":["Multi-Cast","Hyperbeam"],"picked":"Fission","floor":16.0},{"not_picked":["Stack","Heatsinks"],"picked":"Turbo","floor":18.0},{"not_picked":["Turbo","Gash"],"picked":"Tempest","floor":19.0},{"not_picked":["Barrage","Lockon"],"picked":"Auto Shields","floor":21.0},{"not_picked":["Reboot","Chaos","Stack"],"picked":"SKIP","floor":24.0},{"not_picked":["Fusion","Stack"],"picked":"Leap","floor":27.0},{"not_picked":["Tempest","Reprogram","Sweeping Beam+1"],"picked":"SKIP","floor":28}],"player_experience":1658987,"relics_obtained":[{"floor":7.0,"key":"Akabeko"},{"floor":10.0,"key":"Gremlin Horn"},{"floor":14.0,"key":"Strawberry"},{"floor":22.0,"key":"Nilry\u0027s Codex"},{"floor":24.0,"key":"Pen Nib"},{"floor":26.0,"key":"Cables"},{"floor":28,"key":"Regal Pillow"}],"event_choices":[{"damage_healed":0.0,"max_hp_gain":0.0,"max_hp_loss":0.0,"gold_gain":0.0,"event_name":"Living Wall","player_choice":"Grow","floor":2.0,"gold_loss":0.0,"damage_taken":0.0,"cards_upgraded":["Streamline"]},{"damage_healed":0.0,"max_hp_gain":0.0,"max_hp_loss":0.0,"gold_gain":54.0,"event_name":"Golden Wing","player_choice":"Gained Gold","floor":12.0,"gold_loss":0.0,"damage_taken":0.0},{"damage_healed":0.0,"max_hp_gain":0.0,"max_hp_loss":0.0,"gold_gain":0.0,"event_name":"Ghosts","player_choice":"Ignored","floor":20.0,"gold_loss":0.0,"damage_taken":0.0},{"damage_healed":0.0,"max_hp_gain":0.0,"max_hp_loss":0.0,"gold_gain":0.0,"event_name":"Cursed Tome","player_choice":"Obtained Book","floor":22.0,"gold_loss":0.0,"damage_taken":21.0},{"damage_healed":0,"gold_gain":0,"player_choice":"0 cards matched","damage_taken":0,"max_hp_gain":0,"max_hp_loss":0,"event_name":"Match and Keep!","floor":29,"gold_loss":0,"cards_obtained":[]}],"is_beta":false,"boss_relics":[{"not_picked":["Busted Crown","Philosopher\u0027s Stone"],"picked":"Runic Pyramid"}],"items_purged_floors":[13],"is_endless":false,"potions_floor_spawned":[5,7,11,16,18,19],"killed_by":"Slavers","ascension_level":20}}