{"host":"u3zhfyeznnb1kiy1","time":1609725121,"event":{"mods":["BaseMod","Colored Map","Colored Powertips","Downfall","GifTheSpireLib","Highlight Path","Minty Spire (QoL Compilation)","StSLib"],"gold_per_floor":[99,109,129,129,140,166,166,177,205,205,305,405,255,275,286,382,382,382,392,411,429,429,72,96,21,6,35,35,35,108,163,215,400,400,400,460,519,355,414,480,480,554,612,83,83,190,280,280,293,333,333,402,37,37,37],"floor_reached":56,"playtime":7365,"items_purged":["sneckomod:Strike","sneckomod:Defend","sneckomod:Strike"],"score":1546,"play_id":"7dd7cb76-86d8-445b-9cf3-53518d48d314","local_time":"20210103205201","is_ascension_mode":true,"campfire_choices":[{"floor":1.0,"key":"RECALL"},{"data":"sneckomod:UnknownDexterity","floor":13.0,"key":"SMITH"},{"data":"sneckomod:SoulCleanse","floor":18.0,"key":"SMITH"},{"data":"expansioncontent:StudyTheSpire","floor":25.0,"key":"SMITH"},{"data":"sneckomod:UnknownRareSkill","floor":28,"key":"SMITH"},{"data":"sneckomod:UnknownColorless","floor":35,"key":"SMITH"},{"data":"sneckomod:UnknownStrength","floor":45,"key":"SMITH"},{"data":"sneckomod:UnknownUncommonPower","floor":54,"key":"SMITH"}],"circlet_count":0,"master_deck":["sneckomod:SnekBite+1","sneckomod:Unknown","sneckomod:Unknown","sneckomod:QuickBite","sneckomod:Unknown2Cost","sneckomod:UnknownClassGREEN","sneckomod:UnknownDexterity+1","sneckomod:UnknownUncommonSkill","sneckomod:DiceBlock","sneckomod:Unknown2Cost","sneckomod:SerpentIdol+1","sneckomod:UnknownClassGUARDIAN","sneckomod:SoulCleanse+1","sneckomod:SnakeSap","sneckomod:Unknown3Cost+2","sneckomod:ImprovisedGuard","sneckomod:UnknownStrike+1","sneckomod:UnknownClassSLIMEBOUND","sneckomod:UnknownRareSkill+1","expansioncontent:StudyTheSpire+1","sneckomod:Unknown2Cost","sneckomod:SlitherStrike","sneckomod:UnknownBlock","sneckomod:IronFang+1","sneckomod:UnknownColorless+1","sneckomod:QuickMove+1","sneckomod:Rotation+1","sneckomod:DefensiveFlair+1","sneckomod:UnknownUncommonPower+1","sneckomod:UnknownExhaust","sneckomod:UnknownStrike+1","sneckomod:UnknownCommonSkill+1","sneckomod:SerpentIdol+1","sneckomod:UnknownStrength+1","sneckomod:SoulDraw+1","sneckomod:IronFang+1","Master of Strategy","sneckomod:UnknownClassBLUE+1","sneckomod:IronFang+1","sneckomod:SoulCleanse+1","sneckomod:UnknownWeak+1"],"relics":["sneckomod:SneckoSoul","Happy Flower","Torii","HornCleat","Nunchaku","downfall:HeartBlessingGreen","downfall:HeartBlessingRed","SlaversCollar","Vajra","Omamori","downfall:HeartBlessingBlue","Meat on the Bone","downfall:KnowingSkull","Molten Egg 2","Philosopher\u0027s Stone","TungstenRod","Smiling Mask","Anchor","Bronze Scales","Pantograph","Sundial","Gambling Chip","Incense Burner","Dead Branch"],"acts_visited":["Exordium","TheCity","TheBeyond","TheEnding"],"potions_floor_usage":[31,33,33,46,55],"damage_taken":[{"damage":6.0,"enemies":"2 Louse","floor":2.0,"turns":3.0},{"damage":0.0,"enemies":"Cultist","floor":3.0,"turns":2.0},{"damage":0.0,"enemies":"Small Slimes","floor":5.0,"turns":2.0},{"damage":31.0,"enemies":"3 Sentries","floor":6.0,"turns":7.0},{"damage":0.0,"enemies":"2 Fungi Beasts","floor":8.0,"turns":3.0},{"damage":19.0,"enemies":"Lagavulin","floor":9.0,"turns":6.0},{"damage":8.0,"enemies":"downfall:Heads","floor":11.0,"turns":5.0},{"damage":0.0,"enemies":"Lots of Slimes","floor":14.0,"turns":2.0},{"damage":0.0,"enemies":"Red Slaver","floor":15.0,"turns":4.0},{"damage":3.0,"enemies":"downfall:Defect","floor":16.0,"turns":4.0},{"damage":0.0,"enemies":"3 Byrds","floor":19.0,"turns":4.0},{"damage":22.0,"enemies":"Spheric Guardian","floor":20.0,"turns":4.0},{"damage":0.0,"enemies":"3 Cultists","floor":21.0,"turns":4.0},{"damage":8.0,"enemies":"downfall:FleeingMerchant","floor":23.0,"turns":5.0},{"damage":0,"enemies":"downfall:FleeingMerchant","floor":26,"turns":4},{"damage":19,"enemies":"Gremlin Leader","floor":27,"turns":3},{"damage":37,"enemies":"Slavers","floor":30,"turns":5},{"damage":16,"enemies":"Shelled Parasite and Fungi","floor":31,"turns":7},{"damage":3,"enemies":"Snecko","floor":32,"turns":3},{"damage":46,"enemies":"downfall:Ironclad","floor":33,"turns":6},{"damage":4,"enemies":"Orb Walker","floor":36,"turns":3},{"damage":3,"enemies":"3 Shapes","floor":37,"turns":2},{"damage":21,"enemies":"downfall:FleeingMerchant","floor":38,"turns":3},{"damage":22,"enemies":"Writhing Mass","floor":39,"turns":6},{"damage":6,"enemies":"Giant Head","floor":40,"turns":7},{"damage":20,"enemies":"Reptomancer","floor":42,"turns":6},{"damage":2,"enemies":"Jaw Worm Horde","floor":43,"turns":4},{"damage":19,"enemies":"Giant Head","floor":46,"turns":6},{"damage":9,"enemies":"Mind Bloom Boss Battle","floor":47,"turns":4},{"damage":6,"enemies":"4 Shapes","floor":49,"turns":4},{"damage":27,"enemies":"downfall:Silent","floor":50,"turns":9},{"damage":24,"enemies":"downfall:CharBossMerchant","floor":52,"turns":7},{"damage":12,"enemies":"downfall:NeowBoss","floor":55,"turns":14}],"seed_played":"-2977438941043206357","potions_obtained":[{"floor":3.0,"key":"Energy Potion"},{"floor":8.0,"key":"BlessingOfTheForge"},{"floor":9.0,"key":"SteroidPotion"},{"floor":14.0,"key":"CultistPotion"},{"floor":15.0,"key":"AttackPotion"},{"floor":19.0,"key":"PowerPotion"},{"floor":31,"key":"Fruit Juice"},{"floor":32,"key":"Swift Potion"},{"floor":39,"key":"GamblersBrew"},{"floor":40,"key":"DistilledChaos"},{"floor":42,"key":"sneckomod:MuddlingPotion"},{"floor":43,"key":"AttackPotion"},{"floor":52,"key":"LiquidMemories"}],"is_trial":false,"path_per_floor":["R","M","M","?","M","E","T","M","E","?","?","?","R","M","M","B",null,"R","M","M","M","T","$","T","R","$","E","R","?","E","M","M","B",null,"R","M","M","$","M","E","T","E","M","$","R","E","?","?","M","B",null,"E","$","R","B",null],"character_chosen":"THE_SNECKO","items_purchased":["expansioncontent:StudyTheSpire","Vajra","TungstenRod","sneckomod:UnknownUncommonPower","sneckomod:UnknownExhaust","sneckomod:UnknownStrike+1","sneckomod:IronFang+1","Master of Strategy","Pantograph","Dead Branch"],"campfire_rested":0,"item_purchase_floors":[23,23,38,38,38,38,44,44,44,53],"current_hp_per_floor":[90,84,85,86,87,57,57,57,39,39,32,32,32,32,32,30,97,97,97,76,77,77,70,70,80,81,62,62,55,45,46,63,30,118,118,114,111,111,90,89,89,74,72,72,72,66,69,69,87,89,124,101,101,101,123],"gold":37,"neow_bonus":"RANDOM_COMMON_RELIC","is_daily":false,"chose_seed":false,"campfire_upgraded":7,"win_rate":0.0,"timestamp":1609725121,"path_taken":["R","M","M","?","?","E","T","M","E","?","?","?","R","?","M","BOSS","R","M","M","M","?","$","T","R","$","E","R","?","E","?","M","BOSS","R","M","M","$","?","E","T","E","M","$","R","E","?","?","M","BOSS","E","$","R","BOSS"],"items_purchased_type":["Card","Relic","Relic","Card","Card","Card","Card","Card","Relic","Relic"],"build_version":"2020-12-22","purchased_purges":3,"victory":true,"max_hp_per_floor":[90,90,91,92,93,94,94,94,95,95,96,96,96,96,96,97,97,97,97,98,99,99,100,100,110,111,111,111,111,112,117,117,118,118,118,118,118,121,122,122,122,123,123,123,123,124,124,124,124,124,124,125,125,125,125],"card_choices":[{"not_picked":["sneckomod:UnknownX","sneckomod:DefensiveFlair"],"picked":"sneckomod:QuickBite","floor":2.0},{"not_picked":["sneckomod:UnknownClassPURPLE","sneckomod:MixItUp"],"picked":"sneckomod:Unknown2Cost","floor":3.0},{"not_picked":["sneckomod:UnknownExhaust","sneckomod:UnknownClassGREEN"],"picked":"sneckomod:UnknownDexterity","floor":5.0},{"not_picked":["sneckomod:UnknownVulnerable","sneckomod:RainOfDice"],"picked":"sneckomod:UnknownUncommonSkill","floor":6.0},{"not_picked":["sneckomod:PureSnecko","sneckomod:ImprovisedAttack"],"picked":"sneckomod:DiceBlock","floor":8.0},{"not_picked":["sneckomod:DiceBoulder","sneckomod:UnknownCommonSkill"],"picked":"sneckomod:Unknown2Cost","floor":9.0},{"not_picked":["sneckomod:UnknownClassSLIMEBOUND","sneckomod:MixItUp"],"picked":"sneckomod:SerpentIdol","floor":11.0},{"not_picked":["sneckomod:UnknownCommonSkill","sneckomod:Rotation"],"picked":"sneckomod:SoulCleanse","floor":14.0},{"not_picked":["sneckomod:UnknownUncommonPower","sneckomod:UnknownClassPURPLE"],"picked":"sneckomod:SnakeSap","floor":15.0},{"not_picked":["sneckomod:DangerNoodle","sneckomod:Mudshield"],"picked":"sneckomod:Unknown3Cost","floor":16.0},{"not_picked":["sneckomod:QuickMove","sneckomod:SoulRoll+1"],"picked":"sneckomod:ImprovisedGuard","floor":19.0},{"not_picked":["sneckomod:IronFang","sneckomod:UnknownUncommonSkill"],"picked":"sneckomod:UnknownStrike+1","floor":20.0},{"not_picked":["sneckomod:DiceBoulder","sneckomod:UnknownStrike"],"picked":"sneckomod:UnknownClassSLIMEBOUND","floor":21.0},{"not_picked":["sneckomod:Nope","sneckomod:RainOfDice"],"picked":"sneckomod:UnknownRareSkill","floor":23.0},{"not_picked":["sneckomod:WideSting","sneckomod:QuickBite"],"picked":"sneckomod:Unknown2Cost","floor":26},{"not_picked":["sneckomod:WideSting+1","sneckomod:GlitteringGambit"],"picked":"sneckomod:SlitherStrike","floor":27},{"not_picked":["sneckomod:DiceBoulder+1","sneckomod:Unknown1Cost"],"picked":"sneckomod:UnknownBlock","floor":30},{"not_picked":["sneckomod:UnknownClassBLUE+1","sneckomod:UnknownCommonAttack+1"],"picked":"sneckomod:IronFang+1","floor":31},{"not_picked":["sneckomod:PureSnecko+1","sneckomod:DiceBlock+1"],"picked":"sneckomod:SlitherStrike+1","floor":32},{"not_picked":["sneckomod:Mudshield","sneckomod:Unknown3Cost"],"picked":"sneckomod:UnknownColorless","floor":33},{"not_picked":["sneckomod:UnknownStrike+1","sneckomod:UnknownUncommonAttack+1"],"picked":"sneckomod:QuickMove+1","floor":36},{"not_picked":["sneckomod:ImprovisedAttack+1","sneckomod:IronFang+1"],"picked":"sneckomod:Rotation+1","floor":37},{"not_picked":["sneckomod:MixItUp+1","sneckomod:UnknownCommonSkill"],"picked":"sneckomod:DefensiveFlair+1","floor":38},{"not_picked":["sneckomod:DiceBlock+1","sneckomod:SlitherStrike+1"],"picked":"sneckomod:UnknownCommonSkill+1","floor":39},{"not_picked":["sneckomod:UnknownEthereal","sneckomod:CheapStock"],"picked":"sneckomod:SerpentIdol+1","floor":40},{"not_picked":["sneckomod:PureSnecko","sneckomod:Unknown1Cost+1"],"picked":"sneckomod:UnknownStrength","floor":42},{"not_picked":["sneckomod:Transmogrify","sneckomod:UnknownBlock+1"],"picked":"sneckomod:SoulDraw+1","floor":43},{"not_picked":["sneckomod:Unknown1Cost","sneckomod:DiceCrush+1"],"picked":"sneckomod:UnknownClassBLUE+1","floor":46},{"not_picked":["sneckomod:UnknownStrike+1","sneckomod:UnknownVulnerable+1"],"picked":"sneckomod:IronFang+1","floor":47},{"not_picked":["sneckomod:ImprovisedGuard","sneckomod:UnknownWeak+1"],"picked":"sneckomod:SoulCleanse+1","floor":49},{"not_picked":["sneckomod:UnknownStrike+1","sneckomod:UnknownCommonAttack+1"],"picked":"sneckomod:UnknownWeak+1","floor":52}],"player_experience":1255068,"relics_obtained":[{"floor":6.0,"key":"Torii"},{"floor":7.0,"key":"HornCleat"},{"floor":9.0,"key":"Nunchaku"},{"floor":24.0,"key":"Omamori"},{"floor":27,"key":"Meat on the Bone"},{"floor":30,"key":"Molten Egg 2"},{"floor":40,"key":"Smiling Mask"},{"floor":41,"key":"Anchor"},{"floor":42,"key":"Bronze Scales"},{"floor":46,"key":"Sundial"},{"floor":47,"key":"Gambling Chip"},{"floor":52,"key":"Incense Burner"}],"event_choices":[{"damage_healed":0.0,"max_hp_gain":0.0,"max_hp_loss":0.0,"gold_gain":0.0,"cards_transformed":["sneckomod:Strike"],"event_name":"Transmorgrifier","player_choice":"Transformed","floor":4.0,"gold_loss":0.0,"damage_taken":0.0,"cards_obtained":["sneckomod:UnknownClassGREEN"]},{"cards_removed":["sneckomod:TailWhip"],"damage_healed":0.0,"max_hp_gain":0.0,"max_hp_loss":0.0,"gold_gain":0.0,"event_name":"The Cleric","player_choice":"Card Removal","floor":10.0,"gold_loss":0.0,"damage_taken":0.0},{"cards_removed":["sneckomod:SlitherStrike"],"damage_healed":0,"gold_gain":0,"player_choice":"Removed Attack","damage_taken":0,"max_hp_gain":0,"max_hp_loss":0,"event_name":"Falling","floor":48,"gold_loss":0}],"is_beta":false,"boss_relics":[{"not_picked":["sneckomod:SuperSneckoSoul","Fusion Hammer"],"picked":"SlaversCollar"},{"not_picked":["Pandora\u0027s Box","Tiny House"],"picked":"Philosopher\u0027s Stone"}],"items_purged_floors":[38,44,53],"is_endless":false,"potions_floor_spawned":[3,8,9,14,15,19,31,32,39,40,42,43,52],"ascension_level":2}}