{"host":"e52c7hvho6xny3hd","time":1609737644,"event":{"mods":["AchievementEnabler","BaseMod","Colored Map","DeckTracker","Minty Spire (QoL Compilation)","Permanent Neow","StSLib"],"gold_per_floor":[115,125,139,153,166,166,183,183,254,254,272,300,310,310,310,310,310],"floor_reached":16,"playtime":598,"items_purged":[],"score":143,"play_id":"13afc56e-386d-4a1f-82c7-9f65882953bd","local_time":"20210104142044","is_ascension_mode":true,"campfire_choices":[{"data":"Dualcast","floor":6,"key":"SMITH"},{"data":"Redo","floor":8,"key":"SMITH"},{"data":"Auto Shields","floor":10,"key":"SMITH"},{"data":"Glacier","floor":15,"key":"SMITH"}],"circlet_count":0,"master_deck":["Strike_B","Strike_B","Strike_B","Defend_B","Defend_B","Defend_B","Defend_B","Zap+1","Dualcast+1","Sweeping Beam","Auto Shields+1","Cold Snap","Ball Lightning","Redo+1","FTL","Glacier+1","Genetic Algorithm"],"relics":["Cracked Core","Mercury Hourglass","Calipers"],"acts_visited":["Exordium"],"potions_floor_usage":[],"damage_taken":[{"damage":7,"enemies":"Jaw Worm","floor":1,"turns":4},{"damage":0,"enemies":"2 Louse","floor":2,"turns":2},{"damage":0,"enemies":"Cultist","floor":3,"turns":3},{"damage":0,"enemies":"Blue Slaver","floor":4,"turns":4},{"damage":1,"enemies":"3 Louse","floor":5,"turns":3},{"damage":13,"enemies":"Exordium Thugs","floor":7,"turns":4},{"damage":0,"enemies":"Blue Slaver","floor":11,"turns":3},{"damage":18,"enemies":"Lagavulin","floor":12,"turns":4},{"damage":0,"enemies":"Exordium Wildlife","floor":13,"turns":3},{"damage":26,"enemies":"Hexaghost","floor":16,"turns":9}],"seed_played":"-1455882661478256796","potions_obtained":[{"floor":1,"key":"ColorlessPotion"},{"floor":7,"key":"Strength Potion"},{"floor":12,"key":"Ancient Potion"}],"is_trial":false,"path_per_floor":["M","M","M","M","M","R","M","R","T","R","M","E","M","?","R","B"],"character_chosen":"DEFECT","items_purchased":[],"campfire_rested":0,"item_purchase_floors":[],"current_hp_per_floor":[61,61,61,61,60,60,47,47,47,47,47,29,29,22,22,0,0],"gold":310,"neow_bonus":"UPGRADE_CARD","is_daily":false,"chose_seed":false,"campfire_upgraded":4,"win_rate":0.0,"timestamp":1609737644,"path_taken":["M","M","M","M","M","R","M","R","T","R","M","E","M","?","R","BOSS"],"items_purchased_type":[],"build_version":"2020-12-22","purchased_purges":0,"victory":false,"max_hp_per_floor":[75,75,75,75,75,75,75,75,75,75,75,75,75,75,75,75,75],"card_choices":[{"not_picked":["Darkness","Steam","Hologram"],"picked":"SKIP","floor":1},{"not_picked":["Rip and Tear","Steam Power"],"picked":"Sweeping Beam","floor":2},{"not_picked":["Turbo","Heatsinks"],"picked":"Auto Shields","floor":3},{"not_picked":["Leap","Turbo"],"picked":"Cold Snap","floor":4},{"not_picked":["Rebound","Conserve Battery"],"picked":"Ball Lightning","floor":5},{"not_picked":["Amplify","Lockon"],"picked":"Redo","floor":7},{"not_picked":["Darkness","Barrage"],"picked":"FTL","floor":11},{"not_picked":["Barrage","Rip and Tear"],"picked":"Glacier","floor":12},{"not_picked":["Conserve Battery","Beam Cell"],"picked":"Genetic Algorithm","floor":13}],"player_experience":613412,"relics_obtained":[{"floor":9,"key":"Mercury Hourglass"},{"floor":12,"key":"Calipers"}],"event_choices":[{"cards_removed":["Strike_B"],"damage_healed":0,"gold_gain":0,"player_choice":"Card Removal","damage_taken":7,"max_hp_gain":0,"max_hp_loss":0,"event_name":"Golden Wing","floor":14,"gold_loss":0}],"is_beta":false,"boss_relics":[],"items_purged_floors":[],"is_endless":false,"potions_floor_spawned":[1,7,12],"killed_by":"Hexaghost","ascension_level":7}}