{"host":"f7rb14kzcw8hx1r1","time":1609797647,"event":{"mods":["BaseMod","Better Note","Better Third Choice","Colored Map","Highlight Path","Hubris","Minty Spire (QoL Compilation)","Replay The Spire","StSLib","The Forsaken"],"gold_per_floor":[117,42,59,59,59,59,86,86,133,150,160,179,204,204,204,301,301,318,329,309,14,14,46,46,74,146,146,160,160,210,224,224,322,322,333,349,224,240,259,286,301,318,343,355,467,492,78,90,90,90],"floor_reached":51,"playtime":2322,"items_purged":["theForsaken:TheForsaken_Strike","theForsaken:TheForsaken_Strike","theForsaken:TheForsaken_Strike","theForsaken:TheForsaken_Strike"],"score":929,"play_id":"1feab77c-675d-48e9-9b99-166582374595","local_time":"20210104230047","is_ascension_mode":false,"campfire_choices":[{"data":"theForsaken:Smite","floor":6,"key":"SMITH"},{"data":"theForsaken:Bolster","floor":8,"key":"SMITH"},{"data":"theForsaken:HymnOfPatience","floor":15,"key":"SMITH"},{"data":"theForsaken:Prudence","floor":24,"key":"SMITH"},{"data":"theForsaken:BountifulSunlight","floor":32,"key":"SMITH"},{"floor":49,"key":"RECALL"}],"circlet_count":0,"master_deck":["theForsaken:TheForsaken_Defend","theForsaken:TheForsaken_Defend","theForsaken:TheForsaken_Defend","theForsaken:TheForsaken_Defend","theForsaken:Smite+1","theForsaken:Penitence","theForsaken:CleansingLight","Apotheosis+1","theForsaken:RainingSunlight+1","theForsaken:DarkBargain","theForsaken:HymnOfPatience+1","Replay:Many Hands+1","theForsaken:PreciseStrike+1","theForsaken:ShieldBash+1","theForsaken:QuickAttack+1","theForsaken:FuryStrikes+1","theForsaken:BountifulSunlight+1","theForsaken:StoreUp+1","theForsaken:MagicWeapon","hubris:DuctTapeCard","theForsaken:Terrorize+1","theForsaken:BindingThorns"],"relics":["theForsaken:JudgementScales","NeowsBlessing","hubris:ToyBattleship","theForsaken:Lifeblossom","Juzu Bracelet","theForsaken:HumbleEgg","Gremlin Horn","Replay:Grab Bag","Busted Crown","Sozu","theForsaken:ArmorOfThorns","Whetstone","Bottled Lightning","StoneCalendar","Akabeko","hubris:DeckOfHolding","hubris:Towel","Philosopher\u0027s Stone","hubris:DuctTape","MawBank","theForsaken:ScaryMask"],"acts_visited":["TheCity","TheBeyond"],"potions_floor_usage":[16,16,25],"damage_taken":[{"damage":0,"enemies":"Jaw Worm","floor":1,"turns":1},{"damage":0,"enemies":"Small Slimes","floor":3,"turns":1},{"damage":0,"enemies":"Gremlin Nob","floor":7,"turns":1},{"damage":0,"enemies":"Cultist","floor":10,"turns":4},{"damage":2,"enemies":"Blue Slaver","floor":11,"turns":5},{"damage":0,"enemies":"2 Fungi Beasts","floor":12,"turns":3},{"damage":0,"enemies":"Lagavulin","floor":13,"turns":7},{"damage":0,"enemies":"Slime Boss","floor":16,"turns":6},{"damage":0,"enemies":"3 Byrds","floor":18,"turns":4},{"damage":10,"enemies":"Shell Parasite","floor":19,"turns":5},{"damage":2,"enemies":"Replay:Snechameleon","floor":23,"turns":5},{"damage":25,"enemies":"Slavers","floor":25,"turns":4},{"damage":0,"enemies":"Cultist and Chosen","floor":28,"turns":4},{"damage":18,"enemies":"Shelled Parasite and Fungi","floor":31,"turns":5},{"damage":8,"enemies":"Champ","floor":33,"turns":9},{"damage":9,"enemies":"3 Shapes","floor":35,"turns":3},{"damage":19,"enemies":"3 Darklings","floor":36,"turns":5},{"damage":7,"enemies":"4 Shapes","floor":38,"turns":5},{"damage":0,"enemies":"Sphere and 2 Shapes","floor":39,"turns":3},{"damage":1,"enemies":"Reptomancer","floor":40,"turns":4},{"damage":2,"enemies":"Transient","floor":41,"turns":5},{"damage":6,"enemies":"Jaw Worm Horde","floor":42,"turns":4},{"damage":0,"enemies":"Maw","floor":46,"turns":6},{"damage":0,"enemies":"Transient","floor":48,"turns":5},{"damage":2,"enemies":"Time Eater","floor":50,"turns":11}],"seed_played":"-4817493411998890564","potions_obtained":[{"floor":3,"key":"AttackPotion"},{"floor":10,"key":"CultistPotion"},{"floor":12,"key":"Weak Potion"},{"floor":13,"key":"CultistPotion"},{"floor":16,"key":"Weak Potion"}],"is_trial":false,"path_per_floor":["M","$","M","?","?","R","E","R","T","M","M","M","E","?","R","B",null,"M","M","?","$","T","E","R","E","T","?","M","?","?","M","R","B",null,"M","M","$","M","M","E","M","M","T","?","?","M","$","M","R","B",null],"character_chosen":"THE_FORSAKEN","items_purchased":["Whetstone","theForsaken:QuickAttack+1","theForsaken:ScaryMask","theForsaken:BindingThorns"],"campfire_rested":0,"item_purchase_floors":[21,21,47,47],"current_hp_per_floor":[65,65,65,70,70,70,70,70,70,70,70,70,70,22,22,36,70,70,70,70,70,70,70,70,51,51,51,63,63,63,69,69,70,70,63,65,65,70,70,70,69,70,70,70,70,70,70,70,70,70],"gold":90,"neow_bonus":"THREE_ENEMY_KILL","is_daily":false,"chose_seed":false,"campfire_upgraded":5,"win_rate":0.0,"timestamp":1609797647,"path_taken":["M","$","M","?","?","R","E","R","T","M","?","M","E","?","R","BOSS","M","M","?","$","?","E","R","E","T","?","M","?","?","M","R","BOSS","M","M","$","M","M","E","M","M","T","?","?","M","$","M","R","BOSS"],"items_purchased_type":["Relic","Card","Relic","Card"],"build_version":"2020-12-22","purchased_purges":4,"victory":true,"max_hp_per_floor":[65,65,65,70,70,70,70,70,70,70,70,70,70,70,70,70,70,70,70,70,70,70,70,70,70,70,70,70,70,70,70,70,70,70,70,70,70,70,70,70,70,70,70,70,70,70,70,70,70,70],"card_choices":[{"not_picked":["theForsaken:Backlash","theForsaken:BattleHymn"],"picked":"theForsaken:Bolster","floor":1},{"not_picked":["theForsaken:PowerUp","theForsaken:InspiringBlow"],"picked":"theForsaken:CleansingLight","floor":3},{"not_picked":["theForsaken:BindingThorns","theForsaken:PanicDive","theForsaken:DarkBarrier"],"picked":"SKIP","floor":7},{"not_picked":["theForsaken:Enfeeble","theForsaken:PanicDive"],"picked":"theForsaken:RainingSunlight","floor":10},{"not_picked":["theForsaken:DarkBarrier","theForsaken:Eulogy"],"picked":"theForsaken:DarkBargain","floor":11},{"not_picked":["theForsaken:ShieldCharge","theForsaken:NobleSacrifice","theForsaken:Preservation"],"picked":"SKIP","floor":12},{"not_picked":["theForsaken:NobleSacrifice","theForsaken:RainingSunlight"],"picked":"theForsaken:HymnOfPatience","floor":13},{"not_picked":["theForsaken:DesperatePlea","theForsaken:Purification"],"picked":"theForsaken:Prudence","floor":16},{"not_picked":[],"picked":"theForsaken:PreciseStrike","floor":18},{"not_picked":[],"picked":"theForsaken:ShieldBash+1","floor":19},{"not_picked":["theForsaken:PanicDive+1"],"picked":"SKIP","floor":23},{"not_picked":[],"picked":"theForsaken:FuryStrikes+1","floor":25},{"not_picked":[],"picked":"theForsaken:BountifulSunlight","floor":28},{"not_picked":["theForsaken:HymnOfPatience+1"],"picked":"SKIP","floor":31},{"not_picked":["theForsaken:RainingSunlight+1"],"picked":"SKIP","floor":35},{"not_picked":["theForsaken:BlessedWeapon+1"],"picked":"SKIP","floor":36},{"not_picked":["theForsaken:StoreUp+1"],"picked":"SKIP","floor":38},{"not_picked":[],"picked":"theForsaken:StoreUp+1","floor":38},{"not_picked":[],"picked":"theForsaken:MagicWeapon","floor":39},{"not_picked":["theForsaken:StoreUp+1"],"picked":"SKIP","floor":40},{"not_picked":["theForsaken:StoreUp+1"],"picked":"SKIP","floor":40},{"not_picked":["theForsaken:HymnOfPatience+1"],"picked":"SKIP","floor":41},{"not_picked":["theForsaken:Terrorize+1"],"picked":"SKIP","floor":42},{"not_picked":[],"picked":"theForsaken:Terrorize+1","floor":42},{"not_picked":["theForsaken:Parry+1"],"picked":"SKIP","floor":46},{"not_picked":["theForsaken:FuryStrikes+1"],"picked":"SKIP","floor":48}],"player_experience":900252,"relics_obtained":[{"floor":7,"key":"hubris:ToyBattleship"},{"floor":9,"key":"theForsaken:Lifeblossom"},{"floor":13,"key":"Juzu Bracelet"},{"floor":22,"key":"Bottled Lightning"},{"floor":23,"key":"StoneCalendar"},{"floor":25,"key":"Akabeko"},{"floor":26,"key":"hubris:DeckOfHolding"},{"floor":40,"key":"hubris:DuctTape"},{"floor":43,"key":"MawBank"}],"event_choices":[{"damage_healed":0,"gold_gain":0,"player_choice":"Donut","damage_taken":0,"max_hp_gain":5,"max_hp_loss":0,"event_name":"Big Fish","floor":4,"gold_loss":0},{"cards_removed":["theForsaken:Smite"],"damage_healed":0,"gold_gain":0,"player_choice":"Take \u0026 Give","damage_taken":0,"max_hp_gain":0,"max_hp_loss":0,"event_name":"betterNote:BetterNote","floor":5,"gold_loss":0,"cards_obtained":["Apotheosis"]},{"damage_healed":0,"gold_gain":1,"player_choice":"Relic Relic Card ","damage_taken":48,"max_hp_gain":0,"max_hp_loss":0,"event_name":"betterThird:BetterScrap","floor":14,"gold_loss":0,"cards_obtained":["Replay:Many Hands","Grand Finale"]},{"damage_healed":0,"gold_gain":0,"player_choice":"Bought 1 Potion","damage_taken":0,"max_hp_gain":0,"max_hp_loss":0,"event_name":"The Woman in Blue","floor":20,"gold_loss":0},{"damage_healed":0,"gold_gain":0,"player_choice":"Got Potions","damage_taken":0,"max_hp_gain":0,"max_hp_loss":0,"event_name":"Lab","floor":27,"gold_loss":0},{"damage_healed":0,"gold_gain":100,"player_choice":"Bet on Murderer","damage_taken":0,"max_hp_gain":0,"max_hp_loss":0,"event_name":"The Joust","floor":30,"gold_loss":50},{"damage_healed":0,"gold_gain":100,"player_choice":"Pray","damage_taken":0,"max_hp_gain":0,"max_hp_loss":0,"event_name":"Golden Shrine","floor":45,"gold_loss":0}],"is_beta":false,"boss_relics":[{"not_picked":["Replay:Drink Me","ReplayTheSpireMod:DimensionalGlitch"],"picked":"Replay:Grab Bag"},{"not_picked":["Replay:Wanted Poster","ChewingGum"],"picked":"Busted Crown"},{"not_picked":["Velvet Choker","hubris:VirtuousBlindfold"],"picked":"Sozu"},{"not_picked":["hubris:ScarierMask","Runic Pyramid"],"picked":"theForsaken:ArmorOfThorns"},{"not_picked":["Replay:Ancient Bell","hubris:GrandSneckoEye"],"picked":"Philosopher\u0027s Stone"}],"items_purged_floors":[2,21,37,47],"is_endless":false,"potions_floor_spawned":[3,10,12,13,16,28,31,36,39,42,46],"ascension_level":0}}