{"host":"m3herrhkesxm9ooc","time":1609756020,"event":{"mods":["BaseMod","Hermit","Minty Spire (QoL Compilation)","StSLib","The Hierophant"],"gold_per_floor":[117,128,144,144,154,154,154,154,204,204,230,250,250,260,260,260,260],"floor_reached":16,"playtime":411,"items_purged":[],"score":189,"play_id":"895a16bd-a6b1-4530-a318-be3e010fe183","local_time":"20210104192700","is_ascension_mode":true,"campfire_choices":[{"floor":6,"key":"REST"},{"floor":8,"key":"REST"},{"data":"hermit:GoldenBullet","floor":10,"key":"SMITH"},{"floor":15,"key":"REST"}],"circlet_count":0,"master_deck":["AscendersBane","hermit:Strike_Hermit","hermit:Strike_Hermit","hermit:Strike_Hermit","hermit:Strike_Hermit","hermit:Defend_Hermit+1","hermit:Defend_Hermit+1","hermit:Defend_Hermit","hermit:Defend_Hermit","hermit:Snapshot","hermit:Covet+1","hermit:Glare+1","hermit:Headshot","hermit:Headshot","hermit:GoldenBullet+1","hermit:FinalCanter","hermit:Showdown","hermit:Malice"],"relics":["hermit:Momento","Bird Faced Urn","Blood Vial","War Paint","hermit:RedScarf","CultistMask"],"acts_visited":["Exordium"],"potions_floor_usage":[16],"damage_taken":[{"damage":6,"enemies":"Cultist","floor":1,"turns":3},{"damage":0,"enemies":"2 Louse","floor":2,"turns":2},{"damage":12,"enemies":"Jaw Worm","floor":3,"turns":2},{"damage":9,"enemies":"Exordium Thugs","floor":5,"turns":5},{"damage":17,"enemies":"3 Sentries","floor":11,"turns":5},{"damage":5,"enemies":"Blue Slaver","floor":12,"turns":3},{"damage":11,"enemies":"Lots of Slimes","floor":14,"turns":4},{"damage":52,"enemies":"Slime Boss","floor":16,"turns":7}],"seed_played":"3804520335651594273","potions_obtained":[{"floor":2,"key":"GamblersBrew"},{"floor":5,"key":"PowerPotion"}],"is_trial":false,"path_per_floor":["M","M","M","?","M","R","?","R","T","R","E","M","?","M","R","B"],"character_chosen":"HERMIT","items_purchased":[],"campfire_rested":3,"item_purchase_floors":[],"current_hp_per_floor":[58,58,46,27,18,37,37,56,56,56,41,38,38,29,48,0,0],"gold":260,"neow_bonus":"ONE_RARE_RELIC","is_daily":false,"chose_seed":false,"campfire_upgraded":1,"win_rate":0.0,"timestamp":1609756020,"path_taken":["M","?","M","?","M","R","?","R","T","R","E","?","?","M","R","BOSS"],"items_purchased_type":[],"build_version":"2020-12-22","purchased_purges":0,"victory":false,"max_hp_per_floor":[64,64,64,64,64,64,64,64,64,64,64,64,64,64,64,64,64],"card_choices":[{"not_picked":["hermit:LowProfile","hermit:Manifest"],"picked":"hermit:Glare","floor":1},{"not_picked":["hermit:Vantage","hermit:Snipe"],"picked":"hermit:Headshot","floor":2},{"not_picked":["hermit:Snipe","hermit:HighCaliber"],"picked":"hermit:Headshot","floor":3},{"not_picked":["hermit:LuckOfTheDraw","hermit:TrackingShot"],"picked":"hermit:GoldenBullet","floor":5},{"not_picked":["hermit:CalledShot","hermit:LowProfile"],"picked":"hermit:FinalCanter","floor":11},{"not_picked":["hermit:SprayPray","hermit:Scavenge"],"picked":"hermit:Showdown","floor":12},{"not_picked":["hermit:Cheat","hermit:DeadMansHand"],"picked":"hermit:Malice","floor":14}],"player_experience":675318,"relics_obtained":[{"floor":9,"key":"War Paint"},{"floor":11,"key":"hermit:RedScarf"}],"event_choices":[{"damage_healed":0,"gold_gain":0,"player_choice":"Entered Light","damage_taken":19,"max_hp_gain":0,"max_hp_loss":0,"event_name":"Shining Light","floor":4,"gold_loss":0,"cards_upgraded":["hermit:Glare","hermit:Defend_Hermit"]},{"damage_healed":0,"gold_gain":0,"player_choice":"Gave Potion","damage_taken":0,"relics_obtained":["Blood Vial"],"max_hp_gain":0,"max_hp_loss":0,"event_name":"WeMeetAgain","floor":7,"gold_loss":0},{"damage_healed":0,"gold_gain":0,"player_choice":"Trade","damage_taken":0,"relics_obtained":["CultistMask"],"max_hp_gain":0,"max_hp_loss":0,"event_name":"FaceTrader","floor":13,"gold_loss":0}],"is_beta":false,"boss_relics":[],"items_purged_floors":[],"is_endless":false,"potions_floor_spawned":[2,5],"killed_by":"Slime Boss","ascension_level":17}}