{"host":"63yhhrjweyj22b0v","time":1609723781,"event":{"mods":["BaseMod","Minty Spire (QoL Compilation)","Quick Restart"],"gold_per_floor":[113,113,63,138,152,152,182,182,206,206,7,7,26,46,46,147,147,164,181,24,42,42,42,42,61,85,95,95,95,295,314,314,314,314],"floor_reached":33,"playtime":771,"items_purged":[],"score":270,"play_id":"4753ec0e-ec62-46d1-bdf2-2e5fb5990d61","local_time":"20210103192941","is_ascension_mode":false,"campfire_choices":[{"floor":6,"key":"RECALL"},{"data":"SignatureMove","floor":10,"key":"SMITH"},{"data":"PathToVictory","floor":12,"key":"SMITH"},{"data":"ClearTheMind","floor":15,"key":"SMITH"},{"data":"Pray","floor":23,"key":"SMITH"},{"floor":29,"key":"REST"},{"floor":32,"key":"REST"}],"circlet_count":0,"master_deck":["Strike_P","Strike_P","Defend_P","Defend_P","Defend_P","Eruption+1","Vigilance","Prostrate+1","SignatureMove+1","BowlingBash","PathToVictory+1","EmptyFist","ClearTheMind+1","Brilliance","Pray+1","Crescendo","Pray+1","Writhe","Consecrate","JustLucky"],"relics":["PureWater","NeowsBlessing","TeardropLocket","Ancient Tea Set","HandDrill","Empty Cage","Lee\u0027s Waffle","Art of War"],"acts_visited":["Exordium","TheCity"],"potions_floor_usage":[14,14,16],"damage_taken":[{"damage":0,"enemies":"Small Slimes","floor":1,"turns":1},{"damage":0,"enemies":"Jaw Worm","floor":5,"turns":1},{"damage":0,"enemies":"Lagavulin","floor":7,"turns":1},{"damage":0,"enemies":"2 Louse","floor":13,"turns":2},{"damage":0,"enemies":"Large Slime","floor":14,"turns":2},{"damage":11,"enemies":"Slime Boss","floor":16,"turns":6},{"damage":0,"enemies":"Spheric Guardian","floor":18,"turns":2},{"damage":21,"enemies":"2 Thieves","floor":19,"turns":3},{"damage":1,"enemies":"Centurion and Healer","floor":21,"turns":3},{"damage":39,"enemies":"Cultist and Chosen","floor":25,"turns":7},{"damage":21,"enemies":"3 Cultists","floor":27,"turns":4},{"damage":25,"enemies":"Snake Plant","floor":31,"turns":3},{"damage":39,"enemies":"Champ","floor":33,"turns":5}],"seed_played":"-677606416443244727","potions_obtained":[{"floor":5,"key":"BlessingOfTheForge"},{"floor":7,"key":"Swift Potion"},{"floor":13,"key":"SkillPotion"},{"floor":31,"key":"Energy Potion"}],"is_trial":false,"path_per_floor":["M","?","?","?","M","R","E","?","T","R","$","R","M","M","R","B",null,"M","M","$","M","?","R","?","M","T","M","?","R","?","M","R","B"],"character_chosen":"WATCHER","items_purchased":["PathToVictory","HandDrill","Lee\u0027s Waffle"],"campfire_rested":2,"item_purchase_floors":[11,11,20],"current_hp_per_floor":[72,72,72,61,61,61,61,61,61,61,61,61,61,61,61,50,72,72,51,79,78,78,78,78,39,39,18,18,41,41,16,39,0,0],"gold":314,"neow_bonus":"THREE_ENEMY_KILL","is_daily":false,"chose_seed":false,"campfire_upgraded":4,"win_rate":0.0,"timestamp":1609723781,"path_taken":["M","?","?","?","M","R","E","?","T","R","$","R","?","M","R","BOSS","M","M","$","M","?","R","?","M","T","M","?","R","?","M","R","BOSS"],"items_purchased_type":["Card","Relic","Relic"],"build_version":"2020-12-22","purchased_purges":0,"victory":false,"max_hp_per_floor":[72,72,72,72,72,72,72,72,72,72,72,72,72,72,72,72,72,72,72,79,79,79,79,79,79,79,79,79,79,79,79,79,79,79],"card_choices":[{"not_picked":["FlyingSleeves","Study"],"picked":"Prostrate","floor":1},{"not_picked":["TalkToTheHand","FlyingSleeves"],"picked":"SignatureMove","floor":5},{"not_picked":["SandsOfTime","FlurryOfBlows"],"picked":"BowlingBash","floor":7},{"not_picked":["Collect","Evaluate"],"picked":"EmptyFist","floor":13},{"not_picked":["FlyingSleeves","BattleHymn"],"picked":"ClearTheMind","floor":14},{"not_picked":["LessonLearned","Wish"],"picked":"Brilliance","floor":16},{"not_picked":["WindmillStrike","EmptyBody+1"],"picked":"Pray+1","floor":18},{"not_picked":["EmptyFist","FollowUp"],"picked":"Crescendo","floor":19},{"not_picked":["SashWhip","Evaluate"],"picked":"Pray","floor":21},{"not_picked":["FollowUp","ClearTheMind+1","Nirvana+1"],"picked":"SKIP","floor":25},{"not_picked":["Adaptation+1","Swivel"],"picked":"Consecrate","floor":27},{"not_picked":["EmptyMind","FollowUp"],"picked":"JustLucky","floor":31}],"player_experience":648304,"relics_obtained":[{"floor":7,"key":"TeardropLocket"},{"floor":9,"key":"Ancient Tea Set"}],"event_choices":[{"damage_healed":0,"gold_gain":0,"player_choice":"Grow","damage_taken":0,"max_hp_gain":0,"max_hp_loss":0,"event_name":"Living Wall","floor":2,"gold_loss":0,"cards_upgraded":["Eruption"]},{"cards_removed":["Strike_P"],"damage_healed":0,"gold_gain":0,"player_choice":"Card Removal","damage_taken":0,"max_hp_gain":0,"max_hp_loss":0,"event_name":"The Cleric","floor":3,"gold_loss":50},{"damage_healed":0,"gold_gain":75,"player_choice":"Gather Gold","damage_taken":11,"max_hp_gain":0,"max_hp_loss":0,"event_name":"World of Goop","floor":4,"gold_loss":0},{"damage_healed":0,"gold_gain":0,"player_choice":"Upgraded","damage_taken":0,"max_hp_gain":0,"max_hp_loss":0,"event_name":"Upgrade Shrine","floor":8,"gold_loss":0,"cards_upgraded":["Prostrate"]},{"damage_healed":0,"gold_gain":0,"player_choice":"Ignored","damage_taken":0,"max_hp_gain":0,"max_hp_loss":0,"event_name":"Vampires","floor":22,"gold_loss":0},{"damage_healed":0,"gold_gain":0,"player_choice":"Opened","damage_taken":0,"relics_obtained":["Art of War"],"max_hp_gain":0,"max_hp_loss":0,"event_name":"The Mausoleum","floor":24,"gold_loss":0,"cards_obtained":["Writhe"]},{"damage_healed":0,"gold_gain":0,"player_choice":"Ignored","damage_taken":0,"max_hp_gain":0,"max_hp_loss":0,"event_name":"Ghosts","floor":28,"gold_loss":0},{"damage_healed":0,"gold_gain":250,"player_choice":"Bet on Owner","damage_taken":0,"max_hp_gain":0,"max_hp_loss":0,"event_name":"The Joust","floor":30,"gold_loss":50}],"is_beta":false,"boss_relics":[{"not_picked":["Coffee Dripper","Runic Dome"],"picked":"Empty Cage"}],"items_purged_floors":[],"is_endless":false,"potions_floor_spawned":[5,7,13,31],"killed_by":"Champ","ascension_level":0}}