{"host":"l84l8xigz5v5foa2","time":1609741699,"event":{"mods":["2.2 Compatiblity","AchievementEnabler","BaseMod","Better Note","Better Vampires","Card Filter","Colored Map","DeckTracker","Downfall","Gremlin Skip","Highlight Path","Keyboard Shortcuts","Minty Spire (QoL Compilation)","Permanent Neow","Quick Restart","Relic Filter","Relic Stats","StSLib","SuperFastMode","Transform Curses","Unknown Chances"],"gold_per_floor":[99,116,116,131,150,150,150,183,183,183,183,198,225,243,258,331,331,331,343,358,358,458,458,485,497,497,497,497],"floor_reached":26,"playtime":1420,"items_purged":[],"score":436,"play_id":"dcb16d27-2723-4831-8f28-746f01f2f61a","local_time":"20210104152819","is_ascension_mode":true,"campfire_choices":[{"data":"hexamod:Float","floor":1.0,"key":"SMITH"},{"data":"hexamod:SwordOfDarkness","floor":6.0,"key":"SMITH"},{"data":"hexamod:HauntingEcho","floor":9.0,"key":"SMITH"},{"data":"hexamod:InspiringFlames","floor":11.0,"key":"SMITH"},{"data":"hexamod:PhantomCloak","floor":18.0,"key":"SMITH"}],"circlet_count":0,"master_deck":["AscendersBane","hexamod:Strike","hexamod:Strike+1","hexamod:Defend","hexamod:Defend+1","hexamod:Float+1","hexamod:InspiringFlames+1","hexamod:SwordOfDarkness+1","hexamod:HauntingEcho+1","hexamod:SpectersWail","hexamod:PhantomCloak+1","hexamod:GhostflameBarrier+1","hexamod:SkipABeat","hexamod:FifthSeal","hexamod:SixthSeal","hexamod:FastForward","hexamod:ThirdSeal","hexamod:FourthSeal","hexamod:WildfireWeapon","hexamod:Hexaguard","hexamod:GhostShield","hexamod:FlamesFromBeyond","hexamod:FirstSeal","hexamod:GhostLash+1"],"relics":["hexamod:SpiritBrand","Shuriken","Question Card","Boot","Coffee Dripper"],"acts_visited":["Exordium","TheCity"],"potions_floor_usage":[25,26],"damage_taken":[{"damage":0.0,"enemies":"Small Slimes","floor":2.0,"turns":6.0},{"damage":0.0,"enemies":"2 Louse","floor":4.0,"turns":3.0},{"damage":2.0,"enemies":"Jaw Worm","floor":5.0,"turns":4.0},{"damage":24.0,"enemies":"Gremlin Nob","floor":8.0,"turns":4.0},{"damage":0.0,"enemies":"2 Fungi Beasts","floor":12.0,"turns":2.0},{"damage":16.0,"enemies":"Lagavulin","floor":13.0,"turns":6.0},{"damage":1.0,"enemies":"Gremlin Gang","floor":14.0,"turns":4.0},{"damage":2.0,"enemies":"Blue Slaver","floor":15.0,"turns":3.0},{"damage":20.0,"enemies":"downfall:Silent","floor":16.0,"turns":14.0},{"damage":9.0,"enemies":"Shell Parasite","floor":19.0,"turns":6.0},{"damage":16.0,"enemies":"Centurion and Healer","floor":20.0,"turns":10.0},{"damage":8.0,"enemies":"downfall:Augmenter","floor":22.0,"turns":7.0},{"damage":7,"enemies":"Snecko","floor":25,"turns":8},{"damage":11,"enemies":"3 Cultists","floor":26,"turns":3}],"seed_played":"-4773702716095790979","potions_obtained":[{"floor":5.0,"key":"Strength Potion"},{"floor":8.0,"key":"Explosive Potion"},{"floor":12.0,"key":"Regen Potion"},{"floor":19.0,"key":"DistilledChaos"},{"floor":22.0,"key":"champ:CounterPotion"},{"floor":25,"key":"hexamod:DoubleChargePotion"}],"is_trial":false,"path_per_floor":["R","M","?","M","M","R","T","E","R","?","R","M","E","M","M","B",null,"R","M","M","?","?","?","T","M","M"],"character_chosen":"THE_SPIRIT","items_purchased":[],"campfire_rested":0,"item_purchase_floors":[],"current_hp_per_floor":[57,57,62,62,60,60,60,36,36,36,36,36,35,34,32,12,50,50,41,25,25,17,17,17,10,0,0,0],"gold":497,"neow_bonus":"REMOVE_TWO","is_daily":false,"chose_seed":false,"campfire_upgraded":5,"win_rate":0.0,"timestamp":1609741699,"path_taken":["R","M","?","M","M","R","T","E","R","?","R","M","E","M","M","BOSS","R","M","M","?","?","?","T","M","?"],"items_purchased_type":[],"build_version":"2020-12-22","purchased_purges":0,"victory":false,"max_hp_per_floor":[57,57,62,62,62,62,62,62,62,62,62,62,62,62,62,62,62,62,62,62,62,62,62,62,62,62,62,62],"relic_stats":{"counters":[14,80],"Shuriken":[8],"Question Card":20,"Boot":[16],"obtain_stats":[{"Shuriken":7,"Coffee Dripper":17,"Question Card":8,"Boot":13,"hexamod:SpiritBrand":0},{"Shuriken":3,"Coffee Dripper":9,"Question Card":4,"Boot":6,"hexamod:SpiritBrand":0},{"Shuriken":13,"Coffee Dripper":46,"Question Card":17,"Boot":25,"hexamod:SpiritBrand":0}]},"card_choices":[{"not_picked":["hexamod:BurningTouch","hexamod:AdvancingGuard"],"picked":"hexamod:InspiringFlames","floor":2.0},{"not_picked":["hexamod:RecurringNightmare","hexamod:AdvancingGuard","hexamod:ChargedBarrage"],"picked":"SKIP","floor":4.0},{"not_picked":["hexamod:InspiringFlames","hexamod:AdvancingGuard"],"picked":"hexamod:SwordOfDarkness","floor":5.0},{"not_picked":["hexamod:SecondSeal","hexamod:CrushingStance"],"picked":"hexamod:HauntingEcho","floor":8.0},{"not_picked":["hexamod:BurningTouch","hexamod:SpectralAdrenaline","hexamod:GhostLash"],"picked":"hexamod:SpectersWail","floor":12.0},{"not_picked":["hexamod:NightmareStrike","hexamod:SpectersWail","hexamod:SecondSeal"],"picked":"hexamod:PhantomCloak","floor":13.0},{"not_picked":["hexamod:PhantomFireball","hexamod:RainOfEmbers","hexamod:SecondSeal"],"picked":"hexamod:GhostflameBarrier","floor":14.0},{"not_picked":["hexamod:Again","hexamod:ThermalTransfer","hexamod:RecurringNightmare"],"picked":"hexamod:SkipABeat","floor":15.0},{"not_picked":["hexamod:GhostflameInferno","hexamod:CrushingStance","hexamod:ParanormalForm"],"picked":"hexamod:FifthSeal","floor":16.0},{"not_picked":["hexamod:FourthSeal","hexamod:FirstSeal","hexamod:SecondSeal"],"picked":"hexamod:SixthSeal","floor":19.0},{"not_picked":["hexamod:Firestarter","hexamod:Toasty","hexamod:RainOfEmbers"],"picked":"hexamod:FastForward","floor":19.0},{"not_picked":["hexamod:SecondSeal","hexamod:SixthSeal","hexamod:FirstSeal"],"picked":"hexamod:ThirdSeal","floor":20.0},{"not_picked":["hexamod:NightmareStrike","hexamod:BacktrackSmack","hexamod:FlamesFromBeyond","hexamod:GhostLash"],"picked":"SKIP","floor":20.0},{"not_picked":["hexamod:HeatMetal","hexamod:SwordOfDarkness+1","hexamod:BacktrackSmack"],"picked":"hexamod:Hexaguard","floor":22.0},{"not_picked":["hexamod:Hexaguard","hexamod:NightmareGuise","hexamod:ShieldOfDarkness"],"picked":"hexamod:GhostShield","floor":22.0},{"not_picked":["hexamod:SecondSeal","hexamod:FourthSeal","hexamod:SixthSeal"],"picked":"hexamod:FirstSeal","floor":25},{"not_picked":["hexamod:FirstSeal","hexamod:FlamesFromBeyond","hexamod:RainOfEmbers"],"picked":"hexamod:GhostLash+1","floor":25}],"player_experience":2830677,"relics_obtained":[{"floor":7.0,"key":"Shuriken"},{"floor":8.0,"key":"Question Card"},{"floor":13.0,"key":"Boot"}],"event_choices":[{"damage_healed":0.0,"max_hp_gain":5.0,"max_hp_loss":0.0,"gold_gain":0.0,"event_name":"Big Fish","player_choice":"Donut","floor":3.0,"gold_loss":0.0,"damage_taken":0.0},{"cards_removed":["hexamod:Defend"],"damage_healed":0.0,"max_hp_gain":0.0,"max_hp_loss":0.0,"gold_gain":0.0,"event_name":"Purifier","player_choice":"Purged","floor":23.0,"gold_loss":0.0,"damage_taken":0.0}],"is_beta":false,"boss_relics":[{"not_picked":["Empty Cage","Busted Crown"],"picked":"Coffee Dripper"}],"items_purged_floors":[],"is_endless":false,"potions_floor_spawned":[5,8,12,19],"killed_by":"3 Cultists","ascension_level":20}}