{"host":"qm4rv4rkpk76sbxu","time":1609766855,"event":{"mods":["BaseMod","Bestiary","Block Reminder","Filter the Spire","Keyboard Shortcuts","Minty Spire (QoL Compilation)","MonsterHotkey","Potion Indicator Mod","Quick Restart","Relic Stats","Slay-I","StSLib","ojb\u0027s Better Paths Mod"],"gold_per_floor":[116,130,205,48,48,48,74,74,74,84,9,40,51,51,51,129,129,148,163,213,413,430,430,465,494,506,518,518],"floor_reached":27,"playtime":1206,"items_purged":["Defend_G"],"score":582,"play_id":"21e0cda2-8722-4b1e-b7bd-98016f6fdbb1","local_time":"20210104142735","is_ascension_mode":true,"campfire_choices":[{"data":"Bouncing Flask","floor":6.0,"key":"SMITH"},{"data":"Bullet Time","floor":15.0,"key":"SMITH"},{"data":"After Image","floor":23.0,"key":"SMITH"}],"circlet_count":0,"master_deck":["AscendersBane","Strike_G","Strike_G","Strike_G","Strike_G","Defend_G","Defend_G","Defend_G","Defend_G","Survivor","Neutralize","Poisoned Stab","Bouncing Flask+1","Bullet Time+1","Backflip","Leg Sweep","After Image+1","Backflip+1","Deflect+1","Bouncing Flask","Backflip"],"relics":["Ring of the Snake","Toolbox","White Beast Statue","Akabeko","Art of War","Black Star","The Courier","MawBank","Ninja Scroll"],"acts_visited":["Exordium","TheCity"],"potions_floor_usage":[27],"damage_taken":[{"damage":4.0,"enemies":"Jaw Worm","floor":1.0,"turns":7.0},{"damage":11.0,"enemies":"Small Slimes","floor":2.0,"turns":5.0},{"damage":10.0,"enemies":"Lagavulin","floor":7.0,"turns":5.0},{"damage":0.0,"enemies":"Cultist","floor":10.0,"turns":3.0},{"damage":0.0,"enemies":"Gremlin Nob","floor":12.0,"turns":2.0},{"damage":0.0,"enemies":"3 Louse","floor":13.0,"turns":2.0},{"damage":1.0,"enemies":"Hexaghost","floor":16.0,"turns":6.0},{"damage":0.0,"enemies":"Spheric Guardian","floor":18.0,"turns":5.0},{"damage":5.0,"enemies":"3 Byrds","floor":19.0,"turns":5.0},{"damage":10.0,"enemies":"Centurion and Healer","floor":22.0,"turns":8.0},{"damage":17.0,"enemies":"Book of Stabbing","floor":24.0,"turns":7.0},{"damage":8.0,"enemies":"Snake Plant","floor":25.0,"turns":3.0},{"damage":15,"enemies":"Slavers","floor":27,"turns":3}],"seed_played":"-4503264226359832942","potions_obtained":[{"floor":0.0,"key":"Fire Potion"},{"floor":0.0,"key":"CunningPotion"},{"floor":10.0,"key":"Strength Potion"},{"floor":13.0,"key":"ColorlessPotion"},{"floor":16.0,"key":"SkillPotion"},{"floor":18.0,"key":"SpeedPotion"},{"floor":19.0,"key":"Energy Potion"},{"floor":22.0,"key":"SteroidPotion"},{"floor":24.0,"key":"DistilledChaos"},{"floor":25.0,"key":"BlessingOfTheForge"}],"is_trial":false,"path_per_floor":["M","M","?","$","?","R","E","?","T","M","$","E","M","?","R","B",null,"M","M","?","?","M","R","E","M","T","E"],"character_chosen":"THE_SILENT","items_purchased":["Toolbox"],"campfire_rested":0,"item_purchase_floors":[4],"current_hp_per_floor":[55,44,33,33,26,26,16,16,16,16,16,16,16,16,16,15,53,53,48,48,48,38,38,21,13,13,0,0],"gold":518,"neow_bonus":"THREE_SMALL_POTIONS","is_daily":false,"chose_seed":false,"campfire_upgraded":3,"win_rate":0.0,"timestamp":1609766855,"path_taken":["M","M","?","$","?","R","E","?","T","M","?","E","M","?","R","BOSS","M","M","?","?","?","R","E","M","T","E"],"items_purchased_type":["Relic"],"build_version":"2020-12-22","purchased_purges":1,"victory":false,"max_hp_per_floor":[66,66,66,66,66,66,66,66,66,66,66,66,66,66,66,66,66,66,66,66,66,66,66,66,66,66,66,66],"relic_stats":{"counters":[13,61],"Art of War":[5],"Black Star":1,"MawBank":36,"obtain_stats":[{"Ninja Scroll":26,"Toolbox":4,"The Courier":24,"Art of War":12,"Black Star":17,"MawBank":24,"White Beast Statue":7,"Akabeko":9,"Ring of the Snake":0},{"Ninja Scroll":12,"Toolbox":2,"The Courier":11,"Art of War":5,"Black Star":7,"MawBank":11,"White Beast Statue":3,"Akabeko":3,"Ring of the Snake":0},{"Ninja Scroll":58,"Toolbox":12,"The Courier":55,"Art of War":22,"Black Star":30,"MawBank":55,"White Beast Statue":17,"Akabeko":17,"Ring of the Snake":0}],"Ring of the Snake":[25]},"card_choices":[{"not_picked":["Flying Knee","Dagger Spray"],"picked":"Poisoned Stab","floor":1.0},{"not_picked":["Cloak And Dagger","Dodge and Roll"],"picked":"Bouncing Flask","floor":2.0},{"not_picked":["Envenom","Choke"],"picked":"Bullet Time","floor":7.0},{"not_picked":["Eviscerate","Dodge and Roll"],"picked":"Backflip","floor":10.0},{"not_picked":["Prepared","Flying Knee","Sucker Punch"],"picked":"SKIP","floor":12.0},{"not_picked":["Dagger Spray","Acrobatics"],"picked":"Leg Sweep","floor":13.0},{"not_picked":["A Thousand Cuts","Storm of Steel"],"picked":"After Image","floor":16.0},{"not_picked":["Underhanded Strike","Deflect","Quick Slash"],"picked":"SKIP","floor":18.0},{"not_picked":["Escape Plan","Prepared"],"picked":"Backflip+1","floor":19.0},{"not_picked":["Dodge and Roll","Accuracy"],"picked":"Deflect+1","floor":22.0},{"not_picked":["Concentrate","Skewer"],"picked":"Bouncing Flask","floor":24.0},{"not_picked":["Prepared","Blade Dance"],"picked":"Backflip","floor":25.0}],"player_experience":1201501,"relics_obtained":[{"floor":7.0,"key":"White Beast Statue"},{"floor":9.0,"key":"Akabeko"},{"floor":12.0,"key":"Art of War"},{"floor":24.0,"key":"The Courier"},{"floor":24.0,"key":"MawBank"},{"floor":26.0,"key":"Ninja Scroll"}],"event_choices":[{"damage_healed":0.0,"max_hp_gain":0.0,"max_hp_loss":0.0,"gold_gain":75.0,"event_name":"World of Goop","player_choice":"Gather Gold","floor":3.0,"gold_loss":0.0,"damage_taken":11.0},{"cards_removed":["Strike_G"],"damage_healed":0.0,"max_hp_gain":0.0,"max_hp_loss":0.0,"gold_gain":0.0,"event_name":"Golden Wing","player_choice":"Card Removal","floor":5.0,"gold_loss":0.0,"damage_taken":7.0},{"damage_healed":0.0,"max_hp_gain":0.0,"max_hp_loss":0.0,"gold_gain":0.0,"event_name":"Shining Light","player_choice":"Ignored","floor":8.0,"gold_loss":0.0,"damage_taken":0.0},{"damage_healed":0.0,"max_hp_gain":0.0,"max_hp_loss":0.0,"gold_gain":0.0,"event_name":"Match and Keep!","player_choice":"0 cards matched","floor":14.0,"gold_loss":0.0,"damage_taken":0.0,"cards_obtained":[]},{"damage_healed":0.0,"max_hp_gain":0.0,"max_hp_loss":0.0,"gold_gain":50.0,"event_name":"Nest","player_choice":"Stole From Cult","floor":20.0,"gold_loss":0.0,"damage_taken":0.0},{"damage_healed":0.0,"max_hp_gain":0.0,"max_hp_loss":0.0,"gold_gain":250.0,"event_name":"The Joust","player_choice":"Bet on Owner","floor":21.0,"gold_loss":50.0,"damage_taken":0.0}],"is_beta":false,"boss_relics":[{"not_picked":["Snecko Eye","Philosopher\u0027s Stone"],"picked":"Black Star"}],"items_purged_floors":[11],"is_endless":false,"potions_floor_spawned":[10,12,13,16,18,19,22,24,25],"killed_by":"Slavers","ascension_level":20}}