{"host":"j4g6ia6asvpyu2b0","time":1609782758,"event":{"mods":["BaseMod","Colored Map","Minty Spire (QoL Compilation)","Permanent Neow","Quick Restart","Relic Stats","StSLib","Unceasing Turn Reminder"],"gold_per_floor":[119,119,119,119,194,194,234,234,234,234,409,409,409],"floor_reached":12,"playtime":139,"items_purged":[],"score":94,"play_id":"c51681cb-ad78-477b-b671-bc19e98760e0","local_time":"20210104105238","is_ascension_mode":true,"campfire_choices":[{"data":"Bash","floor":6,"key":"SMITH"},{"data":"Pommel Strike","floor":8,"key":"SMITH"},{"data":"Clothesline","floor":10,"key":"SMITH"}],"circlet_count":0,"master_deck":["Strike_R","Strike_R","Strike_R","Strike_R","Defend_R","Defend_R","Defend_R","Defend_R","Bash+1","Pommel Strike+1","Clothesline+1"],"relics":["Coffee Dripper","Golden Idol","InkBottle","Omamori","Bag of Preparation"],"acts_visited":["Exordium"],"potions_floor_usage":[7],"damage_taken":[{"damage":0,"enemies":"2 Louse","floor":1,"turns":2},{"damage":5,"enemies":"Lagavulin","floor":7,"turns":6},{"damage":5,"enemies":"Gremlin Nob","floor":12,"turns":2}],"seed_played":"4642373471776295252","potions_obtained":[{"floor":1,"key":"DistilledChaos"}],"is_trial":false,"path_per_floor":["M","?","?","?","?","R","E","R","T","R","?","E"],"character_chosen":"IRONCLAD","items_purchased":[],"campfire_rested":0,"item_purchase_floors":[],"current_hp_per_floor":[72,52,45,20,9,9,4,4,4,4,4,0,0],"gold":409,"neow_bonus":"BOSS_RELIC","is_daily":false,"chose_seed":false,"campfire_upgraded":3,"win_rate":0.0,"timestamp":1609782758,"path_taken":["M","?","?","?","?","R","E","R","T","R","?","E"],"items_purchased_type":[],"build_version":"2020-12-22","purchased_purges":0,"victory":false,"max_hp_per_floor":[80,80,80,80,80,80,80,80,80,80,80,80,80],"relic_stats":{"counters":[3,10],"Golden Idol":8,"Bag of Preparation":[2],"obtain_stats":[{"Golden Idol":2,"Coffee Dripper":0,"Omamori":7,"Bag of Preparation":9,"Burning Blood":0,"InkBottle":4},{"Golden Idol":1,"Coffee Dripper":0,"Omamori":2,"Bag of Preparation":2,"Burning Blood":0,"InkBottle":1},{"Golden Idol":2,"Coffee Dripper":0,"Omamori":8,"Bag of Preparation":8,"Burning Blood":0,"InkBottle":2}],"InkBottle":[2]},"card_choices":[{"not_picked":["Ghostly Armor","Rage"],"picked":"Pommel Strike","floor":1},{"not_picked":["Sentinel","Headbutt"],"picked":"Clothesline","floor":7}],"player_experience":702647,"relics_obtained":[{"floor":7,"key":"Omamori"},{"floor":9,"key":"Bag of Preparation"}],"event_choices":[{"damage_healed":0,"gold_gain":0,"player_choice":"Take Damage","damage_taken":20,"relics_obtained":["Golden Idol"],"max_hp_gain":0,"max_hp_loss":0,"event_name":"Golden Idol","floor":2,"gold_loss":0},{"cards_removed":["Strike_R"],"damage_healed":0,"gold_gain":0,"player_choice":"Card Removal","damage_taken":7,"max_hp_gain":0,"max_hp_loss":0,"event_name":"Golden Wing","floor":3,"gold_loss":0},{"damage_healed":0,"gold_gain":0,"player_choice":"Success","damage_taken":25,"relics_obtained":["InkBottle"],"max_hp_gain":0,"max_hp_loss":0,"event_name":"Scrap Ooze","floor":4,"gold_loss":0},{"damage_healed":0,"gold_gain":75,"player_choice":"Gather Gold","damage_taken":11,"max_hp_gain":0,"max_hp_loss":0,"event_name":"World of Goop","floor":5,"gold_loss":0},{"damage_healed":0,"gold_gain":175,"player_choice":"AGREE","damage_taken":0,"max_hp_gain":0,"max_hp_loss":0,"event_name":"Liars Game","floor":11,"gold_loss":0,"cards_obtained":["Doubt"]}],"is_beta":false,"boss_relics":[],"items_purged_floors":[],"is_endless":false,"potions_floor_spawned":[1],"killed_by":"Gremlin Nob","ascension_level":6}}