{"host":"xurz8oye0j2lsa2k","time":1609725220,"event":{"mods":["AchievementEnabler","BaseMod","Colored Map","Hubris","Marisa????????","Minty Spire (QoL Compilation)","Permanent Neow","Replay The Spire","StSLib"],"gold_per_floor":[213,213,66,79,49,49,60,60,84,84,101,113,138,158,158,158,158],"floor_reached":16,"playtime":507,"items_purged":[],"score":102,"play_id":"b95cae87-9a60-4759-a859-8317af6937c6","local_time":"20210103205340","is_ascension_mode":false,"campfire_choices":[{"data":"PropBag","floor":6,"key":"SMITH"},{"data":"MeteoricShower","floor":8,"key":"SMITH"}],"circlet_count":0,"master_deck":["Strike_MRS","Strike_MRS","Strike_MRS","Strike_MRS","Defend_MRS","Defend_MRS","Defend_MRS","Defend_MRS","MasterSpark","UpSweep","PropBag+1","Regret","MeteoricShower+1","LuminesStrike","NonDirectionalLaser","DarkSpark","ChargingUp","MysteriousBeam+1"],"relics":["MiniHakkero","hubris:BottledRain","Strange Spoon","PreservedInsect","StrikeDummy","Shuriken","Gremlin Horn"],"acts_visited":["Exordium"],"potions_floor_usage":[11,13,16,16,16],"damage_taken":[{"damage":6,"enemies":"Jaw Worm","floor":1,"turns":3},{"damage":1,"enemies":"Cultist","floor":4,"turns":3},{"damage":6,"enemies":"2 Louse","floor":7,"turns":3},{"damage":7,"enemies":"Exordium Thugs","floor":11,"turns":4},{"damage":14,"enemies":"Blue Slaver","floor":12,"turns":3},{"damage":9,"enemies":"3 Sentries","floor":13,"turns":2},{"damage":12,"enemies":"Looter","floor":14,"turns":3},{"damage":48,"enemies":"The Guardian","floor":16,"turns":6}],"seed_played":"6868564963431154718","potions_obtained":[{"floor":1,"key":"Swift Potion"},{"floor":5,"key":"GamblersBrew"},{"floor":5,"key":"LifebloodPotion"},{"floor":11,"key":"AttackPotion"},{"floor":14,"key":"PowerPotion"}],"is_trial":false,"path_per_floor":["M","?","$","M","?","R","M","R","T","$","M","M","E","M","R_BF","B"],"character_chosen":"MARISA","items_purchased":["Strange Spoon"],"campfire_rested":0,"item_purchase_floors":[3],"current_hp_per_floor":[69,69,69,68,68,68,62,62,62,62,55,41,32,20,42,0,0],"gold":158,"neow_bonus":"HUNDRED_GOLD","is_daily":false,"chose_seed":false,"campfire_upgraded":2,"win_rate":0.0,"timestamp":1609725220,"path_taken":["M","?","$","?","?","R","M","R","T","?","M","M","E","M","R_BF","BOSS"],"items_purchased_type":["Relic"],"build_version":"2020-12-22","purchased_purges":0,"victory":false,"max_hp_per_floor":[75,75,75,75,75,75,75,75,75,75,75,75,75,75,75,75,75],"card_choices":[{"not_picked":["DoubleSpark","ShootTheMoon"],"picked":"PropBag","floor":1},{"not_picked":["DC","6A"],"picked":"MeteoricShower","floor":4},{"not_picked":["ShootTheMoon","GravityBeat"],"picked":"LuminesStrike","floor":7},{"not_picked":["Acceleration","GravityBeat"],"picked":"NonDirectionalLaser","floor":11},{"not_picked":["BlazeAway","SporeBomb"],"picked":"DarkSpark","floor":12},{"not_picked":["BinaryStars","MilkyWay"],"picked":"ChargingUp","floor":13},{"not_picked":["ChargeUpSpray","6A"],"picked":"MysteriousBeam","floor":14}],"player_experience":491996,"relics_obtained":[{"floor":9,"key":"PreservedInsect"},{"floor":13,"key":"StrikeDummy"}],"event_choices":[{"damage_healed":0,"gold_gain":0,"player_choice":"Box","damage_taken":0,"relics_obtained":["hubris:BottledRain"],"max_hp_gain":0,"max_hp_loss":0,"event_name":"Big Fish","floor":2,"gold_loss":0,"cards_obtained":["Regret"]},{"damage_healed":0,"gold_gain":0,"player_choice":"Bought 2 Potions","damage_taken":0,"max_hp_gain":0,"max_hp_loss":0,"event_name":"The Woman in Blue","floor":5,"gold_loss":0}],"is_beta":false,"boss_relics":[],"items_purged_floors":[],"is_endless":false,"potions_floor_spawned":[1,11,14],"killed_by":"The Guardian","ascension_level":0}}