{"host":"12lnwhc48gjtaggg","time":1609774767,"event":{"mods":["Aspiration","BaseMod","BetterRewards","Energized Spire","Gold Saver","GungeonMod","Infinite Spire","Minty Spire (QoL Compilation)","Remove Card Discount Mod","Shop Mod","StSLib","Trackpad","[IsaacMod]????"],"gold_per_floor":[688,688,747,675,685,716,716,457,525,557,557,571,584,604,604,705,705,718,738,584,594,613,641,641,656,679,560,586,471,322,353,353,455,455,473,473,491,491,491,491,517,517,517,536,548,582,582,617,617,617,617],"floor_reached":50,"playtime":2479,"items_purged":["Regret","Strike_B","Consume+1","Dualcast","Coolheaded+1","Beam Cell+1","Strike_B","Defend_B","Loop","Defend_B","Reboot+1","Ball Lightning","Core Surge","Strike_B","Strike_B"],"score":1871,"play_id":"6089bb7d-cdb3-470c-b088-7f5be3448937","local_time":"20210104153927","is_ascension_mode":true,"campfire_choices":[{"data":"Core Surge","floor":7,"key":"SMITH"},{"data":"Zap","floor":15,"key":"SMITH"},{"data":"Creative AI","floor":24,"key":"SMITH"},{"data":"Storm","floor":32,"key":"SMITH"},{"data":"Defragment","floor":40,"key":"SMITH"},{"data":"Storm","floor":42,"key":"SMITH"},{"data":"Self Repair","floor":47,"key":"SMITH"},{"data":"Doom and Gloom","floor":49,"key":"SMITH"}],"circlet_count":0,"master_deck":["Defend_B","Defend_B","Zap+1","Core Surge+1","Coolheaded+1","Leap+1","Gash","Trip+1","Self Repair+1","Gash","Creative AI+1","Loop+1","BootSequence+1","Ball Lightning+1","Gash","Storm+1","Doom and Gloom+1","Storm+1","Glacier+1","Chaos+1","Amplify+1","Defragment+1","White Noise+1","Parasite"],"relics":["Cracked Core","HushsDoor","SteamSale","Toxic Egg 2","Anchor","Pear","DemoMod:WhiteGuonStone","Mummified Hand","Lee\u0027s Waffle","DemoMod:PinkGuonStone","infinitespire:PuzzleCube","BlankCard","Philosopher\u0027s Stone","DemoMod:ClearGuonStone","aspiration:StickyExplosives_weak","DemoMod:Metronome","Oddly Smooth Stone","Letter Opener","Chaos","SteamSale","infinitespire:FocusingShard","Centennial Puzzle","aspiration:Stabinomicon","Sozu","ChampionBelt"],"acts_visited":["Exordium","TheCity","TheBeyond"],"potions_floor_usage":[18,23,23,46,48],"damage_taken":[{"damage":0,"enemies":"Jaw Worm","floor":1,"turns":3},{"damage":4,"enemies":"Cultist","floor":5,"turns":4},{"damage":4,"enemies":"Gremlin Nob","floor":6,"turns":3},{"damage":19,"enemies":"Lagavulin","floor":10,"turns":4},{"damage":0,"enemies":"2 Louse","floor":12,"turns":3},{"damage":0,"enemies":"2 Fungi Beasts","floor":13,"turns":3},{"damage":0,"enemies":"Large Slime","floor":14,"turns":3},{"damage":0,"enemies":"Slime Boss","floor":16,"turns":6},{"damage":4,"enemies":"2 Thieves","floor":18,"turns":3},{"damage":0,"enemies":"Shell Parasite","floor":19,"turns":4},{"damage":20,"enemies":"Shelled Parasite and Fungi","floor":21,"turns":4},{"damage":7,"enemies":"Snecko","floor":22,"turns":4},{"damage":18,"enemies":"Gremlin Leader","floor":23,"turns":6},{"damage":0,"enemies":"Centurion and Healer","floor":25,"turns":4},{"damage":18,"enemies":"Slavers","floor":28,"turns":4},{"damage":0,"enemies":"Book of Stabbing","floor":31,"turns":4},{"damage":0,"enemies":"Champ","floor":33,"turns":8},{"damage":6,"enemies":"Orb Walker","floor":35,"turns":3},{"damage":0,"enemies":"3 Shapes","floor":37,"turns":4},{"damage":0,"enemies":"Giant Head","floor":41,"turns":6},{"damage":1,"enemies":"Jaw Worm Horde","floor":44,"turns":3},{"damage":0,"enemies":"Writhing Mass","floor":45,"turns":4},{"damage":24,"enemies":"Nightmare","floor":46,"turns":5},{"damage":19,"enemies":"Reptomancer","floor":48,"turns":3},{"damage":88,"enemies":"Awakened One","floor":50,"turns":4}],"seed_played":"7731042867848987324","potions_obtained":[{"floor":6,"key":"BlessingOfTheForge"},{"floor":10,"key":"Explosive Potion"},{"floor":19,"key":"AttackPotion"},{"floor":23,"key":"PowerPotion"},{"floor":33,"key":"DistilledChaos"}],"is_trial":false,"path_per_floor":["M","?","?","$","M","E","R","$","T","E","?","M","M","M","R","B",null,"M","M","$","M","M","E","R","M","T","$","E","$","$","E","R","B",null,"M","?","M","?","AVR","R","E","R","T","M","M","NM","R","M","R","B"],"character_chosen":"DEFECT","items_purchased":["Toxic Egg 2","Anchor","Core Surge","Coolheaded+1","Gash","Trip+1","Loop","Mummified Hand","Lee\u0027s Waffle","Ball Lightning","Creative AI","DemoMod:ClearGuonStone","Core Surge","Oddly Smooth Stone","Storm","Storm","Chaos","Diplopia","infinitespire:FocusingShard","Centennial Puzzle","Glacier+1","Amplify+1"],"campfire_rested":0,"item_purchase_floors":[0,0,0,0,4,4,8,8,8,8,17,20,20,27,27,29,29,30,30,30,30,34],"current_hp_per_floor":[61,71,71,71,67,70,70,92,99,87,87,94,99,99,99,99,95,95,95,95,75,75,64,64,64,64,64,46,46,46,53,53,60,91,85,85,91,91,91,91,91,91,91,91,91,81,81,72,72,0,0],"gold":617,"neow_bonus":"","is_daily":false,"chose_seed":false,"campfire_upgraded":8,"win_rate":0.0,"timestamp":1609774767,"path_taken":["M","?","?","$","M","E","R","$","T","E","?","M","M","M","R","BOSS","M","?","?","M","?","E","R","M","T","?","E","?","$","E","R","BOSS","M","?","M","?","AVR","R","E","R","T","?","M","NM","R","M","R","BOSS"],"items_purchased_type":["Relic","Relic","Card","Card","Card","Card","Card","Relic","Relic","Card","Card","Relic","Card","Relic","Card","Card","Card","Relic","Relic","Relic","Card","Card"],"build_version":"2020-12-22","purchased_purges":15,"victory":false,"max_hp_per_floor":[75,85,85,85,85,85,85,92,99,99,99,99,99,99,99,99,95,95,95,95,95,95,95,95,95,95,95,95,95,95,95,95,95,91,91,91,91,91,91,91,91,91,91,91,91,91,91,91,91,91,91],"card_choices":[{"not_picked":[],"picked":"Bomb","floor":0},{"not_picked":["Steam+1","Go for the Eyes"],"picked":"Leap+1","floor":1},{"not_picked":["Compile Driver","Fission+1"],"picked":"Self Repair","floor":5},{"not_picked":["Thunder Strike","Steam Power+1","Reprogram+1"],"picked":"SKIP","floor":6},{"not_picked":["Barrage","Steam+1"],"picked":"Consume+1","floor":10},{"not_picked":["Turbo+1","Self Repair"],"picked":"Bomb","floor":12},{"not_picked":["Skim+1","Genetic Algorithm+1"],"picked":"Gash","floor":13},{"not_picked":["Auto Shields+1","Cold Snap"],"picked":"Bomb","floor":14},{"not_picked":["Machine Learning","Meteor Strike"],"picked":"Reboot+1","floor":16},{"not_picked":["Rebound","Redo+1"],"picked":"Coolheaded+1","floor":18},{"not_picked":["Barrage","Steam+1"],"picked":"Beam Cell+1","floor":19},{"not_picked":["Scrape+1","Beam Cell"],"picked":"Loop+1","floor":21},{"not_picked":["Rebound","ElectricPowerLearning"],"picked":"BootSequence+1","floor":22},{"not_picked":["Static Discharge","Go for the Eyes"],"picked":"Ball Lightning+1","floor":23},{"not_picked":["Beam Cell","Sunder"],"picked":"Gash","floor":25},{"not_picked":["Reinforced Body+1","Creative AI"],"picked":"Doom and Gloom","floor":28},{"not_picked":["Rip and Tear","Cold Snap"],"picked":"Chaos+1","floor":31},{"not_picked":["Coolheaded+1","Rebound"],"picked":"Defragment","floor":35},{"not_picked":["Go for the Eyes","Redo+1","Turbo+1"],"picked":"SKIP","floor":37},{"not_picked":["Aggregate+1","Stack+1"],"picked":"White Noise+1","floor":41},{"not_picked":["Reprogram+1","Compile Driver+1","Redo+1"],"picked":"SKIP","floor":44},{"not_picked":["Glacier+1","Cold Snap+1","Storm+1"],"picked":"SKIP","floor":45},{"not_picked":["Streamline","Rebound","Distribution+1"],"picked":"SKIP","floor":46},{"not_picked":["Lockon+1","Chaos+1","Turbo+1"],"picked":"SKIP","floor":48},{"not_picked":["Lockon+1","Chaos+1","Turbo+1"],"picked":"SKIP","floor":48}],"player_experience":373232,"relics_obtained":[{"floor":6,"key":"DemoMod:WhiteGuonStone"},{"floor":9,"key":"DemoMod:PinkGuonStone"},{"floor":10,"key":"infinitespire:PuzzleCube"},{"floor":11,"key":"BlankCard"},{"floor":23,"key":"aspiration:StickyExplosives_weak"},{"floor":26,"key":"DemoMod:Metronome"},{"floor":28,"key":"Letter Opener"},{"floor":31,"key":"aspiration:Stabinomicon"},{"floor":46,"key":"ChampionBelt"}],"event_choices":[{"damage_healed":0,"gold_gain":0,"player_choice":"Box","damage_taken":0,"relics_obtained":["Pear"],"max_hp_gain":0,"max_hp_loss":0,"event_name":"Big Fish","floor":2,"gold_loss":0,"cards_obtained":["Regret"]},{"damage_healed":0,"gold_gain":59,"player_choice":"Gained Gold","damage_taken":0,"max_hp_gain":0,"max_hp_loss":0,"event_name":"Golden Wing","floor":3,"gold_loss":0},{"damage_healed":0,"gold_gain":0,"player_choice":"Memory 1","damage_taken":0,"max_hp_gain":0,"max_hp_loss":0,"event_name":"SensoryStone","floor":36,"gold_loss":0}],"is_beta":false,"boss_relics":[{"not_picked":["energizedSpire:NeverEndingSparkler","Runic Pyramid"],"picked":"Philosopher\u0027s Stone"},{"not_picked":[]},{"not_picked":["energizedSpire:SpiderWeb","DemoMod:NanoMachines"],"picked":"Sozu"},{"not_picked":[]}],"items_purged_floors":[4,4,20,20,27,27,27,27,30,30,30,30,30,30,30],"is_endless":false,"potions_floor_spawned":[6,10,12,14,19,22,23,33,35,45,46,48],"killed_by":"Awakened One","ascension_level":20}}