{"host":"rmsq46plbpwfbxcc","time":1609757231,"event":{"mods":["AchievementEnabler","BaseMod","Colored Map","Colored Powertips","DeckTracker","KOR Keyword Fix","Minty Spire (QoL Compilation)","Permanent Neow","Quick Restart","SuperFastMode"],"gold_per_floor":[115,132,144,144,144,144,184,184,184,222,222,241,265,265,265,386,386,402,602,620,620,620],"floor_reached":21,"playtime":584,"items_purged":[],"score":298,"play_id":"20f262ce-9380-4555-8a0e-71f3f3c1c891","local_time":"20210104194711","is_ascension_mode":true,"campfire_choices":[{"data":"Neutralize","floor":6.0,"key":"SMITH"},{"data":"Dash","floor":8.0,"key":"SMITH"},{"data":"Survivor","floor":15.0,"key":"SMITH"}],"circlet_count":0,"master_deck":["Strike_G","Strike_G","Strike_G","Strike_G","Strike_G","Defend_G","Defend_G","Defend_G","Defend_G","Defend_G","Survivor+1","Neutralize+1","Dash+1","PiercingWail","Choke+1","Envenom"],"relics":["Black Star","Golden Idol","Molten Egg 2","Smiling Mask","Mango","Oddly Smooth Stone","Vajra","Bronze Scales","Spirit Poop","SacredBark"],"acts_visited":["Exordium","TheCity"],"potions_floor_usage":[],"damage_taken":[{"damage":6.0,"enemies":"2 Louse","floor":1.0,"turns":4.0},{"damage":4.0,"enemies":"Small Slimes","floor":2.0,"turns":5.0},{"damage":0.0,"enemies":"Cultist","floor":3.0,"turns":5.0},{"damage":37.0,"enemies":"Gremlin Nob","floor":7.0,"turns":6.0},{"damage":28.0,"enemies":"Lagavulin","floor":10.0,"turns":11.0},{"damage":3.0,"enemies":"Large Slime","floor":12.0,"turns":7.0},{"damage":0.0,"enemies":"Red Slaver","floor":13.0,"turns":3.0},{"damage":53.0,"enemies":"Slime Boss","floor":16.0,"turns":16.0},{"damage":1.0,"enemies":"Shell Parasite","floor":18.0,"turns":6.0},{"damage":15,"enemies":"Chosen","floor":20,"turns":6},{"damage":63,"enemies":"Masked Bandits","floor":21,"turns":5}],"seed_played":"8912396727123048451","potions_obtained":[{"floor":3.0,"key":"GamblersBrew"},{"floor":7.0,"key":"Fruit Juice"},{"floor":16.0,"key":"Energy Potion"}],"is_trial":false,"path_per_floor":["M","M","M","?","?","R","E","R","T","E","?","M","M","?","R","B",null,"M","?","M","?"],"character_chosen":"THE_SILENT","items_purchased":[],"campfire_rested":0,"item_purchase_floors":[],"current_hp_per_floor":[57,53,53,53,50,50,32,32,32,4,4,1,1,89,89,36,76,75,75,60,0,0],"gold":620,"neow_bonus":"BOSS_RELIC","is_daily":false,"chose_seed":false,"campfire_upgraded":3,"win_rate":0.0,"timestamp":1609757231,"path_taken":["M","M","M","?","?","R","E","R","T","E","?","?","M","?","R","BOSS","M","?","?","?"],"items_purchased_type":[],"build_version":"2020-12-22","purchased_purges":0,"victory":false,"max_hp_per_floor":[70,70,70,70,70,70,89,89,89,89,89,89,89,89,89,89,89,89,89,89,89,89],"card_choices":[{"not_picked":["Sucker Punch","Noxious Fumes","Poisoned Stab"],"picked":"SKIP","floor":1.0},{"not_picked":["Flechettes","Sucker Punch"],"picked":"Dash","floor":2.0},{"not_picked":["Heel Hook","Sucker Punch"],"picked":"PiercingWail","floor":3.0},{"not_picked":["Calculated Gamble","Backflip"],"picked":"Choke+1","floor":7.0},{"not_picked":["Caltrops","Quick Slash+1","Flying Knee+1"],"picked":"SKIP","floor":10.0},{"not_picked":["Catalyst","Deadly Poison","PiercingWail"],"picked":"SKIP","floor":12.0},{"not_picked":["Choke+1","Infinite Blades","Dagger Throw+1"],"picked":"SKIP","floor":13.0},{"not_picked":["Doppelganger","Night Terror"],"picked":"Envenom","floor":16.0},{"not_picked":["Quick Slash+1","Reflex+1","Underhanded Strike+1"],"picked":"SKIP","floor":18.0},{"not_picked":["Dagger Spray+1","Dodge and Roll","Skewer+1"],"picked":"SKIP","floor":20}],"player_experience":652253,"relics_obtained":[{"floor":7.0,"key":"Smiling Mask"},{"floor":7.0,"key":"Mango"},{"floor":9.0,"key":"Oddly Smooth Stone"},{"floor":10.0,"key":"Vajra"},{"floor":10.0,"key":"Bronze Scales"}],"event_choices":[{"damage_healed":0.0,"max_hp_gain":0.0,"max_hp_loss":0.0,"gold_gain":0.0,"event_name":"Golden Idol","player_choice":"Take Wound","floor":4.0,"gold_loss":0.0,"damage_taken":0.0,"relics_obtained":["Golden Idol"],"cards_obtained":["Injury"]},{"damage_healed":0.0,"max_hp_gain":0.0,"max_hp_loss":0.0,"gold_gain":0.0,"event_name":"Scrap Ooze","player_choice":"Success","floor":5.0,"gold_loss":0.0,"damage_taken":3.0,"relics_obtained":["Molten Egg 2"]},{"cards_removed":["Injury"],"damage_healed":0.0,"max_hp_gain":0.0,"max_hp_loss":0.0,"gold_gain":0.0,"event_name":"Bonfire Elementals","player_choice":"Offered Curse","floor":11.0,"gold_loss":0.0,"damage_taken":0.0,"relics_obtained":["Spirit Poop"]},{"damage_healed":88.0,"max_hp_gain":0.0,"max_hp_loss":0.0,"gold_gain":0.0,"event_name":"Wheel of Change","player_choice":"Full Heal","floor":14.0,"gold_loss":0.0,"damage_taken":0.0},{"damage_healed":0,"gold_gain":250,"player_choice":"Bet on Owner","damage_taken":0,"max_hp_gain":0,"max_hp_loss":0,"event_name":"The Joust","floor":19,"gold_loss":50},{"damage_healed":0,"gold_gain":0,"player_choice":"Fought Bandits","damage_taken":0,"max_hp_gain":0,"max_hp_loss":0,"event_name":"Masked Bandits","floor":21,"gold_loss":0}],"is_beta":false,"boss_relics":[{"not_picked":["Snecko Eye","Velvet Choker"],"picked":"SacredBark"}],"items_purged_floors":[],"is_endless":false,"potions_floor_spawned":[3,7,16],"killed_by":"Masked Bandits","ascension_level":9}}