{"host":"yiit85oc4oi3nqs8","time":1609757992,"event":{"mods":["AchievementEnabler","BaseMod","Better Third Choice","Block Reminder","DeckTracker","Highlight Path","Keyboard Shortcuts","Minty Spire (QoL Compilation)","MonsterHotkey","Quick Restart","Random Character Button","Relic Stats","StSLib"],"gold_per_floor":[112,112,122,24,34,51,51,51,51,51,51,69,87,87,52,27,41,41,59,79,89,89,89,192,192,204,204,204,215,235,235,235,160,160,160],"floor_reached":34,"playtime":1097,"items_purged":["Strike_R"],"score":246,"play_id":"f1f9c87b-a058-456d-bee8-24fed981be50","local_time":"20210104195952","is_ascension_mode":false,"campfire_choices":[{"data":"Spot Weakness","floor":10.0,"key":"SMITH"},{"data":"Cleave","floor":11.0,"key":"SMITH"},{"data":"Rampage","floor":22.0,"key":"SMITH"},{"data":"Berserk","floor":23.0,"key":"SMITH"}],"circlet_count":0,"master_deck":["Strike_R","Strike_R","Defend_R","Defend_R","Defend_R","Defend_R","Bash","Spot Weakness+1","Cleave+1","Metallicize","Headbutt","Metallicize","Whirlwind","Rampage+1","True Grit","Berserk+1","Brutality","Sword Boomerang","Flash of Steel"],"relics":["Burning Blood"],"acts_visited":["Exordium","TheCity"],"potions_floor_usage":[34,34,34],"damage_taken":[{"damage":9.0,"enemies":"Jaw Worm","floor":1.0,"turns":5.0},{"damage":5.0,"enemies":"Cultist","floor":3.0,"turns":4.0},{"damage":1.0,"enemies":"Small Slimes","floor":5.0,"turns":4.0},{"damage":12.0,"enemies":"Exordium Wildlife","floor":6.0,"turns":5.0},{"damage":0.0,"enemies":"3 Louse","floor":12.0,"turns":1.0},{"damage":2.0,"enemies":"2 Fungi Beasts","floor":13.0,"turns":3.0},{"damage":9.0,"enemies":"Large Slime","floor":17.0,"turns":4.0},{"damage":5.0,"enemies":"Red Slaver","floor":19.0,"turns":5.0},{"damage":0.0,"enemies":"Lots of Slimes","floor":20.0,"turns":1.0},{"damage":5.0,"enemies":"Blue Slaver","floor":21.0,"turns":4.0},{"damage":29.0,"enemies":"Slime Boss","floor":24.0,"turns":7.0},{"damage":22.0,"enemies":"Spheric Guardian","floor":26.0,"turns":5.0},{"damage":16,"enemies":"3 Byrds","floor":29,"turns":4},{"damage":31,"enemies":"Snake Plant","floor":30,"turns":6},{"damage":23,"enemies":"Book of Stabbing","floor":34,"turns":3}],"seed_played":"6705137073394774148","potions_obtained":[{"floor":5.0,"key":"ColorlessPotion"},{"floor":12.0,"key":"Energy Potion"},{"floor":19.0,"key":"ColorlessPotion"},{"floor":21.0,"key":"CultistPotion"}],"is_trial":false,"path_per_floor":["M","?","M","$","M","M","?","T","?","R","R","M","M","T","$","?","M","$","M","M","M","R","R","B",null,"M","?","?","M","M","?","?","?","E"],"character_chosen":"IRONCLAD","items_purchased":["Headbutt","Rampage","True Grit"],"campfire_rested":0,"item_purchase_floors":[4,15,16],"current_hp_per_floor":[77,77,78,78,80,74,74,74,74,74,74,80,80,80,80,80,77,77,78,80,80,80,80,57,80,64,64,64,54,29,29,14,14,0,0],"gold":160,"neow_bonus":"THREE_CARDS","is_daily":false,"chose_seed":false,"campfire_upgraded":4,"win_rate":0.0,"timestamp":1609757992,"path_taken":["M","?","M","?","M","?","?","?","?","R","R","M","M","T","?","?","M","$","M","M","M","R","R","BOSS","M","?","?","M","?","?","?","?","E"],"items_purchased_type":["Card","Card","Card"],"build_version":"2020-12-22","purchased_purges":1,"victory":false,"max_hp_per_floor":[80,80,80,80,80,80,80,80,80,80,80,80,80,80,80,80,80,80,80,80,80,80,80,80,80,80,80,80,80,80,80,85,85,85,85],"relic_stats":{"counters":[15,61],"obtain_stats":[{"Burning Blood":0},{"Burning Blood":0},{"Burning Blood":0}],"Burning Blood":72},"card_choices":[{"not_picked":["Twin Strike","Iron Wave"],"picked":"Spot Weakness","floor":0.0},{"not_picked":["Thunderclap","Pommel Strike"],"picked":"Cleave","floor":1.0},{"not_picked":["Thunderclap","Cleave"],"picked":"Metallicize","floor":3.0},{"not_picked":["Second Wind","Clothesline"],"picked":"Metallicize","floor":5.0},{"not_picked":["Havoc","Perfected Strike","Thunderclap"],"picked":"SKIP","floor":6.0},{"not_picked":["Perfected Strike","True Grit"],"picked":"Whirlwind","floor":12.0},{"not_picked":["Fire Breathing","Ghostly Armor","Headbutt"],"picked":"SKIP","floor":13.0},{"not_picked":["True Grit","Hemokinesis","Rampage"],"picked":"SKIP","floor":17.0},{"not_picked":["Wild Strike","Flex","Headbutt"],"picked":"SKIP","floor":19.0},{"not_picked":["Twin Strike","Uppercut"],"picked":"Berserk","floor":20.0},{"not_picked":["Flex","Spot Weakness","Iron Wave"],"picked":"SKIP","floor":21.0},{"not_picked":["Fiend Fire","Impervious"],"picked":"Brutality","floor":24.0},{"not_picked":["Clash","Sever Soul+1","Power Through+1"],"picked":"SKIP","floor":26.0},{"not_picked":["Warcry+1","Wild Strike","Anger"],"picked":"SKIP","floor":29},{"not_picked":["Rupture","Iron Wave","Body Slam"],"picked":"SKIP","floor":30}],"player_experience":439465,"relics_obtained":[],"event_choices":[{"cards_removed":["Strike_R"],"damage_healed":0.0,"max_hp_gain":0.0,"max_hp_loss":0.0,"gold_gain":0.0,"event_name":"Wheel of Change","player_choice":"Card Removal","floor":2.0,"gold_loss":0.0,"damage_taken":0.0},{"damage_healed":0.0,"max_hp_gain":0.0,"max_hp_loss":0.0,"gold_gain":0.0,"event_name":"Ghosts","player_choice":"Ignored","floor":27.0,"gold_loss":0.0,"damage_taken":0.0},{"damage_healed":0,"gold_gain":0,"player_choice":"2 cards matched","damage_taken":0,"max_hp_gain":0,"max_hp_loss":0,"event_name":"Match and Keep!","floor":28,"gold_loss":0,"cards_obtained":["Sword Boomerang","Flash of Steel"]},{"damage_healed":0,"gold_gain":0,"player_choice":"Shed Blood","damage_taken":20,"max_hp_gain":5,"max_hp_loss":0,"event_name":"Forgotten Altar","floor":32,"gold_loss":0},{"cards_removed":["Strike_R"],"damage_healed":0,"gold_gain":0,"player_choice":"Gave Gold","damage_taken":0,"max_hp_gain":0,"max_hp_loss":0,"event_name":"Beggar","floor":33,"gold_loss":75}],"is_beta":false,"boss_relics":[{"not_picked":["Black Blood","Astrolabe","Philosopher\u0027s Stone"]}],"items_purged_floors":[4],"is_endless":false,"potions_floor_spawned":[5,12,19,21,24,29],"killed_by":"Book of Stabbing","ascension_level":0}}