{"host":"ecuvtzmejf7hhjpv","time":1609801642,"event":{"mods":["AchievementEnabler","Act Like it!","Aspiration","BaseMod","Better Altar","Better Match","Better Note","Better Sensory Stone","Better Skull","Better Third Choice","BetterRewards","Conspire","Custom Start","Gensokyo","GifTheSpireLib","Hallownest","Hermit","Hubris","Kratos Character Expansion","Marisa????????","Minty Spire (QoL Compilation)","Prisma Mod","Replay The Spire","Spicy Shops","StSLib","The Animator","The Blackbeard","The Bug Knight","The Forsaken","The Hierophant","The Jungle","The Necromancer","The Poker Player","The Wild Card"],"gold_per_floor":[111,111,123,136,156,191,191,225,225,235,268,288,321,337,337,442,442,453,465,492,492,510,541,541,541,541,572,585,612,612,624,624,724,724,741,127,127,87,103,131,131,166,189,189,189,234,258,294,294,337,337,363,363,363,47,100,108],"floor_reached":58,"playtime":2821,"items_purged":["PrismaMod:ChloeCommonAttack"],"score":1832,"play_id":"50b4ec5a-b1b8-4191-b5b1-ee7d15aaf6c4","local_time":"20210104170722","is_ascension_mode":true,"campfire_choices":[{"floor":15.0,"key":"REST"},{"floor":24.0,"key":"REST"},{"data":"PrismaMod:ChloeMordred","floor":32.0,"key":"SMITH"},{"data":"PrismaMod:ChloeAnyPowerTrace","floor":41.0,"key":"SMITH"},{"floor":49.0,"key":"RECALL"},{"floor":51.0,"key":"REST"},{"data":"theWildCard:Metatron","floor":54.0,"key":"SMITH"}],"circlet_count":0,"master_deck":["PrismaMod:IllyaUncommonDefend+1","PrismaMod:ChloeCommonAttack","PrismaMod:ChloeCommonAttack","PrismaMod:ChloeCommonAttack","PrismaMod:ChloeCommonAttack","PrismaMod:ChloeCommonDefend+1","PrismaMod:ChloeCommonDefend+1","PrismaMod:ChloeCommonDefend","PrismaMod:ChloeCommonDefend","PrismaMod:ChloeCommonDefend","PrismaMod:ChloeCheapAttack+1","PrismaMod:ChloeCheapDefend","PrismaMod:ChloeBetterTracePools","Good Instincts","PrismaMod:ChloeCheapAttackTwo","PrismaMod:ChloeExhaustOne+1","theWildCard:Metatron+1","PrismaMod:ChloeRitsuka","PrismaMod:ChloeDemonicTutor","PrismaMod:ChloeMordred+1","PrismaMod:ChloeExhaustOne","PrismaMod:ChloeGaeBolg","PrismaMod:ChloeRitsuka","PrismaMod:ChloeDoubleRelicSpeed+1","PrismaMod:ChloeGaeBolg","PrismaMod:ChloeAnySkillTrace+1","PrismaMod:ChloeGreatTracePools","PrismaMod:ChloeGaeBolg","PrismaMod:ChloeEyeOfTheEuryale","PrismaMod:ChloeAnyPowerTrace+1","PrismaMod:ChloeBetterTracePools+1","PrismaMod:ChloeBetterTracePools","ReplayTheSpireMod:Private Reserves","PrismaMod:ChloeCarnivalDefend","PrismaMod:ChloeUnlimitedBladeWorks","PrismaMod:ChloeRuleBreaker+1","PrismaMod:ChloeCarnivalAOEAttack+1","PrismaMod:ChloeGaeBolg+1","PrismaMod:ChloeEyeOfTheEuryale+1","hubris:DuctTapeCard"],"relics":["PrismaMod:PrismaTraceOn","PreservedInsect","Omamori","conspire:TreasureMap","Tiny Chest","HandDrill","Mummified Hand","Lizard Tail","aspiration:ChemicalBlood","Shuriken","Bag of Marbles","Replay:Bronze Core","Regal Pillow","hubris:Towel","hubris:Metronome","KratosMod:minohorn","Happy Flower","Juzu Bracelet","Black Star","Guide Book","Molten Egg 2","Kunai","Torii","White Beast Statue","hubris:DuctTape","Replay:Bandana","Anchor","Akabeko","Snack Pack","theForsaken:Gavel","Simple Rune"],"acts_visited":["Exordium","TheCity","TheBeyond","TheEnding"],"potions_floor_usage":[57,57,57,57,57,57,57],"damage_taken":[{"damage":0.0,"enemies":"2 Louse","floor":1.0,"turns":5.0},{"damage":0.0,"enemies":"Jaw Worm","floor":3.0,"turns":5.0},{"damage":0.0,"enemies":"Small Slimes","floor":4.0,"turns":3.0},{"damage":0.0,"enemies":"3 Louse","floor":5.0,"turns":5.0},{"damage":0.0,"enemies":"Lagavulin","floor":6.0,"turns":5.0},{"damage":3.0,"enemies":"HollowMod:MossKnight","floor":8.0,"turns":6.0},{"damage":1.0,"enemies":"Exordium Thugs","floor":10.0,"turns":5.0},{"damage":6.0,"enemies":"Gremlin Nob","floor":11.0,"turns":4.0},{"damage":0.0,"enemies":"2 Fungi Beasts","floor":12.0,"turns":2.0},{"damage":3.0,"enemies":"3 Sentries","floor":13.0,"turns":3.0},{"damage":0.0,"enemies":"Looter","floor":14.0,"turns":2.0},{"damage":1.0,"enemies":"Fading Forest","floor":16.0,"turns":11.0},{"damage":14.0,"enemies":"2 Thieves","floor":18.0,"turns":5.0},{"damage":36.0,"enemies":"conspire:FuzzyDice","floor":19.0,"turns":6.0},{"damage":6.0,"enemies":"Centurion and Healer","floor":22.0,"turns":4.0},{"damage":7.0,"enemies":"HollowMod:Nosk","floor":23.0,"turns":7.0},{"damage":18.0,"enemies":"Replay:Snechameleon","floor":27.0,"turns":4.0},{"damage":8.0,"enemies":"Shelled Parasite and Fungi","floor":28.0,"turns":4.0},{"damage":0.0,"enemies":"Gremlin Leader","floor":29.0,"turns":3.0},{"damage":5.0,"enemies":"conspire:HollyBat","floor":31.0,"turns":6.0},{"damage":2.0,"enemies":"Collector","floor":33.0,"turns":6.0},{"damage":0.0,"enemies":"Orb Walker","floor":35.0,"turns":4.0},{"damage":13.0,"enemies":"3 Darklings","floor":39.0,"turns":6.0},{"damage":2.0,"enemies":"HollowMod:StalkingDevout","floor":40.0,"turns":4.0},{"damage":18.0,"enemies":"Nemesis","floor":42.0,"turns":7.0},{"damage":0.0,"enemies":"Giant Head","floor":46.0,"turns":5.0},{"damage":1.0,"enemies":"Maw","floor":47.0,"turns":5.0},{"damage":0.0,"enemies":"3 Darklings","floor":48.0,"turns":4.0},{"damage":1.0,"enemies":"HollowMod:SlobberingHusk","floor":50.0,"turns":5.0},{"damage":38.0,"enemies":"hubris:GrandSnecko","floor":52.0,"turns":5.0},{"damage":14.0,"enemies":"Shield and Spear","floor":56.0,"turns":4.0},{"damage":113,"enemies":"The Heart","floor":57,"turns":8}],"seed_played":"2616137872249872822","potions_obtained":[{"floor":3.0,"key":"Block Potion"},{"floor":8.0,"key":"SpeedPotion"},{"floor":11.0,"key":"Adrenaline Potion"},{"floor":16.0,"key":"Adrenaline Potion"},{"floor":18.0,"key":"Elixir"},{"floor":19.0,"key":"ColorlessPotion"},{"floor":19.0,"key":"Fire Potion"},{"floor":27.0,"key":"Dexterity Potion"},{"floor":28.0,"key":"PowerPotion"},{"floor":29.0,"key":"Weak Potion"},{"floor":33.0,"key":"Swift Potion"},{"floor":42.0,"key":"Energy Potion"},{"floor":46.0,"key":"Energy Potion"},{"floor":47.0,"key":"SpeedPotion"},{"floor":52.0,"key":"AttackPotion"},{"floor":56.0,"key":"Cursed Concoction"}],"is_trial":false,"path_per_floor":["M","?","M","M","M","E","?","E","T","M","E","M","E","M","R","B",null,"M","M","T","?","M","E","R","?","T","E","M","E","?","M","R","B",null,"M","$","T","?","M","E","R","E","T","PTL","PTL","E","M","M","R","M","R","B",null,"R","$","E","B",null],"character_chosen":"CHLOE","items_purchased":["PreservedInsect","PrismaMod:ChloeBetterTracePools","Omamori","conspire:TreasureMap","Tiny Chest","HandDrill","Energy Potion","Good Instincts","PrismaMod:ChloeCheapAttackTwo","PrismaMod:ChloeBetterTracePools","Guide Book","ReplayTheSpireMod:Private Reserves","Molten Egg 2","Snack Pack"],"campfire_rested":3,"item_purchase_floors":[0,0,0,0,0,0,0,0,0,36,36,36,36,55],"current_hp_per_floor":[34,34,34,34,34,34,34,31,31,30,24,24,21,21,43,52,75,61,25,25,25,19,19,56,56,56,38,30,30,38,33,33,31,75,75,75,75,75,62,60,60,42,42,42,42,42,41,41,41,40,75,37,75,75,75,67,5],"gold":108,"neow_bonus":"","is_daily":false,"chose_seed":false,"campfire_upgraded":3,"win_rate":0.0,"timestamp":1609801642,"path_taken":["M","?","M","M","M","E","?","E","T","M","E","M","E","?","R","BOSS","M","M","?","?","M","E","R","?","T","E","M","E","?","M","R","BOSS","M","$","?","?","M","E","R","E","T","PTL","PTL","E","M","M","R","M","R","BOSS","R","$","E","BOSS"],"items_purchased_type":["Relic","Card","Relic","Relic","Relic","Relic","Potion","Card","Card","Card","Relic","Card","Relic","Relic"],"build_version":"2020-12-22","purchased_purges":1,"victory":true,"max_hp_per_floor":[75,75,75,75,75,75,75,75,75,75,75,75,75,75,75,75,75,75,75,75,75,75,75,75,75,75,75,75,75,75,75,75,75,75,75,75,75,75,75,75,75,75,75,75,75,75,75,75,75,75,75,75,75,75,75,75,75],"card_choices":[{"not_picked":["PrismaMod:ChloeCheapDefend","PrismaMod:ChloeCommonAOEAttack"],"picked":"PrismaMod:ChloeExhaustOne","floor":1.0},{"not_picked":["PrismaMod:ChloeUncommonAttack","PrismaMod:ChloeCommonAOEAttack","PrismaMod:ChloeCheapDefendTwo"],"picked":"SKIP","floor":3.0},{"not_picked":["PrismaMod:ChloeDiscardRecovery","PrismaMod:ChloeCheapDefendTwo"],"picked":"PrismaMod:ChloeRitsuka","floor":4.0},{"not_picked":["PrismaMod:ChloeCommonAOEAttack","PrismaMod:ChloeCheapAttack"],"picked":"PrismaMod:ChloeExcalibur","floor":5.0},{"not_picked":["PrismaMod:ChloeCheapAttack","PrismaMod:ChloeCheapDefend"],"picked":"PrismaMod:ChloeDemonicTutor","floor":6.0},{"not_picked":["PrismaMod:ChloeCheapDefendTwo","PrismaMod:ChloeDiscardRecovery"],"picked":"PrismaMod:ChloeExhaustOne","floor":8.0},{"not_picked":["PrismaMod:ChloeCheapAttack","PrismaMod:ChloeCheapDefend"],"picked":"PrismaMod:ChloeExcalibur","floor":10.0},{"not_picked":["PrismaMod:ChloeAnyCommonTrace","PrismaMod:ChloeUncommonAttack"],"picked":"PrismaMod:ChloeGaeBolg","floor":11.0},{"not_picked":["PrismaMod:ChloeCommonAOEAttack","PrismaMod:ChloeCheapAttackTwo","PrismaMod:ChloeDiscardRecovery"],"picked":"SKIP","floor":12.0},{"not_picked":["PrismaMod:ChloeCheapAttackTwo","PrismaMod:ChloeCheapDefend","PrismaMod:ChloeCheapAttack"],"picked":"SKIP","floor":13.0},{"not_picked":["PrismaMod:ChloeExcalibur","PrismaMod:ChloeDiscardRecovery"],"picked":"PrismaMod:ChloeRitsuka","floor":14.0},{"not_picked":["PrismaMod:ChloeAnyAttackTrace","PrismaMod:ChloeAnyRareTrace"],"picked":"PrismaMod:ChloeDoubleRelicSpeed","floor":16.0},{"not_picked":["PrismaMod:ChloeUncommonDefend","PrismaMod:ChloeCheapDefendTwo","PrismaMod:ChloeDiscardRecovery"],"picked":"SKIP","floor":18.0},{"not_picked":["PrismaMod:ChloeDiscardRecovery","PrismaMod:ChloeCheapDefend"],"picked":"PrismaMod:ChloeGaeBolg","floor":19.0},{"not_picked":["PrismaMod:ChloeDiscardRecovery","PrismaMod:ChloeCheapAttack+1"],"picked":"PrismaMod:ChloeAnySkillTrace","floor":22.0},{"not_picked":["PrismaMod:ChloeUncommonDefend+1","PrismaMod:ChloeDiscardRecovery+1","PrismaMod:ChloeRhongomyniad"],"picked":"SKIP","floor":23.0},{"not_picked":["PrismaMod:ChloeCheapDefend","PrismaMod:ChloeCheapAttack+1","PrismaMod:ChloeMaid"],"picked":"SKIP","floor":27.0},{"not_picked":["PrismaMod:ChloeCommonAOEAttack+1","PrismaMod:ChloeBetterTracePools","PrismaMod:ChloeCheapDefend+1"],"picked":"SKIP","floor":28.0},{"not_picked":["PrismaMod:ChloeCheapAttackTwo","PrismaMod:ChloeExhaustThree"],"picked":"PrismaMod:ChloeGaeBolg","floor":29.0},{"not_picked":["PrismaMod:ChloeCheapAttackTwo","PrismaMod:ChloeCheapDefendTwo"],"picked":"PrismaMod:ChloeEyeOfTheEuryale","floor":31.0},{"not_picked":["PrismaMod:ChloeUnlimitedBladeWorks","PrismaMod:ChloeExhaustThree"],"picked":"PrismaMod:ChloeAnyPowerTrace","floor":33.0},{"not_picked":["PrismaMod:ChloeGaeBolg","PrismaMod:ChloeMaid+1"],"picked":"PrismaMod:ChloeBetterTracePools+1","floor":35.0},{"not_picked":["PrismaMod:ChloeExcalibur+1","PrismaMod:ChloeDiscardRecovery"],"picked":"PrismaMod:ChloeCarnivalDefend","floor":39.0},{"not_picked":["PrismaMod:ChloeUncommonDefend","PrismaMod:ChloeCheapDefend"],"picked":"PrismaMod:ChloeUnlimitedBladeWorks","floor":40.0},{"not_picked":["PrismaMod:ChloeUncommonAOEAttack+1","PrismaMod:ChloeCommonAOEAttack+1"],"picked":"PrismaMod:ChloeRuleBreaker+1","floor":42.0},{"not_picked":["PrismaMod:ChloeUncommonAttack+1","PrismaMod:ChloeCheapAttackTwo+1"],"picked":"PrismaMod:ChloeCarnivalAOEAttack+1","floor":46.0},{"not_picked":["PrismaMod:ChloeDiscardRecovery+1","PrismaMod:ChloeCheapDefend+1","PrismaMod:ChloeCheapAttack+1"],"picked":"SKIP","floor":47.0},{"not_picked":["PrismaMod:ChloeUncommonAttack+1","PrismaMod:ChloeCheapAttackTwo+1"],"picked":"PrismaMod:ChloeGaeBolg+1","floor":48.0},{"not_picked":["PrismaMod:ChloeCheapAttack+1","PrismaMod:ChloeCheapDefend+1","PrismaMod:ChloeDiscardRecovery+1"],"picked":"SKIP","floor":50.0},{"not_picked":["PrismaMod:ChloeDiscardRecovery+1","PrismaMod:ChloeCommonAOEAttack+1"],"picked":"PrismaMod:ChloeEyeOfTheEuryale+1","floor":56.0}],"player_experience":921583,"relics_obtained":[{"floor":6.0,"key":"Mummified Hand"},{"floor":8.0,"key":"Lizard Tail"},{"floor":9.0,"key":"aspiration:ChemicalBlood"},{"floor":11.0,"key":"Shuriken"},{"floor":13.0,"key":"Bag of Marbles"},{"floor":20.0,"key":"Regal Pillow"},{"floor":23.0,"key":"hubris:Metronome"},{"floor":26.0,"key":"KratosMod:minohorn"},{"floor":27.0,"key":"Happy Flower"},{"floor":29.0,"key":"Juzu Bracelet"},{"floor":37.0,"key":"Kunai"},{"floor":40.0,"key":"Torii"},{"floor":40.0,"key":"White Beast Statue"},{"floor":42.0,"key":"hubris:DuctTape"},{"floor":42.0,"key":"Replay:Bandana"},{"floor":46.0,"key":"Anchor"},{"floor":46.0,"key":"Akabeko"},{"floor":56.0,"key":"theForsaken:Gavel"},{"floor":56.0,"key":"Simple Rune"}],"event_choices":[{"damage_healed":0.0,"max_hp_gain":0.0,"max_hp_loss":0.0,"gold_gain":0.0,"event_name":"The Library","player_choice":"Read","floor":25.0,"gold_loss":0.0,"damage_taken":0.0,"cards_obtained":["PrismaMod:ChloeGreatTracePools"]},{"damage_healed":0.0,"max_hp_gain":0.0,"max_hp_loss":0.0,"gold_gain":0.0,"event_name":"Designer","player_choice":"Upgraded Two","floor":38.0,"gold_loss":40.0,"damage_taken":0.0,"cards_upgraded":["PrismaMod:ChloeCheapAttack","PrismaMod:ChloeExhaustOne"]}],"is_beta":false,"boss_relics":[{"not_picked":["Runic Pyramid","Ectoplasm"],"picked":"Replay:Bronze Core"},{"not_picked":["Cursed Key","Snecko Eye"],"picked":"Black Star"}],"items_purged_floors":[55],"is_endless":false,"potions_floor_spawned":[3,8,11,16,27,29,31,33,42,46,47,48,50,56],"ascension_level":1}}