{"host":"kw4o7b3ro2ktmmbe","time":1609723257,"event":{"mods":["BaseMod","Evolution","Minty Spire (QoL Compilation)","StSLib","The Runesmith","Wandering Minibosses"],"gold_per_floor":[366,135,146,156,156,156,176,30,82,98,110,128,128,160,160,258,258,278,278,291,291,307,307,4,37,37,37,55,55,72,85,85,187,187,207,207,222,572,572,572,572,572],"floor_reached":41,"playtime":5000,"items_purged":["Regret"],"score":486,"play_id":"049b4d97-e7e4-48c3-92fb-fb0fa6a1dba6","local_time":"20210104142057","is_ascension_mode":true,"campfire_choices":[{"data":"Runesmith:CraftFirestone","floor":6.0,"key":"SMITH"},{"data":"Runesmith:CraftObretio","floor":13.0,"key":"SMITH"},{"data":"Runesmith:Terraform","floor":15.0,"key":"SMITH"},{"data":"Runesmith:CraftPrismatica","floor":23.0,"key":"SMITH"},{"data":"Runesmith:Terraform","floor":27.0,"key":"SMITH"},{"data":"Runesmith:PerfectChisel","floor":29.0,"key":"SMITH"},{"data":"Runesmith:CraftPrismatica","floor":32.0,"key":"SMITH"},{"data":"Sadistic Nature","floor":40.0,"key":"SMITH"}],"circlet_count":0,"master_deck":["Runesmith:HeatedChisel","Runesmith:Defend_RS","Runesmith:Defend_RS","Runesmith:CraftFirestone+1","Runesmith:Fortify","Runesmith:Terraform+1","Runesmith:PerfectChisel+1","Runesmith:Accelerate","Runesmith:Terraform+1","Runesmith:CraftObretio+1","Runesmith:PerfectChisel","Runesmith:FissionHammer","Runesmith:CraftPrismatica+1","Runesmith:PerfectChisel","Bite","Bite","Bite","Bite","Bite","Runesmith:Augment+1","Runesmith:Grindstone+1","Runesmith:CraftPrismatica+1","Runesmith:FissionHammer","Runesmith:LithiumIon+1","Runesmith:GoWithTheFlow+1","Runesmith:Permafrost","Sadistic Nature+1","Apotheosis","Finesse"],"relics":["Runesmith:BrokenRuby","EVO:Axolotl","Runesmith:AutoHammer","Blood Vial","Akabeko","Ancient Tea Set","Sozu","CultistMask","Gambling Chip","Oddly Smooth Stone","Mummified Hand","SlaversCollar","Old Coin"],"acts_visited":["Exordium","TheCity","TheBeyond"],"potions_floor_usage":[],"damage_taken":[{"damage":2.0,"enemies":"Cultist","floor":1.0,"turns":4.0},{"damage":0.0,"enemies":"2 Louse","floor":3.0,"turns":3.0},{"damage":0.0,"enemies":"Small Slimes","floor":4.0,"turns":3.0},{"damage":4.0,"enemies":"Looter","floor":7.0,"turns":4.0},{"damage":13.0,"enemies":"Exordium Thugs","floor":10.0,"turns":4.0},{"damage":0.0,"enemies":"Large Slime","floor":11.0,"turns":4.0},{"damage":0.0,"enemies":"3 Louse","floor":12.0,"turns":4.0},{"damage":18.0,"enemies":"Gremlin Nob","floor":14.0,"turns":4.0},{"damage":24.0,"enemies":"Slime Boss","floor":16.0,"turns":9.0},{"damage":4.0,"enemies":"Shell Parasite","floor":18.0,"turns":7.0},{"damage":16.0,"enemies":"2 Thieves","floor":20.0,"turns":4.0},{"damage":4.0,"enemies":"Cultist and Chosen","floor":22.0,"turns":4.0},{"damage":10.0,"enemies":"Book of Stabbing","floor":25.0,"turns":6.0},{"damage":8.0,"enemies":"Sentry and Sphere","floor":28.0,"turns":6.0},{"damage":0.0,"enemies":"Centurion and Healer","floor":30.0,"turns":5.0},{"damage":16.0,"enemies":"Snake Plant","floor":31.0,"turns":4.0},{"damage":3.0,"enemies":"Champ","floor":33.0,"turns":8.0},{"damage":14.0,"enemies":"3 Darklings","floor":35.0,"turns":8.0},{"damage":2.0,"enemies":"3 Shapes","floor":37.0,"turns":5.0},{"damage":0.0,"enemies":"Mind Bloom Boss Battle","floor":38.0,"turns":6.0},{"damage":70,"enemies":"Nemesis","floor":41,"turns":4}],"seed_played":"-3205779984417679415","potions_obtained":[{"floor":3.0,"key":"GamblersBrew"},{"floor":4.0,"key":"LiquidMemories"},{"floor":10.0,"key":"Dexterity Potion"},{"floor":11.0,"key":"Swift Potion"},{"floor":14.0,"key":"Weak Potion"}],"is_trial":false,"path_per_floor":["M","$","M","M","?","R","M","$","T","M","M","M","R","E","R","B",null,"M","?","M","?","M","R","$","E","T","R","M","R","M","M","R","B",null,"M","?","M","?","?","R","E"],"character_chosen":"RUNESMITH_CLASS","items_purchased":["Runesmith:AutoHammer","Blood Vial","Gambling Chip"],"campfire_rested":0,"item_purchase_floors":[2,8,24],"current_hp_per_floor":[68,68,68,68,68,68,64,64,64,53,55,57,57,41,41,19,70,66,49,37,37,45,45,45,49,49,49,47,47,49,37,37,49,49,42,42,48,49,39,39,0,0],"gold":572,"neow_bonus":"TWO_FIFTY_GOLD","is_daily":false,"chose_seed":false,"campfire_upgraded":8,"win_rate":0.0,"timestamp":1609723257,"path_taken":["M","$","M","?","?","R","M","$","T","M","?","M","R","E","R","BOSS","M","?","M","?","M","R","$","E","T","R","?","R","M","M","R","BOSS","M","?","M","?","?","R","E"],"items_purchased_type":["Relic","Relic","Relic"],"build_version":"2020-12-22","purchased_purges":1,"victory":false,"max_hp_per_floor":[70,70,70,70,70,70,70,70,70,70,70,70,70,70,70,70,70,70,49,49,49,49,49,49,49,49,49,49,49,49,49,49,49,49,49,49,49,49,49,49,49,49],"card_choices":[{"not_picked":["Runesmith:Grindstone","Runesmith:ChiselStab"],"picked":"Runesmith:Terraform","floor":1.0},{"not_picked":["Runesmith:CraftSpiculum","Runesmith:Reinforce"],"picked":"Runesmith:PerfectChisel","floor":3.0},{"not_picked":["Runesmith:HeatedChisel","Runesmith:Permafrost"],"picked":"Runesmith:Accelerate","floor":4.0},{"not_picked":["Runesmith:BackupBattery","Runesmith:Overpower"],"picked":"Runesmith:Terraform","floor":7.0},{"not_picked":["Runesmith:Grindstone","Runesmith:StaticCage"],"picked":"Runesmith:CraftObretio","floor":10.0},{"not_picked":["Runesmith:Retool","Runesmith:NanitesCloud","Runesmith:Superposition"],"picked":"SKIP","floor":11.0},{"not_picked":["Runesmith:FrozenChisel","Runesmith:HeatedChisel"],"picked":"Runesmith:PerfectChisel","floor":12.0},{"not_picked":["Runesmith:CraftProtectio","Runesmith:Accelerate"],"picked":"Runesmith:FissionHammer","floor":14.0},{"not_picked":["Runesmith:CraftMedicinae","Runesmith:UnlimitedPower"],"picked":"Runesmith:CraftPrismatica","floor":16.0},{"not_picked":["Runesmith:EnergizedChisel","Runesmith:CraftProtectio"],"picked":"Runesmith:PerfectChisel","floor":18.0},{"not_picked":["Runesmith:HammerThrow","Runesmith:ShiftingStrike","Runesmith:OneForEveryone+1"],"picked":"SKIP","floor":20.0},{"not_picked":["Runesmith:HeatExchange+1","Runesmith:EarthShield","Runesmith:Repurpose"],"picked":"SKIP","floor":22.0},{"not_picked":["Runesmith:StaticCage+1","Runesmith:ShiftingStrike"],"picked":"Runesmith:Augment+1","floor":25.0},{"not_picked":["Runesmith:Permafrost","Runesmith:MakeshiftArmor"],"picked":"Runesmith:Grindstone+1","floor":28.0},{"not_picked":["Runesmith:CraftProtectio","Runesmith:UnstableHammer"],"picked":"Runesmith:CraftPrismatica","floor":30.0},{"not_picked":["Runesmith:ElementalConversion","Runesmith:Electrocute","Runesmith:RuneHurl"],"picked":"SKIP","floor":31.0},{"not_picked":["Runesmith:LastStand","Runesmith:GenerateForcefield"],"picked":"Runesmith:FissionHammer","floor":33.0},{"not_picked":["Runesmith:Refine+1","Runesmith:ElementalConversion+1"],"picked":"Runesmith:LithiumIon+1","floor":35.0},{"not_picked":["Runesmith:BackupBattery","Runesmith:ChiselStab"],"picked":"Runesmith:GoWithTheFlow+1","floor":37.0},{"not_picked":["Runesmith:ChiselStab+1","Runesmith:EarthShield+1"],"picked":"Runesmith:Permafrost","floor":38.0},{"not_picked":["Transmutation","PanicButton"],"picked":"Sadistic Nature","floor":39.0},{"not_picked":["Thinking Ahead","Violence"],"picked":"Apotheosis","floor":39.0},{"not_picked":["Purity","Impatience"],"picked":"Finesse","floor":39.0}],"player_experience":1788520,"relics_obtained":[{"floor":9.0,"key":"Akabeko"},{"floor":14.0,"key":"Ancient Tea Set"},{"floor":25.0,"key":"Oddly Smooth Stone"},{"floor":26.0,"key":"Mummified Hand"},{"floor":38.0,"key":"Old Coin"}],"event_choices":[{"cards_removed":["Runesmith:Defend_RS"],"damage_healed":0.0,"max_hp_gain":0.0,"max_hp_loss":0.0,"gold_gain":0.0,"event_name":"Purifier","player_choice":"Purged","floor":5.0,"gold_loss":0.0,"damage_taken":0.0},{"damage_healed":0.0,"max_hp_gain":0.0,"max_hp_loss":21.0,"gold_gain":0.0,"event_name":"Vampires","player_choice":"Became a vampire","floor":19.0,"gold_loss":0.0,"damage_taken":0.0,"cards_obtained":["Bite","Bite","Bite","Bite","Bite"]},{"damage_healed":0.0,"max_hp_gain":0.0,"max_hp_loss":0.0,"gold_gain":0.0,"event_name":"FaceTrader","player_choice":"Trade","floor":21.0,"gold_loss":0.0,"damage_taken":0.0,"relics_obtained":["CultistMask"]},{"cards_removed":["Runesmith:Defend_RS"],"damage_healed":0.0,"max_hp_gain":0.0,"max_hp_loss":0.0,"gold_gain":0.0,"event_name":"Falling","player_choice":"Removed Skill","floor":36.0,"gold_loss":0.0,"damage_taken":0.0},{"damage_healed":0.0,"max_hp_gain":0.0,"max_hp_loss":0.0,"gold_gain":0.0,"event_name":"MindBloom","player_choice":"Fight","floor":38.0,"gold_loss":0.0,"damage_taken":0.0},{"damage_healed":0.0,"max_hp_gain":0.0,"max_hp_loss":0.0,"gold_gain":0.0,"event_name":"SensoryStone","player_choice":"Memory 3","floor":39.0,"gold_loss":0.0,"damage_taken":10.0}],"is_beta":false,"boss_relics":[{"not_picked":["Astrolabe","Tiny House"],"picked":"Sozu"},{"not_picked":["Runesmith:PocketReactor","Empty Cage"],"picked":"SlaversCollar"}],"items_purged_floors":[2],"is_endless":false,"potions_floor_spawned":[3,4,10,11,14,20,25,33,35,38],"killed_by":"Nemesis","ascension_level":1}}