{"host":"88gj1a6q1iuldet9","time":1609749601,"event":{"mods":["Act Like it!","BaseMod","Better Note","Better Third Choice","BetterRewards","Conspire","Decade(???)","Downfall","Energized Spire","Gensokyo","GungeonMod","Hubris","Jorbs\u0027s Wanderer Trilogy","Luminous","Magitek Elite","Melee Mod","Minty Spire (QoL Compilation)","Quick Restart","Reimu??????","Replay The Spire","Robot Space Explorer","Shop Mod","StSLib","The Dragon Tamer","The Hayseed","The Marked","The Mystic","The Necromancer","The Runesmith","The Sage","TheArtist","TheFirefly","Wandering Minibosses","Yakumo Yukari mod","Yuri Mod"],"gold_per_floor":[111,129,143,143,143,174,174,202,202,202,232,248,262,262,262,361,361,377,377,40,50,50,81,44,69,92,92,107,107,238,254,254,358,358,374,384,384,397,397,397,407,435,453,453,476,511,531,531,14,24,24,24],"floor_reached":53,"playtime":20324,"items_purged":["Guardian:Aged","mysticmod:Strike_Mystic"],"score":949,"play_id":"aca8b0b1-2de0-4bd2-8748-e6c165f7b7b3","local_time":"20210104034001","is_ascension_mode":false,"campfire_choices":[{"data":"mysticmod:MagicWeapon","floor":7.0,"key":"SMITH"},{"data":"mysticmod:Sideswipe","floor":10.0,"key":"SMITH"},{"data":"mysticmod:PunishingArmor","floor":15.0,"key":"SMITH"},{"data":"expansioncontent:DashGenerateEvil","floor":27.0,"key":"SMITH"},{"data":"mysticmod:KnowledgePool","floor":29.0,"key":"SMITH"},{"data":"Flash of Steel","floor":32.0,"key":"SMITH"},{"floor":48,"key":"RECALL"},{"data":"Madness","floor":51,"key":"SMITH"}],"circlet_count":0,"master_deck":["mysticmod:Strike_Mystic","mysticmod:Strike_Mystic","mysticmod:Defend_Mystic","mysticmod:Defend_Mystic","mysticmod:Defend_Mystic+1","mysticmod:ArcaneDodge+1","mysticmod:ShockingGrasp","mysticmod:Sideswipe+1","mysticmod:PunishingArmor+1","mysticmod:MagicWeapon+1","mysticmod:Alacrity","mysticmod:Probe","Pot Of Greed","Pot Of Greed","mysticmod:SpontaneousCaster","mysticmod:Riposte","mysticmod:KnowledgePool+1","mysticmod:PunishingArmor","expansioncontent:DashGenerateEvil+1","Flash of Steel+1","mysticmod:PureInstinct","Pot Of Greed","mysticmod:CorrosiveTouch","mysticmod:Probe","mysticmod:HunkerDown+1","mysticmod:PunishingArmor","Madness","Madness+1","mysticmod:FiveFootStep+1"],"relics":["mysticmod:SpellBook","NeowsBlessing","hubris:Icosahedron","WarpedTongs","InkBottle","RuthlessExorcism:ReiMu","MealTicket","Grinning Jar","hubris:Backtick","hubris:EmptyBottle","Runesmith:Nanobots","Pet Ghost","Replay:Wax Seal","Replay:Accelerometer","Busted Crown","DemoMod:OrangeGuonStone","DemoMod:Metronome","The Courier","hubris:Metronome","War Paint","OrangePellets"],"acts_visited":["Exordium","TheCity","TheBeyond"],"potions_floor_usage":[46,52,52,52,52,52],"damage_taken":[{"damage":0.0,"enemies":"Cultist","floor":1.0,"turns":1.0},{"damage":0.0,"enemies":"2 Louse","floor":2.0,"turns":1.0},{"damage":0.0,"enemies":"Small Slimes","floor":3.0,"turns":1.0},{"damage":20.0,"enemies":"Gremlin Nob","floor":6.0,"turns":4.0},{"damage":14.0,"enemies":"3 Sentries","floor":8.0,"turns":10.0},{"damage":33.0,"enemies":"Lagavulin","floor":11.0,"turns":6.0},{"damage":4.0,"enemies":"Gremlin Gang","floor":12.0,"turns":4.0},{"damage":3.0,"enemies":"3 Louse","floor":13.0,"turns":2.0},{"damage":0.0,"enemies":"Hexaghost","floor":16.0,"turns":9.0},{"damage":7.0,"enemies":"Shell Parasite","floor":18.0,"turns":6.0},{"damage":0.0,"enemies":"3 Byrds","floor":21.0,"turns":3.0},{"damage":0.0,"enemies":"Gremlin Leader","floor":23.0,"turns":5.0},{"damage":0.0,"enemies":"conspire:HollyBat","floor":24.0,"turns":7.0},{"damage":0.0,"enemies":"Replay:Snechameleon","floor":25.0,"turns":4.0},{"damage":0.0,"enemies":"Centurion and Healer","floor":28.0,"turns":3.0},{"damage":0.0,"enemies":"Gremlin Leader","floor":30.0,"turns":3.0},{"damage":0.0,"enemies":"Snake Plant","floor":31.0,"turns":3.0},{"damage":0.0,"enemies":"Automaton","floor":33.0,"turns":9.0},{"damage":0.0,"enemies":"3 Darklings","floor":35.0,"turns":8.0},{"damage":0.0,"enemies":"Orb Walker","floor":36.0,"turns":2.0},{"damage":0.0,"enemies":"3 Darklings","floor":38.0,"turns":2.0},{"damage":0.0,"enemies":"Maw","floor":41.0,"turns":8.0},{"damage":0.0,"enemies":"R_Hoarder","floor":42.0,"turns":9.0},{"damage":0,"enemies":"Sphere and 2 Shapes","floor":43,"turns":3},{"damage":1,"enemies":"Giant Head","floor":46,"turns":7},{"damage":0,"enemies":"3 Darklings","floor":47,"turns":2},{"damage":13,"enemies":"4 Shapes","floor":50,"turns":2},{"damage":1,"enemies":"Awakened One","floor":52,"turns":9}],"seed_played":"-1875011017027510303","potions_obtained":[{"floor":6.0,"key":"DistilledChaos"},{"floor":8.0,"key":"EntropicBrew"},{"floor":11.0,"key":"DemoMod:LeadSkinPotion"},{"floor":12.0,"key":"PowerPotion"},{"floor":18.0,"key":"DuplicationPotion"},{"floor":23.0,"key":"PowerPotion"},{"floor":28.0,"key":"DistilledChaos"},{"floor":33.0,"key":"ColorlessPotion"},{"floor":41.0,"key":"Ancient Potion"},{"floor":43,"key":"DemoMod:LeadSkinPotion"}],"is_trial":false,"path_per_floor":["M","M","M","?","?","E","R","E","T","R","E","M","M","?","R","B",null,"M","?","$","M","?","E","M","E","T","R","M","R","E","M","R","B",null,"M","M","?","M","PTL","PTL","M","E","M","?","T","E","M","R","$","M","R","B",null],"character_chosen":"MYSTIC_CLASS","items_purchased":["expansioncontent:DashGenerateEvil","Flash of Steel","hubris:Metronome","War Paint","OrangePellets"],"campfire_rested":0,"item_purchase_floors":[20,20,49,49,49],"current_hp_per_floor":[77,77,77,77,77,57,57,43,43,43,10,6,3,3,3,3,77,70,70,77,77,77,77,77,77,77,77,77,77,77,77,77,77,77,77,77,67,67,67,67,77,77,77,87,87,86,86,86,87,74,74,73],"gold":24,"neow_bonus":"THREE_ENEMY_KILL","is_daily":false,"chose_seed":false,"campfire_upgraded":7,"win_rate":0.0,"timestamp":1609749601,"path_taken":["M","M","?","?","?","E","R","E","T","R","E","?","M","?","R","BOSS","M","?","$","M","?","E","M","E","T","R","M","R","E","M","R","BOSS","M","M","?","M","PTL","PTL","M","E","M","?","T","E","?","R","$","?","R","BOSS"],"items_purchased_type":["Card","Card","Relic","Relic","Relic"],"build_version":"2020-12-22","purchased_purges":2,"victory":true,"max_hp_per_floor":[77,77,77,77,77,77,77,77,77,77,77,77,77,77,77,77,77,77,77,77,77,77,77,77,77,77,77,77,77,77,77,77,77,77,77,77,77,77,77,77,77,77,77,87,87,87,87,87,87,87,87,87],"card_choices":[{"not_picked":["mysticmod:TomeOfSpells","mysticmod:Alacrity"],"picked":"mysticmod:Sideswipe","floor":1.0},{"not_picked":["mysticmod:TomeOfSpells","mysticmod:Sideswipe"],"picked":"mysticmod:PunishingArmor","floor":2.0},{"not_picked":["mysticmod:Shield","mysticmod:SuddenClarity"],"picked":"mysticmod:MagicWeapon","floor":3.0},{"not_picked":["mysticmod:BladeMaster","mysticmod:ComponentsPouch"],"picked":"mysticmod:Alacrity","floor":6.0},{"not_picked":["mysticmod:Disengage","mysticmod:EnergizedRift"],"picked":"mysticmod:Probe","floor":8.0},{"not_picked":["mysticmod:Probe","mysticmod:SuddenClarity"],"picked":"mysticmod:SpontaneousCaster","floor":11.0},{"not_picked":["mysticmod:Disengage","mysticmod:Alacrity","mysticmod:Daze"],"picked":"SKIP","floor":12.0},{"not_picked":["mysticmod:PunishingArmor","mysticmod:Shield"],"picked":"mysticmod:Riposte","floor":13.0},{"not_picked":["mysticmod:Discipline","mysticmod:Momentum"],"picked":"mysticmod:KnowledgePool","floor":16.0},{"not_picked":["mysticmod:Dedication","mysticmod:DiviningBlow"],"picked":"mysticmod:PunishingArmor","floor":18.0},{"not_picked":["mysticmod:RapidCaster","mysticmod:Disengage"],"picked":"mysticmod:PureInstinct","floor":21.0},{"not_picked":["mysticmod:Natural20","mysticmod:Disengage"],"picked":"mysticmod:HunkerDown+1","floor":23.0},{"not_picked":["mysticmod:Sideswipe","mysticmod:BulkUp","mysticmod:Shield"],"picked":"SKIP","floor":24.0},{"not_picked":["mysticmod:Alacrity","mysticmod:Dedication+1"],"picked":"mysticmod:PunishingArmor","floor":25.0},{"not_picked":["mysticmod:EarthenWall","mysticmod:Riposte+1","mysticmod:BladeMaster"],"picked":"SKIP","floor":28.0},{"not_picked":["mysticmod:Shield","mysticmod:HeavyStrike","mysticmod:Flourish"],"picked":"SKIP","floor":30.0},{"not_picked":["mysticmod:SuddenClarity","mysticmod:LightningBolt+1","mysticmod:EbbAndFlow"],"picked":"SKIP","floor":31.0},{"not_picked":["mysticmod:KnowledgePool","mysticmod:Lunge"],"picked":"mysticmod:Momentum","floor":33.0},{"not_picked":["mysticmod:Shield+1"],"picked":"SKIP","floor":35.0},{"not_picked":["mysticmod:Daze+1"],"picked":"SKIP","floor":36.0},{"not_picked":["mysticmod:TomeOfSpells"],"picked":"SKIP","floor":38.0},{"not_picked":[],"picked":"mysticmod:FiveFootStep+1","floor":41.0},{"not_picked":["mysticmod:DiviningBlow"],"picked":"SKIP","floor":42.0},{"not_picked":["mysticmod:MagicMissile+1"],"picked":"SKIP","floor":43},{"not_picked":["mysticmod:HeavyStrike+1"],"picked":"SKIP","floor":46},{"not_picked":["mysticmod:BulkUp+1"],"picked":"SKIP","floor":47},{"not_picked":["mysticmod:SpontaneousCaster"],"picked":"SKIP","floor":50}],"player_experience":1033159,"relics_obtained":[{"floor":6.0,"key":"InkBottle"},{"floor":8.0,"key":"RuthlessExorcism:ReiMu"},{"floor":9.0,"key":"MealTicket"},{"floor":11.0,"key":"Grinning Jar"},{"floor":23.0,"key":"Runesmith:Nanobots"},{"floor":25.0,"key":"Pet Ghost"},{"floor":26.0,"key":"Replay:Wax Seal"},{"floor":30.0,"key":"Replay:Accelerometer"},{"floor":42.0,"key":"DemoMod:OrangeGuonStone"},{"floor":45,"key":"DemoMod:Metronome"},{"floor":46,"key":"The Courier"}],"event_choices":[{"damage_healed":0.0,"max_hp_gain":0.0,"max_hp_loss":0.0,"gold_gain":0.0,"event_name":"Accursed Blacksmith","player_choice":"Rummage","floor":5.0,"gold_loss":0.0,"damage_taken":0.0,"relics_obtained":["WarpedTongs"],"cards_obtained":["Pain"]},{"damage_healed":0.0,"max_hp_gain":0.0,"max_hp_loss":0.0,"gold_gain":0.0,"cards_transformed":["Pain"],"event_name":"Transmorgrifier","player_choice":"Transformed","floor":14.0,"gold_loss":0.0,"damage_taken":0.0,"cards_obtained":["Guardian:Aged"]},{"damage_healed":0.0,"max_hp_gain":0.0,"max_hp_loss":0.0,"gold_gain":0.0,"event_name":"betterNote:BetterNote","player_choice":"Ignored","floor":19.0,"gold_loss":0.0,"damage_taken":0.0,"cards_obtained":["mysticmod:Natural20"]},{"damage_healed":0.0,"max_hp_gain":0.0,"max_hp_loss":0.0,"gold_gain":0.0,"cards_transformed":["mysticmod:Strike_Mystic","mysticmod:Defend_Mystic"],"event_name":"Drug Dealer","player_choice":"Became Test Subject","floor":22.0,"gold_loss":0.0,"damage_taken":0.0,"cards_obtained":["mysticmod:CorrosiveTouch","mysticmod:Probe"]},{"damage_healed":0.0,"max_hp_gain":0.0,"max_hp_loss":0.0,"gold_gain":0.0,"event_name":"Winding Halls","player_choice":"Embrace Madness","floor":37.0,"gold_loss":0.0,"damage_taken":10.0,"cards_obtained":["Madness","Madness"]},{"cards_removed":["mysticmod:Momentum"],"damage_healed":0,"gold_gain":0,"player_choice":"Offered Rare","damage_taken":0,"max_hp_gain":10,"max_hp_loss":0,"event_name":"Bonfire Elementals","floor":44,"gold_loss":0}],"is_beta":false,"boss_relics":[{"not_picked":["Ring of Chaos","Ectoplasm"],"picked":"hubris:Backtick"},{"not_picked":["mysticmod:BlessedBook","Replay:Bronze Core"],"picked":"Busted Crown"}],"items_purged_floors":[20,49],"is_endless":false,"potions_floor_spawned":[6,8,11,12,18,23,28,30,33,41,43,46],"ascension_level":0}}