{"host":"x1qj4d8ympd5jdqh","time":1609747389,"event":{"mods":["AchievementEnabler","AlwaysNeverKeys","BaseMod","Colored Map","Custom Start","DeckTracker","Highlight Path","Minty Spire (QoL Compilation)","StSLib","SuperFastMode"],"gold_per_floor":[111,122,137,151,151,151,183,203,278,278,298,298,323,335,335,410,410,423,474,186,109,139,151,163,163],"floor_reached":24,"playtime":628,"items_purged":["Strike_R"],"score":416,"play_id":"ec10ad08-315e-40f1-8108-da092031694a","local_time":"20210104170309","is_ascension_mode":true,"campfire_choices":[{"data":"Rupture","floor":6.0,"key":"SMITH"},{"data":"Combust","floor":10.0,"key":"SMITH"},{"data":"Sword Boomerang","floor":15.0,"key":"SMITH"},{"data":"Brutality","floor":23,"key":"SMITH"}],"circlet_count":0,"master_deck":["AscendersBane","Strike_R","Strike_R","Strike_R","Defend_R","Defend_R","Defend_R","Defend_R","Bash+1","Combust+1","Shrug It Off","Headbutt","Rupture+1","Evolve","Demon Form","Sword Boomerang+1","Brutality+1","Shrug It Off"],"relics":["Burning Blood","Thread and Needle","Pocketwatch","Runic Cube","Toy Ornithopter","OrangePellets","MawBank"],"acts_visited":["Exordium","TheCity"],"potions_floor_usage":[22],"damage_taken":[{"damage":6.0,"enemies":"Cultist","floor":1.0,"turns":3.0},{"damage":10.0,"enemies":"Small Slimes","floor":2.0,"turns":3.0},{"damage":9.0,"enemies":"Jaw Worm","floor":3.0,"turns":4.0},{"damage":14.0,"enemies":"Lots of Slimes","floor":4.0,"turns":3.0},{"damage":35.0,"enemies":"Gremlin Nob","floor":7.0,"turns":4.0},{"damage":15.0,"enemies":"3 Louse","floor":8.0,"turns":5.0},{"damage":7.0,"enemies":"Blue Slaver","floor":11.0,"turns":4.0},{"damage":21.0,"enemies":"3 Sentries","floor":13.0,"turns":5.0},{"damage":5.0,"enemies":"2 Fungi Beasts","floor":14.0,"turns":3.0},{"damage":24.0,"enemies":"Slime Boss","floor":16.0,"turns":6.0},{"damage":22.0,"enemies":"Chosen","floor":18.0,"turns":5.0},{"damage":10,"enemies":"3 Byrds","floor":22,"turns":2},{"damage":32,"enemies":"Book of Stabbing","floor":24,"turns":4}],"seed_played":"-7719309092784731086","potions_obtained":[{"floor":2.0,"key":"SkillPotion"},{"floor":8.0,"key":"LiquidBronze"},{"floor":13.0,"key":"BloodPotion"},{"floor":16.0,"key":"SkillPotion"}],"is_trial":false,"path_per_floor":["M","M","M","M","?","R","E","M","T","R","M","?","E","M","R","B",null,"M","T","$","?","M","R","E"],"character_chosen":"IRONCLAD","items_purchased":["OrangePellets","Swift Potion"],"campfire_rested":0,"item_purchase_floors":[20,20],"current_hp_per_floor":[68,64,61,53,75,75,46,37,37,37,36,36,21,37,37,19,61,45,45,45,45,46,46,14,14],"gold":163,"neow_bonus":"UPGRADE_CARD","is_daily":false,"chose_seed":false,"campfire_upgraded":4,"win_rate":0.0,"timestamp":1609747389,"path_taken":["M","M","M","M","?","R","E","M","T","R","?","?","E","M","R","BOSS","M","?","$","?","?","R","E"],"items_purchased_type":["Relic","Potion"],"build_version":"2020-12-22","purchased_purges":1,"victory":false,"max_hp_per_floor":[75,75,75,75,75,75,75,75,75,75,75,75,75,75,75,75,75,75,75,75,75,75,75,75,75],"card_choices":[{"not_picked":["Pommel Strike","Searing Blow"],"picked":"Combust","floor":1.0},{"not_picked":["Body Slam","Headbutt"],"picked":"Shrug It Off","floor":2.0},{"not_picked":["Spot Weakness","Infernal Blade"],"picked":"Headbutt","floor":3.0},{"not_picked":["Dropkick","Twin Strike"],"picked":"Rupture","floor":4.0},{"not_picked":["Rupture","Havoc","Double Tap"],"picked":"SKIP","floor":7.0},{"not_picked":["Thunderclap","Clash"],"picked":"Evolve","floor":8.0},{"not_picked":["Headbutt","Perfected Strike","Rupture"],"picked":"SKIP","floor":11.0},{"not_picked":["True Grit","Heavy Blade"],"picked":"Sword Boomerang","floor":13.0},{"not_picked":["Infernal Blade","Searing Blow","Clash"],"picked":"SKIP","floor":14.0},{"not_picked":["Impervious","Juggernaut"],"picked":"Brutality","floor":16.0},{"not_picked":["Armaments","Clash+1","Headbutt"],"picked":"SKIP","floor":18.0},{"not_picked":["Evolve","Twin Strike"],"picked":"Shrug It Off","floor":22}],"player_experience":1316424,"relics_obtained":[{"floor":7.0,"key":"Thread and Needle"},{"floor":13.0,"key":"Pocketwatch"},{"floor":19.0,"key":"Toy Ornithopter"}],"event_choices":[{"damage_healed":22.0,"max_hp_gain":0.0,"max_hp_loss":0.0,"gold_gain":0.0,"event_name":"Wheel of Change","player_choice":"Full Heal","floor":5.0,"gold_loss":0.0,"damage_taken":0.0},{"damage_healed":0.0,"max_hp_gain":0.0,"max_hp_loss":0.0,"gold_gain":0.0,"cards_transformed":["Strike_R"],"event_name":"Transmorgrifier","player_choice":"Transformed","floor":12.0,"gold_loss":0.0,"damage_taken":0.0,"cards_obtained":["Demon Form"]},{"damage_healed":0.0,"max_hp_gain":0.0,"max_hp_loss":0.0,"gold_gain":0.0,"event_name":"WeMeetAgain","player_choice":"Paid Gold","floor":21.0,"gold_loss":77.0,"damage_taken":0.0,"relics_obtained":["MawBank"]}],"is_beta":false,"boss_relics":[{"not_picked":["Snecko Eye","Sozu"],"picked":"Runic Cube"}],"items_purged_floors":[20],"is_endless":false,"potions_floor_spawned":[2,8,11,13,16],"killed_by":"Book of Stabbing","ascension_level":20}}