{"host":"i4eavuqabbk5mi94","time":1609786537,"event":{"mods":["BaseMod","Googly Eyes","Minty Spire (QoL Compilation)"],"gold_per_floor":[18,37,37,54,54,89,89,99,99,127,141,141,141],"floor_reached":12,"playtime":582,"items_purged":[],"score":108,"play_id":"145171f5-c9dc-472e-bc8c-7d9ae6687b54","local_time":"20210104185537","is_ascension_mode":true,"campfire_choices":[{"data":"Neutralize","floor":7,"key":"SMITH"}],"circlet_count":0,"master_deck":["Strike_G+1","Strike_G","Strike_G","Strike_G+1","Defend_G","Defend_G","Defend_G","Defend_G","Survivor","Neutralize+1","PiercingWail","Blade Dance","Distraction+1","Sucker Punch","Backflip+1","Noxious Fumes"],"relics":["Ring of the Snake","Vajra","Toxic Egg 2","Whetstone","Lantern"],"acts_visited":["Exordium"],"potions_floor_usage":[6,10,11],"damage_taken":[{"damage":7,"enemies":"Jaw Worm","floor":1,"turns":4},{"damage":1,"enemies":"Cultist","floor":2,"turns":5},{"damage":0,"enemies":"Small Slimes","floor":4,"turns":4},{"damage":15,"enemies":"Gremlin Nob","floor":6,"turns":4},{"damage":5,"enemies":"3 Louse","floor":8,"turns":4},{"damage":29,"enemies":"Lagavulin","floor":10,"turns":7},{"damage":2,"enemies":"Large Slime","floor":11,"turns":5},{"damage":16,"enemies":"Gremlin Nob","floor":12,"turns":3}],"seed_played":"-6700938552923016264","potions_obtained":[{"floor":2,"key":"Weak Potion"},{"floor":6,"key":"DistilledChaos"},{"floor":10,"key":"SkillPotion"}],"is_trial":false,"path_per_floor":["M","M","?","M","?","E","R","M","T","E","M","E"],"character_chosen":"THE_SILENT","items_purchased":[],"campfire_rested":0,"item_purchase_floors":[],"current_hp_per_floor":[63,62,59,59,64,49,49,44,44,15,13,0,0],"gold":141,"neow_bonus":"REMOVE_TWO","is_daily":false,"chose_seed":false,"campfire_upgraded":1,"win_rate":0.0,"timestamp":1609786537,"path_taken":["M","M","?","M","?","E","R","M","T","E","M","E"],"items_purchased_type":[],"build_version":"2020-12-22","purchased_purges":0,"victory":false,"max_hp_per_floor":[70,70,70,70,70,70,70,70,70,70,70,70,70],"card_choices":[{"not_picked":["Riddle With Holes","Bane"],"picked":"PiercingWail","floor":1},{"not_picked":["Escape Plan","Slice"],"picked":"Blade Dance","floor":2},{"not_picked":["Escape Plan","Night Terror"],"picked":"Dodge and Roll","floor":4},{"not_picked":["PiercingWail+1","Riddle With Holes"],"picked":"Distraction+1","floor":6},{"not_picked":["Dodge and Roll+1","Bane"],"picked":"Sucker Punch","floor":8},{"not_picked":["All Out Attack","PiercingWail+1"],"picked":"Backflip+1","floor":10},{"not_picked":["Bane","Sucker Punch"],"picked":"Noxious Fumes","floor":11}],"player_experience":373284,"relics_obtained":[{"floor":6,"key":"Toxic Egg 2"},{"floor":9,"key":"Whetstone"},{"floor":10,"key":"Lantern"}],"event_choices":[{"damage_healed":0,"gold_gain":0,"player_choice":"Success","damage_taken":3,"relics_obtained":["Vajra"],"max_hp_gain":0,"max_hp_loss":0,"event_name":"Scrap Ooze","floor":3,"gold_loss":0},{"cards_removed":["Dodge and Roll"],"damage_healed":5,"gold_gain":0,"player_choice":"Offered Common","damage_taken":0,"max_hp_gain":0,"max_hp_loss":0,"event_name":"Bonfire Elementals","floor":5,"gold_loss":0},{"cards_removed":["Dodge and Roll"],"damage_healed":5,"gold_gain":0,"player_choice":"Offered Special","damage_taken":0,"max_hp_gain":0,"max_hp_loss":0,"event_name":"Bonfire Elementals","floor":5,"gold_loss":0}],"is_beta":false,"boss_relics":[],"items_purged_floors":[],"is_endless":false,"potions_floor_spawned":[2,6,10],"killed_by":"Gremlin Nob","ascension_level":4}}