{"host":"pa03x7y03xyev1df","time":1609798139,"event":{"mods":["BaseMod","Colored Map","Colored Powertips","Downfall","MarisaÅiñ∂âJÅ@ñÇóùçπÅj","Minty Spire (QoL Compilation)","Replay The Spire","StSLib"],"gold_per_floor":[109,120,130,130,130,130,163,163,187,200,200,219,192,210,210,307,307,321,321,337,347,379,379,379,379],"floor_reached":24,"playtime":1754,"items_purged":[],"score":198,"play_id":"66ac4fb3-97d0-4ae7-80d2-49c341495244","local_time":"20210104190859","is_ascension_mode":false,"campfire_choices":[{"data":"Anger","floor":6,"key":"SMITH"},{"floor":11,"key":"REST"},{"floor":15,"key":"REST"},{"floor":23,"key":"REST"}],"circlet_count":0,"master_deck":["Strike_R","Strike_R+1","Strike_R","Strike_R","Strike_R","Defend_R+1","Defend_R","Defend_R+1","Defend_R","Bash","Anger+1","Armaments","Flex","ReplayTheSpireMod:Stacked","Thunderclap","Anger","Juggernaut","Run Through","Iron Wave","True Grit+1","Pommel Strike+1"],"relics":["Burning Blood","ReplayTheSpireMod:TigerMarble","Nunchaku","Runic Cube","Red Mask"],"acts_visited":["Exordium","TheCity"],"potions_floor_usage":[7,16],"damage_taken":[{"damage":5,"enemies":"2 Louse","floor":1,"turns":4},{"damage":0,"enemies":"Small Slimes","floor":2,"turns":3},{"damage":5,"enemies":"Cultist","floor":3,"turns":4},{"damage":38,"enemies":"Lagavulin","floor":7,"turns":8},{"damage":5,"enemies":"Exordium Thugs","floor":10,"turns":4},{"damage":0,"enemies":"3 Louse","floor":12,"turns":1},{"damage":18,"enemies":"Gremlin Gang","floor":14,"turns":7},{"damage":58,"enemies":"The Guardian","floor":16,"turns":14},{"damage":17,"enemies":"Shell Parasite","floor":18,"turns":8},{"damage":15,"enemies":"Chosen","floor":20,"turns":4},{"damage":7,"enemies":"Snecko","floor":21,"turns":5},{"damage":35,"enemies":"Masked Bandits","floor":22,"turns":6},{"damage":62,"enemies":"Slavers","floor":24,"turns":6}],"seed_played":"7182731119815603986","potions_obtained":[{"floor":3,"key":"EssenceOfSteel"},{"floor":10,"key":"PowerPotion"},{"floor":12,"key":"Swift Potion"},{"floor":16,"key":"BlessingOfTheForge"},{"floor":18,"key":"ColorlessPotion"}],"is_trial":false,"path_per_floor":["M","M","M","?","?","R","E","?","T","M","R","M","?","M","R","B",null,"M","?","M","M","?","R","E"],"character_chosen":"IRONCLAD","items_purchased":[],"campfire_rested":3,"item_purchase_floors":[],"current_hp_per_floor":[80,80,80,64,64,64,32,32,32,33,57,63,63,51,75,23,80,69,69,60,59,30,54,0,0],"gold":379,"neow_bonus":"","is_daily":false,"chose_seed":false,"campfire_upgraded":1,"win_rate":0.0,"timestamp":1609798139,"path_taken":["M","M","M","?","?","R","E","?","T","M","R","M","?","M","R","BOSS","M","?","?","M","?","R","E"],"items_purchased_type":[],"build_version":"2020-12-13","purchased_purges":0,"victory":false,"max_hp_per_floor":[80,80,80,80,80,80,80,80,80,80,80,80,80,80,80,80,80,80,80,80,80,80,80,80,80],"card_choices":[{"not_picked":["Seeing Red","Rage"],"picked":"Anger","floor":1},{"not_picked":["Twin Strike","True Grit"],"picked":"Armaments","floor":2},{"not_picked":["Headbutt","ReplayTheSpireMod:Strike From Hell"],"picked":"Flex","floor":3},{"not_picked":["Cleave","ReplayTheSpireMod:LeadingStrike"],"picked":"ReplayTheSpireMod:Stacked","floor":7},{"not_picked":["Perfected Strike","Intimidate"],"picked":"Dual Wield","floor":10},{"not_picked":["Rampage","ReplayTheSpireMod:LeadingStrike"],"picked":"Thunderclap","floor":12},{"not_picked":["Fire Breathing","Body Slam"],"picked":"Anger","floor":14},{"not_picked":["Eclipse","Corruption"],"picked":"Juggernaut","floor":16},{"not_picked":["Clothesline","Perfected Strike","Life Link"],"picked":"SKIP","floor":18},{"not_picked":["ReplayTheSpireMod:Corrosion Curse","ReplayTheSpireMod:Strike From Hell"],"picked":"Iron Wave","floor":20},{"not_picked":["Power Through","Body Slam"],"picked":"True Grit+1","floor":21},{"not_picked":["Shockwave","Uppercut+1"],"picked":"Pommel Strike+1","floor":22}],"player_experience":0,"relics_obtained":[{"floor":7,"key":"ReplayTheSpireMod:TigerMarble"},{"floor":9,"key":"Nunchaku"},{"floor":22,"key":"Red Mask"}],"event_choices":[{"damage_healed":0,"gold_gain":0,"player_choice":"Entered Light","damage_taken":16,"max_hp_gain":0,"max_hp_loss":0,"event_name":"Shining Light","floor":4,"gold_loss":0,"cards_upgraded":["Strike_R","Defend_R"]},{"damage_healed":0,"gold_gain":0,"player_choice":"Ignored","damage_taken":0,"max_hp_gain":0,"max_hp_loss":0,"event_name":"Golden Wing","floor":5,"gold_loss":0},{"damage_healed":0,"gold_gain":0,"player_choice":"Left Gold","damage_taken":0,"max_hp_gain":0,"max_hp_loss":0,"event_name":"World of Goop","floor":13,"gold_loss":27},{"damage_healed":0,"gold_gain":0,"cards_transformed":["Dual Wield"],"player_choice":"Transformed","damage_taken":0,"max_hp_gain":0,"max_hp_loss":0,"event_name":"Transmorgrifier","floor":19,"gold_loss":0,"cards_obtained":["Run Through"]},{"damage_healed":0,"gold_gain":0,"player_choice":"Fought Bandits","damage_taken":0,"max_hp_gain":0,"max_hp_loss":0,"event_name":"Masked Bandits","floor":22,"gold_loss":0}],"is_beta":false,"boss_relics":[{"not_picked":["Replay:Wanted Poster","Painkiller Herb"],"picked":"Runic Cube"}],"items_purged_floors":[],"is_endless":false,"potions_floor_spawned":[3,10,12,16,18,21,22],"killed_by":"Slavers","ascension_level":0}}