{"host":"yo9wwslrag05lh37","time":1609733917,"event":{"mods":["AchievementEnabler","BaseMod","Block Reminder","Colored Map","Colored Powertips","GifTheSpireLib","HexUI Lib","Highlight Path","Minty Spire (QoL Compilation)","Rare Cards Sparkle","Relic Stats","StSLib","everything is the same but u backflip on backflip"],"gold_per_floor":[14,64,84,102,102,102,132,144,169,169,182,192,192,216,216,290,290,300,350,368,378,378,378,378,378],"floor_reached":24,"playtime":1109,"items_purged":[],"score":396,"play_id":"314f425a-4a5b-4d25-9940-6a7914a24aa2","local_time":"20210104051837","is_ascension_mode":true,"campfire_choices":[{"data":"Compile Driver","floor":6,"key":"SMITH"},{"floor":10,"key":"REST"},{"data":"Zap","floor":13,"key":"SMITH"},{"data":"White Noise","floor":15,"key":"SMITH"},{"data":"Capacitor","floor":23,"key":"SMITH"}],"circlet_count":0,"master_deck":["AscendersBane","Strike_B","Strike_B","Strike_B","Strike_B","Defend_B","Defend_B","Defend_B","Zap+1","Dualcast","Leap","FTL","Compile Driver+1","White Noise+1","Chill","Capacitor+1","Core Surge","Core Surge","Cold Snap","Double Energy+1"],"relics":["Cracked Core","Akabeko","Vajra","Odd Mushroom","Runic Pyramid"],"acts_visited":["Exordium","TheCity"],"potions_floor_usage":[14,16,24],"damage_taken":[{"damage":7,"enemies":"Jaw Worm","floor":1,"turns":3},{"damage":7,"enemies":"Cultist","floor":3,"turns":4},{"damage":2,"enemies":"2 Louse","floor":4,"turns":3},{"damage":33,"enemies":"Lagavulin","floor":7,"turns":7},{"damage":0,"enemies":"2 Fungi Beasts","floor":8,"turns":3},{"damage":0,"enemies":"Blue Slaver","floor":11,"turns":2},{"damage":0,"enemies":"Gremlin Gang","floor":12,"turns":3},{"damage":0,"enemies":"The Mushroom Lair","floor":14,"turns":4},{"damage":16,"enemies":"Slime Boss","floor":16,"turns":8},{"damage":16,"enemies":"3 Byrds","floor":18,"turns":5},{"damage":25,"enemies":"2 Thieves","floor":20,"turns":4},{"damage":6,"enemies":"Snecko","floor":21,"turns":6},{"damage":40,"enemies":"Book of Stabbing","floor":24,"turns":5}],"seed_played":"-173290326882196301","potions_obtained":[{"floor":4,"key":"ColorlessPotion"},{"floor":7,"key":"GamblersBrew"},{"floor":8,"key":"Strength Potion"},{"floor":21,"key":"Weak Potion"}],"is_trial":false,"path_per_floor":["M","?","M","M","?","R","E","M","T","R","M","M","R","?","R","B",null,"M","?","M","M","?","R","E"],"character_chosen":"DEFECT","items_purchased":[],"campfire_rested":1,"item_purchase_floors":[],"current_hp_per_floor":[71,63,56,54,47,47,14,14,14,39,39,39,39,39,39,23,70,54,54,29,23,40,40,0,0],"gold":378,"neow_bonus":"TWENTY_PERCENT_HP_BONUS","is_daily":false,"chose_seed":false,"campfire_upgraded":4,"win_rate":0.0,"timestamp":1609733917,"path_taken":["M","?","M","?","?","R","E","M","T","R","M","M","R","?","R","BOSS","M","?","M","?","?","R","E"],"items_purchased_type":[],"build_version":"2020-12-22","purchased_purges":0,"victory":false,"max_hp_per_floor":[85,85,85,85,85,85,85,85,85,85,85,85,85,85,85,85,85,85,85,85,85,85,85,85,85],"relic_stats":{"counters":[13,57],"obtain_stats":[{"Vajra":9,"Odd Mushroom":14,"Cracked Core":0,"Akabeko":7,"Runic Pyramid":17},{"Vajra":5,"Odd Mushroom":8,"Cracked Core":0,"Akabeko":4,"Runic Pyramid":9},{"Vajra":20,"Odd Mushroom":29,"Cracked Core":0,"Akabeko":17,"Runic Pyramid":37}]},"card_choices":[{"not_picked":["Compile Driver","Heatsinks"],"picked":"Leap","floor":1},{"not_picked":["Turbo","Barrage"],"picked":"FTL","floor":3},{"not_picked":["Gash","Turbo"],"picked":"Compile Driver","floor":4},{"not_picked":["Undo","Stack"],"picked":"White Noise","floor":7},{"not_picked":["Compile Driver","Hologram","Double Energy"],"picked":"SKIP","floor":8},{"not_picked":["Gash","Go for the Eyes"],"picked":"Chill","floor":11},{"not_picked":["Compile Driver","Rebound"],"picked":"Capacitor","floor":12},{"not_picked":["Stack","Turbo"],"picked":"Core Surge","floor":14},{"not_picked":["Machine Learning","Thunder Strike"],"picked":"Core Surge","floor":16},{"not_picked":["Stack","Reinforced Body"],"picked":"Cold Snap","floor":18},{"not_picked":["Compile Driver","Coolheaded"],"picked":"Double Energy+1","floor":20},{"not_picked":["Sweeping Beam","Static Discharge","Cold Snap"],"picked":"SKIP","floor":21}],"player_experience":1466186,"relics_obtained":[{"floor":7,"key":"Akabeko"},{"floor":9,"key":"Vajra"},{"floor":14,"key":"Odd Mushroom"}],"event_choices":[{"damage_healed":0,"gold_gain":50,"player_choice":"Touch","damage_taken":8,"max_hp_gain":0,"max_hp_loss":0,"event_name":"FaceTrader","floor":2,"gold_loss":0},{"cards_removed":["Defend_B"],"damage_healed":0,"gold_gain":0,"player_choice":"Card Removal","damage_taken":7,"max_hp_gain":0,"max_hp_loss":0,"event_name":"Golden Wing","floor":5,"gold_loss":0},{"damage_healed":0,"gold_gain":0,"player_choice":"Fought Mushrooms","damage_taken":0,"max_hp_gain":0,"max_hp_loss":0,"event_name":"Mushrooms","floor":14,"gold_loss":0},{"damage_healed":0,"gold_gain":100,"player_choice":"Bet on Murderer","damage_taken":0,"max_hp_gain":0,"max_hp_loss":0,"event_name":"The Joust","floor":19,"gold_loss":50},{"damage_healed":17,"gold_gain":0,"player_choice":"Heal","damage_taken":0,"max_hp_gain":0,"max_hp_loss":0,"event_name":"The Library","floor":22,"gold_loss":0}],"is_beta":false,"boss_relics":[{"not_picked":["Snecko Eye","Inserter"],"picked":"Runic Pyramid"}],"items_purged_floors":[],"is_endless":false,"potions_floor_spawned":[4,7,8,21],"killed_by":"Book of Stabbing","ascension_level":20}}