{"host":"rmsq46plbpwfbxcc","time":1609726896,"event":{"mods":["AchievementEnabler","BaseMod","Colored Map","Colored Powertips","DeckTracker","KOR Keyword Fix","Minty Spire (QoL Compilation)","Permanent Neow","Quick Restart","SuperFastMode"],"gold_per_floor":[112,123,123,137,137,137,172,172,172,189,189,202,220,250,250,347,347,359,459,424,349,191,191,226,226,226,558,558,657,688,332,332,431,431,443,493,508,508,228,228,258,258,258,278,278,313,329,343,343,343,343,343,50,76,76],"floor_reached":56,"playtime":2259,"items_purged":["Defend_G","Defend_G","Strike_G"],"score":1580,"play_id":"fb552324-8461-4df9-8066-a4404edc34ef","local_time":"20210104112136","is_ascension_mode":true,"campfire_choices":[{"data":"Neutralize","floor":6.0,"key":"SMITH"},{"data":"Choke","floor":11.0,"key":"SMITH"},{"data":"Survivor","floor":15.0,"key":"SMITH"},{"data":"After Image","floor":23.0,"key":"SMITH"},{"data":"Blade Dance","floor":25.0,"key":"SMITH"},{"data":"After Image","floor":28.0,"key":"SMITH"},{"data":"Trip","floor":32.0,"key":"SMITH"},{"data":"Flash of Steel","floor":40,"key":"SMITH"},{"floor":42,"key":"REST"},{"floor":45,"key":"RECALL"},{"data":"Strike_G","floor":49,"key":"PURGE"},{"data":"Acrobatics","floor":52,"key":"SMITH"}],"circlet_count":0,"master_deck":["Defend_G+1","Survivor+1","Neutralize+1","Blur+1","Backflip+1","Noxious Fumes+1","Cloak And Dagger+1","Choke+1","After Image+1","Blade Dance+1","Trip+1","After Image+1","Flash of Steel+1","Acrobatics+1","PiercingWail","Well Laid Plans+1","Cloak And Dagger+1","PiercingWail","Accuracy","Panache"],"relics":["Astrolabe","Ice Cream","The Specimen","Bottled Lightning","Ornamental Fan","WristBlade","Blood Vial","Bottled Flame","Old Coin","MawBank","Oddly Smooth Stone","Peace Pipe","Medical Kit","Gremlin Horn","Mummified Hand","Snake Skull"],"acts_visited":["Exordium","TheCity","TheBeyond","TheEnding"],"potions_floor_usage":[41,50,54,55,55,55],"damage_taken":[{"damage":0.0,"enemies":"Jaw Worm","floor":1.0,"turns":5.0},{"damage":3.0,"enemies":"Small Slimes","floor":2.0,"turns":4.0},{"damage":0.0,"enemies":"Cultist","floor":4.0,"turns":5.0},{"damage":16.0,"enemies":"Gremlin Nob","floor":7.0,"turns":6.0},{"damage":8.0,"enemies":"3 Louse","floor":10.0,"turns":3.0},{"damage":0.0,"enemies":"Red Slaver","floor":12.0,"turns":3.0},{"damage":0.0,"enemies":"Large Slime","floor":13.0,"turns":4.0},{"damage":0.0,"enemies":"3 Sentries","floor":14.0,"turns":6.0},{"damage":6.0,"enemies":"The Guardian","floor":16.0,"turns":12.0},{"damage":0.0,"enemies":"Spheric Guardian","floor":18.0,"turns":5.0},{"damage":3.0,"enemies":"2 Thieves","floor":20.0,"turns":5.0},{"damage":7.0,"enemies":"Book of Stabbing","floor":24.0,"turns":5.0},{"damage":5.0,"enemies":"Slavers","floor":27.0,"turns":7.0},{"damage":0.0,"enemies":"Gremlin Leader","floor":30.0,"turns":5.0},{"damage":11.0,"enemies":"Automaton","floor":33.0,"turns":7.0},{"damage":2,"enemies":"3 Darklings","floor":35,"turns":5},{"damage":32,"enemies":"2 Orb Walkers","floor":36,"turns":5},{"damage":0,"enemies":"3 Shapes","floor":37,"turns":4},{"damage":23,"enemies":"Nemesis","floor":41,"turns":9},{"damage":0,"enemies":"Maw","floor":44,"turns":6},{"damage":2,"enemies":"Giant Head","floor":46,"turns":7},{"damage":0,"enemies":"Jaw Worm Horde","floor":47,"turns":4},{"damage":0,"enemies":"4 Shapes","floor":48,"turns":3},{"damage":0,"enemies":"Awakened One","floor":50,"turns":9},{"damage":6,"enemies":"Shield and Spear","floor":54,"turns":5},{"damage":27,"enemies":"The Heart","floor":55,"turns":9}],"seed_played":"8995493652833361781","potions_obtained":[{"floor":7.0,"key":"BlessingOfTheForge"},{"floor":12.0,"key":"GhostInAJar"},{"floor":14.0,"key":"Swift Potion"},{"floor":27.0,"key":"Dexterity Potion"},{"floor":30.0,"key":"Block Potion"},{"floor":37,"key":"SkillPotion"},{"floor":46,"key":"Strength Potion"},{"floor":47,"key":"Regen Potion"},{"floor":54,"key":"SkillPotion"}],"is_trial":false,"path_per_floor":["M","M","?","M","?","R","E","?","T","M","R","M","M","E","R","B",null,"M","?","M","?","$","R","E","R","T","E","R","?","E","$","R","B",null,"M","?","M","?","$","R","E","R","T","M","R","E","M","M","R","B",null,"R","$","E","B",null],"character_chosen":"THE_SILENT","items_purchased":["Trip","Flash of Steel","Acrobatics","Oddly Smooth Stone","Medical Kit","Accuracy","Block Potion","Panache"],"campfire_rested":1,"item_purchase_floors":[22,31,31,31,39,53,53,53],"current_hp_per_floor":[70,67,55,55,41,41,25,25,25,17,17,17,17,17,17,11,70,70,70,67,67,67,67,60,60,60,57,57,57,59,59,59,50,70,68,38,40,40,40,40,19,40,40,42,42,42,44,46,46,63,70,70,70,64,39],"gold":76,"neow_bonus":"BOSS_RELIC","is_daily":false,"chose_seed":false,"campfire_upgraded":9,"win_rate":0.0,"timestamp":1609726896,"path_taken":["M","M","?","M","?","R","E","?","T","M","R","?","M","E","R","BOSS","M","?","?","?","$","R","E","R","T","E","R","?","E","$","R","BOSS","M","?","M","?","$","R","E","R","T","M","R","E","M","M","R","BOSS","R","$","E","BOSS"],"items_purchased_type":["Card","Card","Card","Relic","Relic","Card","Potion","Card"],"build_version":"2020-12-22","purchased_purges":3,"victory":true,"max_hp_per_floor":[70,70,70,70,70,70,70,70,70,70,70,70,70,70,70,70,70,70,70,70,70,70,70,70,70,70,70,70,70,70,70,70,70,70,70,70,70,70,70,70,70,70,70,70,70,70,70,70,70,70,70,70,70,70,70],"card_choices":[{"not_picked":["Deflect","Leg Sweep"],"picked":"Cloak And Dagger","floor":1.0},{"not_picked":["Underhanded Strike","Sucker Punch","Endless Agony"],"picked":"SKIP","floor":2.0},{"not_picked":["Dodge and Roll","Deflect","Predator"],"picked":"SKIP","floor":4.0},{"not_picked":["Outmaneuver","Eviscerate","Underhanded Strike"],"picked":"SKIP","floor":7.0},{"not_picked":["Venomology","Reflex"],"picked":"Choke","floor":10.0},{"not_picked":["Bane","Prepared","Dagger Throw"],"picked":"SKIP","floor":12.0},{"not_picked":["Skewer","Slice","Outmaneuver"],"picked":"SKIP","floor":13.0},{"not_picked":["Prepared","Grand Finale","Sucker Punch"],"picked":"SKIP","floor":14.0},{"not_picked":["Phantasmal Killer","Doppelganger"],"picked":"After Image","floor":16.0},{"not_picked":["Cloak And Dagger","Quick Slash","Riddle With Holes"],"picked":"SKIP","floor":18.0},{"not_picked":["Flying Knee","Dagger Throw"],"picked":"Blade Dance","floor":20.0},{"not_picked":["Deflect+1","Slice","Poisoned Stab"],"picked":"SKIP","floor":24.0},{"not_picked":["Flying Knee","Outmaneuver"],"picked":"After Image","floor":27.0},{"not_picked":["Bouncing Flask+1","After Image","Skewer"],"picked":"SKIP","floor":30.0},{"not_picked":["All Out Attack+1","Eviscerate+1"],"picked":"PiercingWail","floor":35},{"not_picked":["Slice+1","Deflect"],"picked":"Well Laid Plans+1","floor":36},{"not_picked":["Deflect","Prepared+1","Bane"],"picked":"SKIP","floor":37},{"not_picked":["Bane","Dagger Throw","Outmaneuver+1"],"picked":"SKIP","floor":41},{"not_picked":["Cloak And Dagger+1","Sucker Punch"],"picked":"PiercingWail","floor":44},{"not_picked":["Venomology","PiercingWail+1","Infinite Blades"],"picked":"SKIP","floor":46},{"not_picked":["Endless Agony","Choke","Deflect+1"],"picked":"SKIP","floor":47},{"not_picked":["Dagger Throw","Catalyst","Bouncing Flask"],"picked":"SKIP","floor":48},{"not_picked":["Dagger Throw+1","Poisoned Stab","Calculated Gamble+1"],"picked":"SKIP","floor":54}],"player_experience":640745,"relics_obtained":[{"floor":7.0,"key":"The Specimen"},{"floor":9.0,"key":"Bottled Lightning"},{"floor":14.0,"key":"Ornamental Fan"},{"floor":24.0,"key":"Blood Vial"},{"floor":26.0,"key":"Bottled Flame"},{"floor":27.0,"key":"Old Coin"},{"floor":30.0,"key":"MawBank"},{"floor":36,"key":"Peace Pipe"},{"floor":41,"key":"Gremlin Horn"},{"floor":46,"key":"Mummified Hand"},{"floor":54,"key":"Snake Skull"}],"event_choices":[{"damage_healed":0.0,"max_hp_gain":0.0,"max_hp_loss":0.0,"gold_gain":0.0,"event_name":"Scrap Ooze","player_choice":"Success","floor":3.0,"gold_loss":0.0,"damage_taken":12.0,"relics_obtained":["Ice Cream"]},{"damage_healed":0.0,"max_hp_gain":0.0,"max_hp_loss":0.0,"gold_gain":0.0,"event_name":"Shining Light","player_choice":"Entered Light","floor":5.0,"gold_loss":0.0,"damage_taken":14.0,"cards_upgraded":["Defend_G","Cloak And Dagger"]},{"cards_removed":["Defend_G"],"damage_healed":0.0,"max_hp_gain":0.0,"max_hp_loss":0.0,"gold_gain":0.0,"event_name":"Purifier","player_choice":"Purged","floor":8.0,"gold_loss":0.0,"damage_taken":0.0},{"damage_healed":0.0,"max_hp_gain":0.0,"max_hp_loss":0.0,"gold_gain":100.0,"event_name":"Golden Shrine","player_choice":"Pray","floor":19.0,"gold_loss":0.0,"damage_taken":0.0},{"cards_removed":["Strike_G"],"damage_healed":0.0,"max_hp_gain":0.0,"max_hp_loss":0.0,"gold_gain":0.0,"event_name":"Beggar","player_choice":"Gave Gold","floor":21.0,"gold_loss":75.0,"damage_taken":0.0},{"damage_healed":0.0,"max_hp_gain":0.0,"max_hp_loss":0.0,"gold_gain":99.0,"event_name":"Nest","player_choice":"Stole From Cult","floor":29.0,"gold_loss":0.0,"damage_taken":0.0},{"damage_healed":0,"gold_gain":0,"player_choice":"Fight","damage_taken":0,"max_hp_gain":0,"max_hp_loss":0,"event_name":"Mysterious Sphere","floor":36,"gold_loss":0},{"damage_healed":0,"gold_gain":0,"player_choice":"Copied","damage_taken":0,"max_hp_gain":0,"max_hp_loss":0,"event_name":"Duplicator","floor":38,"gold_loss":0,"cards_obtained":["Cloak And Dagger"]}],"is_beta":false,"boss_relics":[{"not_picked":["Busted Crown","Ectoplasm"],"picked":"WristBlade"},{"not_picked":["Pandora\u0027s Box","Runic Pyramid","Snecko Eye"]}],"items_purged_floors":[22,31,39],"is_endless":false,"potions_floor_spawned":[7,12,14,27,30,37,46,47,54],"ascension_level":4}}