{"host":"qgrlfjrqk9z96gfi","time":1609723636,"event":{"mods":["BaseMod","Block Reminder","Colored Map","DeckTracker","Minty Spire (QoL Compilation)"],"gold_per_floor":[118,3,20,20,20,51,8,8,8,8,48,48,63,77,77,171,171,189,205,205,205],"floor_reached":20,"playtime":400,"items_purged":["Strike_G"],"score":414,"play_id":"2c7fb846-325e-48c8-b329-13be8989e033","local_time":"20210103152716","is_ascension_mode":true,"campfire_choices":[{"floor":12.0,"key":"REST"},{"floor":15.0,"key":"REST"}],"circlet_count":0,"master_deck":["AscendersBane","Strike_G","Strike_G","Strike_G","Strike_G","Defend_G","Defend_G","Defend_G","Defend_G","Defend_G","Survivor","Neutralize","Endless Agony","Noxious Fumes","Bouncing Flask","Blade Dance","Well Laid Plans","Parasite","Phantasmal Killer","Finisher","Blade Dance","Dodge and Roll+1"],"relics":["Ring of the Snake","NeowsBlessing","Bird Faced Urn","Golden Idol","Gremlin Horn","Torii","Vajra","Sozu"],"acts_visited":["Exordium","TheCity"],"potions_floor_usage":[20],"damage_taken":[{"damage":0.0,"enemies":"Jaw Worm","floor":1.0,"turns":1.0},{"damage":0.0,"enemies":"Small Slimes","floor":3.0,"turns":1.0},{"damage":0.0,"enemies":"Lagavulin","floor":6.0,"turns":1.0},{"damage":32.0,"enemies":"Gremlin Nob","floor":11.0,"turns":4.0},{"damage":0.0,"enemies":"Cultist","floor":13.0,"turns":3.0},{"damage":10.0,"enemies":"Red Slaver","floor":14.0,"turns":2.0},{"damage":23.0,"enemies":"Slime Boss","floor":16.0,"turns":6.0},{"damage":18.0,"enemies":"Shell Parasite","floor":18.0,"turns":4.0},{"damage":12.0,"enemies":"2 Thieves","floor":19.0,"turns":2.0},{"damage":29,"enemies":"Cultist and Chosen","floor":20,"turns":5}],"seed_played":"2635886253817681614","potions_obtained":[{"floor":1.0,"key":"CunningPotion"},{"floor":11.0,"key":"Swift Potion"},{"floor":16.0,"key":"Fire Potion"}],"is_trial":false,"path_per_floor":["M","$","M","?","?","E","$","?","T","?","E","R","M","M","R","B",null,"M","M","M"],"character_chosen":"THE_SILENT","items_purchased":["Noxious Fumes","Well Laid Plans"],"campfire_rested":2,"item_purchase_floors":[2,7],"current_hp_per_floor":[59,59,59,24,24,24,24,39,39,39,9,27,27,17,35,16,49,35,25,0,0],"gold":205,"neow_bonus":"THREE_ENEMY_KILL","is_daily":false,"chose_seed":false,"campfire_upgraded":0,"win_rate":0.0,"timestamp":1609723636,"path_taken":["M","$","M","?","?","E","$","?","T","?","E","R","?","M","R","BOSS","M","?","M"],"items_purchased_type":["Card","Card"],"build_version":"2020-12-22","purchased_purges":1,"victory":false,"max_hp_per_floor":[66,66,66,66,60,60,60,60,60,60,60,60,60,60,60,60,60,60,60,60,60],"card_choices":[{"not_picked":["Deflect","Backflip"],"picked":"Endless Agony","floor":1.0},{"not_picked":["Concentrate","Dagger Throw"],"picked":"Bouncing Flask","floor":3.0},{"not_picked":["PiercingWail","Quick Slash"],"picked":"Blade Dance","floor":6.0},{"not_picked":["All Out Attack","Flying Knee"],"picked":"Phantasmal Killer","floor":11.0},{"not_picked":["Calculated Gamble","PiercingWail"],"picked":"Finisher","floor":13.0},{"not_picked":["Bouncing Flask","Cloak And Dagger"],"picked":"Blade Dance","floor":14.0},{"not_picked":["Setup","Poisoned Stab","Sucker Punch"],"picked":"SKIP","floor":18.0},{"not_picked":["Prepared","Noxious Fumes"],"picked":"Dodge and Roll+1","floor":19.0}],"player_experience":964928,"relics_obtained":[{"floor":6.0,"key":"Gremlin Horn"},{"floor":9.0,"key":"Torii"},{"floor":11.0,"key":"Vajra"}],"event_choices":[{"damage_healed":0.0,"max_hp_gain":0.0,"max_hp_loss":0.0,"gold_gain":0.0,"event_name":"Scrap Ooze","player_choice":"Success","floor":4.0,"gold_loss":0.0,"damage_taken":35.0,"relics_obtained":["Bird Faced Urn"]},{"damage_healed":0.0,"max_hp_gain":0.0,"max_hp_loss":6.0,"gold_gain":0.0,"event_name":"Golden Idol","player_choice":"Lose Max HP","floor":5.0,"gold_loss":0.0,"damage_taken":0.0,"relics_obtained":["Golden Idol"]},{"damage_healed":15.0,"max_hp_gain":0.0,"max_hp_loss":0.0,"gold_gain":0.0,"event_name":"Mushrooms","player_choice":"Healed and dodged fight","floor":8.0,"gold_loss":0.0,"damage_taken":0.0,"cards_obtained":["Parasite"]},{"damage_healed":0.0,"max_hp_gain":0.0,"max_hp_loss":0.0,"gold_gain":0.0,"event_name":"Dead Adventurer","player_choice":"Searched \u00270\u0027 times","floor":10.0,"gold_loss":0.0,"damage_taken":0.0}],"is_beta":false,"boss_relics":[{"not_picked":["Pandora\u0027s Box","Tiny House"],"picked":"Sozu"}],"items_purged_floors":[2],"is_endless":false,"potions_floor_spawned":[1,11,16,19],"killed_by":"Cultist and Chosen","ascension_level":20}}