{"host":"unahupgi85cj6bxp","time":1609735547,"event":{"mods":["Act Like it!","Aspiration","BaseMod","Card Forge","Conspire","Downfall","Energized Spire","Hubris","Infinite Spire","Minty Spire (QoL Compilation)","Replay The Spire","StSLib"],"gold_per_floor":[99,113,113,128,143,68,91,107,32,64,83,83,83,93,111,214,214,139,151,163,363,375,393,393,404,504,319,330,480,514,529,541,645,645,645,645,655,655,665,665,665,693,415,434,450,152,179,192,209,209,209,241,48,48,48,48,48],"floor_reached":55,"playtime":7753,"items_purged":[],"score":807,"play_id":"e11df637-e9cb-4f66-934d-7504ddc3c7ec","local_time":"20210103204547","is_ascension_mode":false,"campfire_choices":[{"floor":1,"key":"RECALL"},{"floor":6,"key":"REST"},{"data":"Slimebound:SlimeBrawl","floor":9,"key":"SMITH"},{"floor":40,"key":"REST"},{"floor":54,"key":"REST"}],"circlet_count":0,"master_deck":["Slimebound:Strike_Slimebound+1","Slimebound:Strike_Slimebound+1","Slimebound:Strike_Slimebound+1","Slimebound:Tackle+1","Slimebound:Defend_Slimebound+1","Slimebound:Defend_Slimebound+1","Slimebound:Split+1","Slimebound:CorrosiveSpit+1","expansioncontent:DashGenerateEvil+1","Slimebound:SplitBruiser+1","Blood for Blood+1","Slimebound:LevelUp+1","Slimebound:SlimeBrawl+1","Slimebound:Nibble+1","Slimebound:RollThrough+1","Blood for Blood+1","Slimebound:SplitLeeching+1","Slimebound:OneTwoCombo+1","Slimebound:MegaLick+1","Slimebound:OozeBath+1","Slimebound:Gluttony+1","Slimebound:PressTheAttack+1","Slimebound:SamplingLick+1","Slimebound:RollThrough+1","J.A.X.+1","Slimebound:SlimeBrawl+1","Slimebound:DivideAndConquer+1","Slimebound:OneTwoCombo+1","Mayhem+1","Slimebound:Repurpose+1","Slimebound:MinionMaster+1","Slimebound:GoopSpray+1","Slimebound:SplitLeeching+1","Slimebound:OneTwoCombo+1","Slimebound:DivideAndConquer+1","Slimebound:SplitLeeching+1","Slimebound:Repurpose+1","Slimebound:SplitMire+1","Slimebound:ServeAndProtect+1","Slimebound:MassRepurpose+1","Slimebound:SlimeBarrage+1","Slimebound:SlimeBarrage+1","Slimebound:SplitAcid+1"],"relics":["Hammer of Thor","Seething Fire","Anvil of the Gods","m_BurningSludge","downfall:HeartBlessingRed","downfall:HeartBlessingBlue","Fusion Hammer","downfall:HeartBlessingGreen","infinitespire:BottledMercury","MutagenicStrength","aspiration:Lifesprig","Omamori","conspire:SpecialSausage","Gremlin Food","Bottled Flame","Slimebound:SelfDamagePreventRelic","hubris:SlimyHat","ReplayTheSpireMod:TigerMarble","War Paint","Blood Vial","aspiration:ChemicalBlood"],"acts_visited":["Exordium","TheCity","TheBeyond","TheEnding"],"potions_floor_usage":[23,25,47,47,47,50,55,55,55,55],"damage_taken":[{"damage":10,"enemies":"2 Louse","floor":2,"turns":2},{"damage":12,"enemies":"Jaw Worm","floor":4,"turns":2},{"damage":12,"enemies":"Cultist","floor":5,"turns":2},{"damage":8,"enemies":"3 Louse","floor":8,"turns":1},{"damage":16,"enemies":"3 Sentries","floor":10,"turns":4},{"damage":19,"enemies":"Lots of Slimes","floor":11,"turns":3},{"damage":12,"enemies":"Large Slime","floor":14,"turns":4},{"damage":8,"enemies":"Gremlin Gang","floor":15,"turns":2},{"damage":42,"enemies":"downfall:Ironclad","floor":16,"turns":4},{"damage":4,"enemies":"Spheric Guardian","floor":19,"turns":2},{"damage":16,"enemies":"Centurion and Healer","floor":20,"turns":3},{"damage":8,"enemies":"3 Cultists","floor":22,"turns":3},{"damage":11,"enemies":"Snake Plant","floor":23,"turns":3},{"damage":27,"enemies":"Centurion and Healer","floor":25,"turns":3},{"damage":12,"enemies":"downfall:Augmenter","floor":26,"turns":3},{"damage":19,"enemies":"downfall:FleeingMerchant","floor":27,"turns":4},{"damage":22,"enemies":"conspire:HollyBat","floor":28,"turns":6},{"damage":13,"enemies":"conspire:SneckoGhost","floor":30,"turns":3},{"damage":17,"enemies":"Cultist and Chosen","floor":31,"turns":3},{"damage":21,"enemies":"Chosen and Byrds","floor":32,"turns":2},{"damage":25,"enemies":"downfall:Watcher","floor":33,"turns":4},{"damage":13,"enemies":"Orb Walker","floor":37,"turns":2},{"damage":22,"enemies":"3 Shapes","floor":39,"turns":2},{"damage":29,"enemies":"Reptomancer","floor":42,"turns":3},{"damage":15,"enemies":"Maw","floor":44,"turns":4},{"damage":42,"enemies":"Transient","floor":45,"turns":5},{"damage":21,"enemies":"Giant Head","floor":47,"turns":2},{"damage":28,"enemies":"Writhing Mass","floor":48,"turns":3},{"damage":0,"enemies":"Jaw Worm Horde","floor":49,"turns":2},{"damage":21,"enemies":"downfall:Silent","floor":50,"turns":5},{"damage":71,"enemies":"downfall:CharBossMerchant","floor":52,"turns":5},{"damage":108,"enemies":"downfall:NeowBoss","floor":55,"turns":16}],"seed_played":"1766398558677033104","potions_obtained":[{"floor":8,"key":"Dexterity Potion"},{"floor":10,"key":"Block Potion"},{"floor":11,"key":"Fruit Juice"},{"floor":15,"key":"Explosive Potion"},{"floor":23,"key":"Weak Potion"},{"floor":25,"key":"PowerPotion"},{"floor":38,"key":"infinitespire:BlackPotion"},{"floor":48,"key":"EssenceOfSteel"}],"is_trial":false,"path_per_floor":["R","M","?","M","M","R","T","M","R","E","M","?","?","M","M","B",null,"R","M","M","?","M","M","T","M","?","$","M","?","E","M","M","B",null,"R","?","M","?","M","R","T","E","$","M","M","$","E","M","M","B",null,"E","$","R","B"],"character_chosen":"SLIMEBOUND","items_purchased":["aspiration:Lifesprig","Slimebound:OneTwoCombo","Mayhem","Slimebound:SelfDamagePreventRelic","Slimebound:Repurpose","Slimebound:SplitMire","hubris:SlimyHat","ReplayTheSpireMod:TigerMarble","Slimebound:SplitAcid","aspiration:ChemicalBlood"],"campfire_rested":3,"item_purchase_floors":[27,27,27,43,43,43,46,46,53,53],"current_hp_per_floor":[42,40,40,46,52,60,60,60,70,70,69,69,69,70,70,54,70,70,70,70,70,70,70,70,65,65,68,66,66,65,70,67,67,70,70,70,69,69,53,70,70,53,53,56,48,48,54,54,56,51,75,34,34,56,0,0,0],"gold":48,"neow_bonus":"RANDOM_COLORLESS_2","is_daily":false,"chose_seed":false,"campfire_upgraded":1,"win_rate":0.0,"timestamp":1609735547,"path_taken":["R","M","?","M","M","R","T","M","R","E","M","?","?","M","M","BOSS","R","M","?","?","?","M","T","?","?","$","M","?","E","?","M","BOSS","R","?","?","?","?","R","T","E","?","M","M","$","E","M","M","BOSS","E","$","R","BOSS"],"items_purchased_type":["Relic","Card","Card","Relic","Card","Card","Relic","Relic","Card","Relic"],"build_version":"2020-12-22","purchased_purges":0,"victory":false,"max_hp_per_floor":[60,60,60,60,60,60,60,60,70,70,70,70,70,70,70,70,70,70,70,70,70,70,70,70,70,70,70,70,70,70,70,70,70,70,70,70,70,70,70,70,70,70,70,70,70,70,75,75,75,75,75,75,75,75,75,75,75],"card_choices":[{"not_picked":["Crow Ritual","HandOfGreed"],"picked":"expansioncontent:DashGenerateEvil","floor":0},{"not_picked":["Slimebound:LeechingTouch","Slimebound:SplitLeeching"],"picked":"Slimebound:SplitBruiser","floor":2},{"not_picked":["Pummel","Slimebound:LeechingTouch"],"picked":"Blood for Blood","floor":4},{"not_picked":["Blood for Blood","Slimebound:GoopTackle"],"picked":"Slimebound:LevelUp","floor":5},{"not_picked":["Slimebound:RainOfGoop","Slimebound:TongueLash"],"picked":"Slimebound:SlimeBrawl","floor":8},{"not_picked":["Twin Strike","Sword Boomerang"],"picked":"Slimebound:Nibble","floor":10},{"not_picked":["Slimebound:FlameTackle","Evolve"],"picked":"Slimebound:RollThrough","floor":11},{"not_picked":["Slimebound:RejuvenatingLick","Slimebound:ComboTackle"],"picked":"Blood for Blood","floor":14},{"not_picked":["Slimebound:Grow","Sword Boomerang"],"picked":"Slimebound:SplitLeeching","floor":15},{"not_picked":["Slimebound:MinionMaster","Slimebound:MassFeed"],"picked":"Slimebound:OneTwoCombo","floor":16},{"not_picked":["Slimebound:FirmFortitude+1","Slimebound:PressTheAttack+1"],"picked":"Slimebound:MegaLick","floor":19},{"not_picked":["Slimebound:Grow+1","Slimebound:GrowthPunch","Slimebound:SlimeSpikes"],"picked":"SKIP","floor":20},{"not_picked":["Slimebound:LeechingTouch","Slimebound:HauntingLick"],"picked":"Slimebound:OozeBath","floor":22},{"not_picked":["Slimebound:SpikyOuterGoop+1","Slimebound:GoopTackle+1"],"picked":"Slimebound:Gluttony","floor":23},{"not_picked":["Slimebound:Schlurp","Slimebound:ServeAndProtect"],"picked":"Slimebound:PressTheAttack","floor":25},{"not_picked":[],"picked":"J.A.X.","floor":26},{"not_picked":["Slimebound:ItLooksTasty+1","Slimebound:OozeBath"],"picked":"Slimebound:SlimeBrawl","floor":26},{"not_picked":["Slimebound:SplitMire","Slimebound:SlimeTap"],"picked":"Slimebound:DivideAndConquer+1","floor":27},{"not_picked":["Slimebound:LeechingTouch","Slimebound:Gluttony+1"],"picked":"Slimebound:Repurpose","floor":28},{"not_picked":["Slimebound:FlameTackle","Slimebound:Schlurp"],"picked":"Slimebound:MinionMaster","floor":30},{"not_picked":["Slimebound:ProtectTheBoss+1","Slimebound:ServeAndProtect"],"picked":"Slimebound:GoopSpray","floor":31},{"not_picked":["Slimebound:LeadByExample","Slimebound:ComboTackle"],"picked":"Slimebound:SplitLeeching+1","floor":32},{"not_picked":["Slimebound:PrepareCrush","Slimebound:DuplicatedForm"],"picked":"Slimebound:OneTwoCombo","floor":33},{"not_picked":["Slimebound:SpikyOuterGoop+1","Slimebound:AcidTongue"],"picked":"Slimebound:DivideAndConquer","floor":37},{"not_picked":["Slimebound:LeechEnergy","Slimebound:FinishingTackle+1","Slimebound:GrowthPunch"],"picked":"SKIP","floor":39},{"not_picked":["Slimebound:Schlurp","Slimebound:HauntingLick"],"picked":"Slimebound:SplitLeeching","floor":42},{"not_picked":["Slimebound:RainOfGoop","Slimebound:LeechEnergy","Slimebound:FormOfPuddle"],"picked":"SKIP","floor":44},{"not_picked":["Slimebound:ViciousTackle","Slimebound:ForwardTackle"],"picked":"Slimebound:ServeAndProtect+1","floor":45},{"not_picked":["Slimebound:MassFeed","Slimebound:Grow"],"picked":"Slimebound:MassRepurpose","floor":47},{"not_picked":["Slimebound:GrowthPunch","Slimebound:Grow+1","Slimebound:Gluttony"],"picked":"SKIP","floor":48},{"not_picked":["Slimebound:DivideAndConquer+1","Slimebound:SplitMire"],"picked":"Slimebound:SlimeBarrage","floor":49},{"not_picked":["Slimebound:ViciousTackle","Slimebound:LeechingTouch"],"picked":"Slimebound:SlimeBarrage+1","floor":52}],"player_experience":812506,"relics_obtained":[{"floor":10,"key":"White Beast Statue"},{"floor":24,"key":"infinitespire:BottledMercury"},{"floor":26,"key":"MutagenicStrength"},{"floor":30,"key":"Omamori"},{"floor":41,"key":"Gremlin Food"},{"floor":42,"key":"Bottled Flame"},{"floor":47,"key":"War Paint"},{"floor":52,"key":"Blood Vial"}],"event_choices":[{"damage_healed":0,"gold_gain":0,"player_choice":"Upgraded","damage_taken":0,"max_hp_gain":0,"max_hp_loss":0,"event_name":"Upgrade Shrine","floor":13,"gold_loss":0,"cards_upgraded":["Slimebound:Nibble"]},{"damage_healed":0,"gold_gain":0,"player_choice":"Full Heal","damage_taken":0,"max_hp_gain":0,"max_hp_loss":0,"event_name":"Wheel of Change","floor":36,"gold_loss":0},{"damage_healed":0,"gold_gain":0,"player_choice":"Got Potions","damage_taken":0,"max_hp_gain":0,"max_hp_loss":0,"event_name":"Lab","floor":38,"gold_loss":0}],"is_beta":false,"boss_relics":[{"not_picked":["Pandora\u0027s Box","Runic Pyramid"],"picked":"Fusion Hammer"},{"not_picked":["energizedSpire:SpiderWeb","ReplayTheSpireMod:DimensionalGlitch"],"picked":"conspire:SpecialSausage"}],"items_purged_floors":[],"is_endless":false,"potions_floor_spawned":[8,10,11,14,15,16,19,20,22,23,25,27,28,37,39,44,48],"killed_by":"downfall:NeowBoss","ascension_level":0}}