{"host":"0azimyi6n3ugndj4","time":1609791727,"event":{"mods":["2.2 Compatiblity","BaseMod","Bestiary","Conspire","Curses Come First","Defuse TimeMaze Blight","Hermit","Hubris","Hyrulean Relics","Infinite Spire","Jorbs\u0027s Wanderer Trilogy","Minty Spire (QoL Compilation)","Relic Stats","Replay The Spire","StSLib","SuperFastMode","The Cursed","The Hierophant","Uncapped","¡¼?Úª?ø«¡½REMEMod"],"gold_per_floor":[175,325,225,305,380,432,87,187,187,187,187,245,245,312,312,568,568,671,780,780,695,620,656,656],"floor_reached":23,"playtime":515,"items_purged":[],"score":674,"play_id":"8ed6ed1c-c0d0-4144-962c-e5169c409ac4","local_time":"20210105052207","daily_mods":["SealedDeck","Hoarder","Insanity","Chimera","Specialized","Vintage","ControlledChaos","Allstar","Diverse","Colorless Cards","Heirloom","Time Dilation","Flight","Elite Swarm","Lethality","Midas","Binary"],"is_ascension_mode":true,"campfire_choices":[{"floor":10.0,"key":"REST"},{"floor":15.0,"key":"REST"}],"circlet_count":0,"master_deck":["Demon Form","Wraith Form v2","Echo Form","DevaForm","stsjorbsmod:ArcaneForm","stsjorbsmod:WastingForm","AscendersBane","hubris:Hubris","Bash","Survivor","Zap","Eruption","Strike_R","Strike_G","Strike_B","Defend_R","Defend_G","Defend_P","hermit:ItchyTrigger","TheCursedMod:Stretching","ReplayTheSpireMod:Tripwire","stsjorbsmod:LoseGrip","Cold Snap","PiercingWail","Setup","TheCursedMod:CursedMace","hermit:Dive","hermit:Ricochet","TheCursedMod:RavingStaff","BasicCrystalCard","Cloak And Dagger","Prepared","hierophant:Doubloon","stsjorbsmod:WeightOfMemory","Replay:BluntJabs","stsjorbsmod:Index","Protect","ClearTheMind","Concentrate","TheCursedMod:TacticalStrike","Calculated Gamble","TheCursedMod:Obscuration","hermit:Dive","hierophant:RustyCrate","TheCursedMod:Wield","hermit:Ricochet","Clash","Rage","hierophant:DisplayOfPower","stsjorbsmod:SchoolsOfMagic","TheCursedMod:Torture","hierophant:DisplayOfPower","hermit:WideOpen","FlyingSleeves","CrushJoints","hierophant:SealAway","TheCursedMod:CircleOfFlame","Quick Slash","Sunder","hierophant:SealAway","hierophant:OrnateBuckler","Ball Lightning","stsjorbsmod:Hurt","PathToVictory","Havoc","ReplayTheSpireMod:LeadingStrike","Cleave","ReplaySort","stsjorbsmod:IvoryTower","stsjorbsmod:IvoryTower","stsjorbsmod:IvoryTower","stsjorbsmod:IvoryTower","stsjorbsmod:IvoryTower","stsjorbsmod:IvoryTower","stsjorbsmod:IvoryTower","stsjorbsmod:IvoryTower","stsjorbsmod:IvoryTower","stsjorbsmod:IvoryTower","stsjorbsmod:IvoryTower","stsjorbsmod:IvoryTower","stsjorbsmod:IvoryTower","stsjorbsmod:IvoryTower","TheCursedMod:Hemoplague","TheCursedMod:Hemoplague","TheCursedMod:Hemoplague","ClearTheMind","ClearTheMind","ClearTheMind","REME_Cut","REME_Cut","REME_Cut","hierophant:Embezzle","hierophant:Embezzle","hierophant:Embezzle","BasicCrystalCard","BasicCrystalCard","BasicCrystalCard","hermit:Spite","hermit:Spite","hermit:Spite","hermit:HoleUp","hermit:HoleUp","hermit:HoleUp","hierophant:Upheaval","hierophant:Upheaval","hierophant:Upheaval","TheCursedMod:VitalStrike","TheCursedMod:VitalStrike","TheCursedMod:VitalStrike","TheCursedMod:Obscuration","TheCursedMod:Obscuration","TheCursedMod:Obscuration","hermit:BlackWind","hermit:BlackWind","hermit:BlackWind","Doubt","Doubt","Doubt","Ghostly","Ghostly","Ghostly","Pain","Pain","hubris:Greed","hubris:Greed","hubris:Greed","hubris:Greed","hubris:Greed","hubris:Greed"],"relics":["FrozenCore","Frozen Eye","Busted Crown","REME_ComplimentaryCards","Bird Faced Urn","Toy Ornithopter","zeldaRelics:CourageTriforce","Durian","Letter Opener","WarpedTongs","White Beast Statue","infinitespire:CheckeredPen","infinitespire:Freezer","hubris:BottledHeart","Replay:Baseball"],"acts_visited":["Exordium","TheCity"],"potions_floor_usage":[18,23],"damage_taken":[{"damage":9.0,"enemies":"Small Slimes","floor":1.0,"turns":2.0},{"damage":20.0,"enemies":"Jaw Worm","floor":6.0,"turns":3.0},{"damage":16.0,"enemies":"3 Sentries","floor":8.0,"turns":5.0},{"damage":0.0,"enemies":"Cultist","floor":12.0,"turns":2.0},{"damage":0.0,"enemies":"Large Slime","floor":14.0,"turns":3.0},{"damage":29,"enemies":"Slime Boss","floor":16,"turns":7},{"damage":84,"enemies":"3 Byrds","floor":18,"turns":6},{"damage":0,"enemies":"Shell Parasite","floor":19,"turns":2},{"damage":10,"enemies":"Book of Stabbing","floor":23,"turns":4}],"seed_played":"-7858615172170940121","potions_obtained":[{"floor":8.0,"key":"Venom Potion"},{"floor":16,"key":"Adrenaline Potion"},{"floor":18,"key":"Strength Potion"},{"floor":19,"key":"Adrenaline Potion"}],"is_trial":true,"path_per_floor":["M","?","?","T","?","M","$","E","T","R","?","M","?","M","R","B",null,"M","M","?","?","?","E"],"character_chosen":"DEFECT","items_purchased":["Durian"],"campfire_rested":2,"item_purchase_floors":[7],"current_hp_per_floor":[55,55,55,55,44,24,29,17,17,39,86,86,86,86,86,59,79,6,6,1,1,1,0,0],"gold":656,"neow_bonus":"","is_daily":false,"chose_seed":false,"campfire_upgraded":0,"win_rate":0.0,"timestamp":1609791727,"path_taken":["M","?","?","?","?","?","?","E","T","R","?","?","?","M","R","BOSS","M","?","?","?","?","E"],"items_purchased_type":["Relic"],"build_version":"2020-12-22","purchased_purges":0,"victory":false,"max_hp_per_floor":[71,71,71,71,71,71,76,76,76,76,86,86,86,86,86,86,86,86,86,1,1,1,1,1],"relic_stats":{"Busted Crown":22,"counters":[9,34],"Bird Faced Urn":[12],"Letter Opener":[104],"obtain_stats":[{"Letter Opener":12,"infinitespire:CheckeredPen":18,"zeldaRelics:CourageTriforce":9,"White Beast Statue":14,"WarpedTongs":13,"FrozenCore":17,"Frozen Eye":0,"Replay:Baseball":21,"Busted Crown":0,"hubris:BottledHeart":20,"Bird Faced Urn":0,"zeldaRelics:CouragePiece":4,"Durian":7,"Cracked Core":0,"Toy Ornithopter":1,"REME_ComplimentaryCards":0,"infinitespire:Freezer":19},{"Letter Opener":4,"infinitespire:CheckeredPen":7,"zeldaRelics:CourageTriforce":3,"White Beast Statue":5,"WarpedTongs":4,"FrozenCore":6,"Frozen Eye":0,"Replay:Baseball":8,"Busted Crown":0,"hubris:BottledHeart":8,"Bird Faced Urn":0,"zeldaRelics:CouragePiece":1,"Durian":2,"Cracked Core":0,"Toy Ornithopter":1,"REME_ComplimentaryCards":0,"infinitespire:Freezer":8},{"Letter Opener":12,"infinitespire:CheckeredPen":28,"zeldaRelics:CourageTriforce":10,"White Beast Statue":15,"WarpedTongs":12,"FrozenCore":22,"Frozen Eye":0,"Replay:Baseball":30,"Busted Crown":0,"hubris:BottledHeart":30,"Bird Faced Urn":0,"zeldaRelics:CouragePiece":2,"Durian":5,"Cracked Core":0,"Toy Ornithopter":2,"REME_ComplimentaryCards":0,"infinitespire:Freezer":30}],"Toy Ornithopter":5,"FrozenCore":[6],"WarpedTongs":[22]},"card_choices":[],"player_experience":1526862,"relics_obtained":[{"floor":1.0,"key":"Toy Ornithopter"},{"floor":4.0,"key":"zeldaRelics:CouragePiece"},{"floor":8.0,"key":"zeldaRelics:CouragePiece"},{"floor":9.0,"key":"zeldaRelics:CouragePiece"},{"floor":12.0,"key":"Letter Opener"},{"floor":14.0,"key":"White Beast Statue"},{"floor":18,"key":"infinitespire:CheckeredPen"},{"floor":19,"key":"infinitespire:Freezer"}],"event_choices":[{"damage_healed":0.0,"max_hp_gain":0.0,"max_hp_loss":0.0,"gold_gain":150.0,"event_name":"Liars Game","player_choice":"AGREE","floor":2.0,"gold_loss":0.0,"damage_taken":0.0,"cards_obtained":["Doubt"]},{"damage_healed":0.0,"max_hp_gain":0.0,"max_hp_loss":0.0,"gold_gain":0.0,"event_name":"conspire:LoneGhost","player_choice":"Argue","floor":3.0,"gold_loss":0.0,"damage_taken":0.0},{"damage_healed":0.0,"max_hp_gain":0.0,"max_hp_loss":0.0,"gold_gain":75.0,"event_name":"World of Goop","player_choice":"Gather Gold","floor":5.0,"gold_loss":0.0,"damage_taken":11.0},{"cards_removed":["stsjorbsmod:IvoryTower"],"damage_healed":37.0,"max_hp_gain":10.0,"max_hp_loss":0.0,"gold_gain":0.0,"event_name":"Bonfire Elementals","player_choice":"Offered Rare","floor":11.0,"gold_loss":0.0,"damage_taken":0.0},{"damage_healed":0.0,"max_hp_gain":0.0,"max_hp_loss":0.0,"gold_gain":0.0,"event_name":"Accursed Blacksmith","player_choice":"Rummage","floor":13.0,"gold_loss":0.0,"damage_taken":0.0,"relics_obtained":["WarpedTongs"],"cards_obtained":["Pain"]},{"damage_healed":0,"gold_gain":0,"player_choice":"Obtained Relic","damage_taken":0,"relics_obtained":["Replay:Baseball"],"max_hp_gain":0,"max_hp_loss":0,"event_name":"Addict","floor":21,"gold_loss":85},{"cards_removed":["Pain"],"damage_healed":0,"gold_gain":0,"player_choice":"Gave Gold","damage_taken":0,"max_hp_gain":0,"max_hp_loss":0,"event_name":"Beggar","floor":22,"gold_loss":75}],"is_beta":false,"boss_relics":[{"not_picked":["Empty Cage","Snecko Heart"],"picked":"FrozenCore"}],"items_purged_floors":[],"is_endless":false,"potions_floor_spawned":[8,16,18,19],"killed_by":"Book of Stabbing","ascension_level":20}}