{"host":"jm45p5sme67dvpdw","time":1609780546,"event":{"mods":["BaseMod","Downfall","Friendly Minions","Hubris","Infinite Spire","Jorbs\u0027s Wanderer Trilogy","Kiyohime????","Koishi","Marisa????????","Minty Spire (QoL Compilation)","Prisma Mod","READ ME - Guardian Mod","READ ME - Snecko Mod","Remilia??????","Replay The Spire","Shop Mod","StSLib","Td1madao Mod","The Animator","The Bug Knight","The Construct","The Cursed","The Disciple","The Hierophant","The Jungle","The Necromancer","The Servant 0.9.4"],"gold_per_floor":[119,81,81,92,103,103,103,120,120,139,154,154,172,184,184,184,184],"floor_reached":16,"playtime":2516,"items_purged":[],"score":98,"play_id":"22d28dfa-6dfa-447a-8041-bfe6ba40d018","local_time":"20210104201546","is_ascension_mode":false,"campfire_choices":[{"floor":6,"key":"RECALL"},{"data":"Replay:DivineShield","floor":12,"key":"SMITH"},{"floor":15,"key":"REST"}],"circlet_count":0,"master_deck":["Strike_P","Strike_P","Strike_P","Strike_P","Defend_P","Defend_P","Defend_P","Defend_P","Eruption","Vigilance","Brilliance","Replay:DivineShield+1","SandsOfTime","CrushJoints","BowlingBash","BattleHymn","Perseverance","Halt","Tantrum","Replay:Cycle"],"relics":["PureWater"],"acts_visited":["Exordium"],"potions_floor_usage":[14,16,16],"damage_taken":[{"damage":15,"enemies":"infinitespire:Voidling","floor":1,"turns":5},{"damage":0,"enemies":"Small Slimes","floor":3,"turns":2},{"damage":0,"enemies":"Jaw Worm","floor":4,"turns":4},{"damage":1,"enemies":"2 Fungi Beasts","floor":5,"turns":5},{"damage":0,"enemies":"Exordium Thugs","floor":8,"turns":2},{"damage":6,"enemies":"2 Fungi Beasts","floor":10,"turns":4},{"damage":15,"enemies":"Exordium Wildlife","floor":11,"turns":4},{"damage":14,"enemies":"Gremlin Gang","floor":13,"turns":7},{"damage":0,"enemies":"Lots of Slimes","floor":14,"turns":3},{"damage":68,"enemies":"Fading Forest","floor":16,"turns":7}],"seed_played":"-8319742966675416548","potions_obtained":[{"floor":1,"key":"SpeedPotion"},{"floor":4,"key":"Block Potion"},{"floor":5,"key":"StancePotion"}],"is_trial":false,"path_per_floor":["M","$","M","M","M","R","$","M","T","M","M","R","M","M","R","B"],"character_chosen":"WATCHER","items_purchased":["SandsOfTime"],"campfire_rested":1,"item_purchase_floors":[2],"current_hp_per_floor":[64,64,64,64,63,63,63,63,63,57,42,42,28,28,49,0,0],"gold":184,"neow_bonus":"ONE_RANDOM_RARE_CARD","is_daily":false,"chose_seed":false,"campfire_upgraded":1,"win_rate":0.0,"timestamp":1609780546,"path_taken":["M","$","M","M","M","R","$","M","T","M","?","R","M","M","R","BOSS"],"items_purchased_type":["Card"],"build_version":"2020-12-22","purchased_purges":0,"victory":false,"max_hp_per_floor":[72,72,72,72,72,72,72,72,72,72,72,72,72,72,72,72,72],"card_choices":[{"not_picked":["Vengeance","Replay:ManipulateFuture"],"picked":"Replay:DivineShield","floor":1},{"not_picked":["BowlingBash","Vengeance","BattleHymn"],"picked":"SKIP","floor":3},{"not_picked":["SandsOfTime","WreathOfFlame"],"picked":"CrushJoints","floor":4},{"not_picked":["WindmillStrike","Replay:ManipulateFuture"],"picked":"BowlingBash","floor":5},{"not_picked":["Protect","ClearTheMind"],"picked":"BattleHymn","floor":8},{"not_picked":["SashWhip","ThirdEye"],"picked":"Perseverance","floor":10},{"not_picked":["Establishment","Sanctity"],"picked":"Halt","floor":11},{"not_picked":["EmptyMind","Fasting2"],"picked":"Tantrum","floor":13},{"not_picked":["Protect","WaveOfTheHand"],"picked":"Replay:Cycle","floor":14}],"player_experience":186572,"relics_obtained":[],"event_choices":[],"is_beta":false,"boss_relics":[],"items_purged_floors":[],"is_endless":false,"potions_floor_spawned":[1,4,5,10],"killed_by":"Fading Forest","ascension_level":0}}