{"host":"lqtll83nun4jn4k7","time":1609734485,"event":{"mods":["BaseMod","Challenge The Spire","Colored Map","Colored Powertips","Downfall","Minty Spire (QoL Compilation)","Prisma Mod","Quick Restart","StSLib","SuperFastMode","The Bug Knight","Waifu the Spire","Yakumo Yukari mod"],"gold_per_floor":[120,132,150,150,165,90,90,90,110,110,124,137,167,4,15,15,15],"floor_reached":16,"playtime":578,"items_purged":[],"score":120,"play_id":"a887e2c6-5b4c-4d11-949a-8337a2082fef","local_time":"20210104122805","is_ascension_mode":true,"campfire_choices":[{"floor":1.0,"key":"RECALL"},{"data":"Observe_purple_2","floor":6.0,"key":"SMITH"},{"data":"Worldmountain_purple","floor":10.0,"key":"SMITH"}],"circlet_count":0,"master_deck":["AT_purpleEX","AT_purpleEX","AT_purpleEX","AT_purpleEX","Defend_purpleEX","Defend_purpleEX","Defend_purpleEX","Defend_purpleEX","Observe_purple_1","Observe_purple_2+1","Worldmountain_purple+1","Boundary_DreamRealityDamnation_purple","PositiveMatter_Antimatter_Universe_purple","MNeedle_purple","Boundary_of_Extermination_purpleEX","Umbrella_purple","Human_Monster_Realm_purple","Bait_HighSpeedFlying_purple"],"relics":["Boundary_crack","Memoryfragments_purpleEX","downfall:HeartBlessingRed","TungstenRod","Oddly Smooth Stone","Membership Card"],"acts_visited":["Exordium"],"potions_floor_usage":[15],"damage_taken":[{"damage":8.0,"enemies":"Small Slimes","floor":2.0,"turns":3.0},{"damage":0.0,"enemies":"Jaw Worm","floor":3.0,"turns":2.0},{"damage":1.0,"enemies":"Cultist","floor":5.0,"turns":3.0},{"damage":11.0,"enemies":"Lots of Slimes","floor":9.0,"turns":2.0},{"damage":8.0,"enemies":"Gremlin Gang","floor":11.0,"turns":3.0},{"damage":0.0,"enemies":"Large Slime","floor":12.0,"turns":3.0},{"damage":29,"enemies":"3 Sentries","floor":13,"turns":4},{"damage":2,"enemies":"downfall:FleeingMerchant","floor":14,"turns":4},{"damage":0,"enemies":"Exordium Wildlife","floor":15,"turns":2},{"damage":26,"enemies":"downfall:Ironclad","floor":16,"turns":3}],"seed_played":"1698767559796670962","potions_obtained":[{"floor":3.0,"key":"Energy Potion"},{"floor":9.0,"key":"Fire Potion"},{"floor":13,"key":"DuplicationPotion"}],"is_trial":false,"path_per_floor":["R","M","M","?","M","R","T","?","M","R","M","M","E","$","M","B"],"character_chosen":"Youkari","items_purchased":["Membership Card"],"campfire_rested":0,"item_purchase_floors":[14],"current_hp_per_floor":[70,64,65,70,70,70,70,70,59,59,53,55,26,24,26,0,0],"gold":15,"neow_bonus":"THREE_CARDS","is_daily":false,"chose_seed":false,"campfire_upgraded":2,"win_rate":0.0,"timestamp":1609734485,"path_taken":["R","M","M","?","M","R","T","?","M","R","?","M","E","?","M","BOSS"],"items_purchased_type":["Relic"],"build_version":"2020-12-22","purchased_purges":0,"victory":false,"max_hp_per_floor":[70,70,70,75,75,75,75,75,75,75,75,75,75,75,75,75,75],"card_choices":[{"not_picked":["ExistenceContinue_purple","DimensionStaggered_purple"],"picked":"Worldmountain_purple","floor":0.0},{"not_picked":["Realm_recovery_purpleEX","SfantasyHide_purple"],"picked":"Boundary_DreamRealityDamnation_purple","floor":2.0},{"not_picked":["DimensionStaggered_purple","SfantasyHide_purple"],"picked":"PositiveMatter_Antimatter_Universe_purple","floor":3.0},{"not_picked":["Anti_communist_purple","Mirror_FormAndEmptin_purple","Boundary_ObjectiveBoundary_purple"],"picked":"SKIP","floor":5.0},{"not_picked":["Mirror_FormAndEmptin_purple","Line_surface_state_purple"],"picked":"MNeedle_purple","floor":9.0},{"not_picked":["Line_surface_state_purple","Charmbait_purple","Shallow_ocean_purpleEX"],"picked":"SKIP","floor":11.0},{"not_picked":["MNeedle_purple","StretchesForeverDream_purple"],"picked":"Boundary_of_Extermination_purpleEX","floor":12.0},{"not_picked":["Photoelasticity_Doppler_Effect_purple","Anti_communist_purple"],"picked":"Umbrella_purple","floor":13},{"not_picked":["Charmbait_purple","Mirror_WaveAndshot_purple"],"picked":"Human_Monster_Realm_purple","floor":14},{"not_picked":["MetroBOOM_purple","Shallow_ocean_purpleEX"],"picked":"Bait_HighSpeedFlying_purple","floor":15}],"player_experience":643446,"relics_obtained":[{"floor":7.0,"key":"TungstenRod"},{"floor":13,"key":"Oddly Smooth Stone"}],"event_choices":[],"is_beta":false,"boss_relics":[],"items_purged_floors":[],"is_endless":false,"potions_floor_spawned":[3,9,13],"killed_by":"downfall:Ironclad","ascension_level":3}}