{"host":"tzyzz5n7hg2ni9q2","time":1609795238,"event":{"mods":["BaseMod","Minty Spire (QoL Compilation)","Quick Restart"],"gold_per_floor":[213,64,64,64,64,64,80,95,141,141,171,171,183,199,199,301,301,321,335,166,182,33,33,66,66,90,116,116,130,130,163,163,265,265,284,300,46,57,75,75,25,25,48,87,112,142,154,178,190,202],"floor_reached":51,"playtime":1955,"items_purged":["Strike_R"],"score":1148,"play_id":"facb862c-2bac-440b-a8f1-747119a3a245","local_time":"20210104222038","is_ascension_mode":true,"campfire_choices":[{"data":"Defend_R","floor":6.0,"key":"SMITH"},{"data":"Cleave","floor":12.0,"key":"SMITH"},{"data":"Shrug It Off","floor":15.0,"key":"SMITH"},{"data":"Berserk","floor":23.0,"key":"SMITH"},{"floor":25.0,"key":"REST"},{"data":"Battle Trance","floor":28.0,"key":"SMITH"},{"floor":32.0,"key":"REST"},{"data":"Whirlwind","floor":40.0,"key":"SMITH"},{"data":"True Grit","floor":42.0,"key":"SMITH"},{"floor":47.0,"key":"REST"},{"floor":49.0,"key":"REST"}],"circlet_count":0,"master_deck":["AscendersBane","Strike_R","Strike_R","Strike_R","Strike_R+1","Defend_R+1","Defend_R+1","Defend_R","Defend_R","Bash","Demon Form+1","Cleave+1","Battle Trance+1","Shrug It Off+1","Berserk+1","Shrug It Off","Whirlwind+1","Warcry+1","Heavy Blade+1","Offering","Shrug It Off","Parasite","True Grit+1","Shrug It Off+1"],"relics":["Burning Blood","Orichalcum","Mummified Hand","Lantern","Sozu","Nunchaku","Juzu Bracelet","Blue Candle","MealTicket","HornCleat","Red Mask","Black Star","Art of War","MawBank","Vajra","Shuriken"],"acts_visited":["Exordium","TheCity","TheBeyond"],"potions_floor_usage":[],"damage_taken":[{"damage":6.0,"enemies":"Cultist","floor":1.0,"turns":3.0},{"damage":6.0,"enemies":"Jaw Worm","floor":7.0,"turns":4.0},{"damage":0.0,"enemies":"Small Slimes","floor":8.0,"turns":3.0},{"damage":13.0,"enemies":"3 Sentries","floor":11.0,"turns":6.0},{"damage":6.0,"enemies":"Looter","floor":13.0,"turns":3.0},{"damage":5.0,"enemies":"Blue Slaver","floor":14.0,"turns":3.0},{"damage":15.0,"enemies":"The Guardian","floor":16.0,"turns":9.0},{"damage":0.0,"enemies":"3 Byrds","floor":18.0,"turns":5.0},{"damage":7.0,"enemies":"Shell Parasite","floor":19.0,"turns":6.0},{"damage":16.0,"enemies":"Snake Plant","floor":21.0,"turns":4.0},{"damage":36.0,"enemies":"Book of Stabbing","floor":24.0,"turns":6.0},{"damage":23.0,"enemies":"Slavers","floor":27.0,"turns":4.0},{"damage":24.0,"enemies":"Shelled Parasite and Fungi","floor":29.0,"turns":6.0},{"damage":15.0,"enemies":"Masked Bandits","floor":31.0,"turns":4.0},{"damage":30.0,"enemies":"Champ","floor":33.0,"turns":10.0},{"damage":20.0,"enemies":"3 Darklings","floor":35.0,"turns":4.0},{"damage":16.0,"enemies":"Orb Walker","floor":36.0,"turns":4.0},{"damage":6.0,"enemies":"Jaw Worm Horde","floor":38.0,"turns":3.0},{"damage":12.0,"enemies":"Writhing Mass","floor":39.0,"turns":5.0},{"damage":23.0,"enemies":"Reptomancer","floor":44.0,"turns":4.0},{"damage":6.0,"enemies":"Sphere and 2 Shapes","floor":45.0,"turns":3.0},{"damage":22.0,"enemies":"Spire Growth","floor":46.0,"turns":5.0},{"damage":16.0,"enemies":"4 Shapes","floor":48.0,"turns":4.0},{"damage":27,"enemies":"Awakened One","floor":50,"turns":22}],"seed_played":"6608912780873924048","potions_obtained":[{"floor":7.0,"key":"ColorlessPotion"},{"floor":13.0,"key":"BlessingOfTheForge"},{"floor":14.0,"key":"Regen Potion"}],"is_trial":false,"path_per_floor":["M","$","$","?","?","R","M","M","T","T","E","R","M","M","R","B",null,"M","M","$","M","$","R","E","R","T","E","R","M","?","?","R","B",null,"M","M","$","M","M","R","$","R","T","E","M","M","R","M","R","B",null],"character_chosen":"IRONCLAD","items_purchased":["Demon Form","Shrug It Off","Nunchaku","Juzu Bracelet","Shrug It Off","Art of War","True Grit"],"campfire_rested":4,"item_purchase_floors":[2,20,20,22,37,37,41],"current_hp_per_floor":[72,72,72,56,56,56,56,62,62,62,55,55,55,56,56,47,72,78,77,77,67,67,67,37,61,61,44,44,26,26,29,53,29,67,53,43,58,58,52,52,67,67,67,50,50,34,58,48,72,51],"gold":214,"neow_bonus":"HUNDRED_GOLD","is_daily":false,"chose_seed":false,"campfire_upgraded":7,"win_rate":0.0,"timestamp":1609795238,"path_taken":["M","?","$","?","?","R","M","M","T","?","E","R","?","M","R","BOSS","M","M","?","M","$","R","E","R","T","E","R","M","?","?","R","BOSS","M","M","$","M","M","R","$","R","T","E","M","M","R","M","R","BOSS"],"items_purchased_type":["Card","Card","Relic","Relic","Card","Relic","Card"],"build_version":"2020-12-22","purchased_purges":1,"victory":true,"max_hp_per_floor":[80,80,80,80,80,80,80,80,80,80,80,80,80,80,80,80,80,80,80,80,80,80,80,80,80,80,80,80,80,80,80,80,80,80,80,80,80,80,80,80,80,80,80,80,80,80,80,80,80,80],"card_choices":[{"not_picked":["Thunderclap","Anger","Shockwave"],"picked":"SKIP","floor":1.0},{"not_picked":["Metallicize","Wild Strike"],"picked":"Cleave","floor":7.0},{"not_picked":["Infernal Blade","Barricade","Searing Blow"],"picked":"SKIP","floor":8.0},{"not_picked":["Infernal Blade","Dropkick"],"picked":"Battle Trance","floor":11.0},{"not_picked":["Thunderclap","Clash"],"picked":"Shrug It Off","floor":13.0},{"not_picked":["Perfected Strike","Shockwave","Flame Barrier"],"picked":"SKIP","floor":14.0},{"not_picked":["Fiend Fire","Exhume"],"picked":"Berserk","floor":16.0},{"not_picked":["Cleave","Flex+1","Spot Weakness+1"],"picked":"SKIP","floor":18.0},{"not_picked":["Second Wind+1","Clothesline","Flame Barrier"],"picked":"SKIP","floor":19.0},{"not_picked":["Havoc","Reckless Charge"],"picked":"Whirlwind","floor":21.0},{"not_picked":["Havoc+1","Dual Wield","Flex"],"picked":"SKIP","floor":24.0},{"not_picked":["Warcry","Cleave+1","Anger+1"],"picked":"SKIP","floor":27.0},{"not_picked":["Inflame","Bloodletting"],"picked":"Warcry+1","floor":29.0},{"not_picked":["Clash+1","Reckless Charge"],"picked":"Heavy Blade+1","floor":31.0},{"not_picked":["Fiend Fire","Brutality"],"picked":"Offering","floor":33.0},{"not_picked":["Heavy Blade+1","Uppercut","Warcry"],"picked":"SKIP","floor":35.0},{"not_picked":["Infernal Blade+1","Shockwave+1","Dropkick"],"picked":"SKIP","floor":36.0},{"not_picked":["Intimidate","Evolve","Twin Strike+1"],"picked":"SKIP","floor":38.0},{"not_picked":["Heavy Blade+1","Anger","Searing Blow+1"],"picked":"SKIP","floor":39.0},{"not_picked":["Pommel Strike+1","Thunderclap+1","Intimidate"],"picked":"SKIP","floor":44.0},{"not_picked":["Headbutt+1","Body Slam","Twin Strike"],"picked":"SKIP","floor":45.0},{"not_picked":["Double Tap","Clothesline"],"picked":"Shrug It Off+1","floor":46.0},{"not_picked":["Iron Wave+1","Combust+1","Thunderclap+1"],"picked":"SKIP","floor":48.0}],"player_experience":237765,"relics_obtained":[{"floor":9.0,"key":"Orichalcum"},{"floor":10.0,"key":"Mummified Hand"},{"floor":11.0,"key":"Lantern"},{"floor":24.0,"key":"Blue Candle"},{"floor":26.0,"key":"MealTicket"},{"floor":27.0,"key":"HornCleat"},{"floor":31.0,"key":"Red Mask"},{"floor":43.0,"key":"MawBank"},{"floor":44.0,"key":"Vajra"},{"floor":44.0,"key":"Shuriken"}],"event_choices":[{"damage_healed":0.0,"max_hp_gain":0.0,"max_hp_loss":0.0,"gold_gain":0.0,"event_name":"Shining Light","player_choice":"Entered Light","floor":4.0,"gold_loss":0.0,"damage_taken":16.0,"cards_upgraded":["Strike_R","Defend_R"]},{"damage_healed":0.0,"max_hp_gain":0.0,"max_hp_loss":0.0,"gold_gain":0.0,"event_name":"Living Wall","player_choice":"Grow","floor":5.0,"gold_loss":0.0,"damage_taken":0.0,"cards_upgraded":["Demon Form"]},{"damage_healed":0.0,"max_hp_gain":0.0,"max_hp_loss":0.0,"gold_gain":0.0,"event_name":"Lab","player_choice":"Got Potions","floor":30.0,"gold_loss":0.0,"damage_taken":0.0},{"damage_healed":0.0,"max_hp_gain":0.0,"max_hp_loss":0.0,"gold_gain":0.0,"event_name":"Masked Bandits","player_choice":"Fought Bandits","floor":31.0,"gold_loss":0.0,"damage_taken":0.0}],"is_beta":false,"boss_relics":[{"not_picked":["Velvet Choker","Runic Cube"],"picked":"Sozu"},{"not_picked":["Runic Pyramid","Coffee Dripper"],"picked":"Black Star"}],"items_purged_floors":[37],"is_endless":false,"potions_floor_spawned":[7,13,14,24,29,31,33,39,44,45,46,48],"ascension_level":11}}