{"host":"newqdrzxfhh2im9e","time":1609746169,"event":{"mods":["AchievementEnabler","BaseMod","BetterRewards","Block Reminder","Colored Map","Jorbs\u0027s Wanderer Trilogy","Minty Spire (QoL Compilation)","Rare Cards Sparkle","Shop Mod","StSLib"],"gold_per_floor":[119,129,143,143,163,163,13,41,41,41,67,86,86,104,104,104,104],"floor_reached":16,"playtime":321,"items_purged":[],"score":140,"play_id":"c961fb1a-0bb3-448d-aeae-0090fe5aec9c","local_time":"20210103234249","is_ascension_mode":true,"campfire_choices":[{"data":"Doom and Gloom","floor":6,"key":"SMITH"},{"floor":10,"key":"REST"},{"floor":15,"key":"REST"}],"circlet_count":0,"master_deck":["Strike_B","Strike_B","Strike_B","Strike_B","Defend_B","Defend_B","Defend_B+1","Defend_B","Zap","Dualcast","Doom and Gloom+1","Gash","Scrape+1","Electrodynamics","Buffer","Thunder Strike","Go for the Eyes","Buffer"],"relics":["Cracked Core","NeowsBlessing","Omamori","Pear","MealTicket","PreservedInsect"],"acts_visited":["Exordium"],"potions_floor_usage":[5,14],"damage_taken":[{"damage":0,"enemies":"Cultist","floor":1,"turns":1},{"damage":0,"enemies":"Jaw Worm","floor":2,"turns":1},{"damage":0,"enemies":"2 Louse","floor":3,"turns":1},{"damage":20,"enemies":"Large Slime","floor":5,"turns":4},{"damage":30,"enemies":"3 Sentries","floor":8,"turns":3},{"damage":8,"enemies":"Gremlin Nob","floor":11,"turns":4},{"damage":17,"enemies":"Looter","floor":12,"turns":3},{"damage":0,"enemies":"Exordium Wildlife","floor":14,"turns":2},{"damage":45,"enemies":"Hexaghost","floor":16,"turns":9}],"seed_played":"-2225049540087981543","potions_obtained":[{"floor":2,"key":"DistilledChaos"},{"floor":11,"key":"GamblersBrew"}],"is_trial":false,"path_per_floor":["M","M","M","?","M","R","$","E","T","R","E","M","?","M","R","B"],"character_chosen":"DEFECT","items_purchased":["Electrodynamics"],"campfire_rested":2,"item_purchase_floors":[7],"current_hp_per_floor":[75,75,75,75,55,55,55,35,35,60,52,35,18,18,43,0,0],"gold":104,"neow_bonus":"THREE_ENEMY_KILL","is_daily":false,"chose_seed":false,"campfire_upgraded":1,"win_rate":0.0,"timestamp":1609746169,"path_taken":["M","?","?","?","?","R","$","E","T","R","E","M","?","M","R","BOSS"],"items_purchased_type":["Card"],"build_version":"2020-12-22","purchased_purges":0,"victory":false,"max_hp_per_floor":[75,75,75,75,75,75,75,85,85,85,85,85,85,85,85,85,85],"card_choices":[{"not_picked":["Redo","Steam"],"picked":"Beam Cell","floor":1},{"not_picked":["Chill","Steam"],"picked":"Doom and Gloom","floor":2},{"not_picked":["Darkness","Skim"],"picked":"Gash","floor":3},{"not_picked":["Hello World","Coolheaded"],"picked":"Scrape","floor":5},{"not_picked":["Doom and Gloom","Blizzard"],"picked":"Buffer","floor":8},{"not_picked":["Chaos","BootSequence"],"picked":"Thunder Strike","floor":11},{"not_picked":["Coolheaded","Sweeping Beam"],"picked":"Go for the Eyes","floor":12},{"not_picked":["Cold Snap","Chaos"],"picked":"Buffer","floor":14}],"player_experience":688676,"relics_obtained":[{"floor":8,"key":"Pear"},{"floor":9,"key":"MealTicket"},{"floor":11,"key":"PreservedInsect"}],"event_choices":[{"cards_removed":["Beam Cell"],"damage_healed":0,"gold_gain":0,"player_choice":"Gave Card","damage_taken":0,"relics_obtained":["Omamori"],"max_hp_gain":0,"max_hp_loss":0,"event_name":"WeMeetAgain","floor":4,"gold_loss":0},{"damage_healed":0,"gold_gain":0,"player_choice":"Entered Light","damage_taken":17,"max_hp_gain":0,"max_hp_loss":0,"event_name":"Shining Light","floor":13,"gold_loss":0,"cards_upgraded":["Scrape","Defend_B"]}],"is_beta":false,"boss_relics":[],"items_purged_floors":[],"is_endless":false,"potions_floor_spawned":[2,11],"killed_by":"Hexaghost","ascension_level":5}}