{"host":"gsgpu9obojnqwpp0","time":1609734666,"event":{"mods":["AchievementEnabler","BaseMod","Block Reminder","DeckTracker","Minty Spire (QoL Compilation)","Permanent Neow"],"gold_per_floor":[119,129,129,145,157,157,9,9,9,9,84,84,4,21,21,136,136,149,160,160,75,94,94,121,136,136,170,170,201,215,79,79,181,181,195,246,66,66,66,66,78,78,78,148,165,192,208,225,225,225],"floor_reached":51,"playtime":2119,"items_purged":["Strike_B"],"score":873,"play_id":"bea86504-37ac-4de2-ae94-77b11e5aad7c","local_time":"20210103233106","is_ascension_mode":true,"campfire_choices":[{"floor":6,"key":"REST"},{"data":"Storm","floor":8,"key":"SMITH"},{"data":"Magnetism","floor":10,"key":"SMITH"},{"data":"Darkness","floor":12,"key":"SMITH"},{"floor":15,"key":"REST"},{"floor":23,"key":"REST"},{"floor":28,"key":"REST"},{"floor":32,"key":"REST"},{"floor":40,"key":"REST"},{"floor":42,"key":"REST"},{"floor":49,"key":"REST"}],"circlet_count":0,"master_deck":["Strike_B","Defend_B","Defend_B","Defend_B","Defend_B","Zap","Dualcast","Magnetism+1","Darkness+1","Hologram","Leap","Storm+1","Self Repair","Undo+1","Thunder Strike","Tempest+1","Ball Lightning+1","Double Energy+1","Creative AI","Defragment+1","Apotheosis+1","Capacitor"],"relics":["Cracked Core","Toxic Egg 2","Busted Crown","Torii","Meat on the Bone","Matryoshka","Potion Belt","Fusion Hammer","Incense Burner","PreservedInsect","StrikeDummy","Gambling Chip","Art of War"],"acts_visited":["Exordium","TheCity","TheBeyond"],"potions_floor_usage":[24,24,33,35,45,45,48,50],"damage_taken":[{"damage":7,"enemies":"Jaw Worm","floor":1,"turns":3},{"damage":7,"enemies":"Small Slimes","floor":2,"turns":4},{"damage":1,"enemies":"Cultist","floor":4,"turns":4},{"damage":13,"enemies":"3 Louse","floor":5,"turns":3},{"damage":17,"enemies":"Blue Slaver","floor":14,"turns":4},{"damage":14,"enemies":"Slime Boss","floor":16,"turns":7},{"damage":14,"enemies":"Chosen","floor":18,"turns":6},{"damage":6,"enemies":"Shell Parasite","floor":19,"turns":5},{"damage":22,"enemies":"Centurion and Healer","floor":22,"turns":7},{"damage":22,"enemies":"Book of Stabbing","floor":24,"turns":4},{"damage":7,"enemies":"Cultist and Chosen","floor":25,"turns":4},{"damage":40,"enemies":"Slavers","floor":27,"turns":6},{"damage":7,"enemies":"Snecko","floor":29,"turns":4},{"damage":41,"enemies":"Snake Plant","floor":30,"turns":3},{"damage":57,"enemies":"Automaton","floor":33,"turns":9},{"damage":25,"enemies":"Orb Walker","floor":35,"turns":3},{"damage":64,"enemies":"2 Orb Walkers","floor":36,"turns":4},{"damage":12,"enemies":"3 Shapes","floor":41,"turns":4},{"damage":1,"enemies":"Mind Bloom Boss Battle","floor":44,"turns":6},{"damage":24,"enemies":"Transient","floor":45,"turns":5},{"damage":2,"enemies":"Giant Head","floor":46,"turns":6},{"damage":54,"enemies":"3 Darklings","floor":47,"turns":3},{"damage":1,"enemies":"Maw","floor":48,"turns":5},{"damage":14,"enemies":"Awakened One","floor":50,"turns":5}],"seed_played":"-920803266901444420","potions_obtained":[{"floor":16,"key":"GamblersBrew"},{"floor":22,"key":"DistilledChaos"},{"floor":24,"key":"Fruit Juice"},{"floor":30,"key":"EssenceOfDarkness"},{"floor":36,"key":"PowerPotion"},{"floor":41,"key":"ColorlessPotion"},{"floor":46,"key":"PowerPotion"},{"floor":48,"key":"Fruit Juice"}],"is_trial":false,"path_per_floor":["M","M","?","M","M","R","$","R","T","R","?","R","$","M","R","B",null,"M","M","?","?","M","R","E","M","T","E","R","M","M","$","R","B",null,"M","?","$","?","$","R","M","R","T","?","M","E","M","M","R","B",null],"character_chosen":"DEFECT","items_purchased":["Storm","Self Repair","FairyPotion","Double Energy+1","Apotheosis+1"],"campfire_rested":8,"item_purchase_floors":[7,13,31,31,37],"current_hp_per_floor":[61,54,47,46,33,53,53,53,53,53,42,42,42,32,52,45,68,61,62,50,50,35,56,46,58,58,37,60,60,38,38,61,23,78,53,42,42,42,42,65,63,78,78,78,61,69,34,60,83,79],"gold":225,"neow_bonus":"RANDOM_COLORLESS_2","is_daily":false,"chose_seed":false,"campfire_upgraded":3,"win_rate":0.0,"timestamp":1609734666,"path_taken":["M","M","?","M","M","R","$","R","T","R","?","R","$","M","R","BOSS","M","M","?","?","M","R","E","M","T","E","R","M","M","$","R","BOSS","M","?","$","?","$","R","M","R","T","?","M","E","M","M","R","BOSS"],"items_purchased_type":["Card","Card","Potion","Card","Card"],"build_version":"2020-12-22","purchased_purges":1,"victory":true,"max_hp_per_floor":[68,68,68,68,68,68,68,68,68,68,68,68,68,68,68,68,68,68,68,73,73,73,73,78,78,78,78,78,78,78,78,78,78,78,78,78,78,78,78,78,78,78,78,78,78,78,78,83,83,83],"card_choices":[{"not_picked":["Panache","Secret Weapon"],"picked":"Magnetism","floor":0},{"not_picked":["Barrage","Streamline","Turbo"],"picked":"SKIP","floor":1},{"not_picked":["Tempest","Barrage"],"picked":"Darkness","floor":2},{"not_picked":["Stack","Rip and Tear"],"picked":"Hologram","floor":4},{"not_picked":["Turbo","Sweeping Beam"],"picked":"Leap","floor":5},{"not_picked":["Ball Lightning","Compile Driver"],"picked":"Undo+1","floor":14},{"not_picked":["Core Surge","Multi-Cast+1"],"picked":"Thunder Strike","floor":16},{"not_picked":[],"picked":"Tempest+1","floor":18},{"not_picked":[],"picked":"Ball Lightning+1","floor":19},{"not_picked":["Glacier+1"],"picked":"SKIP","floor":22},{"not_picked":["Steam Power+1"],"picked":"SKIP","floor":24},{"not_picked":["Stack+1"],"picked":"SKIP","floor":25},{"not_picked":["Gash"],"picked":"SKIP","floor":27},{"not_picked":["Gash+1"],"picked":"SKIP","floor":29},{"not_picked":["Rip and Tear"],"picked":"SKIP","floor":30},{"not_picked":[],"picked":"Creative AI","floor":33},{"not_picked":[],"picked":"Defragment+1","floor":35},{"not_picked":[],"picked":"Capacitor","floor":41},{"not_picked":["Barrage"],"picked":"SKIP","floor":45},{"not_picked":["Gash"],"picked":"SKIP","floor":46},{"not_picked":["Beam Cell+1"],"picked":"SKIP","floor":47},{"not_picked":["FTL+1"],"picked":"SKIP","floor":48}],"player_experience":246824,"relics_obtained":[{"floor":9,"key":"Toxic Egg 2"},{"floor":24,"key":"Meat on the Bone"},{"floor":26,"key":"Matryoshka"},{"floor":27,"key":"Potion Belt"},{"floor":36,"key":"Incense Burner"},{"floor":43,"key":"PreservedInsect"},{"floor":43,"key":"StrikeDummy"},{"floor":44,"key":"Gambling Chip"},{"floor":46,"key":"Art of War"}],"event_choices":[{"cards_removed":["Strike_B"],"damage_healed":0,"gold_gain":0,"player_choice":"Card Removal","damage_taken":7,"max_hp_gain":0,"max_hp_loss":0,"event_name":"Golden Wing","floor":3,"gold_loss":0},{"damage_healed":0,"gold_gain":75,"player_choice":"Gather Gold","damage_taken":11,"max_hp_gain":0,"max_hp_loss":0,"event_name":"World of Goop","floor":11,"gold_loss":0},{"damage_healed":0,"gold_gain":0,"player_choice":"Shed Blood","damage_taken":17,"max_hp_gain":5,"max_hp_loss":0,"event_name":"Forgotten Altar","floor":20,"gold_loss":0},{"damage_healed":0,"gold_gain":0,"player_choice":"Obtained Relic","damage_taken":0,"relics_obtained":["Torii"],"max_hp_gain":0,"max_hp_loss":0,"event_name":"Addict","floor":21,"gold_loss":85},{"damage_healed":0,"gold_gain":0,"player_choice":"Fight","damage_taken":0,"max_hp_gain":0,"max_hp_loss":0,"event_name":"Mysterious Sphere","floor":36,"gold_loss":0},{"cards_removed":["Strike_B"],"damage_healed":0,"gold_gain":0,"player_choice":"Removed Attack","damage_taken":0,"max_hp_gain":0,"max_hp_loss":0,"event_name":"Falling","floor":38,"gold_loss":0},{"damage_healed":0,"gold_gain":0,"player_choice":"Fight","damage_taken":0,"max_hp_gain":0,"max_hp_loss":0,"event_name":"MindBloom","floor":44,"gold_loss":0}],"is_beta":false,"boss_relics":[{"not_picked":["Velvet Choker","Runic Pyramid"],"picked":"Busted Crown"},{"not_picked":["Pandora\u0027s Box","Calling Bell"],"picked":"Fusion Hammer"}],"items_purged_floors":[7],"is_endless":false,"potions_floor_spawned":[16,22,24,30,36,41,46,48],"ascension_level":2}}