{"host":"roto7j7840a50pxh","time":1609776996,"event":{"mods":["Act Like it!","BaseMod","Better Altar","Better Note","Better Sensory Stone","Better Skull","Better Third Choice","BetterRewards","Colored Map","Colored Powertips","Downfall","Hermit","Highlight Path","Hubris","Infinite Spire","Minty Spire (QoL Compilation)","Replay The Spire","Robot Space Explorer","Shade Mod","Spicy Shops","StSLib","The Cursed","The Dragon Tamer","The Hierophant","The Necromancer","The Runesmith","The Servant 0.9.4","TheVacant"],"gold_per_floor":[112,77,89,108,121,121,121,121,200,217,246,421,438,474,474,580,580,600,348,348,375,375,416,442,442,442,422,443,443,480,503,503,615,615,645,645,645,673,673,712,712,712,736,759,800,800,824,797,797,797],"floor_reached":51,"playtime":4050,"items_purged":[],"score":1624,"play_id":"fd3edbd1-a23e-4ceb-8603-2607be352809","local_time":"20210104111636","is_ascension_mode":true,"campfire_choices":[{"data":"TheCursedMod:CircleOfWindfury","floor":6.0,"key":"SMITH"},{"data":"TheCursedMod:EmpowerCircles","floor":8.0,"key":"SMITH"},{"data":"TheCursedMod:CollectTribute","floor":15.0,"key":"SMITH"},{"floor":25.0,"key":"REST"},{"data":"TheCursedMod:ParallelWorld","floor":25.0,"key":"SMITH"},{"data":"TheCursedMod:ReleasedKnowledge","floor":29.0,"key":"SMITH"},{"floor":32.0,"key":"REST"},{"data":"TheCursedMod:ShockAndAwe","floor":32.0,"key":"SMITH"},{"data":"TheCursedMod:ManaCirculation","floor":41.0,"key":"SMITH"},{"floor":46.0,"key":"REST"},{"data":"TheCursedMod:HellsGateOpen","floor":46.0,"key":"SMITH"},{"data":"TheCursedMod:CleanUpWorkshop","floor":49.0,"key":"SMITH"}],"circlet_count":0,"master_deck":["TheCursedMod:CursedWand","TheCursedMod:CleanUpWorkshop+1","TheCursedMod:Wield","Finesse","TheCursedMod:Stretching","TheCursedMod:Stretching","TheCursedMod:CircleOfCorruption","TheCursedMod:CircleOfCorruption","TheCursedMod:CircleOfWindfury+1","TheCursedMod:CircleOfAbyss","TheCursedMod:CircleOfCorruption","TheCursedMod:SpitefulStrike","TheCursedMod:StingEye","TheCursedMod:EmpowerCircles+1","TheCursedMod:CircleOfFlame","TheCursedMod:CircleOfFlame","TheCursedMod:CircleOfCorruption","Poisoned Strike","TheCursedMod:CursedMace","TheCursedMod:AbyssShockwave","TheCursedMod:CursedSpellbook","TheCursedMod:CursedMace","TheCursedMod:CursedShiv","TheCursedMod:Stretching","TheCursedMod:CollectTribute+1","TheCursedMod:ShockAndAwe+1","Doubt","hubris:Greed","TheCursedMod:ManaBullet","TheCursedMod:SurpriseAttack","hubris:Greed","TheCursedMod:ParallelWorld+1","TheCursedMod:FleshFromBone+1","TheCursedMod:WearCloak","TheCursedMod:HellsGateOpen+1","TheCursedMod:StingEye","TheCursedMod:CursedBlade+1","TheCursedMod:StingEye+1","TheCursedMod:TroublousMinions","TheCursedMod:ReleasedKnowledge+1","TheCursedMod:TroublousMinions+1","TheCursedMod:CursedSpellbook+1","TheCursedMod:ManaCirculation+1","TheCursedMod:CircleOfCorruption+1","AscendersBane","TheCursedMod:SaltUponWound+1","TheCursedMod:SurpriseAttack+1","TheCursedMod:CursedBlade+1","TheCursedMod:CircleOfCorruption+1","TheCursedMod:CursedSpellbook+1","TheCursedMod:Evocation+1","hubris:Greed"],"relics":["TheCursedMod:PinkPellets","infinitespire:Magic Flask","infinitespire:BottledMercury","Replay:Bottled Flurry","Regal Pillow","Akabeko","Painkiller Herb","ReplayTheSpireMod:TigerMarble","ReplayTheSpireMod:Shallot","Shuriken","TheCursedMod:CrystalBall","Toxic Egg 2","hubris:VirtuousBlindfold","Turnip","hubris:Icosahedron","infinitespire:PuzzleCube","Runesmith:AutoHammer"],"acts_visited":["Exordium","TheCity","TheBeyond"],"potions_floor_usage":[50],"damage_taken":[{"damage":1.0,"enemies":"Small Slimes","floor":1.0,"turns":2.0},{"damage":0.0,"enemies":"Jaw Worm","floor":3.0,"turns":2.0},{"damage":0.0,"enemies":"Cultist","floor":4.0,"turns":3.0},{"damage":0.0,"enemies":"3 Louse","floor":5.0,"turns":1.0},{"damage":5.0,"enemies":"Exordium Wildlife","floor":10.0,"turns":3.0},{"damage":16.0,"enemies":"3 Sentries","floor":11.0,"turns":4.0},{"damage":2.0,"enemies":"2 Fungi Beasts","floor":13.0,"turns":2.0},{"damage":0.0,"enemies":"Lagavulin","floor":14.0,"turns":2.0},{"damage":0.0,"enemies":"Slime Boss","floor":16.0,"turns":3.0},{"damage":21.0,"enemies":"Shell Parasite","floor":18.0,"turns":3.0},{"damage":0.0,"enemies":"Spheric Guardian","floor":21.0,"turns":1.0},{"damage":24.0,"enemies":"Book of Stabbing","floor":23.0,"turns":5.0},{"damage":5.0,"enemies":"Snecko","floor":24.0,"turns":3.0},{"damage":3.0,"enemies":"Centurion and Healer","floor":28.0,"turns":5.0},{"damage":22.0,"enemies":"Slavers","floor":30.0,"turns":3.0},{"damage":5.0,"enemies":"Cultist and Chosen","floor":31.0,"turns":3.0},{"damage":17.0,"enemies":"Collector","floor":33.0,"turns":6.0},{"damage":19.0,"enemies":"Orb Walker","floor":35.0,"turns":3.0},{"damage":2.0,"enemies":"3 Shapes","floor":38.0,"turns":4.0},{"damage":41.0,"enemies":"Reptomancer","floor":40.0,"turns":5.0},{"damage":22.0,"enemies":"Spire Growth","floor":44.0,"turns":4.0},{"damage":17.0,"enemies":"Nemesis","floor":45.0,"turns":5.0},{"damage":0.0,"enemies":"3 Darklings","floor":47.0,"turns":4.0},{"damage":0.0,"enemies":"Maw","floor":48.0,"turns":4.0},{"damage":52,"enemies":"Time Eater","floor":50,"turns":9}],"seed_played":"-622820781666744579","potions_obtained":[{"floor":1.0,"key":"EssenceOfSteel"},{"floor":5.0,"key":"FairyPotion"},{"floor":13.0,"key":"SpeedPotion"},{"floor":16.0,"key":"SteroidPotion"},{"floor":18.0,"key":"Swift Potion"},{"floor":27.0,"key":"SteroidPotion"},{"floor":30.0,"key":"Regen Potion"},{"floor":31.0,"key":"TheCursedMod:DregsPotion"},{"floor":38.0,"key":"BlessingOfTheForge"},{"floor":40.0,"key":"champ:CounterPotion"},{"floor":47.0,"key":"Block Potion"},{"floor":48.0,"key":"FearPotion"}],"is_trial":false,"path_per_floor":["M","?","M","M","M","R","?","R","T","M","E","?","M","E","R","B",null,"?","T","?","?","?","E","?","T","T","?","?","T","E","?","T","B",null,"?","?","?","?","?","E","T","?","T","?","E","T","?","?","T","B",null],"character_chosen":"THE_CURSED","items_purchased":["TheCursedMod:CircleOfCorruption","TheCursedMod:SpitefulStrike","TheCursedMod:StingEye","TheCursedMod:EmpowerCircles","TheCursedMod:CircleOfFlame","TheCursedMod:CircleOfCorruption","Poisoned Strike","TheCursedMod:CursedMace","TheCursedMod:AbyssShockwave","infinitespire:Magic Flask","TheCursedMod:WearCloak","TheCursedMod:HellsGateOpen","ReplayTheSpireMod:TigerMarble"],"campfire_rested":3,"item_purchase_floors":[0,0,0,0,0,0,0,0,0,0,19,19,19],"current_hp_per_floor":[29,47,47,47,47,47,47,47,47,42,26,26,24,24,24,24,62,41,41,41,41,41,17,12,49,49,49,46,46,24,28,65,48,68,55,61,67,71,75,34,40,46,52,36,25,68,77,77,77,25],"gold":797,"neow_bonus":"","is_daily":false,"chose_seed":false,"campfire_upgraded":9,"win_rate":0.0,"timestamp":1609776996,"path_taken":["M","?","M","M","M","R","?","R","T","M","E","?","M","E","R","BOSS","?","T","?","?","?","E","?","T","T","?","?","T","E","?","T","BOSS","?","?","?","?","?","E","T","?","T","?","E","T","?","?","T","BOSS"],"items_purchased_type":["Card","Card","Card","Card","Card","Card","Card","Card","Card","Relic","Card","Card","Relic"],"build_version":"2020-12-22","purchased_purges":0,"victory":true,"max_hp_per_floor":[75,75,75,75,75,75,75,75,75,75,75,75,75,75,75,75,75,75,75,75,75,75,75,75,75,75,75,75,75,75,75,75,75,75,75,75,75,75,75,75,75,75,75,75,75,75,77,77,77,77],"card_choices":[{"not_picked":["TheCursedMod:CircleOfBlood","TheCursedMod:Obscuration"],"picked":"TheCursedMod:CursedSpellbook","floor":1.0},{"not_picked":["TheCursedMod:SmokeScreen","TheCursedMod:RapidMovement"],"picked":"TheCursedMod:CursedMace","floor":3.0},{"not_picked":["TheCursedMod:TacticalStrike","TheCursedMod:SoulCrush"],"picked":"TheCursedMod:CursedShiv","floor":4.0},{"not_picked":["TheCursedMod:FleshFromBone","TheCursedMod:BloodBarrier"],"picked":"TheCursedMod:Stretching","floor":5.0},{"not_picked":["TheCursedMod:Wield","TheCursedMod:CursedMace"],"picked":"TheCursedMod:CollectTribute","floor":10.0},{"not_picked":["TheCursedMod:RavingStaff","TheCursedMod:EmpowerCircles"],"picked":"TheCursedMod:ShockAndAwe","floor":11.0},{"not_picked":["TheCursedMod:Stigma","TheCursedMod:RavingStaff"],"picked":"TheCursedMod:ManaBullet","floor":13.0},{"not_picked":["TheCursedMod:CursedBlade","TheCursedMod:CursedBoomerang"],"picked":"TheCursedMod:SurpriseAttack","floor":14.0},{"not_picked":["TheCursedMod:ShockAndAwe","TheCursedMod:OutForBlood"],"picked":"TheCursedMod:ParallelWorld","floor":16.0},{"not_picked":["TheCursedMod:CursedAmulet","TheCursedMod:StingEye"],"picked":"TheCursedMod:FleshFromBone+1","floor":18.0},{"not_picked":["TheCursedMod:SmokeScreen","TheCursedMod:Grudge"],"picked":"TheCursedMod:CursedBlade+1","floor":21.0},{"not_picked":["TheCursedMod:Hemoplague","TheCursedMod:EmpowerCircles"],"picked":"TheCursedMod:StingEye+1","floor":23.0},{"not_picked":["TheCursedMod:SaltUponWound","TheCursedMod:SmokeScreen"],"picked":"TheCursedMod:TroublousMinions","floor":24.0},{"not_picked":["TheCursedMod:Stigma","TheCursedMod:SaltUponWound"],"picked":"TheCursedMod:ReleasedKnowledge","floor":28.0},{"not_picked":["TheCursedMod:SaltUponWound+1","TheCursedMod:StunningStrike"],"picked":"TheCursedMod:TroublousMinions+1","floor":30.0},{"not_picked":["TheCursedMod:Mangle","TheCursedMod:VitalStrike"],"picked":"TheCursedMod:CursedSpellbook+1","floor":31.0},{"not_picked":["TheCursedMod:CursedRelics","TheCursedMod:CollectTribute"],"picked":"TheCursedMod:ManaCirculation","floor":33.0},{"not_picked":["TheCursedMod:CursedMace+1","TheCursedMod:CursedShiv"],"picked":"TheCursedMod:FleshFromBone+1","floor":35.0},{"not_picked":["TheCursedMod:CursedBlade+1","TheCursedMod:TacticalStrike"],"picked":"TheCursedMod:CircleOfCorruption+1","floor":38.0},{"not_picked":["TheCursedMod:CursedBlade+1","TheCursedMod:EmpowerCircles+1"],"picked":"TheCursedMod:SurpriseAttack+1","floor":40.0},{"not_picked":["TheCursedMod:CursedRelics","TheCursedMod:CursedStaff+1"],"picked":"TheCursedMod:CursedBlade+1","floor":44.0},{"not_picked":["TheCursedMod:FleshFromBone+1","TheCursedMod:TacticalStrike"],"picked":"TheCursedMod:CircleOfCorruption+1","floor":45.0},{"not_picked":["TheCursedMod:CursedMace","TheCursedMod:VoidForm"],"picked":"TheCursedMod:CursedSpellbook+1","floor":47.0},{"not_picked":["TheCursedMod:Stigma+1","TheCursedMod:VitalStrike+1"],"picked":"TheCursedMod:Evocation+1","floor":48.0}],"player_experience":1425206,"relics_obtained":[{"floor":9.0,"key":"Replay:Bottled Flurry"},{"floor":11.0,"key":"Regal Pillow"},{"floor":14.0,"key":"Akabeko"},{"floor":23.0,"key":"Shuriken"},{"floor":26.0,"key":"TheCursedMod:CrystalBall"},{"floor":30.0,"key":"Toxic Egg 2"},{"floor":40.0,"key":"Turnip"},{"floor":43.0,"key":"infinitespire:PuzzleCube"},{"floor":45.0,"key":"Runesmith:AutoHammer"}],"event_choices":[{"damage_healed":18.0,"max_hp_gain":0.0,"max_hp_loss":0.0,"gold_gain":0.0,"event_name":"The Cleric","player_choice":"Healed","floor":2.0,"gold_loss":35.0,"damage_taken":0.0},{"damage_healed":0.0,"max_hp_gain":0.0,"max_hp_loss":0.0,"gold_gain":0.0,"event_name":"Dead Adventurer","player_choice":"Searched \u00271\u0027 times","floor":7.0,"gold_loss":0.0,"damage_taken":0.0,"relics_obtained":["infinitespire:BottledMercury"]},{"damage_healed":0.0,"max_hp_gain":0.0,"max_hp_loss":0.0,"gold_gain":175.0,"event_name":"betterThird:BetterSerpent","player_choice":"AGREE","floor":12.0,"gold_loss":0.0,"damage_taken":246.0},{"damage_healed":0.0,"max_hp_gain":0.0,"max_hp_loss":0.0,"gold_gain":0.0,"event_name":"Duplicator","player_choice":"Copied","floor":20.0,"gold_loss":0.0,"damage_taken":0.0,"cards_obtained":["TheCursedMod:StingEye"]},{"damage_healed":0.0,"max_hp_gain":0.0,"max_hp_loss":0.0,"gold_gain":0.0,"event_name":"WeMeetAgain","player_choice":"Gave Potion","floor":22.0,"gold_loss":0.0,"damage_taken":0.0,"relics_obtained":["ReplayTheSpireMod:Shallot"]},{"damage_healed":0.0,"max_hp_gain":0.0,"max_hp_loss":0.0,"gold_gain":0.0,"event_name":"The Woman in Blue","player_choice":"Bought 1 Potion","floor":27.0,"gold_loss":0.0,"damage_taken":0.0},{"damage_healed":0.0,"max_hp_gain":0.0,"max_hp_loss":0.0,"gold_gain":0.0,"event_name":"Tomb of Lord Red Mask","player_choice":"Ignored","floor":36.0,"gold_loss":0.0,"damage_taken":0.0},{"cards_removed":["TheCursedMod:FleshFromBone"],"damage_healed":0.0,"max_hp_gain":0.0,"max_hp_loss":0.0,"gold_gain":0.0,"event_name":"Falling","player_choice":"Removed Skill","floor":37.0,"gold_loss":0.0,"damage_taken":0.0},{"damage_healed":0.0,"max_hp_gain":0.0,"max_hp_loss":0.0,"gold_gain":3.0,"event_name":"betterStone:BetterStone","player_choice":"3","floor":39.0,"gold_loss":0.0,"damage_taken":0.0,"cards_obtained":["TheCursedMod:SaltUponWound"]}],"is_beta":false,"boss_relics":[{"not_picked":["ChewingGum","Runic Dome"],"picked":"Painkiller Herb"},{"not_picked":["hubris:Stopwatch","Abe\u0027s Treasure"],"picked":"hubris:VirtuousBlindfold"}],"items_purged_floors":[],"is_endless":false,"potions_floor_spawned":[1,5,13,16,18,30,31,38,40,47,48],"ascension_level":9}}