{"host":"g01l53quoe6lrer0","time":1609785267,"event":{"mods":["2.2 Compatiblity","AchievementEnabler","BaseMod","Colored Map","Highlight Path","Keyboard Shortcuts","Minty Spire (QoL Compilation)","Permanent Neow","Quick Restart","StSLib","SuperFastMode","everything is the same but u backflip on backflip"],"gold_per_floor":[113,288,288,59,76,103,103],"floor_reached":6,"playtime":61,"items_purged":["Strike_R"],"score":93,"play_id":"712b6971-1cc3-49ce-b500-3538e1054c3c","local_time":"20210105033427","is_ascension_mode":true,"campfire_choices":[],"circlet_count":0,"master_deck":["Strike_R","Strike_R","Strike_R","Strike_R","Defend_R","Defend_R","Defend_R","Defend_R","Bash","Flex","Immolate","Inflame"],"relics":["Burning Blood","NeowsBlessing","Happy Flower"],"acts_visited":["Exordium"],"potions_floor_usage":[],"damage_taken":[{"damage":0,"enemies":"2 Louse","floor":1,"turns":1},{"damage":0,"enemies":"Cultist","floor":5,"turns":1},{"damage":0,"enemies":"Gremlin Nob","floor":6,"turns":1}],"seed_played":"-4755901534340558134","potions_obtained":[{"floor":5,"key":"Regen Potion"},{"floor":6,"key":"Fire Potion"}],"is_trial":false,"path_per_floor":["M","?","?","$","M","E"],"character_chosen":"IRONCLAD","items_purchased":["Immolate"],"campfire_rested":0,"item_purchase_floors":[4],"current_hp_per_floor":[78,78,78,78,80,80,80],"gold":103,"neow_bonus":"THREE_ENEMY_KILL","is_daily":false,"chose_seed":false,"campfire_upgraded":0,"win_rate":0.0,"timestamp":1609785267,"path_taken":["M","?","?","$","M","E"],"items_purchased_type":["Card"],"build_version":"2020-12-22","purchased_purges":1,"victory":false,"max_hp_per_floor":[80,80,80,80,80,80,80],"card_choices":[{"not_picked":["Flex","Shrug It Off","Iron Wave"],"picked":"SKIP","floor":1},{"not_picked":["Shrug It Off","Iron Wave"],"picked":"Flex","floor":1},{"not_picked":["Rampage","Headbutt"],"picked":"Inflame","floor":5}],"player_experience":62090,"relics_obtained":[{"floor":6,"key":"Happy Flower"}],"event_choices":[{"damage_healed":0,"gold_gain":175,"player_choice":"AGREE","damage_taken":0,"max_hp_gain":0,"max_hp_loss":0,"event_name":"Liars Game","floor":2,"gold_loss":0,"cards_obtained":["Doubt"]},{"cards_removed":["Doubt"],"damage_healed":0,"gold_gain":0,"player_choice":"Purged","damage_taken":0,"max_hp_gain":0,"max_hp_loss":0,"event_name":"Purifier","floor":3,"gold_loss":0}],"is_beta":false,"boss_relics":[],"items_purged_floors":[4],"is_endless":false,"potions_floor_spawned":[5,6],"killed_by":"Gremlin Nob","ascension_level":7}}