{"host":"2se5dq1do2gp0x9k","time":1609723831,"event":{"mods":["AchievementEnabler","BaseMod","Block Reminder","Colored Map","Colored Powertips","Minty Spire (QoL Compilation)","Relic Stats","StSLib","SuperFastMode"],"gold_per_floor":[118,193,207,17,31,58,58,71,96,129,61,61,61,81,81,184,184,194,208,208,225,45,45,63,63,109,109,109,109],"floor_reached":28,"playtime":1067,"items_purged":[],"score":417,"play_id":"415cc27d-fa58-4177-8ff0-16f82ed3495d","local_time":"20210103173031","is_ascension_mode":true,"campfire_choices":[{"data":"Eruption","floor":7.0,"key":"SMITH"},{"data":"Meditate","floor":12.0,"key":"SMITH"},{"data":"ThirdEye","floor":15.0,"key":"SMITH"},{"data":"Blasphemy","floor":23.0,"key":"SMITH"},{"data":"Fasting2","floor":27.0,"key":"SMITH"}],"circlet_count":0,"master_deck":["AscendersBane","Strike_P","Strike_P","Strike_P","Strike_P","Defend_P","Defend_P","Defend_P","Defend_P","Eruption+1","Vigilance","BowlingBash","ThirdEye+1","CutThroughFate","CutThroughFate","Wireheading","Judgement","Meditate+1","Blasphemy+1","ThirdEye","Wallop","Nirvana","CutThroughFate","Fasting2+1"],"relics":["Coffee Dripper","Bag of Preparation","Toy Ornithopter","Akabeko","Strawberry","VioletLotus","ClockworkSouvenir","Mango","Potion Belt"],"acts_visited":["Exordium","TheCity"],"potions_floor_usage":[],"damage_taken":[{"damage":0.0,"enemies":"Cultist","floor":1.0,"turns":2.0},{"damage":0.0,"enemies":"2 Louse","floor":3.0,"turns":3.0},{"damage":0.0,"enemies":"Small Slimes","floor":5.0,"turns":2.0},{"damage":31.0,"enemies":"Gremlin Nob","floor":6.0,"turns":3.0},{"damage":0.0,"enemies":"Exordium Thugs","floor":8.0,"turns":3.0},{"damage":0.0,"enemies":"Lagavulin","floor":10.0,"turns":4.0},{"damage":8.0,"enemies":"Blue Slaver","floor":14.0,"turns":2.0},{"damage":2.0,"enemies":"Hexaghost","floor":16.0,"turns":7.0},{"damage":13.0,"enemies":"2 Thieves","floor":18.0,"turns":4.0},{"damage":0.0,"enemies":"3 Byrds","floor":19.0,"turns":3.0},{"damage":27.0,"enemies":"Shelled Parasite and Fungi","floor":21.0,"turns":7.0},{"damage":16.0,"enemies":"Snake Plant","floor":24.0,"turns":3.0},{"damage":99999,"enemies":"Cultist and Chosen","floor":28,"turns":5}],"seed_played":"7541781850588505605","potions_obtained":[{"floor":1.0,"key":"Dexterity Potion"},{"floor":3.0,"key":"Ancient Potion"},{"floor":6.0,"key":"SkillPotion"},{"floor":8.0,"key":"SteroidPotion"},{"floor":21.0,"key":"Strength Potion"}],"is_trial":false,"path_per_floor":["M","?","M","$","M","E","R","M","T","E","$","R","?","M","R","B",null,"M","M","?","M","$","R","M","T","T","R","M"],"character_chosen":"WATCHER","items_purchased":["CutThroughFate","Bag of Preparation","Meditate","CutThroughFate","ClockworkSouvenir"],"campfire_rested":0,"item_purchase_floors":[4,4,11,22,22],"current_hp_per_floor":[65,54,54,54,54,23,23,23,23,30,30,30,30,22,22,25,66,53,53,53,26,26,26,15,29,29,29,0,0],"gold":109,"neow_bonus":"BOSS_RELIC","is_daily":false,"chose_seed":false,"campfire_upgraded":5,"win_rate":0.0,"timestamp":1609723831,"path_taken":["M","?","M","$","M","E","R","M","T","E","$","R","?","M","R","BOSS","M","M","?","M","$","R","M","?","T","R","M"],"items_purchased_type":["Card","Relic","Card","Card","Relic"],"build_version":"2020-12-22","purchased_purges":0,"victory":false,"max_hp_per_floor":[72,72,72,72,72,72,72,72,72,79,79,79,79,79,79,79,79,79,79,79,79,79,79,79,93,93,93,93,93],"relic_stats":{"counters":[13,47],"VioletLotus":[5],"Bag of Preparation":[22],"obtain_stats":[{"Potion Belt":26,"Strawberry":10,"Mango":25,"VioletLotus":17,"Coffee Dripper":0,"Bag of Preparation":4,"PureWater":0,"Toy Ornithopter":6,"Akabeko":9,"ClockworkSouvenir":22},{"Potion Belt":12,"Strawberry":6,"Mango":12,"VioletLotus":8,"Coffee Dripper":0,"Bag of Preparation":2,"PureWater":0,"Toy Ornithopter":4,"Akabeko":5,"ClockworkSouvenir":11},{"Potion Belt":43,"Strawberry":17,"Mango":43,"VioletLotus":26,"Coffee Dripper":0,"Bag of Preparation":5,"PureWater":0,"Toy Ornithopter":10,"Akabeko":13,"ClockworkSouvenir":40}],"Toy Ornithopter":10},"card_choices":[{"not_picked":["Fasting2","FollowUp"],"picked":"BowlingBash","floor":1.0},{"not_picked":["Fasting2","Consecrate"],"picked":"ThirdEye","floor":3.0},{"not_picked":["EmptyBody","PathToVictory"],"picked":"CutThroughFate","floor":5.0},{"not_picked":["FollowUp","BowlingBash","FlyingSleeves"],"picked":"SKIP","floor":6.0},{"not_picked":["Weave","BattleHymn"],"picked":"Wireheading","floor":8.0},{"not_picked":["EmptyFist","EmptyMind"],"picked":"Judgement","floor":10.0},{"not_picked":["WindmillStrike","EmptyFist","Prostrate"],"picked":"SKIP","floor":14.0},{"not_picked":["Brilliance","MasterReality"],"picked":"Blasphemy","floor":16.0},{"not_picked":["PathToVictory","Consecrate+1"],"picked":"ThirdEye","floor":18.0},{"not_picked":["Consecrate","Sanctity+1"],"picked":"Wallop","floor":19.0},{"not_picked":["EmptyFist","Study","Collect"],"picked":"SKIP","floor":21.0},{"not_picked":["ConjureBlade","EmptyBody"],"picked":"Fasting2","floor":24.0}],"player_experience":3751578,"relics_obtained":[{"floor":6.0,"key":"Toy Ornithopter"},{"floor":9.0,"key":"Akabeko"},{"floor":10.0,"key":"Strawberry"},{"floor":25.0,"key":"Mango"},{"floor":26.0,"key":"Potion Belt"}],"event_choices":[{"damage_healed":0.0,"max_hp_gain":0.0,"max_hp_loss":0.0,"gold_gain":75.0,"event_name":"World of Goop","player_choice":"Gather Gold","floor":2.0,"gold_loss":0.0,"damage_taken":11.0},{"damage_healed":0.0,"max_hp_gain":0.0,"max_hp_loss":0.0,"gold_gain":0.0,"event_name":"Shining Light","player_choice":"Ignored","floor":13.0,"gold_loss":0.0,"damage_taken":0.0},{"damage_healed":0.0,"max_hp_gain":0.0,"max_hp_loss":0.0,"gold_gain":0.0,"event_name":"The Library","player_choice":"Read","floor":20.0,"gold_loss":0.0,"damage_taken":0.0,"cards_obtained":["Nirvana"]}],"is_beta":false,"boss_relics":[{"not_picked":["Philosopher\u0027s Stone","Tiny House"],"picked":"VioletLotus"}],"items_purged_floors":[],"is_endless":false,"potions_floor_spawned":[1,3,6,8,21],"killed_by":"Cultist and Chosen","ascension_level":11}}