{"host":"wx6svya5zq9f9ob8","time":1609746687,"event":{"mods":["ATMod(阿瑾Mod)","Act Like it!","Aspiration","BaseMod","Colored Powertips","Conspire","Gensokyo","HololiveMod","Jedi Mod","KomeijiMod","Lobotomy","LobotomyExtend","Minty Spire (QoL Compilation)","MostiFishMod","Pale of the Ancients","Permanent Neow","Prisma Mod","Quick Restart","Railgun Mod","Reimu（博丽灵梦）","Relic Stats","Replay The Spire","RumiaBox-露米娅的神秘盒子","Spicy Shops","StSLib","TestMod","WarShipGirlsR/战舰少女R mod","[IsaacMod]以撒尖塔","theHeart","vexMod","【功能Mod】混沌之环修复补丁","【功能Mod】聪明的最终Boss","【遗物卡牌】REMEMod","篝火指南"],"gold_per_floor":[124,144,144,9,20,20,51,71,124,524,570,580,615,632,106,219,219,240,23,80,80,95,128,141,141,141,141,141,158,158,158,158,288,288,306,306,16,48,61,87,87,98,123,210,210,249,249,304,304,339,339],"floor_reached":50,"playtime":4142,"items_purged":[],"score":1278,"play_id":"2f5ff251-46fa-4d95-bcba-226eb57d0e6c","local_time":"20210104155127","is_ascension_mode":true,"campfire_choices":[{"floor":6,"key":"RECALL"},{"floor":27,"key":"REST"},{"data":"PrismaMod:IllyaAOECommonAttack","floor":30,"key":"SMITH"},{"data":"PrismaMod:IllyaPoisonTippedWeapons","floor":41,"key":"SMITH"},{"data":"PrismaMod:IllyaSaphire","floor":45,"key":"SMITH"}],"circlet_count":0,"master_deck":["PrismaMod:IllyaCommonDefend","PrismaMod:IllyaCommonDefend","PrismaMod:IllyaCommonAttack","PrismaMod:IllyaCommonAttack","PrismaMod:IllyaCommonDefend","PrismaMod:IllyaCommonAttack","PrismaMod:IllyaCommonDefend","PrismaMod:IllyaUncommonAttack+1","PrismaMod:IllyaUncommonDefend+1","DoctorFetus","PrismaMod:IllyaBride","PrismaMod:IllyaRubysPotion","PrismaMod:IllyaStunPoison","PrismaMod:IllyaAOECommonAttack+1","PrismaMod:IllyaFriendMaker","PrismaMod:IllyaGun+1","PrismaMod:IllyaFeed","PrismaMod:IllyaBerserCAR","PrismaMod:IllyaPartialInstallAssassin+1","PrismaMod:IllyaPoisonTippedWeapons+1","PrismaMod:IllyaRubysPotion","PrismaMod:IllyaSaphire+1"],"relics":["PrismaMod:PrismaZwei","HushsDoor","DaveBox","REME_ComplimentaryCards","AT_ATBox","aspiration:PoetsPen","testmod-DreamHouse","Happy Flower","Lantern","SalivaCoin","SynthV:TestCard","LetterFromLob","BirthdayGift-Tetrahedron","Potion Belt","TheBean","AT_SunfireAegis","Pet Ghost","ExusiaiGun","Moonlight_r","MagicBullet_r","ChiLing","Chi","Ling","conspire:Dentures","Bag of Marbles","OriginationStaff","Gensokyo:RedStar","Unceasing Top","ShadowXiaoBlade","testmod-CasingShield","InkBottle","AT_MibuBalloonWealth","vexMod:MemoryStick","Civilization","Ring of Fangs","Ring of Misfortune","AT_ArcaneBoots"],"acts_visited":["Gensokyo:Gensokyo","Gensokyo:Gensokyoer","TheBeyond"],"potions_floor_usage":[16,16,16,33,50,50,50,50,50],"damage_taken":[{"damage":13,"enemies":"Gensokyo:3_Fairies","floor":1,"turns":4},{"damage":8,"enemies":"Gensokyo:Gryphon","floor":2,"turns":3},{"damage":0,"enemies":"Gensokyo:2_Kodama","floor":5,"turns":2},{"damage":0,"enemies":"Gensokyo:Cirno","floor":7,"turns":4},{"damage":0,"enemies":"Gensokyo:LivingMonolith","floor":8,"turns":2},{"damage":12,"enemies":"Gensokyo:Gryphon_and_Rabbit","floor":11,"turns":3},{"damage":0,"enemies":"Gensokyo:VengefulSpirit","floor":12,"turns":2},{"damage":0,"enemies":"Gensokyo:Mamizou","floor":13,"turns":3},{"damage":0,"enemies":"Gensokyo:Python_and_Kodama","floor":14,"turns":2},{"damage":3,"enemies":"Gensokyo:Kokoro","floor":16,"turns":3},{"damage":1,"enemies":"Hiden Room Battle","floor":20,"turns":1},{"damage":0,"enemies":"Gensokyo:2_Gloops","floor":22,"turns":1},{"damage":0,"enemies":"Gensokyo:Tenshi","floor":23,"turns":1},{"damage":0,"enemies":"Gensokyo:3_Dogs","floor":24,"turns":1},{"damage":1,"enemies":"Gensokyo:3_Gloops","floor":29,"turns":1},{"damage":6,"enemies":"Gensokyo:Kaguya","floor":33,"turns":2},{"damage":20,"enemies":"Orb Walker","floor":35,"turns":1},{"damage":8,"enemies":"3 Shapes","floor":38,"turns":1},{"damage":0,"enemies":"Writhing Mass","floor":39,"turns":1},{"damage":0,"enemies":"Reptomancer","floor":40,"turns":1},{"damage":0,"enemies":"Transient","floor":42,"turns":1},{"damage":1,"enemies":"conspire:MimicChest","floor":44,"turns":1},{"damage":0,"enemies":"Nemesis","floor":48,"turns":1},{"damage":125,"enemies":"Time Eater","floor":50,"turns":23}],"seed_played":"1808731916174583825","potions_obtained":[{"floor":2,"key":"Toxic Potion"},{"floor":5,"key":"LiquidBronze"},{"floor":7,"key":"BlessingOfTheForge"},{"floor":13,"key":"BlessingOfTheForge"},{"floor":20,"key":"testmod-TestPotion"},{"floor":29,"key":"LiquidBronze"},{"floor":32,"key":"JyouchiReiPotion"},{"floor":32,"key":"SpeedPotion"},{"floor":35,"key":"ZuzhouPotion:ReiMu"},{"floor":38,"key":"PowerPotion"}],"is_trial":false,"path_per_floor":["M","M","?","COS","M","R","E","M","T","?","M","M","E","M","R","B",null,"M","COS","?","?","M","E","M","?","T","R","$","M","R","?","R","B",null,"M","?","$","M","M","E","R","M","T","?","R","?","?","E","R","B"],"character_chosen":"ILLYA","items_purchased":["AT_SunfireAegis","Pet Ghost","PrismaMod:IllyaInstallRuler","testmod-CasingShield"],"campfire_rested":1,"item_purchase_floors":[15,15,15,37],"current_hp_per_floor":[55,47,47,47,47,47,47,47,47,47,40,45,50,55,55,57,71,27,27,26,26,26,26,26,26,26,48,48,47,47,47,47,74,75,55,67,67,59,59,59,59,64,64,63,63,63,63,64,64,0,0],"gold":339,"neow_bonus":"DOUBLE_BOSS_RELIC","is_daily":false,"chose_seed":false,"campfire_upgraded":3,"win_rate":0.0,"timestamp":1609746687,"path_taken":["M","?","?","COS","M","R","E","M","T","?","M","?","E","M","R","BOSS","M","COS","?","?","M","E","?","?","T","R","$","M","R","?","R","BOSS","M","?","$","?","?","E","R","M","T","?","R","?","?","E","R","BOSS"],"items_purchased_type":["Relic","Relic","Card","Relic"],"build_version":"2020-12-22","purchased_purges":0,"victory":false,"max_hp_per_floor":[75,75,75,75,75,75,75,75,75,75,75,75,75,75,75,75,75,75,75,75,75,75,75,75,75,75,75,75,75,75,75,75,75,75,75,75,75,75,75,75,75,75,75,75,75,75,75,76,76,76,76],"relic_stats":{"Happy Flower":[21],"counters":[24,65],"obtain_stats":[{"Lantern":0,"vexMod:MemoryStick":44,"AT_ATBox":0,"DaveBox":0,"Chi":19,"AT_MibuBalloonWealth":43,"AT_ArcaneBoots":50,"ExusiaiGun":17,"Pet Ghost":15,"testmod-CasingShield":37,"PrismaMod:PrismaRuby":0,"Civilization":46,"aspiration:PoetsPen":0,"TheBean":13,"Ring of Fangs":47,"testmod-DreamHouse":0,"BirthdayGift-Tetrahedron":4,"InkBottle":40,"PrismaMod:PrismaZwei":0,"KeepersGift":0,"Potion Belt":7,"conspire:Dentures":20,"testmod-TestBox":0,"Happy Flower":0,"MagicBullet_r":18,"ShadowXiaoBlade":34,"Gensokyo:RedStar":25,"Moonlight_r":18,"Ling":19,"AT_SpeedBoots":48,"SynthV:TestCard":1,"Ring of Misfortune":47,"SalivaCoin":0,"LetterFromLob":1,"Bag of Marbles":20,"OriginationStaff":23,"AT_SunfireAegis":15,"HushsDoor":0,"Unceasing Top":26,"REME_ComplimentaryCards":0,"ChiLing":19},{"Lantern":0,"vexMod:MemoryStick":22,"AT_ATBox":0,"DaveBox":0,"Chi":10,"AT_MibuBalloonWealth":21,"AT_ArcaneBoots":24,"ExusiaiGun":10,"Pet Ghost":9,"testmod-CasingShield":17,"PrismaMod:PrismaRuby":0,"Civilization":22,"aspiration:PoetsPen":0,"TheBean":8,"Ring of Fangs":22,"testmod-DreamHouse":0,"BirthdayGift-Tetrahedron":2,"InkBottle":20,"PrismaMod:PrismaZwei":0,"KeepersGift":0,"Potion Belt":4,"conspire:Dentures":11,"testmod-TestBox":0,"Happy Flower":0,"MagicBullet_r":10,"ShadowXiaoBlade":16,"Gensokyo:RedStar":14,"Moonlight_r":10,"Ling":10,"AT_SpeedBoots":23,"SynthV:TestCard":1,"Ring of Misfortune":22,"SalivaCoin":0,"LetterFromLob":1,"Bag of Marbles":11,"OriginationStaff":13,"AT_SunfireAegis":9,"HushsDoor":0,"Unceasing Top":14,"REME_ComplimentaryCards":0,"ChiLing":10},{"Lantern":0,"vexMod:MemoryStick":41,"AT_ATBox":0,"DaveBox":0,"Chi":28,"AT_MibuBalloonWealth":40,"AT_ArcaneBoots":54,"ExusiaiGun":28,"Pet Ghost":25,"testmod-CasingShield":36,"PrismaMod:PrismaRuby":0,"Civilization":41,"aspiration:PoetsPen":0,"TheBean":23,"Ring of Fangs":41,"testmod-DreamHouse":0,"BirthdayGift-Tetrahedron":7,"InkBottle":39,"PrismaMod:PrismaZwei":0,"KeepersGift":0,"Potion Belt":13,"conspire:Dentures":29,"testmod-TestBox":0,"Happy Flower":0,"MagicBullet_r":28,"ShadowXiaoBlade":35,"Gensokyo:RedStar":32,"Moonlight_r":28,"Ling":28,"AT_SpeedBoots":42,"SynthV:TestCard":4,"Ring of Misfortune":41,"SalivaCoin":0,"LetterFromLob":4,"Bag of Marbles":29,"OriginationStaff":31,"AT_SunfireAegis":25,"HushsDoor":0,"Unceasing Top":32,"REME_ComplimentaryCards":0,"ChiLing":28}],"Unceasing Top":[0],"InkBottle":[21]},"card_choices":[{"not_picked":[],"picked":"DoctorFetus","floor":0},{"not_picked":["PrismaMod:IllyaTestament","PrismaMod:IllyaRussianRoulette","PrismaMod:IllyaReinForce"],"picked":"SKIP","floor":1},{"not_picked":["PrismaMod:IllyaMaid","PrismaMod:IllyaPoisonBomb","PrismaMod:IllyaBlindPoisonToss","PrismaMod:IllyaCheapChannelAttack"],"picked":"PrismaMod:IllyaCommandSeal","floor":2},{"not_picked":["PrismaMod:IllyaRussianRoulette","PrismaMod:IllyaCheapChannelAttack","PrismaMod:IllyaHassanGift","PrismaMod:IllyaAOECommonAttack"],"picked":"PrismaMod:IllyaAlice","floor":5},{"not_picked":["PrismaMod:IllyaAssassinRevenge","PrismaMod:IllyaTestament","PrismaMod:IllyaCarnivalPrismaAstolfo","PrismaMod:IllyaAlice"],"picked":"PrismaMod:IllyaBride","floor":7},{"not_picked":["PrismaMod:IllyaFeed","PrismaMod:IllyaCommonEvoke","PrismaMod:IllyaUncommonEvoke","PrismaMod:IllyaBoysLove"],"picked":"PrismaMod:IllyaRubysPotion","floor":8},{"not_picked":["PrismaMod:IllyaBoysLove","PrismaMod:IllyaGun","PrismaMod:IllyaFeed","PrismaMod:IllyaCheapChannelDefend"],"picked":"PrismaMod:IllyaCommonEvoke","floor":11},{"not_picked":["PrismaMod:IllyaPartialInstallAssassin","PrismaMod:IllyaUberChannel","PrismaMod:IllyaUpgradeOrbs","PrismaMod:IllyaUncommonDefend"],"picked":"PrismaMod:IllyaStunPoison","floor":12},{"not_picked":["PrismaMod:IllyaBride","PrismaMod:IllyaMinorRapidFire","PrismaMod:IllyaUncommonAttack","PrismaMod:IllyaCheapChannelDefend"],"picked":"PrismaMod:IllyaAOECommonAttack","floor":13},{"not_picked":["PrismaMod:IllyaDualEvoke","PrismaMod:IllyaCarnivalPrismaAstolfo","PrismaMod:IllyaStunPoison","PrismaMod:IllyaMinorZwei"],"picked":"PrismaMod:IllyaFriendMaker","floor":14},{"not_picked":["PrismaMod:IllyaZwei","PrismaMod:IllyaUberPoisonChannel","PrismaMod:IllyaUberAttackChannel","PrismaMod:IllyaInstallShielder"],"picked":"PrismaMod:IllyaCarnivalPrismaAstolfo","floor":16},{"not_picked":["PrismaMod:IllyaPoisonBlock","PrismaMod:IllyaCommandSeal","PrismaMod:IllyaCheapChannelDefend","PrismaMod:IllyaAOECommonAttack"],"picked":"PrismaMod:IllyaGun+1","floor":22},{"not_picked":["PrismaMod:IllyaCheapDefend+1","PrismaMod:IllyaGun+1","PrismaMod:IllyaFriendMaker+1","PrismaMod:IllyaPartialInstallAssassin","PrismaMod:IllyaCommandSeal+1"],"picked":"SKIP","floor":23},{"not_picked":["PrismaMod:IllyaGun","PrismaMod:IllyaGrailKun","PrismaMod:IllyaFriendMaker+1","PrismaMod:IllyaInstallSaber"],"picked":"PrismaMod:IllyaFeed","floor":24},{"not_picked":["PrismaMod:IllyaCommonEvoke+1","PrismaMod:IllyaUberPoisonBlock+1","PrismaMod:IllyaRussianRoulette","PrismaMod:IllyaRubysPotion"],"picked":"PrismaMod:IllyaBerserCAR","floor":29},{"not_picked":[],"picked":"Gensokyo:ShootingStar","floor":33},{"not_picked":["PrismaMod:IllyaCarnivalAttack","PrismaMod:IllyaUberPoisonChannel","PrismaMod:IllyaInstallRuler","PrismaMod:IllyaUberAttackChannel"],"picked":"PrismaMod:IllyaInstallAssassin","floor":33},{"not_picked":["PrismaMod:IllyaBerserCAR","PrismaMod:IllyaGrail","PrismaMod:IllyaAOECommonAttack","PrismaMod:IllyaMaid"],"picked":"PrismaMod:IllyaPartialInstallAssassin+1","floor":35},{"not_picked":["PrismaMod:IllyaFriendMaker","PrismaMod:IllyaCheapChannelDefend","PrismaMod:IllyaCheapChannelPoison+1","PrismaMod:IllyaPoisonBlock+1"],"picked":"PrismaMod:IllyaPoisonTippedWeapons","floor":38},{"not_picked":["PrismaMod:IllyaStunPoison","PrismaMod:IllyaAOECommonAttack","PrismaMod:IllyaMinorZwei+1","PrismaMod:IllyaUncommonEvoke+1","PrismaMod:IllyaDualEvoke"],"picked":"SKIP","floor":39},{"not_picked":["PrismaMod:IllyaFriendMaker","PrismaMod:IllyaCheapChannelPoison","PrismaMod:IllyaGrailKun+1","PrismaMod:IllyaCarnivalPrismaAstolfo"],"picked":"PrismaMod:IllyaRubysPotion","floor":40},{"not_picked":["PrismaMod:IllyaHassanGift+1","PrismaMod:IllyaAssassinRevenge","PrismaMod:IllyaAlice","PrismaMod:IllyaMaid+1"],"picked":"PrismaMod:IllyaSaphire","floor":42},{"not_picked":["PrismaMod:IllyaEvokeAll+1","PrismaMod:IllyaZwei","PrismaMod:IllyaGrailKun","PrismaMod:IllyaBoysLove+1","PrismaMod:IllyaGun"],"picked":"SKIP","floor":48}],"player_experience":581938,"relics_obtained":[{"floor":1,"key":"SynthV:TestCard"},{"floor":1,"key":"LetterFromLob"},{"floor":7,"key":"Potion Belt"},{"floor":13,"key":"TheBean"},{"floor":20,"key":"conspire:Dentures"},{"floor":20,"key":"Bag of Marbles"},{"floor":23,"key":"OriginationStaff"},{"floor":26,"key":"Unceasing Top"},{"floor":40,"key":"InkBottle"},{"floor":43,"key":"AT_MibuBalloonWealth"},{"floor":44,"key":"vexMod:MemoryStick"},{"floor":46,"key":"Civilization"},{"floor":47,"key":"Ring of Fangs"},{"floor":47,"key":"Ring of Misfortune"},{"floor":48,"key":"AT_SpeedBoots"}],"event_choices":[{"damage_healed":0,"gold_gain":400,"player_choice":"Sell","damage_taken":0,"max_hp_gain":0,"max_hp_loss":0,"event_name":"恩洛斯的盘子","floor":10,"relics_lost":["testmod-TestBox"],"gold_loss":0},{"damage_healed":0,"gold_gain":0,"player_choice":"Fight","damage_taken":0,"max_hp_gain":0,"max_hp_loss":0,"event_name":"HidenRoomEvent","floor":20,"gold_loss":0}],"is_beta":false,"boss_relics":[{"not_picked":["jedi:battlestandard","Snecko Eye"],"picked":"ExusiaiGun"},{"not_picked":[]},{"not_picked":["AddBug","TakeMeEscape"],"picked":"ShadowXiaoBlade"},{"not_picked":[]}],"items_purged_floors":[],"is_endless":false,"potions_floor_spawned":[2,5,7,13,20,29,35,38,48],"killed_by":"Time Eater","ascension_level":8}}