{"host":"w5vfr18i2ft1pzo2","time":1609755590,"event":{"mods":["Act Like it!","Aspiration","BaseMod","Better Third Choice","BetterRewards","Colored Map","Colored Powertips","Conspire","Curses Come First","DNKmod","Defuse TimeMaze Blight","Dota2Spire","Energized Spire","Evolution","Force Act Four","Friendly Minions","Gensokyo","GifTheSpireLib","Gold Saver","Halation","Hubris","Hyrulean Relics","Infinite Spire","Jedi Mod","Marisa????????","Minty Spire (QoL Compilation)","MostiFishMod","Prisma Mod","Remilia??????","Replay The Spire","SacredBarkPlus","Small Relic Pack","Spicy Shops","Spikes Relics","StSLib","Stuff the Spire","Synergy Search","The Blue Laboratory","The Servant 0.9.4","Trackpad","Treasure Hunter","Uncapped","Wandering Minibosses","Yakumo Yukari mod","noobMod","vexMod","??????REMEMod"],"gold_per_floor":[1449,1462,1479,1479,1499,1524,1524,1550,1577,1608,1057,1076,1100,1116,1116,1216,1216,1231,1244,1244,1256,1256,1281,1300,1331,1406,1406,1426,1456,1468,1481,1481,1680,1680,1800,1800,1800,1800,1497,1621,1622],"floor_reached":42,"playtime":4904,"items_purged":["Pain","Defend_S"],"score":1556,"play_id":"95575137-09cb-49bc-bf55-554a4adac326","local_time":"20210104181950","is_ascension_mode":true,"campfire_choices":[{"floor":7,"key":"RECALL"},{"data":"Strike_S","floor":15,"key":"PURGE"},{"floor":27,"key":"REST"},{"floor":32,"key":"DIG"},{"floor":38,"key":"REST"}],"circlet_count":0,"master_deck":["Strike_S+1","Strike_S+1","Strike_S","Defend_S+1","Defend_S","Defend_S","KidneyShot","Exchange","Starlight","Duplication","Luminosity","ShiftingGears","TH:DeckOfManyThings","Embodiment","TH:DeckOfManyThings","Foresight","TH:DeckOfManyThings","TH:CursedSword","MurderousAura","Moondial","REME_TheoryOfElimination","BottledTime","TH:CursedSword","Revamp","Boundary_LifeAndDeath_purple","TH:Mimic","Duplication","Rearm","RealityMarble","Moondial+1","TH:DeckOfManyThings","FloweringNight","TH:DeckOfManyThings","Deny","TH:DeckOfManyThings","TH:CopperCoins","SurpressingFire","Gouge+1","Shuttle+1","TH:TreasureMap","TheWorld","Rearm","BottledTime","TH:DeckOfManyThings","BottledTime"],"relics":["SplendidAttire","EVO:Axolotl","DaveBox","ice","REME_ComplimentaryCards","aspiration:Nostalgia","PrismaMod:PrismaRuby","SynthV:TestCard","WarpedTongs","conspire:DecoderRing","trackpad:WritersBlock","MiniBlackHole","Replay:Rubber Ducky","hubris:HerbalPaste","Gremlin Food","wanderingMiniBosses:Inkheart","Eternal Feather","Replay:Grab Bag","energizedSpire:NeverEndingSparkler","Dota2Spire:RefresherOrb","MutagenicStrength","ScarletDevilRocket","hubris:Metronome","StuffTheSpire:RubySignet","Boot","infinitespire:EvilPickle","vexMod:MysteryBossChallenge","halation:MonkeysPaw","Whetstone","Replay:Wax Seal"],"acts_visited":["Exordium","TheCity","TheBeyond","TheEnding"],"potions_floor_usage":[1,1,2,3,14,14,14,16,16,41,41,41,41,41,41,41,41],"damage_taken":[{"damage":0,"enemies":"Jaw Worm","floor":1,"turns":3},{"damage":0,"enemies":"Cultist","floor":2,"turns":2},{"damage":0,"enemies":"2 Louse","floor":3,"turns":2},{"damage":38,"enemies":"conspire:2 RoseBushes","floor":5,"turns":3},{"damage":10,"enemies":"Lagavulin","floor":6,"turns":5},{"damage":12,"enemies":"Replay:BlueRogue","floor":8,"turns":4},{"damage":14,"enemies":"3 Sentries","floor":10,"turns":4},{"damage":0,"enemies":"2 Fungi Beasts","floor":12,"turns":3},{"damage":0,"enemies":"Large Slime","floor":14,"turns":8},{"damage":35,"enemies":"Hexaghost","floor":16,"turns":74},{"damage":0,"enemies":"Chosen","floor":18,"turns":2},{"damage":0,"enemies":"3 Byrds","floor":19,"turns":2},{"damage":0,"enemies":"conspire:HollyBat","floor":21,"turns":4},{"damage":0,"enemies":"conspire:Head Lice","floor":23,"turns":2},{"damage":0,"enemies":"Snecko","floor":24,"turns":3},{"damage":0,"enemies":"conspire:SneckoGhost","floor":25,"turns":3},{"damage":0,"enemies":"Centurion and Healer","floor":28,"turns":2},{"damage":0,"enemies":"Replay:Snechameleon","floor":29,"turns":3},{"damage":0,"enemies":"Sentry and Sphere","floor":30,"turns":3},{"damage":0,"enemies":"Snake Plant","floor":31,"turns":1},{"damage":0,"enemies":"Pondfish","floor":33,"turns":5},{"damage":0,"enemies":"3 Darklings","floor":35,"turns":2},{"damage":156,"enemies":"conspire:OrnateMirror","floor":36,"turns":5},{"damage":26,"enemies":"Shield and Spear","floor":40,"turns":5},{"damage":58,"enemies":"The Heart","floor":41,"turns":6}],"seed_played":"-7378698728235823132","potions_obtained":[{"floor":1,"key":"blueLaboratory:Moonshine"},{"floor":3,"key":"blueLaboratory:BubblePotion"},{"floor":8,"key":"blueLaboratory:BottledHope"},{"floor":10,"key":"blueLaboratory:BottleOfRum"},{"floor":16,"key":"blueLaboratory:EnragingPotion"},{"floor":23,"key":"blueLaboratory:PyrophylliteBrew"},{"floor":24,"key":"blueLaboratory:BottledHope"},{"floor":25,"key":"blueLaboratory:FruitPunch"},{"floor":29,"key":"PowerPotion"},{"floor":30,"key":"Fire Potion"},{"floor":33,"key":"jedi:tentaclejuice"}],"is_trial":false,"path_per_floor":["M","M","M","?","M","E","R","E","T","E","$","M","T","M","R_BF","B",null,"M","M","?","M","?","E","M","E","T","R","M","E","M","M","R_BF","B",null,"M","B",null,"R","$","E","B",null],"character_chosen":"THE_SERVANT","items_purchased":["Moondial","REME_TheoryOfElimination","Replay:Rubber Ducky","hubris:HerbalPaste","BottledTime","Whetstone"],"campfire_rested":2,"item_purchase_floors":[11,11,11,11,39,39],"current_hp_per_floor":[65,65,65,65,27,17,17,5,5,51,51,56,56,62,62,33,209,209,211,211,211,211,212,215,216,216,217,217,219,223,223,224,231,235,235,86,245,245,245,224,178],"gold":1622,"neow_bonus":"NOSTALGIA","is_daily":false,"chose_seed":false,"campfire_upgraded":0,"win_rate":0.0,"timestamp":1609755590,"path_taken":["M","M","M","?","?","E","R","E","T","E","?","M","?","M","R_BF","BOSS","M","M","?","M","?","E","M","E","T","R","M","E","?","M","R_BF","BOSS","M","BOSS","R","$","E","BOSS"],"items_purchased_type":["Card","Card","Relic","Relic","Card","Relic"],"build_version":"2020-12-22","purchased_purges":2,"victory":true,"max_hp_per_floor":[65,65,65,65,65,65,65,65,65,66,66,68,68,72,72,209,209,211,211,211,212,212,215,216,217,217,217,217,223,224,224,224,235,235,235,245,245,245,245,249,329],"card_choices":[{"not_picked":["Rearm","DoubleEdge"],"picked":"Starlight","floor":1},{"not_picked":["Starlight","Barrier","Rearm","Ricochet"],"picked":"Duplication","floor":2},{"not_picked":["ReturningBlade","Rewind","Defy","TimeWarp"],"picked":"Luminosity","floor":3},{"not_picked":["Ricochet","FastForward","Advance","Defy"],"picked":"ShiftingGears","floor":5},{"not_picked":["TH:ElvenBoots","TH:CursedSword","TH:BikiniMail"],"picked":"TH:DeckOfManyThings","floor":6},{"not_picked":["LightFlow","Misdirection","FanOfKnives","Read"],"picked":"Embodiment","floor":6},{"not_picked":["TH:ElvenBoots","TH:CopperCoins","TH:TreasureMap"],"picked":"TH:DeckOfManyThings","floor":8},{"not_picked":["TimeWarp","Replace","Contraction","Revamp"],"picked":"Foresight","floor":8},{"not_picked":["TH:TreasureMap","TH:CopperCoins","TH:ArmorSpikes"],"picked":"TH:DeckOfManyThings","floor":9},{"not_picked":["TH:BikiniMail","TH:TreasureMap","TH:Mimic"],"picked":"TH:CursedSword","floor":10},{"not_picked":["BottledTime","ReturningBlade","Contraction","Rewind"],"picked":"MurderousAura","floor":10},{"not_picked":["Manipulate","FanOfKnives","Reset","Foresight"],"picked":"BottledTime","floor":12},{"not_picked":["TH:ElvenBoots","TH:TreasureMap","TH:BikiniMail"],"picked":"TH:CursedSword","floor":13},{"not_picked":["MoonPhase","DoubleEdge","Ricochet","Starlight"],"picked":"Revamp","floor":14},{"not_picked":["TH:ElvenBoots","TH:TreasureMap","TH:ArmorSpikes"],"picked":"TH:Mimic","floor":16},{"not_picked":["Embodiment","FlawlessForm","ForgedInTime","MurderousAura"],"picked":"Duplication","floor":16},{"not_picked":["Starlight","FastForward+1","Spin","Unruled"],"picked":"Rearm","floor":18},{"not_picked":["Rearm+1","DoubleEdge","ShatteredReality","Starlight"],"picked":"RealityMarble","floor":19},{"not_picked":["BestPractice+1","TimeWarp","Potential","Alleviate"],"picked":"Moondial+1","floor":21},{"not_picked":["TH:CursedSword","TH:ElvenBoots","TH:ArmorSpikes"],"picked":"TH:DeckOfManyThings","floor":23},{"not_picked":["ShatteredReality+1","Barrier","Hightail+1","GearUp"],"picked":"FloweringNight","floor":23},{"not_picked":["ShatteredReality","Unruled","Comet","Alleviate+1","Revamp"],"picked":"SKIP","floor":24},{"not_picked":["TH:CopperCoins","TH:ElvenBoots","TH:CursedSword"],"picked":"TH:DeckOfManyThings","floor":25},{"not_picked":["WasteNot","Starlight","TimeWarp","SoulSculpture"],"picked":"Deny","floor":25},{"not_picked":["TH:BikiniMail","TH:PixieDust","TH:Mimic"],"picked":"TH:DeckOfManyThings","floor":26},{"not_picked":["Advance","FastForward","DoubleEdge","Reset","Rewind"],"picked":"SKIP","floor":28},{"not_picked":["TH:PixieDust","TH:Mimic","TH:ElvenBoots"],"picked":"TH:CopperCoins","floor":29},{"not_picked":["Rearm","Misdirection+1","Replace+1","LightFlow"],"picked":"SurpressingFire","floor":29},{"not_picked":["Desolation+1","Revamp","FastForward","Defy+1"],"picked":"Gouge","floor":30},{"not_picked":["DoubleEdge+1","Spin","Rewind","Starlight+1"],"picked":"Shuttle+1","floor":31},{"not_picked":["TH:Mimic","TH:ElvenBoots","TH:EnergyPotion"],"picked":"TH:TreasureMap","floor":33},{"not_picked":["PendulumOfEternity","Duplication","LightFlow","SoulSculpture"],"picked":"TheWorld","floor":33},{"not_picked":["DoubleEdge","MoonPhase","Potential","Replace+1"],"picked":"Rearm","floor":35},{"not_picked":["TH:CopperCoins","TH:CursedSword","TH:PixieDust"],"picked":"TH:DeckOfManyThings","floor":40},{"not_picked":["RealityMarble","Rewind+1","Revamp","Potential"],"picked":"BottledTime","floor":40}],"player_experience":210359,"relics_obtained":[{"floor":1,"key":"SynthV:TestCard"},{"floor":6,"key":"conspire:DecoderRing"},{"floor":8,"key":"trackpad:WritersBlock"},{"floor":10,"key":"MiniBlackHole"},{"floor":13,"key":"Gremlin Food"},{"floor":14,"key":"wanderingMiniBosses:Inkheart"},{"floor":23,"key":"ScarletDevilRocket"},{"floor":26,"key":"hubris:Metronome"},{"floor":29,"key":"StuffTheSpire:RubySignet"},{"floor":32,"key":"Boot"},{"floor":40,"key":"Replay:Wax Seal"}],"event_choices":[{"damage_healed":0,"gold_gain":0,"player_choice":"Rummage","damage_taken":0,"relics_obtained":["WarpedTongs"],"max_hp_gain":0,"max_hp_loss":0,"event_name":"Accursed Blacksmith","floor":4,"gold_loss":0,"cards_obtained":["Pain"]},{"damage_healed":0,"gold_gain":0,"player_choice":"Ignored","damage_taken":0,"max_hp_gain":0,"max_hp_loss":0,"event_name":"Vampires","floor":20,"gold_loss":0},{"damage_healed":0,"gold_gain":0,"player_choice":"Inject Mutagens","damage_taken":0,"relics_obtained":["MutagenicStrength"],"max_hp_gain":0,"max_hp_loss":0,"event_name":"Drug Dealer","floor":22,"gold_loss":0}],"is_beta":false,"boss_relics":[{"not_picked":["Runic Pyramid","Replay:Drink Me"],"picked":"Replay:Grab Bag"},{"not_picked":["halation:SmartPhone","Busted Crown"],"picked":"energizedSpire:NeverEndingSparkler"},{"not_picked":["hubris:VirtuousBlindfold","hubris:TerracottaHorce"],"picked":"Dota2Spire:RefresherOrb"},{"not_picked":["Sandwich","aspiration:DefectSkillbook"],"picked":"SplendidAttire"},{"not_picked":["halation:HeavySnake","ExusiaiGun"],"picked":"vexMod:MysteryBossChallenge"}],"items_purged_floors":[11,39],"is_endless":false,"potions_floor_spawned":[1,3,8,10,16,23,24,25,29,30,33],"ascension_level":2}}