{"host":"yvlk1m4foro8gl4v","time":1609744116,"event":{"mods":["AchievementEnabler","Act Like it!","BaseMod","Minty Spire (QoL Compilation)","Relic Stats","StSLib","The Servant 0.9.4","Uncapped"],"gold_per_floor":[110,133,152,164,175,175,204,204,204,204,236,236,13,23,23,120,120,132,148,73,90,136,170,184,32,59,79,79,108,108,127,127,127,127],"floor_reached":33,"playtime":1963,"items_purged":["Strike_B"],"score":446,"play_id":"64582489-1ffc-4fcf-ad2d-8a2daf42eb1e","local_time":"20210104070836","is_ascension_mode":true,"campfire_choices":[{"data":"Dualcast","floor":6,"key":"SMITH"},{"data":"Ball Lightning","floor":8,"key":"SMITH"},{"floor":10,"key":"REST"},{"floor":15,"key":"REST"},{"floor":28,"key":"REST"},{"floor":30,"key":"REST"},{"floor":32,"key":"REST"}],"circlet_count":0,"master_deck":["AscendersBane","Strike_B","Strike_B","Defend_B","Defend_B","Defend_B","Defend_B","Zap","Dualcast+1","Ball Lightning+1","Coolheaded","Melter","Fusion","Cold Snap","Turbo","Compile Driver","Electrodynamics","Conserve Battery+1","Tempest+1"],"relics":["Cracked Core","NeowsBlessing","Tiny Chest","Bottled Lightning","Ornamental Fan","Thread and Needle","OrangePellets","Runic Pyramid","DataDisk","Symbiotic Virus","Toy Ornithopter","Potion Belt","Kunai"],"acts_visited":["Exordium","TheCity"],"potions_floor_usage":[7,7,16,23,24,27,29,29,33],"damage_taken":[{"damage":0,"enemies":"Cultist","floor":1,"turns":1},{"damage":0,"enemies":"Jaw Worm","floor":3,"turns":1},{"damage":0,"enemies":"Small Slimes","floor":4,"turns":1},{"damage":8,"enemies":"3 Louse","floor":5,"turns":3},{"damage":34,"enemies":"Gremlin Nob","floor":7,"turns":5},{"damage":29,"enemies":"3 Sentries","floor":11,"turns":7},{"damage":0,"enemies":"Exordium Thugs","floor":14,"turns":4},{"damage":27,"enemies":"Slime Boss","floor":16,"turns":10},{"damage":0,"enemies":"Spheric Guardian","floor":18,"turns":3},{"damage":1,"enemies":"3 Byrds","floor":19,"turns":3},{"damage":6,"enemies":"Snake Plant","floor":21,"turns":5},{"damage":40,"enemies":"Book of Stabbing","floor":23,"turns":7},{"damage":11,"enemies":"Shelled Parasite and Fungi","floor":24,"turns":4},{"damage":0,"enemies":"Centurion and Healer","floor":27,"turns":5},{"damage":17,"enemies":"Gremlin Leader","floor":29,"turns":7},{"damage":17,"enemies":"Snake Plant","floor":31,"turns":4},{"damage":60,"enemies":"Champ","floor":33,"turns":10}],"seed_played":"192469745484659772","potions_obtained":[{"floor":3,"key":"BlessingOfTheForge"},{"floor":4,"key":"ColorlessPotion"},{"floor":11,"key":"SkillPotion"},{"floor":16,"key":"Weak Potion"},{"floor":18,"key":"Dexterity Potion"},{"floor":23,"key":"Energy Potion"},{"floor":24,"key":"BlessingOfTheForge"},{"floor":27,"key":"PotionOfCapacity"},{"floor":31,"key":"EssenceOfDarkness"}],"is_trial":false,"path_per_floor":["M","T","M","M","M","R","E","R","T","R","E","?","$","M","R","B",null,"M","M","$","M","T","E","M","$","T","M","R","E","R","M","R","B"],"character_chosen":"DEFECT","items_purchased":["OrangePellets","Turbo","Compile Driver","Toy Ornithopter"],"campfire_rested":5,"item_purchase_floors":[13,13,13,25],"current_hp_per_floor":[68,68,68,68,60,60,26,26,26,48,19,19,19,19,41,14,60,60,59,59,53,53,13,2,2,2,7,29,22,44,27,49,0,0],"gold":127,"neow_bonus":"THREE_ENEMY_KILL","is_daily":false,"chose_seed":false,"campfire_upgraded":2,"win_rate":0.0,"timestamp":1609744116,"path_taken":["M","?","M","M","?","R","E","R","T","R","E","?","$","M","R","BOSS","M","?","$","M","?","E","M","$","T","M","R","E","R","M","R","BOSS"],"items_purchased_type":["Relic","Card","Card","Relic"],"build_version":"2020-12-22","purchased_purges":1,"victory":false,"max_hp_per_floor":[75,75,75,75,75,75,75,75,75,75,75,75,75,75,75,75,75,75,75,75,75,75,75,75,75,75,75,75,75,75,75,75,75,75],"relic_stats":{"OrangePellets":[4],"counters":[17,80],"Ornamental Fan":[56],"Tiny Chest":1,"Kunai":[1],"obtain_stats":[{"Potion Belt":26,"NeowsBlessing":0,"Thread and Needle":11,"OrangePellets":13,"DataDisk":22,"Ornamental Fan":9,"Tiny Chest":2,"Bottled Lightning":7,"Kunai":29,"Cracked Core":0,"Symbiotic Virus":23,"Toy Ornithopter":25,"Runic Pyramid":17},{"Potion Belt":13,"NeowsBlessing":0,"Thread and Needle":6,"OrangePellets":6,"DataDisk":11,"Ornamental Fan":5,"Tiny Chest":1,"Bottled Lightning":5,"Kunai":15,"Cracked Core":0,"Symbiotic Virus":12,"Toy Ornithopter":13,"Runic Pyramid":8},{"Potion Belt":54,"NeowsBlessing":0,"Thread and Needle":18,"OrangePellets":18,"DataDisk":43,"Ornamental Fan":11,"Tiny Chest":1,"Bottled Lightning":11,"Kunai":66,"Cracked Core":0,"Symbiotic Virus":50,"Toy Ornithopter":54,"Runic Pyramid":32}],"Toy Ornithopter":20},"card_choices":[{"not_picked":["Redo","Compile Driver"],"picked":"Ball Lightning","floor":1},{"not_picked":["Rebound","Beam Cell","Stack"],"picked":"SKIP","floor":3},{"not_picked":["Rip and Tear","Chaos"],"picked":"Coolheaded","floor":4},{"not_picked":["Leap","Sweeping Beam"],"picked":"Melter","floor":5},{"not_picked":["Gash","Skim"],"picked":"Fusion","floor":7},{"not_picked":["Buffer","Leap"],"picked":"Cold Snap","floor":11},{"not_picked":["Go for the Eyes","Streamline","Skim"],"picked":"SKIP","floor":14},{"not_picked":["Buffer","Core Surge"],"picked":"Electrodynamics","floor":16},{"not_picked":["Streamline","Beam Cell+1"],"picked":"Conserve Battery+1","floor":18},{"not_picked":["Conserve Battery+1","Rebound","Compile Driver"],"picked":"SKIP","floor":19},{"not_picked":["Streamline","Heatsinks","Reinforced Body"],"picked":"SKIP","floor":21},{"not_picked":["Ball Lightning","Double Energy","Reprogram"],"picked":"SKIP","floor":23},{"not_picked":["Turbo","BootSequence","Hologram+1"],"picked":"SKIP","floor":24},{"not_picked":["Sweeping Beam","Storm","Heatsinks"],"picked":"SKIP","floor":27},{"not_picked":["Cold Snap","Melter+1","Compile Driver"],"picked":"SKIP","floor":29},{"not_picked":["Steam","Stack"],"picked":"Tempest+1","floor":31}],"player_experience":718168,"relics_obtained":[{"floor":2,"key":"Tiny Chest"},{"floor":7,"key":"Bottled Lightning"},{"floor":9,"key":"Ornamental Fan"},{"floor":11,"key":"Thread and Needle"},{"floor":22,"key":"DataDisk"},{"floor":23,"key":"Symbiotic Virus"},{"floor":26,"key":"Potion Belt"},{"floor":29,"key":"Kunai"}],"event_choices":[{"cards_removed":["Strike_B"],"damage_healed":0,"gold_gain":0,"player_choice":"Purged","damage_taken":0,"max_hp_gain":0,"max_hp_loss":0,"event_name":"Purifier","floor":12,"gold_loss":0}],"is_beta":false,"boss_relics":[{"not_picked":["Black Star","Fusion Hammer"],"picked":"Runic Pyramid"}],"items_purged_floors":[20],"is_endless":false,"potions_floor_spawned":[3,4,11,16,18,23,24,27,31],"killed_by":"Champ","ascension_level":10}}