{"host":"w0w6jcqjdtkzk2bw","time":1609766566,"event":{"mods":["AchievementEnabler","BaseMod","Bestiary","Colored Map","Colored Powertips","Downfall","Filter the Spire","Highlight Path","Minty Spire (QoL Compilation)","Permanent Neow","Quick Restart","Shade Mod","StSLib","Synergy Search"],"gold_per_floor":[99,109,109,123,140,165,165,177,177,196,231,249,249,98,109,109,109],"floor_reached":16,"playtime":990,"items_purged":[],"score":120,"play_id":"a153316c-ee70-481a-9c25-fb05f70b482d","local_time":"20210104082246","is_ascension_mode":true,"campfire_choices":[{"data":"sneckomod:SnekBite","floor":1,"key":"SMITH"},{"data":"sneckomod:UnknownClassSLIMEBOUND","floor":9,"key":"SMITH"},{"floor":13,"key":"REST"}],"circlet_count":0,"master_deck":["sneckomod:Strike","sneckomod:Strike","sneckomod:Defend","sneckomod:Defend","sneckomod:Defend","sneckomod:TailWhip","sneckomod:SnekBite+1","sneckomod:Unknown","sneckomod:Unknown","sneckomod:UnknownUncommonAttack","sneckomod:UnknownStrike","sneckomod:UnknownClassSLIMEBOUND+1","sneckomod:UnknownClassRED","sneckomod:UnknownStrike","sneckomod:SoulDraw","sneckomod:UnknownBlock","sneckomod:UnknownClassGUARDIAN","sneckomod:MorePower","sneckomod:Nope","sneckomod:UnknownBlock","sneckomod:UnknownUncommonPower","sneckomod:IronFang"],"relics":["sneckomod:SneckoSoul","Ancient Tea Set","Unceasing Top","Ginger","CaptainsWheel"],"acts_visited":["Exordium"],"potions_floor_usage":[],"damage_taken":[{"damage":0,"enemies":"Small Slimes","floor":2,"turns":2},{"damage":0,"enemies":"Cultist","floor":4,"turns":2},{"damage":0,"enemies":"2 Louse","floor":5,"turns":3},{"damage":19,"enemies":"Lagavulin","floor":6,"turns":5},{"damage":2,"enemies":"3 Louse","floor":8,"turns":2},{"damage":3,"enemies":"Red Slaver","floor":10,"turns":2},{"damage":19,"enemies":"3 Sentries","floor":11,"turns":10},{"damage":12,"enemies":"Blue Slaver","floor":12,"turns":3},{"damage":10,"enemies":"downfall:FleeingMerchant","floor":14,"turns":4},{"damage":12,"enemies":"Large Slime","floor":15,"turns":3},{"damage":80,"enemies":"downfall:Defect","floor":16,"turns":6}],"seed_played":"-1041939269916310090","potions_obtained":[{"floor":2,"key":"SpeedPotion"},{"floor":4,"key":"EssenceOfSteel"},{"floor":5,"key":"Regen Potion"},{"floor":8,"key":"Energy Potion"},{"floor":15,"key":"CultistPotion"}],"is_trial":false,"path_per_floor":["R","M","?","M","M","E","T","M","R","M","E","M","R","$","M","B"],"character_chosen":"THE_SNECKO","items_purchased":["sneckomod:Nope","sneckomod:UnknownBlock","sneckomod:UnknownUncommonPower"],"campfire_rested":1,"item_purchase_floors":[14,14,14],"current_hp_per_floor":[90,91,91,92,93,75,75,74,74,71,57,46,75,77,77,0,0],"gold":109,"neow_bonus":"RANDOM_COMMON_RELIC","is_daily":false,"chose_seed":false,"campfire_upgraded":2,"win_rate":0.0,"timestamp":1609766566,"path_taken":["R","M","?","M","M","E","T","M","R","M","E","M","R","$","M","BOSS"],"items_purchased_type":["Card","Card","Card"],"build_version":"2020-12-22","purchased_purges":0,"victory":false,"max_hp_per_floor":[90,91,91,92,93,94,94,95,95,95,96,97,97,99,99,99,99],"card_choices":[{"not_picked":["sneckomod:QuickMove","sneckomod:SoulDraw"],"picked":"sneckomod:UnknownUncommonAttack","floor":2},{"not_picked":["sneckomod:Unknown2Cost","sneckomod:ImprovisedAttack"],"picked":"sneckomod:UnknownStrike","floor":4},{"not_picked":["sneckomod:SoulDraw","sneckomod:UnknownStrike"],"picked":"sneckomod:UnknownClassSLIMEBOUND","floor":5},{"not_picked":["sneckomod:UnknownExhaust","sneckomod:QuickMove"],"picked":"sneckomod:UnknownClassRED","floor":6},{"not_picked":["sneckomod:UnknownCommonSkill","sneckomod:SnekBeam"],"picked":"sneckomod:UnknownStrike","floor":8},{"not_picked":["sneckomod:MasterEye","sneckomod:UnknownClassSHADE_COLOR"],"picked":"sneckomod:SoulDraw","floor":10},{"not_picked":["sneckomod:UnknownClassTHE_CHAMP_GRAY","sneckomod:Unknown0Cost"],"picked":"sneckomod:UnknownBlock","floor":11},{"not_picked":["sneckomod:RainOfDice","sneckomod:WideSting"],"picked":"sneckomod:UnknownClassGUARDIAN","floor":12},{"not_picked":["sneckomod:SoulCleanse","sneckomod:Unknown2Cost"],"picked":"sneckomod:MorePower","floor":14},{"not_picked":["sneckomod:Unknown2Cost","sneckomod:UnknownCommonSkill"],"picked":"sneckomod:IronFang","floor":15}],"player_experience":292059,"relics_obtained":[{"floor":6,"key":"Unceasing Top"},{"floor":7,"key":"Ginger"},{"floor":11,"key":"CaptainsWheel"}],"event_choices":[{"cards_removed":["sneckomod:Strike"],"damage_healed":0,"gold_gain":0,"player_choice":"Purged","damage_taken":0,"max_hp_gain":0,"max_hp_loss":0,"event_name":"Purifier","floor":3,"gold_loss":0}],"is_beta":false,"boss_relics":[],"items_purged_floors":[],"is_endless":false,"potions_floor_spawned":[2,4,5,8,11,15],"killed_by":"downfall:Defect","ascension_level":1}}