{"host":"a6uhpg2a2i425edt","time":1609754982,"event":{"mods":["Arknights The Spire","BaseMod","Colored Map","Minty Spire (QoL Compilation)","StSLib"],"gold_per_floor":[209,209,26,101,1,36,36,66,78,123,154,181,206,233,245,257,257],"floor_reached":16,"playtime":291,"items_purged":["Strike_B","Defend_B"],"score":126,"play_id":"232dc171-26e5-4db2-8b86-2ba54bee7eaf","local_time":"20210104180942","is_ascension_mode":true,"campfire_choices":[{"floor":15,"key":"REST"}],"circlet_count":0,"master_deck":["Strike_B","Strike_B","Strike_B","Defend_B","Defend_B","Defend_B","Zap","Dualcast","Glacier","Doom and Gloom+1","Sweeping Beam","Genetic Algorithm","Biased Cognition","Compile Driver"],"relics":["Cracked Core","Art of War","Singing Bowl","MawBank","Bag of Marbles","Oddly Smooth Stone"],"acts_visited":["Exordium"],"potions_floor_usage":[13],"damage_taken":[{"damage":5,"enemies":"Small Slimes","floor":1,"turns":3},{"damage":18,"enemies":"3 Sentries","floor":6,"turns":5},{"damage":8,"enemies":"Gremlin Nob","floor":8,"turns":3},{"damage":9,"enemies":"3 Sentries","floor":10,"turns":4},{"damage":0,"enemies":"Jaw Worm","floor":11,"turns":4},{"damage":0,"enemies":"2 Louse","floor":12,"turns":1},{"damage":8,"enemies":"Blue Slaver","floor":13,"turns":3},{"damage":14,"enemies":"Looter","floor":14,"turns":3},{"damage":0,"enemies":"The Guardian","floor":16,"turns":1}],"seed_played":"-7762475049668863876","potions_obtained":[{"floor":1,"key":"FairyPotion"},{"floor":6,"key":"Strength Potion"},{"floor":11,"key":"Fire Potion"},{"floor":12,"key":"LiquidMemories"},{"floor":14,"key":"DistilledChaos"}],"is_trial":false,"path_per_floor":["M","?","$","?","$","E","?","E","T","E","M","M","M","M","R","B"],"character_chosen":"DEFECT","items_purchased":["Doom and Gloom","Sweeping Beam"],"campfire_rested":1,"item_purchase_floors":[3,3],"current_hp_per_floor":[70,58,58,47,47,31,31,25,25,16,18,20,12,24,48,48,48],"gold":257,"neow_bonus":"HUNDRED_GOLD","is_daily":false,"chose_seed":false,"campfire_upgraded":0,"win_rate":0.0,"timestamp":1609754982,"path_taken":["M","?","$","?","?","E","?","E","T","E","M","M","M","M","R","BOSS"],"items_purchased_type":["Card","Card"],"build_version":"2020-12-22","purchased_purges":2,"victory":false,"max_hp_per_floor":[75,75,75,75,75,77,77,79,79,79,81,83,83,83,83,83,83],"card_choices":[{"not_picked":["Auto Shields","Hologram"],"picked":"Glacier","floor":1},{"not_picked":["Rip and Tear","Storm","Gash"],"picked":"Singing Bowl","floor":6},{"not_picked":["Turbo","Steam Power","Conserve Battery"],"picked":"Singing Bowl","floor":8},{"not_picked":["Steam Power","Conserve Battery"],"picked":"Genetic Algorithm","floor":10},{"not_picked":["Turbo","Go for the Eyes","Barrage"],"picked":"Singing Bowl","floor":11},{"not_picked":["Leap","Conserve Battery","Barrage"],"picked":"Singing Bowl","floor":12},{"not_picked":["FTL","Go for the Eyes"],"picked":"Biased Cognition","floor":13},{"not_picked":["Conserve Battery","Reinforced Body"],"picked":"Compile Driver","floor":14}],"player_experience":410452,"relics_obtained":[{"floor":6,"key":"Singing Bowl"},{"floor":8,"key":"MawBank"},{"floor":9,"key":"Bag of Marbles"},{"floor":10,"key":"Oddly Smooth Stone"}],"event_choices":[{"damage_healed":0,"gold_gain":0,"player_choice":"Success","damage_taken":12,"relics_obtained":["Art of War"],"max_hp_gain":0,"max_hp_loss":0,"event_name":"Scrap Ooze","floor":2,"gold_loss":0},{"damage_healed":0,"gold_gain":75,"player_choice":"Gather Gold","damage_taken":11,"max_hp_gain":0,"max_hp_loss":0,"event_name":"World of Goop","floor":4,"gold_loss":0},{"damage_healed":0,"gold_gain":0,"player_choice":"Grow","damage_taken":0,"max_hp_gain":0,"max_hp_loss":0,"event_name":"Living Wall","floor":7,"gold_loss":0,"cards_upgraded":["Doom and Gloom"]}],"is_beta":false,"boss_relics":[],"items_purged_floors":[3,5],"is_endless":false,"potions_floor_spawned":[1,6,11,12,14],"killed_by":"The Guardian","ascension_level":1}}