{"host":"d1za9dvx43o9v494","time":1609793665,"event":{"mods":["2.2 Compatiblity","BaseMod","Better-Laid Plans","Colored Map","Downfall","Emptier Cage","Marked Mod","Minty Spire (QoL Compilation)","Permanent Neow","StSLib"],"gold_per_floor":[99,113,213,233,246,259,259,259,270,289,289,321,321,336,356,452,452,352,369,380,62,78,96,122,148,159,172,202,214,114,145,164,268,268,268,286,299,312,329,229,229,229,259,273,357,384,402,436,448,448,448,481,271,271,271,271],"floor_reached":57,"playtime":4360,"items_purged":["Shame"],"score":1360,"play_id":"176cbb06-e821-4b04-b4b9-8171fe2fbe47","local_time":"20210104235425","is_ascension_mode":true,"campfire_choices":[{"data":"Slimebound:Split","floor":1.0,"key":"SMITH"},{"data":"Slimebound:FlameTackle","floor":8.0,"key":"SMITH"},{"data":"Slimebound:LeadByExample","floor":18.0,"key":"SMITH"},{"data":"Slimebound:ComboTackle","floor":30.0,"key":"SMITH"},{"floor":35.0,"key":"RECALL"},{"data":"Slimebound:FlameTackle","floor":40.0,"key":"SMITH"},{"data":"Slimebound:TagTeam","floor":54,"key":"SMITH"}],"circlet_count":0,"master_deck":["Slimebound:Strike_Slimebound","Slimebound:Strike_Slimebound","Slimebound:Strike_Slimebound","Slimebound:Tackle","Slimebound:Defend_Slimebound","Slimebound:Defend_Slimebound","Slimebound:Defend_Slimebound","Slimebound:Split+1","Slimebound:CorrosiveSpit+1","Slimebound:RollThrough+1","Slimebound:FlameTackle+1","Slimebound:SlimeSpikes","Slimebound:SplitMire","Slimebound:LeadByExample+1","Slimebound:FlameTackle+1","Slimebound:ComboTackle+1","Slimebound:Repurpose","Slimebound:Gluttony+1","Slimebound:Replication+1","Slimebound:GoopTackle+1","Slimebound:SpikyOuterGoop+1","Slimebound:TagTeam+1","Slimebound:ComboTackle+1","Slimebound:Equalize+1","Slimebound:DouseInSlime"],"relics":["Slimebound:AbsorbEndCombat","Slimebound:MaxSlimesRelic","Incense Burner","Velvet Choker","downfall:HeartBlessingGreen","Slimebound:PotencyRelic","Toy Ornithopter","Anchor","downfall:HeartBlessingBlue","Pen Nib","Snecko Eye","downfall:HeartBlessingRed","Ornamental Fan","Guardian:PocketSentry","Nunchaku","Omamori","bronze:BronzeIdol","Turnip"],"acts_visited":["Exordium","TheCity","TheBeyond","TheEnding"],"potions_floor_usage":[56,56,56,56,56],"damage_taken":[{"damage":0.0,"enemies":"2 Louse","floor":2.0,"turns":2.0},{"damage":1.0,"enemies":"Cultist","floor":4.0,"turns":3.0},{"damage":2.0,"enemies":"Jaw Worm","floor":5.0,"turns":3.0},{"damage":16.0,"enemies":"Lots of Slimes","floor":6.0,"turns":3.0},{"damage":0.0,"enemies":"Exordium Wildlife","floor":9.0,"turns":3.0},{"damage":14.0,"enemies":"Exordium Thugs","floor":10.0,"turns":4.0},{"damage":13.0,"enemies":"Gremlin Nob","floor":12.0,"turns":4.0},{"damage":0.0,"enemies":"3 Louse","floor":14.0,"turns":3.0},{"damage":6.0,"enemies":"Blue Slaver","floor":15.0,"turns":4.0},{"damage":11.0,"enemies":"ArchetypeAct1Statuses","floor":16.0,"turns":8.0},{"damage":6.0,"enemies":"Chosen","floor":19.0,"turns":4.0},{"damage":30.0,"enemies":"Snecko","floor":20.0,"turns":4.0},{"damage":1.0,"enemies":"downfall:FleeingMerchant","floor":21.0,"turns":4.0},{"damage":0.0,"enemies":"Cultist and Chosen","floor":22.0,"turns":4.0},{"damage":10.0,"enemies":"3 Cultists","floor":23.0,"turns":4.0},{"damage":19.0,"enemies":"Book of Stabbing","floor":25.0,"turns":5.0},{"damage":12.0,"enemies":"Snake Plant","floor":26.0,"turns":3.0},{"damage":15.0,"enemies":"Cultist and Chosen","floor":27.0,"turns":4.0},{"damage":12.0,"enemies":"Slavers","floor":28.0,"turns":5.0},{"damage":0.0,"enemies":"3 Cultists","floor":29.0,"turns":4.0},{"damage":5.0,"enemies":"Gremlin Leader","floor":31.0,"turns":5.0},{"damage":23.0,"enemies":"Shelled Parasite and Fungi","floor":32.0,"turns":3.0},{"damage":38.0,"enemies":"downfall:Silent","floor":33.0,"turns":7.0},{"damage":0.0,"enemies":"3 Shapes","floor":36.0,"turns":4.0},{"damage":3.0,"enemies":"3 Darklings","floor":37.0,"turns":3.0},{"damage":19.0,"enemies":"Sphere and 2 Shapes","floor":38.0,"turns":4.0},{"damage":0.0,"enemies":"Maw","floor":39.0,"turns":4.0},{"damage":14.0,"enemies":"Giant Head","floor":43.0,"turns":6.0},{"damage":27.0,"enemies":"4 Shapes","floor":44.0,"turns":4.0},{"damage":0.0,"enemies":"downfall:FleeingMerchant","floor":45.0,"turns":4.0},{"damage":0.0,"enemies":"Spire Growth","floor":47.0,"turns":3.0},{"damage":16.0,"enemies":"Reptomancer","floor":48.0,"turns":4.0},{"damage":0.0,"enemies":"Jaw Worm Horde","floor":49.0,"turns":3.0},{"damage":11.0,"enemies":"downfall:Watcher","floor":50.0,"turns":7.0},{"damage":37,"enemies":"downfall:CharBossMerchant","floor":52,"turns":5},{"damage":56,"enemies":"downfall:NeowBossFinal","floor":56,"turns":7}],"seed_played":"-4064298682299587725","potions_obtained":[{"floor":5.0,"key":"LiquidBronze"},{"floor":9.0,"key":"Energy Potion"},{"floor":10.0,"key":"SpeedPotion"},{"floor":15.0,"key":"Block Potion"},{"floor":16.0,"key":"Slimebound:SlimyTonguePotion"},{"floor":27.0,"key":"Guardian:BlockOnCardUsePotion"},{"floor":28.0,"key":"Guardian:BlockOnCardUsePotion"},{"floor":29.0,"key":"Weak Potion"},{"floor":31.0,"key":"sneckomod:MuddlingPotion"},{"floor":38.0,"key":"Block Potion"},{"floor":43.0,"key":"EntropicBrew"}],"is_trial":false,"path_per_floor":["R","M","?","M","M","M","T","R","M","M","?","E","?","M","M","B",null,"R","M","M","$","M","M","T","E","M","M","E","M","R","E","M","B",null,"R","M","M","M","M","R","T","?","E","M","$","?","M","E","M","B",null,"E","$","R","B","B",null],"character_chosen":"SLIMEBOUND","items_purchased":["Slimebound:PotencyRelic","Nunchaku","Slimebound:DouseInSlime","ColorlessPotion"],"campfire_rested":0,"item_purchase_floors":[21,45,53,53],"current_hp_per_floor":[65,65,65,65,64,49,49,49,50,40,40,31,31,34,31,27,65,65,65,37,44,48,43,43,27,35,25,27,30,40,53,35,11,75,75,75,74,63,66,66,66,66,68,47,55,55,58,47,49,66,75,38,38,38,44,27],"gold":271,"neow_bonus":"REMOVE_CARD","is_daily":false,"chose_seed":false,"campfire_upgraded":6,"win_rate":0.0,"timestamp":1609793665,"path_taken":["R","M","?","M","M","?","T","R","M","M","?","E","?","M","M","BOSS","R","M","M","?","M","M","T","E","M","M","E","M","R","E","M","BOSS","R","M","M","M","M","R","T","?","E","M","$","?","M","E","M","BOSS","E","$","R","BOSS","BOSS"],"items_purchased_type":["Relic","Relic","Card","Potion"],"build_version":"2020-12-22","purchased_purges":1,"victory":true,"max_hp_per_floor":[65,65,65,65,65,65,65,65,65,65,65,65,65,65,65,65,65,65,65,65,65,65,65,65,65,65,65,65,65,75,75,75,75,75,75,75,75,75,75,75,75,75,75,75,75,75,75,75,75,75,75,75,75,75,75,75],"card_choices":[{"not_picked":["Slimebound:SplitLeeching","Slimebound:Replication"],"picked":"Slimebound:RollThrough","floor":2.0},{"not_picked":["Slimebound:RollThrough","Slimebound:ProtectTheBoss"],"picked":"Slimebound:FlameTackle","floor":4.0},{"not_picked":["Slimebound:LeechEnergy","Slimebound:Recollect","Slimebound:GoopSpray"],"picked":"SKIP","floor":5.0},{"not_picked":["Slimebound:SplitAcid","Slimebound:RejuvenatingLick"],"picked":"Slimebound:SlimeSpikes","floor":6.0},{"not_picked":["Slimebound:Chomp","Slimebound:LivingWall"],"picked":"Slimebound:SplitMire","floor":9.0},{"not_picked":["Slimebound:WasteNot","Slimebound:LeechEnergy","Slimebound:SlimeBarrage"],"picked":"SKIP","floor":10.0},{"not_picked":["Slimebound:RejuvenatingLick","Slimebound:PressTheAttack","Slimebound:Schlurp"],"picked":"SKIP","floor":12.0},{"not_picked":["Slimebound:Prepare","Slimebound:Replication","Slimebound:SamplingLick"],"picked":"SKIP","floor":14.0},{"not_picked":["Slimebound:SplitMire","Slimebound:SamplingLick"],"picked":"Slimebound:LeadByExample","floor":15.0},{"not_picked":["Slimebound:SlimeTap","Slimebound:LivingWall+1"],"picked":"Slimebound:FlameTackle","floor":19.0},{"not_picked":["Slimebound:LeadByExample","Slimebound:PressTheAttack+1","Slimebound:LivingWall"],"picked":"SKIP","floor":20.0},{"not_picked":["Slimebound:ItLooksTasty","Slimebound:RollThrough","Slimebound:LeechingTouch"],"picked":"SKIP","floor":21.0},{"not_picked":["Slimebound:RollThrough","Slimebound:GoopTackle","Slimebound:FirmFortitude"],"picked":"SKIP","floor":22.0},{"not_picked":["Slimebound:GrowthPunch","Slimebound:SplitAcid"],"picked":"Slimebound:ComboTackle","floor":23.0},{"not_picked":["Slimebound:ItLooksTasty","Slimebound:MegaLick","Slimebound:BestDefense"],"picked":"SKIP","floor":25.0},{"not_picked":["Slimebound:SamplingLick","Slimebound:LeechLife"],"picked":"Slimebound:Repurpose","floor":26.0},{"not_picked":["Slimebound:ItLooksTasty","Slimebound:DivideAndConquer","Slimebound:DisruptingSlam"],"picked":"SKIP","floor":27.0},{"not_picked":["Slimebound:LeechingTouch+1","Slimebound:ItLooksTasty","Slimebound:GrowthPunch"],"picked":"SKIP","floor":28.0},{"not_picked":["Slimebound:LivingWall","Slimebound:Prepare"],"picked":"Slimebound:Gluttony+1","floor":29.0},{"not_picked":["Slimebound:RollThrough","Slimebound:SplitMire+1","Slimebound:Gluttony"],"picked":"SKIP","floor":31.0},{"not_picked":["Slimebound:ItLooksTasty","Slimebound:LeechEnergy"],"picked":"Slimebound:Replication+1","floor":32.0},{"not_picked":["Slimebound:SlimeBrawl","Slimebound:Equalize+1"],"picked":"Slimebound:GoopTackle+1","floor":36.0},{"not_picked":["Slimebound:PressTheAttack+1","Slimebound:SamplingLick+1","Slimebound:GoopTackle"],"picked":"SKIP","floor":37.0},{"not_picked":["Slimebound:ViciousTackle+1","Slimebound:GrowthPunch+1","Slimebound:Schlurp"],"picked":"SKIP","floor":38.0},{"not_picked":["Slimebound:Grow","Slimebound:WasteNot","Slimebound:GoopSpray+1"],"picked":"SKIP","floor":39.0},{"not_picked":["Slimebound:ViciousTackle","Slimebound:OozeBath"],"picked":"Slimebound:SpikyOuterGoop+1","floor":43.0},{"not_picked":["Slimebound:Schlurp+1","Slimebound:SplitLeeching+1","Slimebound:LeechEnergy"],"picked":"SKIP","floor":44.0},{"not_picked":["Slimebound:SamplingLick","Slimebound:LeechEnergy","Slimebound:LeechingTouch"],"picked":"SKIP","floor":45.0},{"not_picked":["Slimebound:GrowthPunch+1","Slimebound:Prepare"],"picked":"Slimebound:TagTeam","floor":47.0},{"not_picked":["Slimebound:SplitAcid","Slimebound:GrowthPunch"],"picked":"Slimebound:ComboTackle+1","floor":48.0},{"not_picked":["Slimebound:SplitAcid","Slimebound:SplitLeeching+1"],"picked":"Slimebound:Equalize+1","floor":49.0},{"not_picked":["Slimebound:SlimeSpikes","Slimebound:Schlurp","Slimebound:Dissolve+1"],"picked":"SKIP","floor":52}],"player_experience":640655,"relics_obtained":[{"floor":7.0,"key":"Slimebound:MaxSlimesRelic"},{"floor":12.0,"key":"Incense Burner"},{"floor":25.0,"key":"Toy Ornithopter"},{"floor":28.0,"key":"Anchor"},{"floor":31.0,"key":"Pen Nib"},{"floor":41.0,"key":"Ornamental Fan"},{"floor":43.0,"key":"Guardian:PocketSentry"},{"floor":46.0,"key":"Omamori"},{"floor":48.0,"key":"bronze:BronzeIdol"},{"floor":52,"key":"Turnip"}],"event_choices":[],"is_beta":false,"boss_relics":[{"not_picked":["Black Star","Busted Crown"],"picked":"Velvet Choker"},{"not_picked":["SlaversCollar","Tiny House"],"picked":"Snecko Eye"}],"items_purged_floors":[45],"is_endless":false,"potions_floor_spawned":[5,9,10,12,15,16,22,27,28,29,31,33,38,43,47,49],"ascension_level":2}}