{"host":"ny8d3l8bgdsotmhm","time":1609743897,"event":{"mods":["BaseMod","Downfall","Minty Spire (QoL Compilation)","StSLib"],"gold_per_floor":[99,99,99,26,126,126,152,91,91,107,32,64,64,64,82,186,186,186,206,220,45,62,62,85,85,112,112,112,112,37,53,70,70,70,70],"floor_reached":33,"playtime":2408,"items_purged":[],"score":284,"play_id":"4b31691f-7e1f-439d-8dbb-4b0f60eea666","local_time":"20210104020457","is_ascension_mode":false,"campfire_choices":[{"floor":1,"key":"RECALL"},{"floor":11,"key":"REST"},{"data":"hexamod:GhostflameInferno","floor":13,"key":"SMITH"},{"data":"hexamod:WildfireWeapon","floor":18,"key":"SMITH"},{"floor":23,"key":"REST"},{"floor":25,"key":"REST"},{"floor":30,"key":"REST"}],"circlet_count":0,"master_deck":["hexamod:Strike","hexamod:Strike","hexamod:Strike","hexamod:Defend","hexamod:Defend","hexamod:Defend","hexamod:Defend","hexamod:Sear","hexamod:Float","hexamod:HeatCrush","hexamod:CrushingStance","hexamod:DynamicBlow","hexamod:SoulSteal","hexamod:PhantomCloak","hexamod:InspiringFlames","hexamod:EmpoweredFlame","hexamod:EtherealExpedition","hexamod:GhostflameInferno+1","hexamod:RadiantFlame","hexamod:WildfireWeapon+1","hexamod:BacktrackSmack","hexamod:RainOfEmbers+1","hexamod:Again","hexamod:PhantomFireball","hexamod:Incineration","hexamod:DynamicBlow","hexamod:ThermalTransfer","Writhe","hexamod:EmpoweringStance+1","hexamod:GhostShield"],"relics":["hexamod:SpiritBrand","downfall:HeartsMalice","PreservedInsect","downfall:HeartBlessingRed","Pantograph","SlaversCollar","Tiny Chest","Girya","MutagenicStrength","Frozen Egg 2","Eternal Feather","downfall:HeartBlessingGreen"],"acts_visited":["Exordium","TheCity"],"potions_floor_usage":[12,16,16,20,26,32,33],"damage_taken":[{"damage":0,"enemies":"2 Louse","floor":2,"turns":1},{"damage":0,"enemies":"downfall:FleeingMerchant","floor":4,"turns":1},{"damage":0,"enemies":"Jaw Worm","floor":6,"turns":1},{"damage":0,"enemies":"downfall:FleeingMerchant","floor":8,"turns":4},{"damage":0,"enemies":"Cultist","floor":9,"turns":1},{"damage":27,"enemies":"Gremlin Gang","floor":10,"turns":5},{"damage":0,"enemies":"Gremlin Nob","floor":12,"turns":2},{"damage":6,"enemies":"Exordium Wildlife","floor":15,"turns":3},{"damage":50,"enemies":"downfall:Ironclad","floor":16,"turns":9},{"damage":12,"enemies":"Spheric Guardian","floor":19,"turns":4},{"damage":29,"enemies":"3 Byrds","floor":20,"turns":4},{"damage":0,"enemies":"downfall:FleeingMerchant","floor":21,"turns":4},{"damage":17,"enemies":"Centurion and Healer","floor":22,"turns":8},{"damage":36,"enemies":"Slavers","floor":26,"turns":6},{"damage":19,"enemies":"Chosen and Byrds","floor":31,"turns":6},{"damage":12,"enemies":"3 Cultists","floor":32,"turns":3},{"damage":71,"enemies":"downfall:Silent","floor":33,"turns":9}],"seed_played":"-6349765184409825170","potions_obtained":[{"floor":10,"key":"ColorlessPotion"},{"floor":12,"key":"champ:CounterPotion"},{"floor":15,"key":"SpeedPotion"},{"floor":16,"key":"BlessingOfTheForge"},{"floor":22,"key":"Strength Potion"},{"floor":26,"key":"FairyPotion"},{"floor":31,"key":"PowerPotion"},{"floor":32,"key":"Block Potion"}],"is_trial":false,"path_per_floor":["R","M","?","$","?","M","T","$","M","M","R","E","R","?","M","B",null,"R","M","M","$","M","R","T","R","E","?","T","?","R","M","M","B"],"character_chosen":"THE_SPIRIT","items_purchased":["hexamod:DynamicBlow","hexamod:InspiringFlames","hexamod:PhantomFireball","hexamod:Incineration"],"campfire_rested":4,"item_purchase_floors":[4,8,21,21],"current_hp_per_floor":[70,70,70,70,70,70,70,70,70,43,64,64,64,64,58,20,70,70,58,29,29,12,33,33,54,18,18,18,18,54,35,23,0,0,0],"gold":70,"neow_bonus":"THREE_ENEMY_KILL","is_daily":false,"chose_seed":false,"campfire_upgraded":2,"win_rate":0.0,"timestamp":1609743897,"path_taken":["R","M","?","$","?","M","T","$","M","M","R","E","R","?","M","BOSS","R","M","?","$","?","R","T","R","E","?","?","?","R","M","M","BOSS"],"items_purchased_type":["Card","Card","Card","Card"],"build_version":"2020-12-22","purchased_purges":0,"victory":false,"max_hp_per_floor":[70,70,70,70,70,70,70,70,70,70,70,70,70,70,70,70,70,70,70,70,70,70,70,70,70,70,70,70,70,70,70,70,70,70,70],"card_choices":[{"not_picked":["hexamod:HauntingEcho","hexamod:RainOfEmbers"],"picked":"hexamod:HeatCrush","floor":2},{"not_picked":["hexamod:BacktrackSmack","hexamod:ShieldOfDarkness"],"picked":"hexamod:CrushingStance","floor":4},{"not_picked":["hexamod:SpectralAdrenaline","hexamod:AdvancingGuard"],"picked":"hexamod:SoulSteal","floor":6},{"not_picked":["hexamod:BacktrackSmack","hexamod:SpectersWail"],"picked":"hexamod:PhantomCloak","floor":8},{"not_picked":["hexamod:BurningTouch","hexamod:RainOfEmbers"],"picked":"hexamod:EmpoweredFlame","floor":9},{"not_picked":["hexamod:HauntingEcho","hexamod:GhostLash"],"picked":"hexamod:EtherealExpedition","floor":10},{"not_picked":["hexamod:SpectralAdrenaline","hexamod:AdvancingGuard"],"picked":"hexamod:GhostflameInferno","floor":12},{"not_picked":["hexamod:NightmareGuise","hexamod:InspiringFlames","hexamod:RainOfEmbers"],"picked":"SKIP","floor":15},{"not_picked":["hexamod:FifthSeal","hexamod:EmpoweringStance"],"picked":"hexamod:WildfireWeapon","floor":16},{"not_picked":["hexamod:InspiringFlames","hexamod:NightmareGuise"],"picked":"hexamod:BacktrackSmack","floor":19},{"not_picked":["hexamod:FirstSeal","hexamod:RetreatToShadows"],"picked":"hexamod:RainOfEmbers+1","floor":20},{"not_picked":["hexamod:NightmareStrike","hexamod:FastForward"],"picked":"hexamod:Again","floor":21},{"not_picked":["hexamod:NightmareStrike","hexamod:Again"],"picked":"hexamod:DynamicBlow","floor":22},{"not_picked":["hexamod:DynamicBlow","hexamod:BurningTouch"],"picked":"hexamod:ThermalTransfer","floor":26},{"not_picked":["hexamod:SpectersWail+1","hexamod:RainOfEmbers"],"picked":"hexamod:EmpoweringStance+1","floor":31},{"not_picked":["hexamod:NightmareGuise","hexamod:RadiantFlame+1"],"picked":"hexamod:GhostShield","floor":32}],"player_experience":738446,"relics_obtained":[{"floor":7,"key":"PreservedInsect"},{"floor":12,"key":"Pantograph"},{"floor":24,"key":"Tiny Chest"},{"floor":26,"key":"Girya"},{"floor":28,"key":"Frozen Egg 2"}],"event_choices":[{"damage_healed":0,"gold_gain":0,"cards_transformed":["hexamod:Strike"],"player_choice":"Transformed","damage_taken":0,"max_hp_gain":0,"max_hp_loss":0,"event_name":"Transmorgrifier","floor":14,"gold_loss":0,"cards_obtained":["hexamod:RadiantFlame"]},{"damage_healed":0,"gold_gain":0,"player_choice":"Inject Mutagens","damage_taken":0,"relics_obtained":["MutagenicStrength"],"max_hp_gain":0,"max_hp_loss":0,"event_name":"Drug Dealer","floor":27,"gold_loss":0}],"is_beta":false,"boss_relics":[{"not_picked":["Runic Dome","Busted Crown"],"picked":"SlaversCollar"}],"items_purged_floors":[],"is_endless":false,"potions_floor_spawned":[10,12,15,16,22,26,31,32],"killed_by":"downfall:Silent","ascension_level":0}}