{"host":"mg76ttosiqzmuff4","time":1609757869,"event":{"mods":["BaseMod","Block Reminder","Colored Powertips","Googly Eyes","Minty Spire (QoL Compilation)","Quick Restart","Relic Stats","StSLib","Waifu the Spire","everything is the same but u backflip on backflip","slay the spire mod where everything is the same but ironclad has a cowboy hat"],"gold_per_floor":[111,61,77,40,56,56,56,68,91,91,109,127,156,168,168,168,168],"floor_reached":16,"playtime":591,"items_purged":[],"score":114,"play_id":"61cf2c45-fbb8-4040-aa7d-ef4dc6688138","local_time":"20210104135749","is_ascension_mode":true,"campfire_choices":[{"data":"Masterful Stab","floor":6,"key":"SMITH"},{"data":"Survivor","floor":10,"key":"SMITH"},{"floor":15,"key":"REST"}],"circlet_count":0,"master_deck":["Strike_G","Strike_G","Strike_G","Strike_G","Defend_G+1","Defend_G","Defend_G","Defend_G","Defend_G+1","Survivor+1","Neutralize","Wraith Form v2","Quick Slash","Dagger Spray","Masterful Stab+1","Blade Dance","Cloak And Dagger","After Image","Deflect"],"relics":["Ring of the Snake","War Paint","Boot","Regal Pillow"],"acts_visited":["Exordium"],"potions_floor_usage":[13,16,16],"damage_taken":[{"damage":6,"enemies":"Jaw Worm","floor":1,"turns":6},{"damage":2,"enemies":"2 Louse","floor":3,"turns":3},{"damage":1,"enemies":"Cultist","floor":5,"turns":4},{"damage":1,"enemies":"Exordium Wildlife","floor":8,"turns":3},{"damage":0,"enemies":"Large Slime","floor":11,"turns":5},{"damage":3,"enemies":"Red Slaver","floor":12,"turns":5},{"damage":10,"enemies":"Lagavulin","floor":13,"turns":6},{"damage":0,"enemies":"Lots of Slimes","floor":14,"turns":3},{"damage":63,"enemies":"Hexaghost","floor":16,"turns":15}],"seed_played":"-4265721349287799235","potions_obtained":[{"floor":5,"key":"ColorlessPotion"},{"floor":11,"key":"Dexterity Potion"},{"floor":12,"key":"BlessingOfTheForge"},{"floor":13,"key":"LiquidMemories"},{"floor":14,"key":"Block Potion"}],"is_trial":false,"path_per_floor":["M","?","M","$","M","R","?","M","T","R","M","M","E","M","R","B"],"character_chosen":"THE_SILENT","items_purchased":["Masterful Stab"],"campfire_rested":1,"item_purchase_floors":[4],"current_hp_per_floor":[64,64,62,62,61,61,61,60,60,60,60,57,47,47,70,7,7],"gold":168,"neow_bonus":"ONE_RANDOM_RARE_CARD","is_daily":false,"chose_seed":false,"campfire_upgraded":2,"win_rate":0.0,"timestamp":1609757869,"path_taken":["M","?","M","$","M","R","?","?","T","R","M","M","E","M","R","BOSS"],"items_purchased_type":["Card"],"build_version":"2020-12-22","purchased_purges":0,"victory":false,"max_hp_per_floor":[70,70,70,70,70,70,70,70,70,70,70,70,70,70,70,70,70],"relic_stats":{"Regal Pillow":2,"counters":[9,50],"War Paint":["Defend_G","Defend_G"],"Boot":[81],"obtain_stats":[{"Regal Pillow":13,"War Paint":7,"Boot":9,"Ring of the Snake":0},{"Regal Pillow":7,"War Paint":3,"Boot":4,"Ring of the Snake":0},{"Regal Pillow":32,"War Paint":13,"Boot":16,"Ring of the Snake":0}],"Ring of the Snake":[18]},"card_choices":[{"not_picked":["Underhanded Strike","Finisher"],"picked":"Quick Slash","floor":1},{"not_picked":["Prepared","Poisoned Stab"],"picked":"Dagger Spray","floor":3},{"not_picked":["Tactician","Catalyst"],"picked":"Blade Dance","floor":5},{"not_picked":["Setup","Backflip"],"picked":"Cloak And Dagger","floor":8},{"not_picked":["Skewer","Quick Slash","Tactician"],"picked":"SKIP","floor":11},{"not_picked":["Quick Slash","Skewer","Deadly Poison"],"picked":"SKIP","floor":12},{"not_picked":["Setup","Choke"],"picked":"After Image","floor":13},{"not_picked":["Underhanded Strike","Outmaneuver"],"picked":"Deflect","floor":14}],"player_experience":135372,"relics_obtained":[{"floor":9,"key":"Boot"},{"floor":13,"key":"Regal Pillow"}],"event_choices":[{"cards_removed":["Strike_G"],"damage_healed":0,"gold_gain":0,"player_choice":"Card Removal","damage_taken":0,"max_hp_gain":0,"max_hp_loss":0,"event_name":"The Cleric","floor":2,"gold_loss":50},{"damage_healed":0,"gold_gain":0,"player_choice":"Gave Potion","damage_taken":0,"relics_obtained":["War Paint"],"max_hp_gain":0,"max_hp_loss":0,"event_name":"WeMeetAgain","floor":7,"gold_loss":0}],"is_beta":false,"boss_relics":[],"items_purged_floors":[],"is_endless":false,"potions_floor_spawned":[5,11,12,13,14],"killed_by":"Hexaghost","ascension_level":2}}