{"host":"j0vzbnzm6n2ctevn","time":1609761988,"event":{"mods":["AchievementEnabler","BaseMod","Better Note","Dota2Spire","Minty Spire (QoL Compilation)","Quick Restart","Shop Mod","Spicy Shops","StSLib"],"gold_per_floor":[116,116,116,44,57,57,72,72,127,143,62,62,81,121,121,246,246,271,50,50,500,524,524,104,104,104,120,20,20,45,41,41,169,169,194,215,235,568,591,591,624,636,636,636,652,677,16,32,32,32,32,32,5,32,32],"floor_reached":56,"playtime":2652,"items_purged":["Strike_R","Strike_R","Strike_R","Bash"],"score":1230,"play_id":"492035e0-c948-48a6-b17c-5d0350a9d97a","local_time":"20210104200628","is_ascension_mode":false,"campfire_choices":[{"data":"Flex","floor":6,"key":"SMITH"},{"data":"Rupture","floor":8,"key":"SMITH"},{"floor":12,"key":"REST"},{"floor":15,"key":"REST"},{"floor":23,"key":"REST"},{"floor":29,"key":"REST"},{"floor":32,"key":"REST"},{"floor":40,"key":"REST"},{"floor":44,"key":"REST"},{"floor":49,"key":"RECALL"},{"floor":52,"key":"REST"}],"circlet_count":0,"master_deck":["Defend_R","Defend_R","Defend_R","Defend_R","Flex+1","Rupture+1","Thunderclap","Hemokinesis","Hemokinesis","Rupture","Demon Form","Sentinel+1","Rupture","Twin Strike+1","Panacea","Limit Break","Shockwave+1","Shrug It Off+1","Armaments+1","Shrug It Off+1","True Grit","Seeing Red+1","Bloodletting+1","Reaper","Thunderclap+1","Shrug It Off","Impervious"],"relics":["Burning Blood","NeowsBlessing","HandDrill","Dota2Spire:MaskOfMadness","Self Forming Clay","Fusion Hammer","Dota2Spire:PhaseBoots","Membership Card","Tiny Chest","Dota2Spire:PowerTreads","Medical Kit","Ginger","Dota2Spire:Bloodstone","Dota2Spire:EchoSabre","Dota2Spire:BattleFury","Happy Flower","MealTicket","Mummified Hand","Lee\u0027s Waffle","Bag of Preparation","OrangePellets","Ornamental Fan","Art of War"],"acts_visited":["Exordium","TheCity","TheBeyond","TheEnding"],"potions_floor_usage":[14,22,25,27,33,33,33,55,55],"damage_taken":[{"damage":0,"enemies":"Jaw Worm","floor":1,"turns":1},{"damage":0,"enemies":"2 Louse","floor":5,"turns":1},{"damage":0,"enemies":"Cultist","floor":7,"turns":1},{"damage":42,"enemies":"Exordium Thugs","floor":10,"turns":5},{"damage":10,"enemies":"Large Slime","floor":13,"turns":3},{"damage":24,"enemies":"3 Sentries","floor":14,"turns":6},{"damage":51,"enemies":"Hexaghost","floor":16,"turns":6},{"damage":24,"enemies":"Spheric Guardian","floor":18,"turns":4},{"damage":4,"enemies":"Chosen","floor":22,"turns":4},{"damage":40,"enemies":"Shelled Parasite and Fungi","floor":27,"turns":5},{"damage":24,"enemies":"Snake Plant","floor":30,"turns":4},{"damage":47,"enemies":"Collector","floor":33,"turns":7},{"damage":30,"enemies":"3 Darklings","floor":35,"turns":5},{"damage":17,"enemies":"Orb Walker","floor":36,"turns":3},{"damage":39,"enemies":"3 Darklings","floor":37,"turns":6},{"damage":41,"enemies":"Nemesis","floor":41,"turns":9},{"damage":46,"enemies":"Jaw Worm Horde","floor":42,"turns":7},{"damage":18,"enemies":"4 Shapes","floor":45,"turns":6},{"damage":36,"enemies":"Reptomancer","floor":46,"turns":5},{"damage":32,"enemies":"Transient","floor":48,"turns":5},{"damage":73,"enemies":"Awakened One","floor":50,"turns":7},{"damage":66,"enemies":"Shield and Spear","floor":54,"turns":4},{"damage":57,"enemies":"The Heart","floor":55,"turns":8}],"seed_played":"7862928099482056460","potions_obtained":[{"floor":5,"key":"BloodPotion"},{"floor":7,"key":"BlessingOfTheForge"},{"floor":10,"key":"GamblersBrew"},{"floor":16,"key":"ElixirPotion"},{"floor":25,"key":"Fruit Juice"},{"floor":25,"key":"Block Potion"},{"floor":25,"key":"Dexterity Potion"},{"floor":27,"key":"ColorlessPotion"},{"floor":41,"key":"Fire Potion"},{"floor":42,"key":"Energy Potion"},{"floor":46,"key":"ColorlessPotion"},{"floor":48,"key":"Strength Potion"}],"is_trial":false,"path_per_floor":["M","?","?","$","M","R","M","R","T","M","$","R","M","E","R","B",null,"M","$","?","?","M","R","$","?","T","M","$","R","M","$","R","B",null,"M","M","M","?","T","R","E","M","T","R","M","E","$","M","R","B",null,"R","$","E","B",null],"character_chosen":"IRONCLAD","items_purchased":["HandDrill","Rupture","Dota2Spire:PhaseBoots","Membership Card","Tiny Chest","Dota2Spire:PowerTreads","Medical Kit","Rupture","Panacea","MealTicket","Mummified Hand","Lee\u0027s Waffle","Bag of Preparation","Reaper","OrangePellets","Ornamental Fan","Shrug It Off"],"campfire_rested":8,"item_purchase_floors":[4,11,19,24,24,24,24,28,31,47,47,47,47,47,47,47,53],"current_hp_per_floor":[80,60,60,60,66,66,72,72,72,36,36,60,56,38,62,17,80,62,62,62,16,34,58,58,63,63,34,34,59,41,41,66,45,85,65,71,57,57,57,82,52,34,34,59,60,39,92,92,92,43,92,92,92,73,74],"gold":32,"neow_bonus":"THREE_ENEMY_KILL","is_daily":false,"chose_seed":false,"campfire_upgraded":2,"win_rate":0.0,"timestamp":1609761988,"path_taken":["M","?","?","$","M","R","M","R","T","M","$","R","?","E","R","BOSS","M","$","?","?","M","R","$","?","T","M","?","R","M","$","R","BOSS","M","M","M","?","?","R","E","M","T","R","M","E","$","M","R","BOSS","R","$","E","BOSS"],"items_purchased_type":["Relic","Card","Relic","Relic","Relic","Relic","Relic","Card","Card","Relic","Relic","Relic","Relic","Card","Relic","Relic","Card"],"build_version":"2020-12-22","purchased_purges":4,"victory":true,"max_hp_per_floor":[80,80,80,80,80,80,80,80,80,80,80,80,80,80,80,80,80,80,80,80,80,80,80,80,85,85,85,85,85,85,85,85,85,85,85,85,85,85,85,85,85,85,85,85,85,85,92,92,92,92,92,92,92,92,92],"card_choices":[{"not_picked":["Headbutt","Rampage"],"picked":"Flex","floor":1},{"not_picked":["Warcry","Havoc"],"picked":"Thunderclap","floor":5},{"not_picked":["Armaments","Perfected Strike"],"picked":"Hemokinesis","floor":7},{"not_picked":["Perfected Strike","Shrug It Off"],"picked":"Hemokinesis","floor":10},{"not_picked":["Fire Breathing","Clash","Thunderclap"],"picked":"SKIP","floor":13},{"not_picked":["Thunderclap","Sever Soul","Perfected Strike"],"picked":"SKIP","floor":14},{"not_picked":["Barricade","Feed"],"picked":"Demon Form","floor":16},{"not_picked":["Flex+1","Cleave"],"picked":"Sentinel+1","floor":18},{"not_picked":["Anger","Intimidate","Iron Wave"],"picked":"SKIP","floor":22},{"not_picked":["Warcry+1","Armaments","Perfected Strike"],"picked":"SKIP","floor":27},{"not_picked":["Sentinel+1","Wild Strike"],"picked":"Twin Strike+1","floor":30},{"not_picked":["Immolate","Barricade"],"picked":"Limit Break","floor":33},{"not_picked":["Heavy Blade+1","Iron Wave"],"picked":"Shockwave+1","floor":35},{"not_picked":["Iron Wave+1","Body Slam+1"],"picked":"Shrug It Off+1","floor":36},{"not_picked":["Disarm","Thunderclap+1"],"picked":"Armaments+1","floor":37},{"not_picked":["Carnage+1","Pommel Strike+1"],"picked":"Shrug It Off+1","floor":41},{"not_picked":["Power Through","Twin Strike+1"],"picked":"True Grit","floor":42},{"not_picked":["Sword Boomerang+1","Clothesline+1"],"picked":"Seeing Red+1","floor":45},{"not_picked":["Ghostly Armor+1","Fiend Fire"],"picked":"Bloodletting+1","floor":46},{"not_picked":["Flex+1","Pommel Strike"],"picked":"Thunderclap+1","floor":48},{"not_picked":["Pommel Strike+1","Double Tap"],"picked":"Impervious","floor":54}],"player_experience":124521,"relics_obtained":[{"floor":9,"key":"Dota2Spire:MaskOfMadness"},{"floor":14,"key":"Self Forming Clay"},{"floor":26,"key":"Ginger"},{"floor":41,"key":"Dota2Spire:EchoSabre"},{"floor":43,"key":"Dota2Spire:BattleFury"},{"floor":46,"key":"Happy Flower"},{"floor":54,"key":"Art of War"}],"event_choices":[{"damage_healed":0,"gold_gain":0,"player_choice":"Take Damage","damage_taken":20,"relics_obtained":["Golden Idol"],"max_hp_gain":0,"max_hp_loss":0,"event_name":"Golden Idol","floor":2,"gold_loss":0},{"damage_healed":0,"gold_gain":0,"cards_transformed":["Strike_R"],"player_choice":"Transformed","damage_taken":0,"max_hp_gain":0,"max_hp_loss":0,"event_name":"Transmorgrifier","floor":3,"gold_loss":0,"cards_obtained":["Rupture"]},{"cards_removed":["Strike_R"],"damage_healed":0,"gold_gain":0,"player_choice":"Offered Basic","damage_taken":0,"max_hp_gain":0,"max_hp_loss":0,"event_name":"Bonfire Elementals","floor":20,"gold_loss":0},{"damage_healed":0,"gold_gain":450,"player_choice":"GOLD GOLD GOLD GOLD GOLD ","damage_taken":46,"max_hp_gain":0,"max_hp_loss":0,"event_name":"Knowing Skull","floor":21,"potions_obtained":[],"gold_loss":0,"cards_obtained":[]},{"damage_healed":0,"gold_gain":0,"player_choice":"Got Potions","damage_taken":0,"max_hp_gain":0,"max_hp_loss":0,"event_name":"Lab","floor":25,"gold_loss":0},{"damage_healed":0,"gold_gain":333,"player_choice":"Gave Idol","damage_taken":0,"max_hp_gain":0,"max_hp_loss":0,"event_name":"The Moai Head","floor":38,"relics_lost":["Golden Idol"],"gold_loss":0}],"is_beta":false,"boss_relics":[{"not_picked":["Cursed Key","Velvet Choker"],"picked":"Fusion Hammer"},{"not_picked":["Busted Crown","Tiny House"],"picked":"Dota2Spire:Bloodstone"}],"items_purged_floors":[19,24,28,47],"is_endless":false,"potions_floor_spawned":[5,7,10,16,27,30,41,42,46,48],"ascension_level":0}}