{"host":"ik8ww1p4uabx5gam","time":1609804185,"event":{"mods":["Always Whale","Aspiration","BaseMod","Better Third Choice","BetterRewards","Colored Map","Conspire","Energized Spire","FetchMod","Hubris","Infinite Spire","Jedi Mod","Minty Spire (QoL Compilation)","Random Character Button","Replay The Spire","Shop Mod","Spicy Shops","Spikes Relics","StSLib","The Blue Laboratory","Wandering Minibosses","??????REMEMod"],"gold_per_floor":[16,16,16,36,36,69,69,102,179,202,255,274,55,75,75,204,204,225,245,185,185,185,185,228,241,264,308,308,339,360,400,400,520,620,643,643,667,692,712,712,751,804,804,804,829,842,842,856,856,985,985,1000,967,534,534,534,534,537,537,562,570,583,583,606,606,606,701,701,709,733,729,718,713,692,692,410,410,412,405,405,396,396,396,396,396,465,465,458,458,458,791,791,791,784,784,784,777,763,707,716,715,715,795,795,780,780],"floor_reached":105,"playtime":4508,"items_purged":["Strike_G","hubris:Disease","Overencumbered","conspire:Blindness","ReplayTheSpireMod:Doomed","Strike_G"],"score":2709,"play_id":"afe093ed-9910-4343-ab87-30ee4f542966","local_time":"20210104174945","is_ascension_mode":true,"campfire_choices":[{"data":"Panache","floor":7,"key":"SMITH"},{"data":"Cloak And Dagger","floor":15,"key":"SMITH"},{"data":"REME_ShadowForm","floor":23,"key":"SMITH"},{"floor":32,"key":"REST"},{"data":"A Thousand Cuts","floor":40,"key":"SMITH"},{"data":"A Thousand Cuts","floor":44,"key":"SMITH"},{"data":"After Image","floor":47,"key":"SMITH"},{"data":"Burst","floor":49,"key":"SMITH"},{"data":"Blade Dance","floor":57,"key":"SMITH"},{"floor":59,"key":"REST"},{"floor":85,"key":"REST"},{"floor":93,"key":"RECALL"},{"data":"infinitespire:Gouge","floor":95,"key":"SMITH"},{"data":"Strike_G","floor":102,"key":"PURGE"}],"circlet_count":0,"master_deck":["Strike_G","Strike_G+1","Defend_G","Defend_G","Defend_G","Defend_G","Defend_G","Survivor","Neutralize","After Image+1","Toxin Wave","Panache+1","Deflect","Blade Dance+1","Burst+1","Cloak And Dagger+1","REME_ShadowForm+1","Hidden Blade","Backflip","Dodge and Roll+1","Noxious Fumes+1","A Thousand Cuts+1","Distraction+1","A Thousand Cuts+1","Escape Plan+1","Pot Of Greed+1","Pot Of Greed+1","Pot Of Greed+1","Amnesia","CloudedMind","Decay","Blur+1","REME_ProfessionalPlagiarism+1","Hidden Blade+1","Pot Of Greed+1","infinitespire:Collect+1","Venomology+1","conspire:DoublingDagger+1","Intolerance","Corpse Explosion+1","Calculated Gamble+1","infinitespire:Execution+1","infinitespire:Gouge+1","Adrenaline+1"],"relics":["Ring of the Serpent","REME_ComplimentaryCards","ReplayTheSpireMod:Ring of Addiction","Ring of Hypnosis","Chameleon Ring","SacredBark","conspire:DeflatedDodgeball","Strawberry","Question Card","Anchor","Membership Card","energizedSpire:OgreHead","Regal Pillow","Oddly Smooth Stone","aspiration:VileToxins","Bag of Marbles","MutagenicStrength","Calipers","Toxic Egg 2","Replay:Grab Bag","Replay:Wanted Poster","Cursed Key","Ring of Chaos","Akabeko","jedi:shrinkray","infinitespire:PuzzleCube","The Specimen","Replay:Ancient Bell","Grinning Jar","REME_PoisonedDagger","CherryCoatedStake","wanderingMiniBosses:OtherGremlinHorn","MerchantsRug","SpikesRelics:DaevaFist","ExplosiveVial","MiniBlackHole","hubris:Icosahedron","GremlinMask","Potion Belt","jedi:cryingmask","infinitespire:Eraser","aspiration:Lifesprig","ReplayTheSpireMod:CursedCoin","Lantern","TwistedFunnel","HornCleat","Onion Ring","Iron Hammer","Enchiridion","Replay:Bronze Core","Omamori","Shuriken","CeramicFish","BrokenLever","aspiration:SecretTechniqueScroll"],"acts_visited":["Exordium","TheCity","TheBeyond","Exordium","TheCity","TheBeyond","Exordium"],"potions_floor_usage":[6,8,14,16,19,25,30,33,37,39,41,46,50,50,52,61,64,67,67,69,71,72,73,74,74,78,78,81,81,86,86,94,97,99,100,100,101,103,103,103,103,103,105],"damage_taken":[{"damage":0,"enemies":"Jaw Worm","floor":1,"turns":4},{"damage":0,"enemies":"Small Slimes","floor":4,"turns":3},{"damage":7,"enemies":"Gremlin Nob","floor":6,"turns":4},{"damage":0,"enemies":"3 Sentries","floor":8,"turns":1},{"damage":0,"enemies":"2 Louse","floor":10,"turns":2},{"damage":0,"enemies":"Gremlin Gang","floor":12,"turns":3},{"damage":0,"enemies":"Blue Slaver","floor":14,"turns":4},{"damage":23,"enemies":"Hexaghost","floor":16,"turns":10},{"damage":0,"enemies":"3 Byrds","floor":18,"turns":3},{"damage":22,"enemies":"2 Thieves","floor":19,"turns":6},{"damage":1,"enemies":"Gremlin Leader","floor":24,"turns":5},{"damage":15,"enemies":"Shelled Parasite and Fungi","floor":25,"turns":6},{"damage":13,"enemies":"Book of Stabbing","floor":27,"turns":5},{"damage":0,"enemies":"Nightmare","floor":29,"turns":6},{"damage":0,"enemies":"3 Cultists","floor":30,"turns":4},{"damage":15,"enemies":"Book of Stabbing","floor":31,"turns":6},{"damage":27,"enemies":"hubris:MusketHawk","floor":33,"turns":8},{"damage":0,"enemies":"Orb Walker","floor":35,"turns":4},{"damage":0,"enemies":"3 Shapes","floor":37,"turns":4},{"damage":0,"enemies":"Sphere and 2 Shapes","floor":39,"turns":3},{"damage":0,"enemies":"R_Hoarder","floor":41,"turns":8},{"damage":13,"enemies":"conspire:MimicChest","floor":42,"turns":6},{"damage":0,"enemies":"Transient","floor":45,"turns":5},{"damage":1,"enemies":"4 Shapes","floor":46,"turns":2},{"damage":0,"enemies":"3 Darklings","floor":48,"turns":3},{"damage":16,"enemies":"Awakened One","floor":50,"turns":11},{"damage":0,"enemies":"Cultist","floor":52,"turns":1},{"damage":54,"enemies":"Jaw Worm","floor":53,"turns":5},{"damage":0,"enemies":"Gremlin Nob","floor":58,"turns":5},{"damage":0,"enemies":"Lagavulin","floor":61,"turns":4},{"damage":0,"enemies":"2 Louse","floor":62,"turns":1},{"damage":0,"enemies":"Red Slaver","floor":64,"turns":1},{"damage":0,"enemies":"Slime Boss","floor":67,"turns":3},{"damage":0,"enemies":"2 Thieves","floor":69,"turns":2},{"damage":0,"enemies":"Chosen","floor":71,"turns":2},{"damage":0,"enemies":"Snake Plant","floor":72,"turns":3},{"damage":0,"enemies":"3 Cultists","floor":73,"turns":2},{"damage":0,"enemies":"Nightmare","floor":74,"turns":6},{"damage":0,"enemies":"Gremlin Leader","floor":78,"turns":2},{"damage":0,"enemies":"Centurion and Healer","floor":79,"turns":3},{"damage":0,"enemies":"Snecko","floor":81,"turns":3},{"damage":0,"enemies":"conspire:MysteriousRune","floor":86,"turns":3},{"damage":0,"enemies":"Orb Walker","floor":88,"turns":2},{"damage":0,"enemies":"Nightmare","floor":94,"turns":3},{"damage":0,"enemies":"3 Shapes","floor":97,"turns":2},{"damage":0,"enemies":"R_Hoarder","floor":98,"turns":3},{"damage":10,"enemies":"Transient","floor":99,"turns":4},{"damage":0,"enemies":"Sphere and 2 Shapes","floor":100,"turns":1},{"damage":0,"enemies":"Nemesis","floor":101,"turns":3},{"damage":0,"enemies":"Donu and Deca","floor":103,"turns":2},{"damage":0,"enemies":"Small Slimes","floor":105,"turns":1}],"seed_played":"2402480212717380519","potions_obtained":[{"floor":1,"key":"PowerPotion"},{"floor":3,"key":"LiquidBronze"},{"floor":3,"key":"jedi:tentaclejuice"},{"floor":4,"key":"EntropicBrew"},{"floor":6,"key":"Explosive Potion"},{"floor":12,"key":"Swift Potion"},{"floor":19,"key":"Languid Potion"},{"floor":29,"key":"Milkshake"},{"floor":31,"key":"blueLaboratory:PhilterOfMotion"},{"floor":33,"key":"blueLaboratory:EnragingPotion"},{"floor":39,"key":"ColorlessPotion"},{"floor":46,"key":"Energy Potion"},{"floor":48,"key":"blueLaboratory:FruitPunch"},{"floor":50,"key":"Venom Potion"},{"floor":52,"key":"blueLaboratory:PolymorphPotion"},{"floor":58,"key":"Fire Potion"},{"floor":63,"key":"FairyPotion"},{"floor":63,"key":"Languid Potion"},{"floor":64,"key":"blueLaboratory:Moonshine"},{"floor":66,"key":"blueLaboratory:CorrosionFlask"},{"floor":66,"key":"blueLaboratory:FrostheartPotion"},{"floor":67,"key":"Toxic Potion"},{"floor":69,"key":"ColorlessPotion"},{"floor":74,"key":"ColorlessPotion"},{"floor":75,"key":"ColorlessPotion"},{"floor":75,"key":"Adrenaline Potion"},{"floor":80,"key":"FearPotion"},{"floor":80,"key":"Dexterity Potion"},{"floor":81,"key":"blueLaboratory:BottleOfRum"},{"floor":86,"key":"Adrenaline Potion"},{"floor":100,"key":"blueLaboratory:SavagePotion"},{"floor":101,"key":"blueLaboratory:FruitPunch"},{"floor":103,"key":"DistilledChaos"}],"is_trial":false,"path_per_floor":["M","?","?","M","?","E","R","E","T","M","T","M","$","M","R","B",null,"M","M","?","?","?","R","E","M","T","E","?","NM","M","E","R","B",null,"M","?","M","T","M","R","E","?","T","R","M","M","R","M","R","B",null,"M","M","$","?","?","R","E","R","T","E","M","R","M","AVR","R","B",null,"M","$","M","M","M","NM","R","$","T","E","M","R","M","PTL","PTL","?","R","B",null,"M","?","?","?","?","R","NM","R","T","M","E","M","M","E","R_BF","B",null,"M"],"character_chosen":"THE_SILENT","items_purchased":["Fluid Movement","Membership Card","MerchantsRug","SpikesRelics:DaevaFist","ExplosiveVial","MiniBlackHole","REME_ProfessionalPlagiarism+1","ReplayTheSpireMod:CursedCoin","TwistedFunnel","HornCleat"],"campfire_rested":3,"item_purchase_floors":[13,13,54,54,54,54,54,70,76,76],"current_hp_per_floor":[70,65,65,65,65,58,58,65,65,65,65,65,65,65,65,42,70,70,48,48,48,48,48,47,32,32,19,19,19,19,4,38,11,66,66,66,64,64,64,64,64,51,51,51,51,50,50,50,50,40,66,66,15,15,15,15,15,15,48,48,48,48,48,48,48,48,50,62,62,62,62,62,62,62,62,62,62,60,60,60,60,60,60,44,58,58,58,58,58,56,56,53,51,51,51,51,51,51,44,44,47,47,55,57,57,57],"gold":780,"neow_bonus":"THREE_RARE_CARDS","is_daily":false,"chose_seed":false,"campfire_upgraded":9,"win_rate":0.0,"timestamp":1609804185,"path_taken":["M","?","?","M","?","E","R","E","T","M","?","M","$","M","R","BOSS","M","?","?","?","?","R","E","?","T","E","?","NM","M","E","R","BOSS","M","?","?","?","?","R","E","?","T","R","M","M","R","M","R","BOSS","M","M","$","?","?","R","E","R","T","E","M","R","M","AVR","R","BOSS","M","$","?","M","?","NM","R","?","T","E","?","R","M","PTL","PTL","?","R","BOSS","M","?","?","?","?","R","NM","R","T","?","E","M","M","E","R_BF","BOSS","M"],"items_purchased_type":["Card","Relic","Relic","Relic","Relic","Relic","Card","Relic","Relic","Relic"],"build_version":"2020-12-22","purchased_purges":6,"victory":false,"max_hp_per_floor":[70,65,65,65,65,65,65,72,72,72,72,70,70,70,70,70,70,70,70,70,70,70,68,68,68,68,68,68,66,66,66,66,66,66,66,66,64,64,64,64,64,64,64,64,62,62,62,62,62,66,66,66,66,66,66,64,64,64,62,62,62,62,62,62,62,62,62,62,62,62,62,62,62,62,62,62,62,60,60,60,60,60,60,60,58,58,58,58,58,56,56,53,51,51,51,51,51,51,51,51,51,51,57,57,57,57],"card_choices":[{"not_picked":["REME_SpectralBlade","Grand Finale"],"picked":"After Image","floor":0},{"not_picked":["Flying Knee","Outmaneuver"],"picked":"Toxin Wave","floor":1},{"not_picked":["Slice","Sucker Punch"],"picked":"Deflect","floor":4},{"not_picked":["ReplayTheSpireMod:Shiv Toss","InfectiousVector"],"picked":"Blade Dance","floor":6},{"not_picked":["Flying Knee","Cloak And Dagger"],"picked":"Burst","floor":8},{"not_picked":["Dodge and Roll","Bane","Expertise","Sucker Punch"],"picked":"SKIP","floor":10},{"not_picked":["jedi:collectorvenom","hubris:SlightOfHand","Replay:Poison Smokescreen","Dodge and Roll"],"picked":"SKIP","floor":12},{"not_picked":["Endless Agony","hubris:Sniper","Malaise"],"picked":"Cloak And Dagger","floor":14},{"not_picked":["Burst","Poison Darts","REME_GrazeFinale"],"picked":"REME_ShadowForm","floor":16},{"not_picked":["Sucker Punch+1","Tactician+1","Deflect"],"picked":"Hidden Blade","floor":18},{"not_picked":["hubris:SlightOfHand+1","jedi:pocketpoison","Prepared","Outmaneuver"],"picked":"SKIP","floor":19},{"not_picked":["hubris:SlightOfHand","Dagger Throw+1","Deadly Poison"],"picked":"Backflip","floor":24},{"not_picked":["Backflip","Reflex","Outmaneuver","ReplayTheSpireMod:From All Sides"],"picked":"SKIP","floor":25},{"not_picked":["Sucker Punch","Bane","REME_ShadowStrike","Quick Slash+1"],"picked":"SKIP","floor":27},{"not_picked":["Endless Agony","Pace","Dodge and Roll","Quick Slash"],"picked":"SKIP","floor":29},{"not_picked":["Cloak And Dagger+1","Reflex","Underhanded Strike"],"picked":"Dodge and Roll+1","floor":30},{"not_picked":["Skewer","Cloak And Dagger+1","hubris:SlightOfHand+1"],"picked":"Noxious Fumes+1","floor":31},{"not_picked":["Burst+1","REME_ShadowForm","jedi:rejectivetoxin+1"],"picked":"A Thousand Cuts","floor":33},{"not_picked":["Prepared+1","Underhanded Strike","Dash+1"],"picked":"Distraction+1","floor":35},{"not_picked":["Sucker Punch","Dagger Throw","Acrobatics+1","Deadly Poison+1"],"picked":"SKIP","floor":37},{"not_picked":["Backflip+1","Acrobatics+1","Replay:Poison Smokescreen+1"],"picked":"A Thousand Cuts","floor":39},{"not_picked":["Dodge and Roll+1","hubris:Sniper+1","jedi:poisonivy+1","Sucker Punch+1"],"picked":"SKIP","floor":41},{"not_picked":["jedi:acidrain+1","jedi:poisonivy","Blade Dance+1"],"picked":"Escape Plan+1","floor":42},{"not_picked":["Poisoned Stab","Flechettes+1","Quick Slash","Slice"],"picked":"SKIP","floor":45},{"not_picked":["jedi:acidrain+1","ReplayTheSpireMod:Speed Training+1","Bouncing Flask+1","Deadly Poison+1"],"picked":"SKIP","floor":46},{"not_picked":["Concentrate+1","Slice","Reflex+1","Quick Slash"],"picked":"SKIP","floor":48},{"not_picked":["hubris:Compulsion","Injury","jedi:thedog"],"picked":"Amnesia","floor":51},{"not_picked":["hubris:Gluttony","CurseOfTheBell","Languid"],"picked":"CloudedMind","floor":51},{"not_picked":["Amnesia","CurseOfTheBell","jedi:thedog"],"picked":"Decay","floor":51},{"not_picked":["ReplayTheSpireMod:Exploit Weakness+1","REME_GreenPollution","Bouncing Flask+1","Slice"],"picked":"SKIP","floor":52},{"not_picked":["Outmaneuver+1","PiercingWail+1","Heel Hook"],"picked":"Blur+1","floor":53},{"not_picked":["Flying Knee","Phantasmal Killer+1","ReplayTheSpireMod:Scrap Shanks"],"picked":"Hidden Blade+1","floor":58},{"not_picked":["Acrobatics+1","Caltrops","Crippling Poison+1","All Out Attack"],"picked":"SKIP","floor":61},{"not_picked":["Prepared+1","Heel Hook","Dodge and Roll+1","Deadly Poison+1"],"picked":"SKIP","floor":62},{"not_picked":["Prepared+1","Heel Hook","Dodge and Roll+1","Deadly Poison+1"],"picked":"SKIP","floor":62},{"not_picked":["Tactician+1","Bane","Cloak And Dagger+1","Acrobatics+1"],"picked":"SKIP","floor":64},{"not_picked":["jedi:studypoison+1","REME_SpectralBlade","ReplayTheSpireMod:From All Sides"],"picked":"Venomology+1","floor":67},{"not_picked":["Hidden Blade+1","PiercingWail+1","REME_ShadowStrike+1","ReplayTheSpireMod:Scrap Shanks"],"picked":"SKIP","floor":69},{"not_picked":["Dodge and Roll+1","Flying Knee","Masterful Stab","Dagger Throw+1"],"picked":"SKIP","floor":71},{"not_picked":["ReplayTheSpireMod:The Works+1","Cloak And Dagger+1","Sucker Punch","Footwork+1"],"picked":"SKIP","floor":72},{"not_picked":["hubris:TrickCloak+1","Blade Dance+1","jedi:pocketpoison+1","Endless Agony"],"picked":"SKIP","floor":73},{"not_picked":["Prepared+1","Masterful Stab","REME_CopyPotion+1"],"picked":"conspire:DoublingDagger+1","floor":74},{"not_picked":["Accuracy","Slice","Escape Plan+1","Hidden Blade+1"],"picked":"SKIP","floor":78},{"not_picked":["jedi:pocketpoison+1","Hidden Blade+1","Sneak Up+1","Well Laid Plans"],"picked":"SKIP","floor":79},{"not_picked":["Endless Agony","Underhanded Strike","Bane","Escape Plan+1"],"picked":"SKIP","floor":81},{"not_picked":["Envenom","jedi:rejectivetoxin+1","REME_SpectralBlade"],"picked":"Corpse Explosion+1","floor":86},{"not_picked":["Outmaneuver+1","Dodge and Roll+1","Reflex+1"],"picked":"Calculated Gamble+1","floor":88},{"not_picked":["infinitespire:Punishment","infinitespire:DeathsTouch"],"picked":"infinitespire:Execution","floor":91},{"not_picked":["ReplayTheSpireMod:??????????????????????","infinitespire:Execution"],"picked":"infinitespire:Gouge","floor":94},{"not_picked":["Predator","Backflip+1","Glass Knife","InfectiousVector+1"],"picked":"SKIP","floor":94},{"not_picked":["Dagger Spray","Draining Mist+1","Prepared+1","REME_GreenPollution"],"picked":"SKIP","floor":97},{"not_picked":["Flying Knee+1","Leg Sweep+1","Escape Plan+1","Infinite Blades+1"],"picked":"SKIP","floor":98},{"not_picked":["Dodge and Roll+1","Heel Hook+1","Escape Plan+1","Deflect+1"],"picked":"SKIP","floor":99},{"not_picked":["conspire:DoublingDagger+1","Backflip+1","Prepared+1","Poisoned Stab"],"picked":"SKIP","floor":100},{"not_picked":["Acrobatics+1","Deadly Poison+1","Masterful Stab","Cloak And Dagger+1"],"picked":"SKIP","floor":101},{"not_picked":["Bullet Time+1","aspiration:Lunge","Envenom"],"picked":"Adrenaline+1","floor":103}],"player_experience":930155,"relics_obtained":[{"floor":3,"key":"ReplayTheSpireMod:Ring of Addiction"},{"floor":3,"key":"Ring of Hypnosis"},{"floor":3,"key":"Chameleon Ring"},{"floor":3,"key":"SacredBark"},{"floor":6,"key":"conspire:DeflatedDodgeball"},{"floor":8,"key":"Strawberry"},{"floor":9,"key":"Question Card"},{"floor":11,"key":"Anchor"},{"floor":21,"key":"Regal Pillow"},{"floor":24,"key":"Oddly Smooth Stone"},{"floor":26,"key":"aspiration:VileToxins"},{"floor":27,"key":"Bag of Marbles"},{"floor":29,"key":"Calipers"},{"floor":31,"key":"Toxic Egg 2"},{"floor":38,"key":"Akabeko"},{"floor":41,"key":"jedi:shrinkray"},{"floor":42,"key":"infinitespire:PuzzleCube"},{"floor":43,"key":"The Specimen"},{"floor":53,"key":"wanderingMiniBosses:OtherGremlinHorn"},{"floor":58,"key":"Potion Belt"},{"floor":60,"key":"jedi:cryingmask"},{"floor":61,"key":"infinitespire:Eraser"},{"floor":74,"key":"Lantern"},{"floor":77,"key":"Onion Ring"},{"floor":78,"key":"Iron Hammer"},{"floor":84,"key":"Enchiridion"},{"floor":94,"key":"Omamori"},{"floor":96,"key":"Shuriken"},{"floor":98,"key":"CeramicFish"},{"floor":101,"key":"BrokenLever"}],"event_choices":[{"damage_healed":0,"gold_gain":0,"player_choice":"Lose Max HP","damage_taken":0,"relics_obtained":["Golden Idol"],"max_hp_gain":0,"max_hp_loss":5,"event_name":"Golden Idol","floor":2,"gold_loss":0},{"damage_healed":0,"gold_gain":0,"player_choice":"Ignored","damage_taken":0,"max_hp_gain":0,"max_hp_loss":0,"event_name":"Ghosts","floor":22,"gold_loss":0},{"damage_healed":0,"gold_gain":0,"player_choice":"Inject Mutagens","damage_taken":0,"relics_obtained":["MutagenicStrength"],"max_hp_gain":0,"max_hp_loss":0,"event_name":"Drug Dealer","floor":28,"gold_loss":0},{"damage_healed":0,"gold_gain":0,"player_choice":"Bought 0 Potions","damage_taken":0,"max_hp_gain":0,"max_hp_loss":0,"event_name":"The Woman in Blue","floor":36,"gold_loss":0},{"damage_healed":0,"gold_gain":0,"player_choice":"Trade","damage_taken":0,"relics_obtained":["GremlinMask"],"max_hp_gain":0,"max_hp_loss":0,"event_name":"FaceTrader","floor":56,"gold_loss":0},{"damage_healed":0,"gold_gain":0,"player_choice":"Obtained Book","damage_taken":16,"max_hp_gain":0,"max_hp_loss":0,"event_name":"Cursed Tome","floor":84,"gold_loss":0},{"damage_healed":0,"gold_gain":0,"player_choice":"Leave","damage_taken":0,"max_hp_gain":0,"max_hp_loss":0,"event_name":"conspire:Investor","floor":89,"gold_loss":0},{"cards_removed":["Fluid Movement"],"damage_healed":0,"gold_gain":0,"player_choice":"Removed Power","damage_taken":0,"max_hp_gain":0,"max_hp_loss":0,"event_name":"Falling","floor":90,"gold_loss":0},{"damage_healed":0,"gold_gain":333,"player_choice":"Gave Idol","damage_taken":0,"max_hp_gain":0,"max_hp_loss":0,"event_name":"The Moai Head","floor":91,"relics_lost":["Golden Idol"],"gold_loss":0},{"damage_healed":0,"gold_gain":0,"player_choice":"Max HP","damage_taken":0,"max_hp_gain":0,"max_hp_loss":3,"event_name":"Winding Halls","floor":92,"gold_loss":0}],"is_beta":false,"boss_relics":[{"not_picked":["Busted Crown","conspire:SlowCooker"],"picked":"energizedSpire:OgreHead"},{"not_picked":["jedi:hotpepper","Replay:Drink Me"],"picked":"Replay:Grab Bag"},{"not_picked":["Coffee Dripper","conspire:SeveredTorchhead"],"picked":"Replay:Wanted Poster"},{"not_picked":["hubris:VirtuousBlindfold","Fusion Hammer"],"picked":"Cursed Key"},{"not_picked":["aspiration:DefectSkillbook","REME_DuelDisc"],"picked":"Ring of Chaos"},{"not_picked":["Pandora\u0027s Box","energizedSpire:SpiderWeb"],"picked":"Replay:Ancient Bell"},{"not_picked":["infinitespire:Lucky Rock","PreservedInsect"],"picked":"Grinning Jar"},{"not_picked":["Replay:Bottled Eggs","hubris:MobiusCoin"],"picked":"REME_PoisonedDagger"},{"not_picked":["Incense Burner","Tingsha"],"picked":"CherryCoatedStake"},{"not_picked":["Coffee Dripper","hubris:ScarierMask"],"picked":"Ring of the Serpent"},{"not_picked":["jedi:paperlyon","ReplayTheSpireMod:DimensionalGlitch"],"picked":"Replay:Bronze Core"},{"not_picked":["Runic Pyramid","aspiration:PoetsPen_weak"],"picked":"aspiration:SecretTechniqueScroll"}],"items_purged_floors":[13,54,65,70,70,76],"is_endless":true,"potions_floor_spawned":[1,4,6,12,19,29,31,33,35,39,46,48,50,52,58,64,67,69,74,81,86,100,101,103],"killed_by":"Small Slimes","ascension_level":1}}