{"host":"w1xj5yb993x94b3l","time":1609779289,"event":{"mods":["AchievementEnabler","Act Like it!","Aspiration","BaseMod","Beaked The Cultist","BetterRewards","CCEM","Clockwork Mod","Colored Powertips","Conspire","Downfall","Energized Spire","Friendly Minions","GifTheSpireLib","Glutton Mod","Halation","Hubris","Infinite Spire","Lobotomy","LobotomyExtend","Mad Scientist","Marisa????????","Minty Spire (QoL Compilation)","Relic Sorter","Replay The Spire","Slumbering Mod","Spikes Relics","StSLib","Stuff the Spire","The Bladedancer","The Construct","The Disciple","The Jungle","The Mystic","The Runesmith","The Sage","The Servant 0.9.4","Trackpad","vexMod"],"gold_per_floor":[99,112,132,152,152,152,152,179,179,279,114,133,153,153,163,163,163],"floor_reached":16,"playtime":1285,"items_purged":["StuffTheSpire:GnomedCurse"],"score":102,"play_id":"c4b1d00b-215d-4fb9-8110-f83a6f55a07a","local_time":"20210104175449","is_ascension_mode":false,"campfire_choices":[{"floor":1,"key":"DIG"},{"data":"sneckomod:Unknown","floor":6,"key":"SMITH"},{"data":"sneckomod:IronFang","floor":9,"key":"SMITH"}],"circlet_count":0,"master_deck":["sneckomod:Strike","sneckomod:Strike","sneckomod:Strike","sneckomod:Defend","sneckomod:Defend","sneckomod:Defend","sneckomod:TailWhip","sneckomod:SnekBite","sneckomod:Unknown+1","sneckomod:Unknown","sneckomod:IronFang+1","sneckomod:UnknownCommonAttack","sneckomod:SoulDraw","hubris:Disease","hubris:Fate","sneckomod:UnknownClassSLIMEBOUND","sneckomod:UnknownClassINFINITE_BLACK","sneckomod:UnknownUncommonPower","sneckomod:UnknownClassCLOCKWORK","sneckomod:WideSting","StuffTheSpire:Innocence","sneckomod:DiceBlock"],"relics":["sneckomod:SneckoSoul","Simple Rune","LetterFromLob","vexMod:InvisibilityCloak","trackpad:SneckoScepter"],"acts_visited":["Exordium"],"potions_floor_usage":[],"damage_taken":[{"damage":0,"enemies":"Jaw Worm","floor":2,"turns":4},{"damage":0,"enemies":"2 Louse","floor":3,"turns":2},{"damage":0,"enemies":"Cultist","floor":4,"turns":5},{"damage":13,"enemies":"Replay:BlueRogue","floor":8,"turns":5},{"damage":0,"enemies":"downfall:FleeingMerchant","floor":11,"turns":4},{"damage":3,"enemies":"theSlumbering:NewSlaver","floor":12,"turns":3},{"damage":0,"enemies":"2 Fungi Beasts","floor":13,"turns":2},{"damage":12,"enemies":"conspire:2 RoseBushes","floor":15,"turns":3},{"damage":71,"enemies":"downfall:Silent","floor":16,"turns":17}],"seed_played":"-8617192742943400024","potions_obtained":[{"floor":3,"key":"Fire Potion"},{"floor":4,"key":"Explosive Potion"},{"floor":13,"key":"SmokeBomb"}],"is_trial":false,"path_per_floor":["R","M","M","M","?","R","T","E","R","?","$","M","M","?","M","B"],"character_chosen":"THE_SNECKO","items_purchased":["sneckomod:UnknownUncommonPower"],"campfire_rested":0,"item_purchase_floors":[11],"current_hp_per_floor":[99,99,100,100,100,100,100,88,88,88,90,88,88,81,69,0,0],"gold":163,"neow_bonus":"TEN_PERCENT_HP_BONUS","is_daily":false,"chose_seed":false,"campfire_upgraded":2,"win_rate":0.0,"timestamp":1609779289,"path_taken":["R","M","M","M","?","R","T","E","R","?","$","?","M","?","M","BOSS"],"items_purchased_type":["Card"],"build_version":"2020-12-22","purchased_purges":1,"victory":false,"max_hp_per_floor":[99,99,100,100,100,100,100,101,101,101,103,104,104,104,104,104,104],"card_choices":[{"not_picked":["sneckomod:QuickBite","sneckomod:MasterEye"],"picked":"sneckomod:IronFang","floor":2},{"not_picked":["sneckomod:Nope","sneckomod:DiceBlock"],"picked":"sneckomod:UnknownCommonAttack","floor":3},{"not_picked":["sneckomod:QuickMove","sneckomod:DangerNoodle"],"picked":"sneckomod:SoulDraw","floor":4},{"not_picked":["infinitespire:DeathsTouch","infinitespire:NeuralNetwork"],"picked":"hubris:Fate","floor":5},{"not_picked":["sneckomod:DiceCrush","sneckomod:UnknownClassHEXA_GHOST_PURPLE"],"picked":"sneckomod:UnknownClassSLIMEBOUND","floor":8},{"not_picked":["sneckomod:SoulRoll","sneckomod:SnakeSap"],"picked":"sneckomod:UnknownClassINFINITE_BLACK","floor":11},{"not_picked":["sneckomod:Nope","sneckomod:DiceBlock"],"picked":"sneckomod:UnknownClassCLOCKWORK","floor":12},{"not_picked":["sneckomod:UnknownClassGLUTTON","sneckomod:UnknownCommonSkill"],"picked":"sneckomod:WideSting","floor":13},{"not_picked":["sneckomod:QuickMove","sneckomod:UnlimitedRolls"],"picked":"sneckomod:DiceBlock","floor":15}],"player_experience":246636,"relics_obtained":[{"floor":1,"key":"Simple Rune"},{"floor":2,"key":"LetterFromLob"},{"floor":7,"key":"vexMod:InvisibilityCloak"},{"floor":8,"key":"trackpad:SneckoScepter"}],"event_choices":[],"is_beta":false,"boss_relics":[],"items_purged_floors":[11],"is_endless":false,"potions_floor_spawned":[3,4,13],"killed_by":"downfall:Silent","ascension_level":0}}