{"host":"e52c7hvho6xny3hd","time":1609764598,"event":{"mods":["AchievementEnabler","BaseMod","Colored Map","DeckTracker","Minty Spire (QoL Compilation)","Permanent Neow","StSLib"],"gold_per_floor":[119,133,147,157,169,169,180,212,267,267,281,281,332,40,40,145,145,162,177,21,21,21,21,21],"floor_reached":23,"playtime":1145,"items_purged":[],"score":283,"play_id":"3c8218b7-c74d-4556-a352-85651591537d","local_time":"20210104214958","is_ascension_mode":true,"campfire_choices":[{"data":"ForeignInfluence","floor":6,"key":"SMITH"},{"data":"Meditate","floor":10,"key":"SMITH"},{"data":"Eruption","floor":12,"key":"SMITH"},{"floor":15,"key":"DIG"}],"circlet_count":0,"master_deck":["Strike_P+1","Strike_P+1","Strike_P+1","Strike_P+1","Defend_P+1","Defend_P+1","Defend_P+1","Defend_P+1","Eruption+1","Vigilance","Wallop","ForeignInfluence+1","Meditate+1","EmptyFist","Perseverance","EmptyBody","Halt","Judgement","Vault","FlurryOfBlows","InnerPeace"],"relics":["PureWater","Oddly Smooth Stone","Lizard Tail","Juzu Bracelet","Shovel","Nunchaku","Velvet Choker","Vajra"],"acts_visited":["Exordium","TheCity"],"potions_floor_usage":[],"damage_taken":[{"damage":0,"enemies":"Cultist","floor":1,"turns":2},{"damage":0,"enemies":"Jaw Worm","floor":2,"turns":7},{"damage":0,"enemies":"Small Slimes","floor":3,"turns":2},{"damage":0,"enemies":"Exordium Wildlife","floor":4,"turns":3},{"damage":0,"enemies":"2 Fungi Beasts","floor":5,"turns":2},{"damage":6,"enemies":"Large Slime","floor":7,"turns":6},{"damage":10,"enemies":"Lagavulin","floor":8,"turns":6},{"damage":0,"enemies":"3 Louse","floor":11,"turns":2},{"damage":0,"enemies":"2 Fungi Beasts","floor":13,"turns":2},{"damage":32,"enemies":"Hexaghost","floor":16,"turns":10},{"damage":0,"enemies":"Spheric Guardian","floor":18,"turns":2},{"damage":15,"enemies":"2 Thieves","floor":19,"turns":4},{"damage":31,"enemies":"Book of Stabbing","floor":23,"turns":6}],"seed_played":"-4784258560178155619","potions_obtained":[{"floor":1,"key":"SkillPotion"},{"floor":3,"key":"Dexterity Potion"},{"floor":4,"key":"EssenceOfSteel"},{"floor":5,"key":"PowerPotion"}],"is_trial":false,"path_per_floor":["M","M","M","M","M","R","M","E","T","R","M","R","M","$","R","B",null,"M","M","$","?","?","E"],"character_chosen":"WATCHER","items_purchased":["Shovel","Vajra"],"campfire_rested":0,"item_purchase_floors":[14,20],"current_hp_per_floor":[65,65,65,65,65,65,59,49,49,49,49,49,49,49,49,17,58,58,43,43,30,30,38,38],"gold":21,"neow_bonus":"RANDOM_COMMON_RELIC","is_daily":false,"chose_seed":false,"campfire_upgraded":3,"win_rate":0.0,"timestamp":1609764598,"path_taken":["M","M","M","M","M","R","M","E","T","R","M","R","M","$","R","BOSS","M","M","$","?","?","E"],"items_purchased_type":["Relic","Relic"],"build_version":"2020-12-22","purchased_purges":0,"victory":false,"max_hp_per_floor":[72,72,72,72,72,72,72,72,72,72,72,72,72,72,72,72,72,72,72,72,77,77,77,77],"card_choices":[{"not_picked":["CarveReality","Halt"],"picked":"Wallop","floor":1},{"not_picked":["BattleHymn","Indignation"],"picked":"ForeignInfluence","floor":2},{"not_picked":["ClearTheMind","Prostrate"],"picked":"Meditate","floor":3},{"not_picked":["Prostrate","FlyingSleeves","Nirvana"],"picked":"SKIP","floor":4},{"not_picked":["CutThroughFate","CrushJoints"],"picked":"EmptyFist","floor":5},{"not_picked":["Wireheading","Consecrate"],"picked":"Perseverance","floor":7},{"not_picked":["PathToVictory","Swivel"],"picked":"EmptyBody","floor":8},{"not_picked":["Weave","Wallop"],"picked":"Halt","floor":11},{"not_picked":["Adaptation","SignatureMove"],"picked":"Judgement","floor":13},{"not_picked":["Scrawl","Omniscience"],"picked":"Vault","floor":16},{"not_picked":["JustLucky","Prostrate"],"picked":"FlurryOfBlows","floor":18},{"not_picked":["LikeWater+1","BattleHymn"],"picked":"InnerPeace","floor":19}],"player_experience":621688,"relics_obtained":[{"floor":8,"key":"Lizard Tail"},{"floor":9,"key":"Juzu Bracelet"},{"floor":15,"key":"Nunchaku"}],"event_choices":[{"damage_healed":0,"gold_gain":0,"player_choice":"Shed Blood","damage_taken":18,"max_hp_gain":5,"max_hp_loss":0,"event_name":"Forgotten Altar","floor":21,"gold_loss":0},{"damage_healed":0,"gold_gain":0,"player_choice":"Simplicity","damage_taken":0,"max_hp_gain":0,"max_hp_loss":0,"event_name":"Back to Basics","floor":22,"gold_loss":0,"cards_upgraded":["Strike_P","Strike_P","Strike_P","Strike_P","Defend_P","Defend_P","Defend_P","Defend_P"]}],"is_beta":false,"boss_relics":[{"not_picked":["Runic Dome","Coffee Dripper"],"picked":"Velvet Choker"}],"items_purged_floors":[],"is_endless":false,"potions_floor_spawned":[1,3,4,5,8,11,18],"killed_by":"Book of Stabbing","ascension_level":9}}