{"host":"yiit85oc4oi3nqs8","time":1609759701,"event":{"mods":["AchievementEnabler","BaseMod","Better Third Choice","Block Reminder","DeckTracker","Highlight Path","Keyboard Shortcuts","Minty Spire (QoL Compilation)","MonsterHotkey","Quick Restart","Random Character Button","Relic Stats","StSLib"],"gold_per_floor":[14,28,28,48,62,62,62,62,62,76,76,76,76,89,109,109,120,120,120,120,120,139,139,139,139,243,243,253,253,303,314,314,314,239,239,239,239,239,268,285,312,312,312,411,411,411,411,311,186,186,36,36,36,133,133,149,165,165,177,177,177,188,188,188,188,188,188,188,235,249,249,74,74,92,92,92,92,104,104,104,104,104],"floor_reached":83,"playtime":1593,"items_purged":["Parasite","Strike_R","Strike_R","Bash","Combust"],"score":1023,"play_id":"cabdc6dd-50a6-4dcc-80c2-ad04eef01bc2","local_time":"20210104202821","is_ascension_mode":false,"campfire_choices":[{"data":"Searing Blow","floor":8.0,"key":"SMITH"},{"data":"Searing Blow+1","floor":9.0,"key":"SMITH"},{"data":"Searing Blow+2","floor":11.0,"key":"SMITH"},{"data":"Searing Blow+3","floor":12.0,"key":"SMITH"},{"data":"Searing Blow+4","floor":24.0,"key":"SMITH"},{"data":"Searing Blow+5","floor":25.0,"key":"SMITH"},{"data":"Searing Blow+6","floor":37.0,"key":"SMITH"},{"data":"Searing Blow+7","floor":38.0,"key":"SMITH"},{"data":"Searing Blow+8","floor":42,"key":"SMITH"},{"data":"Searing Blow+9","floor":43,"key":"SMITH"},{"data":"Searing Blow+10","floor":46,"key":"SMITH"},{"data":"Searing Blow+11","floor":47,"key":"SMITH"},{"floor":52,"key":"REST"},{"data":"Searing Blow+12","floor":53,"key":"SMITH"},{"data":"Searing Blow+13","floor":63,"key":"SMITH"},{"data":"Searing Blow+14","floor":64,"key":"SMITH"},{"data":"Searing Blow+15","floor":67,"key":"SMITH"},{"data":"Searing Blow+16","floor":68,"key":"SMITH"},{"floor":80,"key":"REST"},{"data":"Double Tap","floor":81,"key":"SMITH"}],"circlet_count":0,"master_deck":["Defend_R","Defend_R","Defend_R","Searing Blow+17","Double Tap+1","Flash of Steel"],"relics":["Burning Blood"],"acts_visited":["Exordium","TheCity","TheBeyond"],"potions_floor_usage":[59,59,70],"damage_taken":[{"damage":1.0,"enemies":"Small Slimes","floor":1.0,"turns":4.0},{"damage":8.0,"enemies":"Cultist","floor":2.0,"turns":5.0},{"damage":13.0,"enemies":"2 Louse","floor":4.0,"turns":3.0},{"damage":14.0,"enemies":"Exordium Wildlife","floor":5.0,"turns":4.0},{"damage":6.0,"enemies":"Large Slime","floor":10.0,"turns":5.0},{"damage":17.0,"enemies":"Lots of Slimes","floor":14.0,"turns":3.0},{"damage":0.0,"enemies":"Looter","floor":15.0,"turns":2.0},{"damage":3.0,"enemies":"2 Fungi Beasts","floor":17.0,"turns":3.0},{"damage":12.0,"enemies":"Lots of Slimes","floor":22.0,"turns":3.0},{"damage":45.0,"enemies":"Hexaghost","floor":26.0,"turns":5.0},{"damage":5.0,"enemies":"Chosen","floor":28.0,"turns":4.0},{"damage":0.0,"enemies":"Spheric Guardian","floor":31.0,"turns":3.0},{"damage":62.0,"enemies":"Slavers","floor":39.0,"turns":7.0},{"damage":8,"enemies":"Centurion and Healer","floor":40,"turns":3},{"damage":21,"enemies":"Automaton","floor":54,"turns":4},{"damage":57,"enemies":"3 Darklings","floor":56,"turns":11},{"damage":0,"enemies":"Orb Walker","floor":57,"turns":2},{"damage":28,"enemies":"3 Darklings","floor":59,"turns":5},{"damage":0,"enemies":"Writhing Mass","floor":62,"turns":1},{"damage":18,"enemies":"Transient","floor":70,"turns":4},{"damage":26,"enemies":"4 Shapes","floor":74,"turns":5},{"damage":0,"enemies":"Writhing Mass","floor":78,"turns":1},{"damage":0,"enemies":"Awakened One","floor":82,"turns":2}],"seed_played":"-3308291608000323677","potions_obtained":[{"floor":3.0,"key":"LiquidBronze"},{"floor":3.0,"key":"Dexterity Potion"},{"floor":3.0,"key":"LiquidMemories"},{"floor":5.0,"key":"CultistPotion"},{"floor":15.0,"key":"CultistPotion"},{"floor":28.0,"key":"Weak Potion"},{"floor":39.0,"key":"BloodPotion"},{"floor":40,"key":"PowerPotion"},{"floor":59,"key":"BloodPotion"},{"floor":78,"key":"Weak Potion"}],"is_trial":false,"path_per_floor":["M","M","?","M","M","$","$","R","R","M","R","R","T","M","M","M","M","?","M","$","?","M","?","R","R","B",null,"M","?","?","M","?","$","$","?","?","R","R","E","M","T","R","R","?","?","R","R","$","?","$","$","R","R","B",null,"M","M","?","M","?","?","M","R","R","?","?","R","R","T","M","T","$","?","M","?","?","?","M","?","R","R","B",null],"character_chosen":"IRONCLAD","items_purchased":[],"campfire_rested":2,"item_purchase_floors":[],"current_hp_per_floor":[80,78,78,71,63,63,63,63,63,63,63,63,63,52,58,58,61,54,54,54,54,48,68,68,68,29,80,80,65,65,71,71,71,71,71,82,82,82,26,24,24,24,24,24,24,24,24,24,24,24,24,48,48,33,82,31,37,37,31,72,72,72,72,72,72,72,72,72,72,60,60,60,60,40,40,40,33,39,39,60,60,66],"gold":104,"neow_bonus":"TRANSFORM_TWO_CARDS","is_daily":false,"chose_seed":false,"campfire_upgraded":18,"win_rate":0.0,"timestamp":1609759701,"path_taken":["M","M","?","?","?","$","$","R","R","M","R","R","T","M","?","M","M","?","M","?","?","M","?","R","R","BOSS","M","?","?","?","?","$","$","?","?","R","R","E","M","T","R","R","?","?","R","R","?","?","$","$","R","R","BOSS","M","?","?","M","?","?","M","R","R","?","?","R","R","T","M","?","$","?","?","?","?","?","?","?","R","R","BOSS"],"items_purchased_type":[],"build_version":"2020-12-22","purchased_purges":5,"victory":true,"max_hp_per_floor":[80,80,80,80,80,80,80,80,80,80,80,80,80,80,80,80,80,80,80,80,80,80,80,80,80,80,80,80,85,85,85,85,85,82,82,82,82,82,82,82,82,82,82,82,82,82,82,82,82,82,82,82,82,82,82,82,82,82,82,72,72,72,72,72,72,72,72,72,72,72,72,72,72,72,72,72,72,72,72,72,72,72],"relic_stats":{"counters":[23,89],"obtain_stats":[{"Burning Blood":0},{"Burning Blood":0},{"Burning Blood":0}],"Burning Blood":126},"card_choices":[{"not_picked":["Heavy Blade","Uppercut","Bloodletting"],"picked":"SKIP","floor":1.0},{"not_picked":["Clash","Ghostly Armor"],"picked":"Combust","floor":2.0},{"not_picked":["Anger","Blood for Blood","Heavy Blade"],"picked":"SKIP","floor":4.0},{"not_picked":["Warcry","Sword Boomerang","Heavy Blade"],"picked":"SKIP","floor":5.0},{"not_picked":["Heavy Blade","Anger","Combust"],"picked":"SKIP","floor":10.0},{"not_picked":["Clash","Uppercut","Thunderclap"],"picked":"SKIP","floor":14.0},{"not_picked":["Headbutt","Havoc","Battle Trance"],"picked":"SKIP","floor":15.0},{"not_picked":["Perfected Strike","Inflame","Sword Boomerang"],"picked":"SKIP","floor":17.0},{"not_picked":["Bludgeon","Shockwave","Clash"],"picked":"SKIP","floor":22.0},{"not_picked":["Barricade","Immolate"],"picked":"Double Tap","floor":26.0},{"not_picked":["Headbutt","Fire Breathing","Flex+1"],"picked":"SKIP","floor":28.0},{"not_picked":["Rage","Anger","Shrug It Off"],"picked":"SKIP","floor":31.0},{"not_picked":["Blood for Blood+1","Flex","Offering"],"picked":"SKIP","floor":39.0},{"not_picked":["Thunderclap","Perfected Strike","Feel No Pain+1"],"picked":"SKIP","floor":40},{"not_picked":["Warcry+1","Spot Weakness+1","Hemokinesis+1"],"picked":"SKIP","floor":56},{"not_picked":["Searing Blow","Heavy Blade+1","Armaments+1"],"picked":"SKIP","floor":57},{"not_picked":["Heavy Blade","Thunderclap+1","Armaments"],"picked":"SKIP","floor":59},{"not_picked":["Corruption","Anger+1","Wild Strike"],"picked":"SKIP","floor":62},{"not_picked":["Clash","Rampage+1","Dropkick+1"],"picked":"SKIP","floor":70},{"not_picked":["Perfected Strike+1","Wild Strike+1","Flame Barrier"],"picked":"SKIP","floor":74},{"not_picked":["Panacea","Secret Weapon"],"picked":"Flash of Steel","floor":76},{"not_picked":["Pummel+1","Havoc+1","Dark Embrace+1"],"picked":"SKIP","floor":78}],"player_experience":440562,"relics_obtained":[],"event_choices":[{"damage_healed":0.0,"max_hp_gain":0.0,"max_hp_loss":0.0,"gold_gain":0.0,"event_name":"Lab","player_choice":"Got Potions","floor":3.0,"gold_loss":0.0,"damage_taken":0.0},{"cards_removed":["Strike_R"],"damage_healed":0.0,"max_hp_gain":0.0,"max_hp_loss":0.0,"gold_gain":0.0,"event_name":"Golden Wing","player_choice":"Card Removal","floor":18.0,"gold_loss":0.0,"damage_taken":7.0},{"damage_healed":20.0,"max_hp_gain":0.0,"max_hp_loss":0.0,"gold_gain":0.0,"event_name":"Mushrooms","player_choice":"Healed and dodged fight","floor":23.0,"gold_loss":0.0,"damage_taken":0.0,"cards_obtained":["Parasite"]},{"damage_healed":0.0,"max_hp_gain":5.0,"max_hp_loss":0.0,"gold_gain":0.0,"event_name":"Forgotten Altar","player_choice":"Shed Blood","floor":29.0,"gold_loss":0.0,"damage_taken":20.0},{"damage_healed":0.0,"max_hp_gain":0.0,"max_hp_loss":0.0,"gold_gain":100.0,"event_name":"The Joust","player_choice":"Bet on Murderer","floor":30.0,"gold_loss":50.0,"damage_taken":0.0},{"cards_removed":["Strike_R"],"damage_healed":0.0,"max_hp_gain":0.0,"max_hp_loss":0.0,"gold_gain":0.0,"event_name":"betterThird:BetterWriting","player_choice":"Elegance","floor":35.0,"gold_loss":0.0,"damage_taken":0.0},{"damage_healed":27.0,"max_hp_gain":0.0,"max_hp_loss":0.0,"gold_gain":0.0,"event_name":"The Library","player_choice":"Heal","floor":36.0,"gold_loss":0.0,"damage_taken":0.0},{"damage_healed":0,"gold_gain":99,"player_choice":"Steal","damage_taken":0,"max_hp_gain":0,"max_hp_loss":0,"event_name":"betterThird:BetterNest","floor":44,"gold_loss":0},{"damage_healed":0,"gold_gain":0,"player_choice":"Ignored","damage_taken":0,"max_hp_gain":0,"max_hp_loss":0,"event_name":"Cursed Tome","floor":45,"gold_loss":0},{"damage_healed":72,"gold_gain":0,"player_choice":"Heal","damage_taken":0,"max_hp_gain":0,"max_hp_loss":10,"event_name":"The Moai Head","floor":60,"gold_loss":0},{"damage_healed":0,"gold_gain":0,"player_choice":"Ignored","damage_taken":0,"max_hp_gain":0,"max_hp_loss":0,"event_name":"Mysterious Sphere","floor":61,"gold_loss":0},{"damage_healed":0,"gold_gain":0,"player_choice":"Ignored","damage_taken":0,"max_hp_gain":0,"max_hp_loss":0,"event_name":"Tomb of Lord Red Mask","floor":65,"gold_loss":0},{"cards_removed":["Rupture"],"damage_healed":0,"gold_gain":0,"player_choice":"Removed Power","damage_taken":0,"max_hp_gain":0,"max_hp_loss":0,"event_name":"Falling","floor":66,"gold_loss":0},{"damage_healed":0,"gold_gain":0,"player_choice":"Memory 1","damage_taken":0,"max_hp_gain":0,"max_hp_loss":0,"event_name":"SensoryStone","floor":76,"gold_loss":0},{"damage_healed":0,"gold_gain":0,"player_choice":"Damaged","damage_taken":7,"max_hp_gain":0,"max_hp_loss":0,"event_name":"Wheel of Change","floor":77,"gold_loss":0}],"is_beta":false,"boss_relics":[{"not_picked":["Ectoplasm","SacredBark","Runic Pyramid"]},{"not_picked":["Busted Crown","Empty Cage","Black Blood"]}],"items_purged_floors":[34,48,49,51,72],"is_endless":false,"potions_floor_spawned":[5,15,17,28,39,40,54,57,59,78],"ascension_level":0}}