{"host":"uflv0e3ja7hvnij7","time":1609795424,"event":{"mods":["Aspiration","BaseMod","Better Altar","Better Match","Better Note","Better Sensory Stone","Better Skull","Better Third Choice","Hubris","Minty Spire (QoL Compilation)","Permanent Neow","Shop Mod","StSLib"],"gold_per_floor":[19,19,35,58,158,196,210,210,260,260,260,274,274,314,314,433,433,446,470,491,491,491],"floor_reached":21,"playtime":1390,"items_purged":[],"score":270,"play_id":"d1d62b7b-b15c-4875-ba8e-03c5e60fad16","local_time":"20210104162344","is_ascension_mode":true,"campfire_choices":[{"data":"Perseverance","floor":8,"key":"SMITH"},{"data":"Scrawl","floor":10,"key":"SMITH"},{"floor":13,"key":"REST"},{"data":"Establishment","floor":15,"key":"SMITH"}],"circlet_count":0,"master_deck":["Strike_P","Strike_P","Strike_P","Strike_P","Defend_P","Defend_P","Defend_P","Defend_P","Eruption","Vigilance","Establishment+1","Perseverance+1","InnerPeace","Scrawl+1","Conclude","Protect","Ragnarok"],"relics":["PureWater","Golden Idol","Mummified Hand","Centennial Puzzle","Potion Belt","Pen Nib","SlaversCollar"],"acts_visited":["TheCity"],"potions_floor_usage":[6,6,14,14],"damage_taken":[{"damage":0,"enemies":"Jaw Worm","floor":1,"turns":2},{"damage":0,"enemies":"Cultist","floor":3,"turns":4},{"damage":0,"enemies":"Small Slimes","floor":4,"turns":4},{"damage":12,"enemies":"Lagavulin","floor":6,"turns":7},{"damage":1,"enemies":"Exordium Thugs","floor":7,"turns":4},{"damage":3,"enemies":"Blue Slaver","floor":12,"turns":5},{"damage":0,"enemies":"3 Sentries","floor":14,"turns":3},{"damage":10,"enemies":"The Guardian","floor":16,"turns":10},{"damage":6,"enemies":"Shell Parasite","floor":18,"turns":5},{"damage":2,"enemies":"Chosen","floor":19,"turns":6},{"damage":55,"enemies":"Snake Plant","floor":20,"turns":6}],"seed_played":"-6709473281727422442","potions_obtained":[{"floor":1,"key":"DuplicationPotion"},{"floor":4,"key":"LiquidMemories"},{"floor":6,"key":"BottledMiracle"},{"floor":7,"key":"Strength Potion"},{"floor":19,"key":"DuplicationPotion"},{"floor":20,"key":"BottledMiracle"}],"is_trial":false,"path_per_floor":["M","?","M","M","?","E","M","R","T","R","?","M","R","E","R","B",null,"M","M","M","$"],"character_chosen":"WATCHER","items_purchased":[],"campfire_rested":1,"item_purchase_floors":[],"current_hp_per_floor":[72,54,54,54,54,42,41,41,41,41,41,38,59,59,59,49,66,60,58,3,3,3],"gold":491,"neow_bonus":"THREE_RARE_CARDS","is_daily":false,"chose_seed":false,"campfire_upgraded":3,"win_rate":0.0,"timestamp":1609795424,"path_taken":["M","?","M","M","?","E","?","R","T","R","?","M","R","E","R","BOSS","M","M","M","$"],"items_purchased_type":[],"build_version":"2020-12-22","purchased_purges":0,"victory":false,"max_hp_per_floor":[72,72,72,72,72,72,72,72,72,72,72,72,72,72,72,72,72,72,72,72,72,72],"card_choices":[{"not_picked":["Vault","Judgement"],"picked":"Establishment","floor":0},{"not_picked":["ThirdEye","EmptyFist"],"picked":"Perseverance","floor":1},{"not_picked":["ReachHeaven","Tantrum"],"picked":"InnerPeace","floor":3},{"not_picked":["CrushJoints","Fasting2"],"picked":"Prostrate","floor":4},{"not_picked":["MentalFortress","Wallop"],"picked":"Scrawl","floor":6},{"not_picked":["BowlingBash","SignatureMove","Swivel"],"picked":"SKIP","floor":7},{"not_picked":["FearNoEvil","FollowUp"],"picked":"Conclude","floor":12},{"not_picked":["Evaluate","MasterReality"],"picked":"Protect","floor":14},{"not_picked":["Establishment","Wish"],"picked":"Ragnarok","floor":16},{"not_picked":["JustLucky","Worship","Crescendo"],"picked":"SKIP","floor":18},{"not_picked":["TalkToTheHand","Prostrate","CutThroughFate+1"],"picked":"SKIP","floor":19},{"not_picked":["Wireheading+1","Evaluate","PathToVictory"],"picked":"SKIP","floor":20}],"player_experience":478325,"relics_obtained":[{"floor":6,"key":"Mummified Hand"},{"floor":9,"key":"Centennial Puzzle"},{"floor":14,"key":"Pen Nib"}],"event_choices":[{"damage_healed":0,"gold_gain":0,"player_choice":"Take Damage","damage_taken":18,"relics_obtained":["Golden Idol"],"max_hp_gain":0,"max_hp_loss":0,"event_name":"Golden Idol","floor":2,"gold_loss":0},{"damage_healed":0,"gold_gain":100,"player_choice":"Pray","damage_taken":0,"max_hp_gain":0,"max_hp_loss":0,"event_name":"Golden Shrine","floor":5,"gold_loss":0},{"cards_removed":["Prostrate"],"damage_healed":0,"gold_gain":0,"player_choice":"Gave Card","damage_taken":0,"relics_obtained":["Potion Belt"],"max_hp_gain":0,"max_hp_loss":0,"event_name":"WeMeetAgain","floor":11,"gold_loss":0}],"is_beta":false,"boss_relics":[{"not_picked":["Coffee Dripper","hubris:BlackHole"],"picked":"SlaversCollar"}],"items_purged_floors":[],"is_endless":false,"potions_floor_spawned":[1,4,6,7,19,20],"ascension_level":5}}