{"host":"h5pmktbc0hzjipqc","time":1609726480,"event":{"mods":["2.2 Compatiblity","AchievementEnabler","BaseMod","Better Altar","Better Match","Better Note","Better Sensory Stone","Better Skull","Better Third Choice","Better Vampires","BetterRewards","Block Reminder","Clawfect","Colored Powertips","Conspire","Curses Come First","Energized Spire","GifTheSpireLib","Halation","Hero for Fun","Hubris","Jedi Mod","Minty Spire (QoL Compilation)","Permanent Neow","Quick Restart","Rare Cards Sparkle","Relic Sorter","Relic Stats","Replay The Spire","Spicy Shops","Spikes Relics","StSLib","Synergy Search","The Jungle","Trackpad","Unceasing Turn Reminder","everything is the same but u backflip on backflip","vexMod"],"gold_per_floor":[14,28,28,42,42,71,371,371,371,371,371,371,391,409,409,510,510,526,536,548,548,548,581,581,609,663,663,663,680,680,708,708,737,737,834,834,851,851,742,759,759,759,759,786,786,786,800,800,827,802,852,852],"floor_reached":53,"playtime":1080,"items_purged":["Defend_Y","Defend_Y","Defend_Y","Defend_Y"],"score":1464,"play_id":"53e403b5-4228-449f-872e-3c00e6734bc5","local_time":"20210103201440","is_ascension_mode":false,"campfire_choices":[{"data":"Strike_Y","floor":8,"key":"SMITH"},{"data":"Strike_Y","floor":15,"key":"SMITH"},{"data":"Strike_Y","floor":24,"key":"SMITH"},{"data":"Strike_Y","floor":34,"key":"SMITH"},{"data":"Strike_Y","floor":42,"key":"SMITH"},{"data":"Slap","floor":46,"key":"SMITH"},{"data":"Strike_Y","floor":48,"key":"SMITH"}],"circlet_count":0,"master_deck":["Strike_Y+1","Strike_Y+1","Strike_Y+1","Strike_Y+1","Strike_Y+1","Defend_Y","Slap","Burn","Strike_Y+1","Strike_Y+1","Strike_Y","Strike_Y+1","Strike_Y","Defend_Y","Slap+1","Burn","Serious_Side_Hops"],"relics":["Cape","halation:LostSnail","Replay:Mystery Machine","hubris:NiceRug","vexMod:MemoryStick","Mango","hubris:EmptyBottle","hubris:SlimyHat","MiniBlackHole","trackpad:VoidSphere","Replay:Accelerometer","hubris:TerracottaHorce","halation:PrussianBluePaint","Juzu Bracelet","ReplayTheSpireMod:TigerMarble","Nloth\u0027s Gift","trackpad:SappingStone","trackpad:PetRock","hubris:ScarierMask","trackpad:RapidFire","hubris:Towel","trackpad:CultistFigurine","Pear","SnailShell","Snack Pack","Ginger"],"acts_visited":["Exordium","TheCity","TheBeyond"],"potions_floor_usage":[29],"damage_taken":[{"damage":0,"enemies":"conspire:RoseBush","floor":1,"turns":1},{"damage":0,"enemies":"2 Louse","floor":2,"turns":1},{"damage":0,"enemies":"Small Slimes","floor":4,"turns":1},{"damage":0,"enemies":"Gremlin Nob","floor":6,"turns":1},{"damage":0,"enemies":"hubris:Merchant","floor":7,"turns":2},{"damage":0,"enemies":"Exordium Wildlife","floor":13,"turns":1},{"damage":0,"enemies":"Large Slime","floor":14,"turns":1},{"damage":0,"enemies":"Slime Boss","floor":16,"turns":1},{"damage":0,"enemies":"Chosen","floor":18,"turns":1},{"damage":0,"enemies":"3 Byrds","floor":19,"turns":1},{"damage":0,"enemies":"Shelled Parasite and Fungi","floor":20,"turns":1},{"damage":0,"enemies":"conspire:Head Lice","floor":23,"turns":1},{"damage":0,"enemies":"Slavers","floor":25,"turns":1},{"damage":0,"enemies":"conspire:HollyBat","floor":29,"turns":4},{"damage":0,"enemies":"conspire:Head Lice","floor":31,"turns":1},{"damage":0,"enemies":"Gremlin Leader","floor":33,"turns":1},{"damage":0,"enemies":"Pondfish","floor":35,"turns":3},{"damage":0,"enemies":"3 Shapes","floor":37,"turns":1},{"damage":0,"enemies":"Orb Walker","floor":40,"turns":1},{"damage":0,"enemies":"Giant Head","floor":44,"turns":1},{"damage":0,"enemies":"Transient","floor":47,"turns":1},{"damage":0,"enemies":"R_Hoarder","floor":49,"turns":1},{"damage":0,"enemies":"Mind Bloom Boss Battle","floor":51,"turns":1},{"damage":0,"enemies":"Time Eater","floor":52,"turns":1}],"seed_played":"-6331001217609608733","potions_obtained":[{"floor":1,"key":"Elixir"},{"floor":6,"key":"Fire Potion"},{"floor":7,"key":"FairyPotion"},{"floor":29,"key":"Doom Potion"}],"is_trial":false,"path_per_floor":["M","M","?","M","$","E","$","R","T","?","?","T","M","M","R","B",null,"M","M","M","?","?","E","R","E","T","PTL","PTL","M","?","E","$","E","R","B",null,"M","?","?","M","?","R","?","E","T","R","M","R","E","?","R","B",null],"character_chosen":"OPM","items_purchased":["halation:LostSnail","Slap"],"campfire_rested":0,"item_purchase_floors":[0,0],"current_hp_per_floor":[999,999,999,999,999,999,1013,1013,1013,1013,1013,1013,1013,1013,1013,1013,1013,1013,1013,1013,1013,1013,1013,1013,1013,1013,1013,1013,1013,1013,1013,1013,1013,1013,1013,1013,1013,1016,1016,1016,1016,1016,1016,1016,1026,1026,1026,1026,1026,1026,1026,1026],"gold":852,"neow_bonus":"","is_daily":false,"chose_seed":false,"campfire_upgraded":7,"win_rate":0.0,"timestamp":1609726480,"path_taken":["M","M","?","M","$","E","$","R","T","?","?","?","?","M","R","BOSS","M","M","M","?","?","E","R","E","T","PTL","PTL","M","?","E","?","E","R","BOSS","M","?","?","M","?","R","?","E","T","R","M","R","E","?","R","BOSS"],"items_purchased_type":["Relic","Card"],"build_version":"2020-12-22","purchased_purges":4,"victory":true,"max_hp_per_floor":[999,999,999,999,999,999,1013,1013,1013,1013,1013,1013,1013,1013,1013,1013,1013,1013,1013,1013,1013,1013,1013,1013,1013,1013,1013,1013,1013,1013,1013,1013,1013,1013,1013,1013,1013,1016,1016,1016,1016,1016,1016,1016,1026,1026,1026,1026,1026,1026,1026,1026],"relic_stats":{"counters":[24,30],"Juzu Bracelet":1,"Nloth\u0027s Gift":7,"Ginger":[0],"obtain_stats":[{"Replay:Accelerometer":12,"vexMod:MemoryStick":7,"SnailShell":49,"hubris:CrystalStatue":9,"Mango":7,"trackpad:PetRock":33,"hubris:SlimyHat":7,"Juzu Bracelet":25,"Ginger":51,"Replay:Mystery Machine":6,"hubris:EmptyBottle":7,"halation:StarCompass":10,"hubris:TerracottaHorce":17,"trackpad:RapidFire":39,"halation:PrussianBluePaint":23,"MiniBlackHole":7,"hubris:ScarierMask":36,"trackpad:VoidSphere":7,"trackpad:CultistFigurine":44,"Pear":45,"trackpad:SappingStone":31,"Cape":0,"hubris:Towel":43,"ReplayTheSpireMod:TigerMarble":26,"Nloth\u0027s Gift":30,"Snack Pack":50,"halation:LostSnail":0,"hubris:NiceRug":7},{"Replay:Accelerometer":5,"vexMod:MemoryStick":5,"SnailShell":22,"hubris:CrystalStatue":5,"Mango":5,"trackpad:PetRock":16,"hubris:SlimyHat":5,"Juzu Bracelet":13,"Ginger":23,"Replay:Mystery Machine":4,"hubris:EmptyBottle":5,"halation:StarCompass":5,"hubris:TerracottaHorce":8,"trackpad:RapidFire":18,"halation:PrussianBluePaint":12,"MiniBlackHole":5,"hubris:ScarierMask":17,"trackpad:VoidSphere":5,"trackpad:CultistFigurine":20,"Pear":20,"trackpad:SappingStone":15,"Cape":0,"hubris:Towel":19,"ReplayTheSpireMod:TigerMarble":13,"Nloth\u0027s Gift":14,"Snack Pack":22,"halation:LostSnail":0,"hubris:NiceRug":5},{"Replay:Accelerometer":6,"vexMod:MemoryStick":6,"SnailShell":28,"hubris:CrystalStatue":6,"Mango":6,"trackpad:PetRock":20,"hubris:SlimyHat":6,"Juzu Bracelet":14,"Ginger":29,"Replay:Mystery Machine":4,"hubris:EmptyBottle":6,"halation:StarCompass":6,"hubris:TerracottaHorce":9,"trackpad:RapidFire":24,"halation:PrussianBluePaint":13,"MiniBlackHole":6,"hubris:ScarierMask":23,"trackpad:VoidSphere":6,"trackpad:CultistFigurine":26,"Pear":26,"trackpad:SappingStone":19,"Cape":0,"hubris:Towel":25,"ReplayTheSpireMod:TigerMarble":14,"Nloth\u0027s Gift":18,"Snack Pack":28,"halation:LostSnail":0,"hubris:NiceRug":6}]},"card_choices":[{"not_picked":["Wear_Disguise","Yawn","Side_Hop"],"picked":"SKIP","floor":1},{"not_picked":["Yawn","Hop","Toss_Stone"],"picked":"SKIP","floor":2},{"not_picked":["Side_Hop","Hop","Wear_Disguise"],"picked":"SKIP","floor":4},{"not_picked":["Consecutive_Normal_Punch","Wear_Disguise","Ignore"],"picked":"SKIP","floor":6},{"not_picked":["Consecutive_Normal_Punch"],"picked":"SKIP","floor":7},{"not_picked":["Slap"],"picked":"SKIP","floor":7},{"not_picked":["Side_Hop"],"picked":"SKIP","floor":7},{"not_picked":["Get_Hopes_Up"],"picked":"SKIP","floor":7},{"not_picked":["Wear_Disguise"],"picked":"SKIP","floor":7},{"not_picked":["Trip"],"picked":"SKIP","floor":7},{"not_picked":["Metamorphosis"],"picked":"SKIP","floor":7},{"not_picked":["Slap","Ignore","Toss_Stone"],"picked":"SKIP","floor":13},{"not_picked":["Ignore","Yawn","Consecutive_Normal_Punch"],"picked":"SKIP","floor":14},{"not_picked":["Ignore+1","Do_Nothing","Side_Hop"],"picked":"SKIP","floor":18},{"not_picked":["Yawn","Ignore","Normal_Punch"],"picked":"SKIP","floor":19},{"not_picked":["Normal_Punch","Ignore","Hop+1"],"picked":"SKIP","floor":20},{"not_picked":["Consecutive_Normal_Punch","Yawn+1","Toss_Stone+1"],"picked":"SKIP","floor":23},{"not_picked":["Yawn","Wear_Disguise","Consecutive_Normal_Punch+1"],"picked":"SKIP","floor":25},{"not_picked":["Do_Nothing","Serious_Punch","Yawn"],"picked":"SKIP","floor":29},{"not_picked":["Get_Hopes_Up","Toss_Stone","Consecutive_Normal_Punch"],"picked":"SKIP","floor":31},{"not_picked":["Normal_Punch","Get_Hopes_Up","Yawn+1"],"picked":"SKIP","floor":33},{"not_picked":["Yawn","Ignore+1","Side_Hop+1"],"picked":"SKIP","floor":37},{"not_picked":["Normal_Punch+1","Do_Nothing+1","Consecutive_Normal_Punch+1"],"picked":"SKIP","floor":40},{"not_picked":["Toss_Stone+1","Serious_Punch","Normal_Punch+1"],"picked":"SKIP","floor":44},{"not_picked":["Do_Nothing","Hop","Consecutive_Normal_Punch"],"picked":"SKIP","floor":47},{"not_picked":["Serious_Punch","Slap"],"picked":"Serious_Side_Hops","floor":49}],"player_experience":30345,"relics_obtained":[{"floor":6,"key":"Replay:Mystery Machine"},{"floor":7,"key":"vexMod:MemoryStick"},{"floor":7,"key":"Mango"},{"floor":7,"key":"hubris:EmptyBottle"},{"floor":7,"key":"hubris:SlimyHat"},{"floor":7,"key":"MiniBlackHole"},{"floor":7,"key":"trackpad:VoidSphere"},{"floor":9,"key":"hubris:CrystalStatue"},{"floor":12,"key":"Replay:Accelerometer"},{"floor":23,"key":"halation:PrussianBluePaint"},{"floor":25,"key":"Juzu Bracelet"},{"floor":26,"key":"ReplayTheSpireMod:TigerMarble"},{"floor":31,"key":"trackpad:SappingStone"},{"floor":33,"key":"trackpad:PetRock"},{"floor":44,"key":"trackpad:CultistFigurine"},{"floor":45,"key":"Pear"},{"floor":49,"key":"SnailShell"},{"floor":51,"key":"Ginger"}],"event_choices":[{"damage_healed":0,"gold_gain":0,"player_choice":"Disagree","damage_taken":0,"max_hp_gain":0,"max_hp_loss":0,"event_name":"conspire:LoneGhost","floor":3,"gold_loss":0},{"damage_healed":1013,"gold_gain":0,"player_choice":"Embrace Burn","damage_taken":0,"max_hp_gain":0,"max_hp_loss":1013,"event_name":"betterThird:BetterShining","floor":11,"gold_loss":0},{"damage_healed":0,"gold_gain":0,"player_choice":"Got Potions","damage_taken":0,"max_hp_gain":0,"max_hp_loss":0,"event_name":"Lab","floor":22,"gold_loss":0},{"damage_healed":0,"gold_gain":0,"player_choice":"Traded Relic","damage_taken":0,"relics_obtained":["Nloth\u0027s Gift"],"max_hp_gain":0,"max_hp_loss":0,"event_name":"N\u0027loth","floor":30,"relics_lost":["hubris:CrystalStatue"],"gold_loss":0},{"damage_healed":0,"gold_gain":0,"player_choice":"Paid Gold","damage_taken":0,"relics_obtained":["trackpad:RapidFire"],"max_hp_gain":0,"max_hp_loss":0,"event_name":"WeMeetAgain","floor":39,"gold_loss":109},{"damage_healed":0,"gold_gain":0,"player_choice":"Leave","damage_taken":0,"max_hp_gain":0,"max_hp_loss":0,"event_name":"conspire:Investor","floor":41,"gold_loss":0},{"damage_healed":0,"gold_gain":0,"player_choice":"Fight","damage_taken":0,"max_hp_gain":0,"max_hp_loss":0,"event_name":"MindBloom","floor":51,"gold_loss":0}],"is_beta":false,"boss_relics":[{"not_picked":["Ring of Chaos","vexMod:TanglingVine"],"picked":"hubris:TerracottaHorce"},{"not_picked":["hubris:BlackHole","vexMod:EndlessSickness"],"picked":"hubris:ScarierMask"}],"items_purged_floors":[0,0,0,0],"is_endless":false,"potions_floor_spawned":[1,6,13,20,25,29,37,40,49],"ascension_level":0}}