{"host":"2ulm0pyp8jok7fk5","time":1609767236,"event":{"mods":["Act Like it!","Arknights The Spire","BaseMod","Gensokyo","Minty Spire (QoL Compilation)","Remilia£®¿Ÿ√◊¿Ú—«£©","StSLib","The Servant 0.9.4","Youmu£®ªÍ∆«—˝√Œ£©"],"gold_per_floor":[111,42,61,79,96,131,131,131,157,157,157,192,227,227,227,328,378,390,407,332,351,362,362,262,274,274,149,149,161,194,194,293,293,312,312,312,312,326,326,236,236,288,323,323,347,364,380,380,380,380],"floor_reached":50,"playtime":2516,"items_purged":["ats:Ignite","ats:Childhood Dance","ats:Ignite+1"],"score":633,"play_id":"8250f490-f547-487e-a7f8-b5442d5e227a","local_time":"20210104213356","daily_mods":["SealedDeck","Vintage","Heirloom","Time Dilation"],"is_ascension_mode":false,"campfire_choices":[{"data":"ats:Composite Medical Shells","floor":7,"key":"SMITH"},{"data":"ats:Healing Strengthening","floor":10,"key":"SMITH"},{"data":"ats:Closed Bolt Burst Fire","floor":15,"key":"SMITH"},{"data":"ats:Revitalization","floor":23,"key":"SMITH"},{"data":"ats:Apocalypse","floor":32,"key":"SMITH"},{"floor":40,"key":"REST"},{"floor":42,"key":"REST"},{"floor":49,"key":"REST"}],"circlet_count":0,"master_deck":["ats:Closed Bolt Burst Fire+1","ats:Healing Drone+1","ats:Apocalypse+1","ats:Apocalypse+1","ats:Revitalization+1","ats:Composite Medical Shells+1","ats:Healing Strengthening+1","Gensokyo:CustomPotion"],"relics":["ats:Sanity","StoneCalendar","Bag of Marbles","Oddly Smooth Stone","Pantograph","Mercury Hourglass","ats:Originium","Bird Faced Urn","Gensokyo:PortableGap","Vajra","Pear","Mango","Potion Belt","Gensokyo:OccultBall","Tiny House","Kunai","Anchor","PreservedInsect","Orichalcum","Incense Burner","Gremlin Horn","HornCleat","ats:Bonebreaker","Velvet Choker","ScarletDevilRocket","War Paint","ats:Ability Aura","ats:Military Tradition","Pear","Smiling Mask","Torii","Happy Flower"],"acts_visited":["Gensokyo:Gensokyo","Gensokyo:Gensokyoer","Gensokyo:Gensokyoest"],"potions_floor_usage":[],"damage_taken":[{"damage":11,"enemies":"Gensokyo:Python","floor":1,"turns":3},{"damage":2,"enemies":"Gensokyo:3_Fairies","floor":3,"turns":3},{"damage":20,"enemies":"Gensokyo:2_Kodama","floor":4,"turns":4},{"damage":19,"enemies":"Gensokyo:VengefulSpirit","floor":5,"turns":5},{"damage":31,"enemies":"Gensokyo:Aya","floor":6,"turns":6},{"damage":0,"enemies":"Gensokyo:Cirno","floor":12,"turns":4},{"damage":19,"enemies":"Gensokyo:Aya","floor":13,"turns":5},{"damage":83,"enemies":"Gensokyo:Reimu","floor":16,"turns":9},{"damage":18,"enemies":"Gensokyo:Chomper","floor":18,"turns":4},{"damage":8,"enemies":"Gensokyo:2_Gloops","floor":19,"turns":3},{"damage":82,"enemies":"Gensokyo:Swordslinger","floor":21,"turns":5},{"damage":43,"enemies":"Gensokyo:Chomper_and_Gloop","floor":22,"turns":5},{"damage":35,"enemies":"Gensokyo:Monolith_and_Dog","floor":25,"turns":5},{"damage":20,"enemies":"Gensokyo:Wraith","floor":30,"turns":5},{"damage":7,"enemies":"Gensokyo:Koishi","floor":31,"turns":4},{"damage":154,"enemies":"Gensokyo:Eiki","floor":33,"turns":14},{"damage":2,"enemies":"Gensokyo:3_Boulders","floor":35,"turns":3},{"damage":6,"enemies":"Gensokyo:3_Bats","floor":39,"turns":3},{"damage":20,"enemies":"Gensokyo:Doremy","floor":44,"turns":5},{"damage":16,"enemies":"Gensokyo:SeedOfUnknown","floor":47,"turns":4},{"damage":87,"enemies":"Gensokyo:Rafflesia","floor":48,"turns":7},{"damage":212,"enemies":"Gensokyo:Scarlet_Devils","floor":50,"turns":8}],"seed_played":"-4349833931009545085","potions_obtained":[{"floor":1,"key":"BlessingOfTheForge"},{"floor":4,"key":"FearPotion"},{"floor":5,"key":"Regen Potion"},{"floor":16,"key":"Energy Potion"},{"floor":17,"key":"ColorlessPotion"}],"is_trial":true,"path_per_floor":["M","$","M","M","M","E","R","?","T","R","?","E","E","?","R","B",null,"M","M","$","M","M","R","$","M","T","$","?","M","E","R","B",null,"M","?","?","$","M","R","?","R","T","E","T","T","M","M","R","B"],"character_chosen":"DOCTOR_CLASS","items_purchased":["ats:Composite Medical Shells"],"campfire_rested":3,"item_purchase_floors":[2],"current_hp_per_floor":[61,61,72,63,71,54,54,54,54,54,49,83,83,83,83,80,88,88,82,82,64,83,83,83,88,85,85,85,85,83,83,85,85,85,85,85,85,85,82,82,82,82,63,73,73,85,79,89,0,0],"gold":380,"neow_bonus":"","is_daily":false,"chose_seed":false,"campfire_upgraded":5,"win_rate":0.0,"timestamp":1609767236,"path_taken":["M","$","M","M","M","E","R","?","T","R","?","E","E","?","R","BOSS","M","M","$","M","?","R","?","M","T","$","?","?","E","R","BOSS","M","?","?","?","?","R","?","R","T","E","?","?","?","M","R","BOSS"],"items_purchased_type":["Card"],"build_version":"2020-12-22","purchased_purges":3,"victory":false,"max_hp_per_floor":[72,72,72,72,72,72,72,65,62,62,72,83,83,83,83,83,88,88,88,88,88,88,88,88,88,85,85,85,85,85,85,85,85,85,85,85,85,85,82,82,82,82,82,92,89,89,89,89,89,89],"card_choices":[{"not_picked":["ats:Hammer On","ats:Shadow Raid"],"picked":"ats:Healing Strengthening","floor":6},{"not_picked":["ats:Rapid Magazine","ats:Hammer On","ats:Flexible Camouflage"],"picked":"SKIP","floor":12},{"not_picked":["ats:Song Of Battle","ats:Spore Proliferation","ats:Hammer On"],"picked":"SKIP","floor":13},{"not_picked":["ats:Encircling Forest","ats:Steam Pump"],"picked":"ats:Apocalypse","floor":17},{"not_picked":["ats:Apocalypse","ats:Childhood Dance","ats:Closed Bolt Burst Fire+1"],"picked":"SKIP","floor":31},{"not_picked":["ats:Apocalypse","ats:Childhood Dance","ats:Closed Bolt Burst Fire+1"],"picked":"SKIP","floor":31},{"not_picked":["ats:Hammer On","ats:Mental Burst+1","ats:Curse Doll+1"],"picked":"SKIP","floor":44}],"player_experience":50423,"relics_obtained":[{"floor":1,"key":"Bag of Marbles"},{"floor":3,"key":"Oddly Smooth Stone"},{"floor":4,"key":"Pantograph"},{"floor":5,"key":"Mercury Hourglass"},{"floor":6,"key":"ats:Originium"},{"floor":6,"key":"Bird Faced Urn"},{"floor":9,"key":"Vajra"},{"floor":12,"key":"ats:Originium"},{"floor":12,"key":"Mango"},{"floor":13,"key":"ats:Originium"},{"floor":13,"key":"Potion Belt"},{"floor":16,"key":"Gensokyo:OccultBall"},{"floor":18,"key":"Kunai"},{"floor":19,"key":"Anchor"},{"floor":21,"key":"PreservedInsect"},{"floor":22,"key":"Orichalcum"},{"floor":25,"key":"Gensokyo:OccultBall"},{"floor":25,"key":"Incense Burner"},{"floor":26,"key":"Gremlin Horn"},{"floor":30,"key":"HornCleat"},{"floor":31,"key":"ats:Bonebreaker"},{"floor":33,"key":"Gensokyo:OccultBall"},{"floor":35,"key":"ScarletDevilRocket"},{"floor":39,"key":"War Paint"},{"floor":43,"key":"ats:Ability Aura"},{"floor":44,"key":"ats:Military Tradition"},{"floor":45,"key":"Pear"},{"floor":46,"key":"Smiling Mask"},{"floor":47,"key":"Torii"},{"floor":48,"key":"Happy Flower"}],"event_choices":[],"is_beta":false,"boss_relics":[{"not_picked":["Philosopher\u0027s Stone","Runic Dome"],"picked":"Tiny House"},{"not_picked":["Coffee Dripper","SacredBark"],"picked":"Velvet Choker"}],"items_purged_floors":[20,24,28],"is_endless":false,"potions_floor_spawned":[1,4,5,16,18,19,33,47,48],"killed_by":"Gensokyo:Scarlet_Devils","ascension_level":0}}