{"host":"f5y45f7z7ziu0smp","time":1609772995,"event":{"mods":["AchievementEnabler","Ascension Reborn","BaseMod","Minty Spire (QoL Compilation)"],"gold_per_floor":[116,128,13,27,47,47,64,100,100,127,127,77,77,90,90,216,216,229,118,144,59,76,76,76,76,159,159,159,159,247,260,260,376,376,399,419,419,436,436,436,453,453,481,543,543,571,571,27,27,27],"floor_reached":51,"playtime":1403,"items_purged":["Normality","Doubt"],"score":785,"play_id":"45aed99f-feeb-4c63-ad15-e8d2c32ac87e","local_time":"20210105000955","is_ascension_mode":true,"campfire_choices":[{"data":"Searing Blow","floor":6,"key":"SMITH"},{"data":"Searing Blow+1","floor":11,"key":"SMITH"},{"data":"Searing Blow+2","floor":15,"key":"SMITH"},{"data":"Searing Blow+3","floor":23,"key":"SMITH"},{"data":"Searing Blow+4","floor":24,"key":"SMITH"},{"data":"Searing Blow+5","floor":25,"key":"SMITH"},{"data":"Searing Blow+6","floor":27,"key":"SMITH"},{"data":"Searing Blow+7","floor":32,"key":"SMITH"},{"data":"Searing Blow+9","floor":40,"key":"SMITH"},{"data":"Offering","floor":42,"key":"SMITH"},{"data":"Searing Blow+10","floor":45,"key":"SMITH"},{"data":"Searing Blow+11","floor":47,"key":"SMITH"},{"data":"Searing Blow+12","floor":49,"key":"SMITH"}],"circlet_count":0,"master_deck":["Strike_R+1","Strike_R+1","Strike_R+1","Strike_R+1","Bash+1","Intimidate","Battle Trance","Carnage+1","Warcry+1","Searing Blow+13","Warcry","Seeing Red","Anger","Infernal Blade+1","Dark Embrace","Offering+1","Pommel Strike+1","Reaper+1","Pommel Strike+1","Exhume+1","Reaper+1","Blood for Blood+1","Flex","Clash+1","Flex+1","Warcry+1","Bloodletting+1","Decay","Warcry+1","Chrysalis+1","Flex+1"],"relics":["Burning Blood","Toy Ornithopter","Matryoshka","Molten Egg 2","MealTicket","Red Skull","Regal Pillow","WingedGreaves","Astrolabe","Brimstone","Pantograph","Pear","Orichalcum","Paper Frog","Juzu Bracelet","Frozen Egg 2","TungstenRod","Champion Belt","Cursed Key","Thread and Needle","Vajra","Dead Branch","Nunchaku","Happy Flower","Centennial Puzzle","Toxic Egg 2"],"acts_visited":["Exordium","TheCity","TheBeyond"],"potions_floor_usage":[16,16,33,38,50,50],"damage_taken":[{"damage":0,"enemies":"Small Slimes","floor":1,"turns":2},{"damage":6,"enemies":"Jaw Worm","floor":2,"turns":2},{"damage":0,"enemies":"2 Louse","floor":4,"turns":2},{"damage":4,"enemies":"Exordium Thugs","floor":5,"turns":2},{"damage":0,"enemies":"3 Louse","floor":7,"turns":2},{"damage":6,"enemies":"Looter","floor":10,"turns":2},{"damage":0,"enemies":"Exordium Wildlife","floor":14,"turns":2},{"damage":39,"enemies":"Hexaghost","floor":16,"turns":4},{"damage":12,"enemies":"Chosen","floor":18,"turns":1},{"damage":24,"enemies":"2 Thieves","floor":20,"turns":2},{"damage":6,"enemies":"3 Cultists","floor":22,"turns":2},{"damage":0,"enemies":"Snake Plant","floor":31,"turns":1},{"damage":13,"enemies":"Automaton","floor":33,"turns":3},{"damage":5,"enemies":"3 Darklings","floor":35,"turns":2},{"damage":5,"enemies":"3 Shapes","floor":36,"turns":2},{"damage":10,"enemies":"Transient","floor":38,"turns":5},{"damage":7,"enemies":"Maw","floor":41,"turns":2},{"damage":7,"enemies":"2 Orb Walkers","floor":44,"turns":1},{"damage":0,"enemies":"Time Eater","floor":50,"turns":1}],"seed_played":"-1791135081706879045","potions_obtained":[{"floor":1,"key":"LiquidMemories"},{"floor":1,"key":"Weak Potion"},{"floor":2,"key":"Dexterity Potion"},{"floor":5,"key":"Fire Potion"},{"floor":16,"key":"Fire Potion"},{"floor":18,"key":"SteroidPotion"},{"floor":20,"key":"AttackPotion"},{"floor":33,"key":"EssenceOfSteel"},{"floor":36,"key":"HeartOfIron"},{"floor":38,"key":"Swift Potion"},{"floor":41,"key":"Energy Potion"}],"is_trial":false,"path_per_floor":["M","M","$","M","M","R","M","?","T","M","R","$","?","M","R","B",null,"M","$","M","?","M","R","R","R","T","R","?","?","T","M","R","B",null,"M","M","?","M","?","R","M","R","T","?","R","T","R","$","R","B",null],"character_chosen":"IRONCLAD","items_purchased":["Searing Blow","Dark Embrace","Brimstone","Centennial Puzzle","Toxic Egg 2","Chrysalis+1","Flex+1"],"campfire_rested":0,"item_purchase_floors":[3,12,19,48,48,48,48],"current_hp_per_floor":[80,80,80,80,80,80,80,80,80,80,80,80,80,80,80,55,80,80,80,80,80,80,80,80,80,90,90,90,90,90,90,90,90,90,90,90,90,90,90,90,90,90,90,90,90,90,90,90,90,90],"gold":27,"neow_bonus":"TRANSFORM_TWO_CARDS","is_daily":false,"chose_seed":false,"campfire_upgraded":13,"win_rate":0.0,"timestamp":1609772995,"path_taken":["M","M","$","M","M","R","M","?","T","M","R","?","?","M","R","BOSS","M","$","M","?","M","R","R","R","T","R","?","?","?","M","R","BOSS","M","M","?","M","?","R","M","R","T","?","R","?","R","$","R","BOSS"],"items_purchased_type":["Card","Card","Relic","Relic","Relic","Card","Card"],"build_version":"2020-12-22","purchased_purges":2,"victory":true,"max_hp_per_floor":[80,80,80,80,80,80,80,80,80,80,80,80,80,80,80,80,80,80,80,80,80,80,80,80,80,90,90,90,90,90,90,90,90,90,90,90,90,90,90,90,90,90,90,90,90,90,90,90,90,90],"card_choices":[{"not_picked":["True Grit","Power Through"],"picked":"Carnage+1","floor":1},{"not_picked":["Thunderclap","Heavy Blade"],"picked":"Warcry+1","floor":2},{"not_picked":["Shrug It Off","Shockwave"],"picked":"Warcry","floor":4},{"not_picked":["Shrug It Off+1","Sword Boomerang"],"picked":"Seeing Red","floor":5},{"not_picked":["Metallicize+1","True Grit"],"picked":"Anger","floor":7},{"not_picked":["Sentinel","Thunderclap+1"],"picked":"Infernal Blade+1","floor":10},{"not_picked":["Body Slam+1","Rage"],"picked":"Pommel Strike+1","floor":14},{"not_picked":["Feed+1","Brutality"],"picked":"Reaper+1","floor":16},{"not_picked":["Twin Strike+1","Inflame"],"picked":"Blood for Blood+1","floor":18},{"not_picked":["Perfected Strike+1","Rampage+1","Shrug It Off"],"picked":"SKIP","floor":20},{"not_picked":["Hemokinesis+1","Shockwave+1"],"picked":"Flex","floor":22},{"not_picked":["Carnage+1","Brutality+1"],"picked":"Clash+1","floor":31},{"not_picked":["Iron Wave+1","Wild Strike+1"],"picked":"Flex+1","floor":35},{"not_picked":["Cleave+1","Shrug It Off+1"],"picked":"Warcry+1","floor":36},{"not_picked":["Sword Boomerang+1","Heavy Blade+1"],"picked":"Bloodletting+1","floor":38},{"not_picked":["Cleave+1","Blood for Blood+1","Intimidate+1"],"picked":"SKIP","floor":41},{"not_picked":["Dual Wield","Cleave+1"],"picked":"Warcry+1","floor":44}],"player_experience":48823,"relics_obtained":[{"floor":4,"key":"Toy Ornithopter"},{"floor":9,"key":"Molten Egg 2"},{"floor":9,"key":"MealTicket"},{"floor":9,"key":"Red Skull"},{"floor":10,"key":"Regal Pillow"},{"floor":16,"key":"WingedGreaves"},{"floor":26,"key":"Pear"},{"floor":26,"key":"Orichalcum"},{"floor":26,"key":"Paper Frog"},{"floor":30,"key":"Juzu Bracelet"},{"floor":30,"key":"Frozen Egg 2"},{"floor":31,"key":"TungstenRod"},{"floor":33,"key":"Champion Belt"},{"floor":43,"key":"Thread and Needle"},{"floor":43,"key":"Vajra"},{"floor":44,"key":"Dead Branch"},{"floor":46,"key":"Nunchaku"},{"floor":46,"key":"Happy Flower"}],"event_choices":[{"damage_healed":0,"gold_gain":30,"player_choice":"Searched \u00273\u0027 times","damage_taken":0,"relics_obtained":["Matryoshka"],"max_hp_gain":0,"max_hp_loss":0,"event_name":"Dead Adventurer","floor":8,"gold_loss":0},{"damage_healed":0,"gold_gain":0,"player_choice":"1 cards matched","damage_taken":0,"max_hp_gain":0,"max_hp_loss":0,"event_name":"Match and Keep!","floor":13,"gold_loss":0,"cards_obtained":["Offering"]},{"damage_healed":0,"gold_gain":0,"player_choice":"Obtained Relic","damage_taken":0,"relics_obtained":["Pantograph"],"max_hp_gain":0,"max_hp_loss":0,"event_name":"Addict","floor":21,"gold_loss":85},{"damage_healed":0,"gold_gain":0,"player_choice":"Ignored","damage_taken":0,"max_hp_gain":0,"max_hp_loss":0,"event_name":"Ghosts","floor":28,"gold_loss":0},{"damage_healed":0,"gold_gain":0,"player_choice":"Ignored","damage_taken":0,"max_hp_gain":0,"max_hp_loss":0,"event_name":"Vampires","floor":29,"gold_loss":0},{"damage_healed":0,"gold_gain":0,"player_choice":"Memory 1","damage_taken":0,"max_hp_gain":0,"max_hp_loss":0,"event_name":"SensoryStone","floor":37,"gold_loss":0},{"damage_healed":0,"gold_gain":0,"player_choice":"Upgraded","damage_taken":0,"max_hp_gain":0,"max_hp_loss":0,"event_name":"Upgrade Shrine","floor":39,"gold_loss":0,"cards_upgraded":["Searing Blow"]},{"damage_healed":0,"gold_gain":0,"player_choice":"Fight","damage_taken":0,"max_hp_gain":0,"max_hp_loss":0,"event_name":"Mysterious Sphere","floor":44,"gold_loss":0}],"is_beta":false,"boss_relics":[{"not_picked":["Empty Cage","Mark of Pain"],"picked":"Astrolabe"},{"not_picked":["Busted Crown","Runic Dome"],"picked":"Cursed Key"}],"items_purged_floors":[3,48],"is_endless":false,"potions_floor_spawned":[1,5,14,16,20,31,33,36,41,44],"ascension_level":0}}