{"host":"6pgtslebjnyv5xmi","time":1609766084,"event":{"mods":["AchievementEnabler","BaseMod","Colored Map","Minty Spire (QoL Compilation)","Rare Cards Sparkle","StSLib","SuperFastMode","everything is the same but u backflip on backflip"],"gold_per_floor":[10,10,10,10,25,25,45,55,103,103,203,218,229,239,239,316,316,332,257,257,271,289,289,305,305,305,305,87,103,3,21,21,95,95,111,126,126,126],"floor_reached":37,"playtime":17605,"items_purged":["Strike_R","Defend_R"],"score":644,"play_id":"fdbd60ef-7b7a-4aef-aa35-e56109a9e303","local_time":"20210104221444","is_ascension_mode":true,"campfire_choices":[{"data":"Heavy Blade","floor":6.0,"key":"SMITH"},{"data":"Seeing Red","floor":10.0,"key":"SMITH"},{"data":"Flex","floor":15.0,"key":"SMITH"},{"data":"Limit Break","floor":23.0,"key":"SMITH"},{"floor":25.0,"key":"REST"},{"data":"Heavy Blade","floor":27.0,"key":"SMITH"},{"data":"Whirlwind","floor":32.0,"key":"SMITH"}],"circlet_count":0,"master_deck":["AscendersBane","Strike_R+1","Strike_R+1","Defend_R","Defend_R","Defend_R","Bash","Battle Trance","Heavy Blade+1","Armaments","Shrug It Off","Seeing Red+1","Whirlwind+1","Shockwave","Flex+1","Ghostly Armor","Spot Weakness","Limit Break+1","Flame Barrier+1","Spot Weakness","Heavy Blade+1","Reaper","Exhume"],"relics":["Black Blood","Prayer Wheel","Pen Nib","Whetstone","Busted Crown","Anchor"],"acts_visited":["Exordium","TheCity","TheBeyond"],"potions_floor_usage":[37],"damage_taken":[{"damage":10.0,"enemies":"Small Slimes","floor":1.0,"turns":4.0},{"damage":12.0,"enemies":"Jaw Worm","floor":5.0,"turns":2.0},{"damage":1.0,"enemies":"2 Louse","floor":7.0,"turns":3.0},{"damage":14.0,"enemies":"Red Slaver","floor":8.0,"turns":4.0},{"damage":12.0,"enemies":"2 Fungi Beasts","floor":12.0,"turns":4.0},{"damage":6.0,"enemies":"3 Louse","floor":13.0,"turns":2.0},{"damage":0.0,"enemies":"Exordium Wildlife","floor":14.0,"turns":4.0},{"damage":12.0,"enemies":"The Guardian","floor":16.0,"turns":6.0},{"damage":18.0,"enemies":"2 Thieves","floor":18.0,"turns":3.0},{"damage":0.0,"enemies":"Chosen","floor":21.0,"turns":3.0},{"damage":33.0,"enemies":"Snecko","floor":22.0,"turns":6.0},{"damage":29.0,"enemies":"Snake Plant","floor":24.0,"turns":5.0},{"damage":2.0,"enemies":"Cultist and Chosen","floor":29.0,"turns":3.0},{"damage":0.0,"enemies":"Centurion and Healer","floor":31.0,"turns":4.0},{"damage":17.0,"enemies":"Collector","floor":33.0,"turns":3.0},{"damage":69.0,"enemies":"3 Darklings","floor":35.0,"turns":5.0},{"damage":10.0,"enemies":"3 Shapes","floor":36.0,"turns":3.0},{"damage":76,"enemies":"Transient","floor":37,"turns":5}],"seed_played":"-6059837481076639995","potions_obtained":[{"floor":1.0,"key":"FearPotion"},{"floor":5.0,"key":"SteroidPotion"},{"floor":14.0,"key":"Strength Potion"},{"floor":22.0,"key":"PowerPotion"},{"floor":29.0,"key":"DistilledChaos"},{"floor":33.0,"key":"Regen Potion"},{"floor":35.0,"key":"BlessingOfTheForge"}],"is_trial":false,"path_per_floor":["M","$","?","?","M","R","M","M","T","R","?","M","M","M","R","B",null,"M","?","?","M","M","R","M","R","T","R","$","M","$","M","R","B",null,"M","M","M"],"character_chosen":"IRONCLAD","items_purchased":["Reaper"],"campfire_rested":1,"item_purchase_floors":[28],"current_hp_per_floor":[68,68,68,43,37,37,42,34,34,34,34,28,28,34,34,28,67,55,55,55,61,34,34,11,35,35,35,35,39,39,55,55,69,77,49,75,0,0],"gold":126,"neow_bonus":"ONE_RARE_RELIC","is_daily":false,"chose_seed":false,"campfire_upgraded":6,"win_rate":0.0,"timestamp":1609766084,"path_taken":["M","$","?","?","M","R","M","M","T","R","?","M","?","M","R","BOSS","M","?","?","M","M","R","M","R","T","R","$","M","?","M","R","BOSS","M","M","M"],"items_purchased_type":["Card"],"build_version":"2020-12-22","purchased_purges":2,"victory":false,"max_hp_per_floor":[80,80,80,80,80,80,80,80,80,80,80,80,80,80,80,80,80,80,80,80,80,80,80,80,80,80,80,80,80,80,80,80,80,80,80,80,80,80],"card_choices":[{"not_picked":["Clothesline","Shrug It Off"],"picked":"Battle Trance","floor":1.0},{"not_picked":["Iron Wave","Anger"],"picked":"Heavy Blade","floor":1.0},{"not_picked":["Cleave","Perfected Strike"],"picked":"Shrug It Off","floor":5.0},{"not_picked":["Fire Breathing","True Grit"],"picked":"Seeing Red","floor":5.0},{"not_picked":["Warcry","Headbutt"],"picked":"Whirlwind","floor":7.0},{"not_picked":["Havoc","Thunderclap"],"picked":"Shockwave","floor":7.0},{"not_picked":["Havoc","Thunderclap","Reckless Charge"],"picked":"SKIP","floor":8.0},{"not_picked":["True Grit","Feel No Pain","Sentinel"],"picked":"SKIP","floor":8.0},{"not_picked":["Barricade","Whirlwind"],"picked":"Flex","floor":12.0},{"not_picked":["Battle Trance","Thunderclap","Body Slam"],"picked":"SKIP","floor":12.0},{"not_picked":["Shockwave","Iron Wave"],"picked":"Ghostly Armor","floor":13.0},{"not_picked":["Clothesline","True Grit","Battle Trance"],"picked":"SKIP","floor":13.0},{"not_picked":["Sever Soul","Armaments"],"picked":"Spot Weakness","floor":14.0},{"not_picked":["Body Slam","Carnage","Anger"],"picked":"SKIP","floor":14.0},{"not_picked":["Double Tap","Corruption"],"picked":"Limit Break","floor":16.0},{"not_picked":[],"picked":"Flame Barrier+1","floor":18.0},{"not_picked":["Clothesline"],"picked":"SKIP","floor":18.0},{"not_picked":["Hemokinesis"],"picked":"SKIP","floor":21.0},{"not_picked":["Clash"],"picked":"SKIP","floor":21.0},{"not_picked":[],"picked":"Spot Weakness","floor":22.0},{"not_picked":["Perfected Strike"],"picked":"SKIP","floor":22.0},{"not_picked":[],"picked":"Heavy Blade","floor":24.0},{"not_picked":["Flex"],"picked":"SKIP","floor":24.0},{"not_picked":["Cleave"],"picked":"SKIP","floor":29.0},{"not_picked":["Havoc"],"picked":"SKIP","floor":29.0},{"not_picked":["Shrug It Off"],"picked":"SKIP","floor":31.0},{"not_picked":["Rage"],"picked":"SKIP","floor":31.0},{"not_picked":[],"picked":"Exhume","floor":33.0},{"not_picked":["Combust+1"],"picked":"SKIP","floor":35.0},{"not_picked":["Anger"],"picked":"SKIP","floor":35.0},{"not_picked":["Inflame"],"picked":"SKIP","floor":36.0},{"not_picked":["Reckless Charge"],"picked":"SKIP","floor":36.0}],"player_experience":691841,"relics_obtained":[{"floor":9.0,"key":"Whetstone"},{"floor":26.0,"key":"Anchor"}],"event_choices":[{"damage_healed":0.0,"max_hp_gain":0.0,"max_hp_loss":0.0,"gold_gain":0.0,"cards_transformed":["Strike_R"],"event_name":"Living Wall","player_choice":"Change","floor":3.0,"gold_loss":0.0,"damage_taken":0.0,"cards_obtained":["Armaments"]},{"damage_healed":0.0,"max_hp_gain":0.0,"max_hp_loss":0.0,"gold_gain":0.0,"event_name":"Scrap Ooze","player_choice":"Success","floor":4.0,"gold_loss":0.0,"damage_taken":25.0,"relics_obtained":["Pen Nib"]},{"damage_healed":0.0,"max_hp_gain":0.0,"max_hp_loss":0.0,"gold_gain":100.0,"event_name":"Golden Shrine","player_choice":"Pray","floor":11.0,"gold_loss":0.0,"damage_taken":0.0},{"cards_removed":["Strike_R"],"damage_healed":0.0,"max_hp_gain":0.0,"max_hp_loss":0.0,"gold_gain":0.0,"event_name":"Beggar","player_choice":"Gave Gold","floor":19.0,"gold_loss":75.0,"damage_taken":0.0},{"damage_healed":0.0,"max_hp_gain":0.0,"max_hp_loss":0.0,"gold_gain":0.0,"event_name":"Ghosts","player_choice":"Ignored","floor":20.0,"gold_loss":0.0,"damage_taken":0.0}],"is_beta":false,"boss_relics":[{"not_picked":["Ectoplasm","Tiny House"],"picked":"Busted Crown"},{"not_picked":["Runic Dome","Sozu"],"picked":"Black Blood"}],"items_purged_floors":[28,30],"is_endless":false,"potions_floor_spawned":[1,5,14,22,29,33,35],"killed_by":"Transient","ascension_level":13}}