{"host":"kh6fvhxn285ncg0o","time":1609762570,"event":{"mods":["Act Like it!","BaseMod","Colored Map","Friendly Minions","Keyboard Shortcuts","Minty Spire (QoL Compilation)","Quick Restart","Relic Stats","StSLib","SuperFastMode"],"gold_per_floor":[13,13,28,78,97,97,130,130,155,180,180,194,219,230,230,303,303,322,342,356,381,381,408,408,408,433,433,433,433],"floor_reached":28,"playtime":621,"items_purged":[],"score":512,"play_id":"40e10c55-4b9c-4abe-bac4-85317388e594","local_time":"20210104211610","is_ascension_mode":true,"campfire_choices":[{"data":"Hemokinesis","floor":6,"key":"SMITH"},{"data":"Pommel Strike","floor":8,"key":"SMITH"},{"data":"Armaments","floor":15,"key":"SMITH"},{"floor":24,"key":"REST"},{"floor":27,"key":"REST"}],"circlet_count":0,"master_deck":["AscendersBane","Strike_R","Strike_R","Defend_R","Defend_R","Defend_R","Defend_R","Bash+1","Pommel Strike+1","Intimidate","Feel No Pain","Hemokinesis+1","Barricade","Armaments+1","Sword Boomerang","Carnage","Body Slam","Berserk","Fiend Fire","Burning Pact","Fire Breathing"],"relics":["Burning Blood","Bag of Marbles","Oddly Smooth Stone","Regal Pillow","Centennial Puzzle","Sozu","Juzu Bracelet","Smiling Mask"],"acts_visited":["Exordium","TheCity"],"potions_floor_usage":[7,13,18],"damage_taken":[{"damage":9,"enemies":"Jaw Worm","floor":1,"turns":7},{"damage":0,"enemies":"2 Louse","floor":3,"turns":3},{"damage":6,"enemies":"Cultist","floor":5,"turns":4},{"damage":34,"enemies":"Gremlin Nob","floor":7,"turns":4},{"damage":13,"enemies":"3 Sentries","floor":10,"turns":8},{"damage":2,"enemies":"Large Slime","floor":12,"turns":4},{"damage":6,"enemies":"Lagavulin","floor":13,"turns":7},{"damage":7,"enemies":"Gremlin Gang","floor":14,"turns":4},{"damage":11,"enemies":"The Guardian","floor":16,"turns":10},{"damage":6,"enemies":"2 Thieves","floor":18,"turns":4},{"damage":6,"enemies":"Shell Parasite","floor":19,"turns":5},{"damage":22,"enemies":"Snecko","floor":20,"turns":6},{"damage":53,"enemies":"Slavers","floor":23,"turns":6},{"damage":75,"enemies":"Book of Stabbing","floor":28,"turns":5}],"seed_played":"-18947975196466970","potions_obtained":[{"floor":1,"key":"Regen Potion"},{"floor":5,"key":"BloodPotion"},{"floor":10,"key":"Swift Potion"},{"floor":13,"key":"FearPotion"}],"is_trial":false,"path_per_floor":["M","?","M","?","M","R","E","R","T","E","?","M","E","M","R","B",null,"M","M","M","T","?","E","R","?","T","R","E"],"character_chosen":"IRONCLAD","items_purchased":[],"campfire_rested":2,"item_purchase_floors":[],"current_hp_per_floor":[65,65,71,64,64,64,48,48,48,41,41,45,45,44,44,39,66,75,75,59,59,59,12,49,38,38,75,0,0],"gold":433,"neow_bonus":"TRANSFORM_TWO_CARDS","is_daily":false,"chose_seed":false,"campfire_upgraded":3,"win_rate":0.0,"timestamp":1609762570,"path_taken":["M","?","M","?","?","R","E","R","T","E","?","M","E","M","R","BOSS","M","?","M","?","?","E","R","?","T","R","E"],"items_purchased_type":[],"build_version":"2020-12-22","purchased_purges":0,"victory":false,"max_hp_per_floor":[75,75,75,75,75,75,75,75,75,75,75,75,75,75,75,75,75,75,75,75,75,75,75,75,75,75,75,75,75],"relic_stats":{"Sozu":3,"Regal Pillow":30,"Centennial Puzzle":[21],"counters":[14,77],"Juzu Bracelet":0,"Smiling Mask":0,"obtain_stats":[{"Sozu":17,"Regal Pillow":10,"Centennial Puzzle":13,"Oddly Smooth Stone":9,"Bag of Marbles":7,"Juzu Bracelet":21,"Smiling Mask":23,"Burning Blood":0},{"Sozu":9,"Regal Pillow":5,"Centennial Puzzle":7,"Oddly Smooth Stone":4,"Bag of Marbles":4,"Juzu Bracelet":12,"Smiling Mask":13,"Burning Blood":0},{"Sozu":51,"Regal Pillow":26,"Centennial Puzzle":37,"Oddly Smooth Stone":18,"Bag of Marbles":18,"Juzu Bracelet":66,"Smiling Mask":72,"Burning Blood":0}],"Burning Blood":78},"card_choices":[{"not_picked":["Whirlwind","Pummel"],"picked":"Feel No Pain","floor":1},{"not_picked":["Metallicize","Bloodletting"],"picked":"Hemokinesis","floor":3},{"not_picked":["Perfected Strike","Havoc"],"picked":"Barricade","floor":7},{"not_picked":["Warcry","Clash"],"picked":"Armaments","floor":10},{"not_picked":["Sentinel","Cleave"],"picked":"Carnage","floor":12},{"not_picked":["Spot Weakness","Bloodletting"],"picked":"Body Slam","floor":13},{"not_picked":["True Grit","Ghostly Armor"],"picked":"Berserk","floor":14},{"not_picked":["Reaper","Brutality"],"picked":"Fiend Fire","floor":16},{"not_picked":["Perfected Strike","Combust","Headbutt+1"],"picked":"SKIP","floor":18},{"not_picked":["Perfected Strike","Flame Barrier"],"picked":"Burning Pact","floor":19},{"not_picked":["Feel No Pain","Clash"],"picked":"Fire Breathing","floor":20},{"not_picked":["Headbutt","Armaments","Flex+1"],"picked":"SKIP","floor":23}],"player_experience":3364740,"relics_obtained":[{"floor":7,"key":"Bag of Marbles"},{"floor":9,"key":"Oddly Smooth Stone"},{"floor":10,"key":"Regal Pillow"},{"floor":13,"key":"Centennial Puzzle"},{"floor":21,"key":"Juzu Bracelet"},{"floor":23,"key":"Smiling Mask"}],"event_choices":[{"damage_healed":0,"gold_gain":0,"player_choice":"Grow","damage_taken":0,"max_hp_gain":0,"max_hp_loss":0,"event_name":"Living Wall","floor":2,"gold_loss":0,"cards_upgraded":["Bash"]},{"damage_healed":0,"gold_gain":50,"player_choice":"Touch","damage_taken":7,"max_hp_gain":0,"max_hp_loss":0,"event_name":"FaceTrader","floor":4,"gold_loss":0},{"damage_healed":0,"gold_gain":0,"cards_transformed":["Strike_R"],"player_choice":"Transformed","damage_taken":0,"max_hp_gain":0,"max_hp_loss":0,"event_name":"Transmorgrifier","floor":11,"gold_loss":0,"cards_obtained":["Sword Boomerang"]},{"damage_healed":0,"gold_gain":0,"player_choice":"Ignored","damage_taken":0,"max_hp_gain":0,"max_hp_loss":0,"event_name":"Ghosts","floor":22,"gold_loss":0},{"damage_healed":0,"gold_gain":0,"player_choice":"Damaged","damage_taken":11,"max_hp_gain":0,"max_hp_loss":0,"event_name":"Wheel of Change","floor":25,"gold_loss":0}],"is_beta":false,"boss_relics":[{"not_picked":["SlaversCollar","Black Star"],"picked":"Sozu"}],"items_purged_floors":[],"is_endless":false,"potions_floor_spawned":[1,5,10,13,18,19,20],"killed_by":"Book of Stabbing","ascension_level":20}}