{"host":"co1ulnwz1h4zjs22","time":1609747263,"event":{"mods":["Aspiration","BaseMod","Bestiary","BetterRewards","Colored Powertips","Conspire","Curses Come First","Energized Spire","GifTheSpireLib","Googly Eyes","Hubris","Jorbs\u0027s Wanderer Trilogy","Minty Spire (QoL Compilation)","Rare Cards Sparkle","Replay The Spire","Reworked Bosses","Shop Mod","Spicy Shops","StSLib","Stuff the Spire","The Bladedancer","The Forsaken","The IronCluck","The Marked","The Necromancer","The Servant 0.9.4","Waifu the Spire","everything is the same but u backflip on backflip","slay the spire mod where everything is the same but ironclad has a cowboy hat"],"gold_per_floor":[119,119,119,44,64,95,95,113,136,136,16,27,27,127,127,222,222,237,251,16,36,48,48,48,48,75,75,17,33,43,69,69,166,166,166,166],"floor_reached":35,"playtime":14908,"items_purged":["Spreading Infection","Strike_S","Strike_S"],"score":525,"play_id":"55dd0ba4-91f4-4fe3-b1b0-1802cb8be914","local_time":"20210104030103","is_ascension_mode":true,"campfire_choices":[{"data":"Exchange","floor":7,"key":"SMITH"},{"data":"Contraction","floor":10,"key":"SMITH"},{"data":"Luminosity","floor":13,"key":"SMITH"},{"data":"Defend_S","floor":15,"key":"SMITH"},{"data":"Defend_S","floor":23,"key":"SMITH"},{"data":"Defend_S","floor":25,"key":"SMITH"},{"data":"Defend_S","floor":27,"key":"SMITH"},{"floor":32,"key":"REST"}],"circlet_count":0,"master_deck":["Strike_S","Strike_S","Defend_S+1","Defend_S+1","Defend_S+1","Defend_S+1","KidneyShot","Exchange+1","Contraction+1","Potential","Potential","Luminosity+1","Potential","Solidify","Contraction"],"relics":["Uniform","Ring of Hypnosis","ReplayTheSpireMod:Ring of Addiction","SacredBark","hubris:ToyBattleship","MerchantsRug","Juzu Bracelet","Nloth\u0027s Gift","Molten Egg 2","hubris:HollowSoul"],"acts_visited":["Exordium","TheCity","TheBeyond"],"potions_floor_usage":[5,18,21,29,31,33],"damage_taken":[{"damage":4,"enemies":"conspire:RoseBush","floor":1,"turns":5},{"damage":0,"enemies":"Small Slimes","floor":5,"turns":6},{"damage":2,"enemies":"Replay:BlueRogue","floor":6,"turns":11},{"damage":0,"enemies":"Jaw Worm","floor":8,"turns":4},{"damage":0,"enemies":"Red Slaver","floor":12,"turns":3},{"damage":0,"enemies":"The Guardian","floor":16,"turns":14},{"damage":11,"enemies":"conspire:FuzzyDice","floor":18,"turns":12},{"damage":13,"enemies":"Spheric Guardian","floor":19,"turns":5},{"damage":10,"enemies":"Centurion and Healer","floor":21,"turns":12},{"damage":18,"enemies":"Snake Plant","floor":22,"turns":8},{"damage":10,"enemies":"Cultist and Chosen","floor":29,"turns":9},{"damage":4,"enemies":"Chosen and Byrds","floor":30,"turns":12},{"damage":0,"enemies":"Replay:Snechameleon","floor":31,"turns":12},{"damage":0,"enemies":"bossMod:newChamp","floor":33,"turns":22},{"damage":7,"enemies":"3 Darklings","floor":35,"turns":3}],"seed_played":"-2638512994906848058","potions_obtained":[{"floor":2,"key":"Reflective Coating"},{"floor":2,"key":"Death Potion"},{"floor":2,"key":"Elixir"},{"floor":5,"key":"Block Potion"},{"floor":19,"key":"Milkshake"},{"floor":29,"key":"Toxic Potion"},{"floor":30,"key":"Doom Potion"}],"is_trial":false,"path_per_floor":["M","?","?","$","M","E","R","M","T","R","$","M","R","?","R","B",null,"M","M","$","M","M","R","?","R","T","R","$","M","M","E","R","B",null,"M"],"character_chosen":"THE_SERVANT","items_purchased":["Luminosity","Potential","MerchantsRug","Juzu Bracelet"],"campfire_rested":1,"item_purchase_floors":[11,11,20,20],"current_hp_per_floor":[67,67,72,72,76,74,74,74,81,81,81,79,79,79,77,77,77,66,53,53,48,30,30,30,30,30,30,30,20,16,16,37,37,71,64,64],"gold":166,"neow_bonus":"TEN_PERCENT_HP_BONUS","is_daily":false,"chose_seed":false,"campfire_upgraded":7,"win_rate":0.0,"timestamp":1609747263,"path_taken":["M","?","?","$","?","E","R","M","T","R","?","M","R","?","R","BOSS","M","M","$","M","M","R","?","R","T","R","$","M","M","E","R","BOSS","M"],"items_purchased_type":["Card","Card","Relic","Relic"],"build_version":"2020-12-22","purchased_purges":3,"victory":false,"max_hp_per_floor":[71,71,76,76,76,76,76,76,81,81,81,79,79,79,77,77,77,75,75,75,75,75,75,75,73,73,73,71,71,71,71,71,71,71,71,71],"card_choices":[{"not_picked":["Alleviate","Read"],"picked":"Contraction","floor":1},{"not_picked":["Unruled","Moondial"],"picked":"Potential","floor":5},{"not_picked":["BottledTime","Ricochet","Spin"],"picked":"SKIP","floor":6},{"not_picked":["Gouge","Rewind"],"picked":"Potential","floor":8},{"not_picked":["DualDimension","Spin","Comet"],"picked":"SKIP","floor":12},{"not_picked":["SoulSculpture","Sunlight"],"picked":"Solidify","floor":16},{"not_picked":["FanOfKnives","Rearm","DoubleEdge+1"],"picked":"SKIP","floor":18},{"not_picked":["Alleviate+1","SurpressingFire+1","Read"],"picked":"SKIP","floor":19},{"not_picked":["Defy","Advance","FastForward+1"],"picked":"SKIP","floor":21},{"not_picked":["Shuttle","Ricochet","Replace"],"picked":"SKIP","floor":22},{"not_picked":["TimeWarp","FlawlessForm","Revamp"],"picked":"SKIP","floor":29},{"not_picked":["Misdirection","MoonPhase"],"picked":"Contraction","floor":30},{"not_picked":["Revamp+1","Starlight+1","SoulSculpture+1"],"picked":"SKIP","floor":31}],"player_experience":784162,"relics_obtained":[{"floor":2,"key":"Ring of Hypnosis"},{"floor":2,"key":"ReplayTheSpireMod:Ring of Addiction"},{"floor":2,"key":"Toy Ornithopter"},{"floor":2,"key":"SacredBark"},{"floor":6,"key":"hubris:ToyBattleship"},{"floor":9,"key":"Strawberry"},{"floor":26,"key":"Replay:Baseball"},{"floor":31,"key":"Molten Egg 2"}],"event_choices":[{"damage_healed":0,"gold_gain":0,"player_choice":"Donut","damage_taken":0,"max_hp_gain":5,"max_hp_loss":0,"event_name":"Big Fish","floor":3,"gold_loss":0},{"damage_healed":0,"gold_gain":100,"player_choice":"Pray","damage_taken":0,"max_hp_gain":0,"max_hp_loss":0,"event_name":"Golden Shrine","floor":14,"gold_loss":0},{"damage_healed":0,"gold_gain":0,"player_choice":"Traded Relic","damage_taken":0,"relics_obtained":["Nloth\u0027s Gift"],"max_hp_gain":0,"max_hp_loss":0,"event_name":"N\u0027loth","floor":24,"relics_lost":["Toy Ornithopter"],"gold_loss":0}],"is_beta":false,"boss_relics":[{"not_picked":["Velvet Choker","StuffTheSpire:Kangaroo"],"picked":"conspire:RoyalGoblet"},{"not_picked":["energizedSpire:SpiderWeb","aspiration:IroncladSkillbook"],"picked":"hubris:HollowSoul"}],"items_purged_floors":[4,20,28],"is_endless":false,"potions_floor_spawned":[5,8,19,29,30],"killed_by":"3 Darklings","ascension_level":1}}