{"host":"so6fnfq7th6ki9q5","time":1609794876,"event":{"mods":["AchievementEnabler","BaseMod","Colored Map","Colored Powertips","Minty Spire (QoL Compilation)","Quick Restart","StSLib"],"gold_per_floor":[117,130,150,166,241,241,257,269,269,269,269,284,298,324,324,324,324],"floor_reached":16,"playtime":796,"items_purged":[],"score":122,"play_id":"43772328-25fb-4bcf-9ea3-01f170767a55","local_time":"20210104151436","is_ascension_mode":true,"campfire_choices":[{"data":"Barricade","floor":6.0,"key":"SMITH"},{"data":"Flex","floor":11,"key":"SMITH"},{"data":"Havoc","floor":15,"key":"SMITH"}],"circlet_count":0,"master_deck":["Strike_R","Strike_R","Strike_R","Strike_R","Strike_R","Defend_R","Defend_R","Defend_R","Defend_R","Bash","Barricade+1","Feel No Pain","Anger","Flex+1","Shockwave","Heavy Blade","Heavy Blade","Body Slam","Fire Breathing","Havoc+1"],"relics":["Burning Blood","Self Forming Clay","Nunchaku"],"acts_visited":["Exordium"],"potions_floor_usage":[8,8,12,13,13,16],"damage_taken":[{"damage":3.0,"enemies":"Small Slimes","floor":1.0,"turns":3.0},{"damage":14.0,"enemies":"Jaw Worm","floor":2.0,"turns":4.0},{"damage":6.0,"enemies":"Cultist","floor":3.0,"turns":5.0},{"damage":12.0,"enemies":"3 Louse","floor":4.0,"turns":3.0},{"damage":10.0,"enemies":"Blue Slaver","floor":7.0,"turns":4.0},{"damage":1,"enemies":"Looter","floor":8,"turns":3},{"damage":1,"enemies":"3 Louse","floor":12,"turns":3},{"damage":5,"enemies":"Gremlin Gang","floor":13,"turns":5},{"damage":31,"enemies":"Lagavulin","floor":14,"turns":10},{"damage":36,"enemies":"The Guardian","floor":16,"turns":6}],"seed_played":"2779223461011668343","potions_obtained":[{"floor":3.0,"key":"HeartOfIron"},{"floor":7.0,"key":"EssenceOfSteel"},{"floor":8,"key":"Strength Potion"},{"floor":10,"key":"SpeedPotion"},{"floor":10,"key":"SmokeBomb"},{"floor":12,"key":"Block Potion"},{"floor":13,"key":"FearPotion"},{"floor":14,"key":"GamblersBrew"}],"is_trial":false,"path_per_floor":["M","M","M","M","?","R","M","M","T","?","R","M","M","E","R","B"],"character_chosen":"IRONCLAD","items_purchased":[],"campfire_rested":0,"item_purchase_floors":[],"current_hp_per_floor":[72,64,64,58,47,47,43,48,48,48,48,53,54,29,29,0,0],"gold":324,"neow_bonus":"THREE_RARE_CARDS","is_daily":false,"chose_seed":false,"campfire_upgraded":3,"win_rate":0.0,"timestamp":1609794876,"path_taken":["M","M","M","M","?","R","M","M","T","?","R","M","M","E","R","BOSS"],"items_purchased_type":[],"build_version":"2020-12-22","purchased_purges":0,"victory":false,"max_hp_per_floor":[72,72,72,72,72,72,72,72,72,72,72,72,72,72,72,72,72],"card_choices":[{"not_picked":["Limit Break","Reaper"],"picked":"Barricade","floor":0.0},{"not_picked":["True Grit","Clash"],"picked":"Feel No Pain","floor":1.0},{"not_picked":["Combust","Hemokinesis"],"picked":"Anger","floor":2.0},{"not_picked":["Evolve","Sword Boomerang"],"picked":"Flex","floor":3.0},{"not_picked":["Battle Trance","Brutality"],"picked":"Shockwave","floor":4.0},{"not_picked":["Twin Strike","Rupture"],"picked":"Heavy Blade","floor":7.0},{"not_picked":["Sword Boomerang","Iron Wave"],"picked":"Heavy Blade","floor":8},{"not_picked":["Thunderclap","Iron Wave"],"picked":"Body Slam","floor":12},{"not_picked":["Headbutt","Thunderclap"],"picked":"Fire Breathing","floor":13},{"not_picked":["Flex","Pommel Strike"],"picked":"Havoc","floor":14}],"player_experience":304588,"relics_obtained":[{"floor":9,"key":"Self Forming Clay"},{"floor":14,"key":"Nunchaku"}],"event_choices":[{"damage_healed":0.0,"max_hp_gain":0.0,"max_hp_loss":0.0,"gold_gain":75.0,"event_name":"World of Goop","player_choice":"Gather Gold","floor":5.0,"gold_loss":0.0,"damage_taken":11.0},{"damage_healed":0,"gold_gain":0,"player_choice":"Got Potions","damage_taken":0,"max_hp_gain":0,"max_hp_loss":0,"event_name":"Lab","floor":10,"gold_loss":0}],"is_beta":false,"boss_relics":[],"items_purged_floors":[],"is_endless":false,"potions_floor_spawned":[3,7,8,12,13,14],"killed_by":"The Guardian","ascension_level":3}}