{"host":"e1gibo0yuvs2h8od","time":1609779975,"event":{"mods":["2.2 Compatiblity","Abigail Mod","Act Like it!","BaseMod","Block Reminder","DNKmod","DeckTracker","Friendly Minions","KinomotoSakuraMod(????)","Marisa????????","Minty Spire (QoL Compilation)","Pale of the Ancients","Prisma Mod","Quick Restart","Reimu??????","Remove Card Discount Mod","StSLib","The Disciple","The Jungle","The Senshi","The Servant 0.9.4","TheFirefly","Wandering Minibosses"],"gold_per_floor":[1013,1032,274,274,294,338,338,378,378,398,419,419,435,474,474,603,603,603,646,665,520,539,539,559,559,559,609,625,649,674,514,514,644,644,668,668,450,468,489,489,509,528,551,569,610,610,635,679,679,679,679],"floor_reached":50,"playtime":4234,"items_purged":["Strike_G","Strike_G","Strike_G","Defend_G","Defend_G","Defend_G","Strike_G","Strike_G","Defend_G","Defend_G","Injury","Expertise","Grand Finale","Slice","Slice","Blind"],"score":605,"play_id":"93a64a26-08af-4ef6-81cd-a20f0a38e89b","local_time":"20210104170615","is_ascension_mode":false,"campfire_choices":[{"floor":7,"key":"RECALL"},{"data":"Bouncing Flask","floor":12,"key":"SMITH"},{"data":"Cloak And Dagger","floor":15,"key":"SMITH"},{"data":"Wraith Form v2","floor":23,"key":"SMITH"},{"data":"A Thousand Cuts","floor":25,"key":"SMITH"},{"data":"After Image","floor":32,"key":"SMITH"},{"data":"Infinite Blades","floor":40,"key":"SMITH"},{"data":"Noxious Fumes","floor":46,"key":"SMITH"},{"data":"Accuracy","floor":49,"key":"SMITH"}],"circlet_count":0,"master_deck":["Survivor","Neutralize","Deadly Poison","Accuracy","Backstab","Bouncing Flask+1","Deadly Poison","Cloak And Dagger+1","Backflip","Accuracy+1","Cloak And Dagger","Footwork+1","A Thousand Cuts+1","Wraith Form v2+1","Blade Dance+1","Outmaneuver+1","After Image+1","Infinite Blades","Noxious Fumes+1","Infinite Blades","Infinite Blades+1"],"relics":["Ring of the Snake","Regal Pillow","Meat on the Bone","Golden Idol","HornCleat","Du-Vu Doll","Bottled Lightning","Philosopher\u0027s Stone","Red Mask","Orrery","Blue Candle","Boot","Coffee Dripper","Bag of Marbles","Bag of Preparation","Pantograph","The Courier"],"acts_visited":["Exordium","TheCity","TheBeyond"],"potions_floor_usage":[],"damage_taken":[{"damage":0,"enemies":"Cultist","floor":1,"turns":5},{"damage":0,"enemies":"Small Slimes","floor":2,"turns":5},{"damage":2,"enemies":"2 Louse","floor":5,"turns":3},{"damage":54,"enemies":"Gremlin Nob","floor":6,"turns":6},{"damage":54,"enemies":"3 Sentries","floor":8,"turns":13},{"damage":3,"enemies":"Red Slaver","floor":10,"turns":3},{"damage":0,"enemies":"3 Louse","floor":11,"turns":3},{"damage":0,"enemies":"Blue Slaver","floor":13,"turns":2},{"damage":13,"enemies":"Gremlin Nob","floor":14,"turns":5},{"damage":25,"enemies":"The Guardian","floor":16,"turns":7},{"damage":3,"enemies":"Chosen","floor":18,"turns":3},{"damage":31,"enemies":"Masked Bandits","floor":19,"turns":4},{"damage":0,"enemies":"Shell Parasite","floor":20,"turns":4},{"damage":11,"enemies":"Cultist and Chosen","floor":22,"turns":5},{"damage":1,"enemies":"Shelled Parasite and Fungi","floor":24,"turns":6},{"damage":50,"enemies":"Snecko","floor":28,"turns":8},{"damage":12,"enemies":"Sentry and Sphere","floor":29,"turns":4},{"damage":10,"enemies":"Snake Plant","floor":30,"turns":3},{"damage":4,"enemies":"Automaton","floor":33,"turns":7},{"damage":5,"enemies":"3 Shapes","floor":35,"turns":4},{"damage":0,"enemies":"Orb Walker","floor":38,"turns":3},{"damage":16,"enemies":"4 Shapes","floor":39,"turns":6},{"damage":0,"enemies":"Maw","floor":41,"turns":5},{"damage":2,"enemies":"Spire Growth","floor":42,"turns":5},{"damage":0,"enemies":"3 Darklings","floor":44,"turns":3},{"damage":20,"enemies":"Giant Head","floor":45,"turns":7},{"damage":0,"enemies":"Jaw Worm Horde","floor":47,"turns":3},{"damage":62,"enemies":"Reptomancer","floor":48,"turns":5},{"damage":102,"enemies":"Time Eater","floor":50,"turns":9}],"seed_played":"6351109420528513442","potions_obtained":[{"floor":2,"key":"SpeedPotion"},{"floor":6,"key":"Energy Potion"},{"floor":10,"key":"ZuzhouPotion:ReiMu"},{"floor":18,"key":"FairyPotion"}],"is_trial":false,"path_per_floor":["M","M","$","?","M","E","R","E","T","M","M","R","M","E","R","B",null,"M","?","M","$","M","R","M","R","T","?","M","M","M","$","R","B",null,"M","?","$","M","M","R","M","M","T","M","E","R","M","E","R","B"],"character_chosen":"THE_SILENT","items_purchased":["Accuracy","Grand Finale","Blind","Expertise","Regal Pillow","Meat on the Bone","Orrery","Boot","Infinite Blades","Bag of Marbles"],"campfire_rested":0,"item_purchase_floors":[3,3,3,3,3,3,21,31,37,37],"current_hp_per_floor":[110,110,110,110,108,66,66,24,24,33,45,45,57,56,56,43,110,107,76,76,76,65,65,64,64,64,64,26,26,28,28,28,36,110,105,105,105,105,89,89,89,87,87,87,67,67,67,17,17,0,0],"gold":679,"neow_bonus":"TEN_PERCENT_HP_BONUS","is_daily":false,"chose_seed":false,"campfire_upgraded":8,"win_rate":0.0,"timestamp":1609779975,"path_taken":["M","M","$","?","M","E","R","E","T","M","M","R","M","E","R","BOSS","M","?","M","$","M","R","M","R","T","?","M","M","?","$","R","BOSS","M","?","$","M","M","R","M","?","T","M","E","R","M","E","R","BOSS"],"items_purchased_type":["Card","Card","Card","Card","Relic","Relic","Relic","Relic","Card","Relic"],"build_version":"2020-12-22","purchased_purges":16,"victory":false,"max_hp_per_floor":[110,110,110,110,110,110,110,110,110,110,110,110,110,110,110,110,110,110,110,110,110,110,110,110,110,110,110,110,110,110,110,110,110,110,110,110,110,110,110,110,110,110,110,110,110,110,110,110,110,110,110],"card_choices":[{"not_picked":["Prepared","Concentrate"],"picked":"Slice","floor":1},{"not_picked":["Deflect","Acrobatics"],"picked":"Deadly Poison","floor":2},{"not_picked":["Predator","Backstab"],"picked":"Slice","floor":5},{"not_picked":["Riddle With Holes","Bullet Time"],"picked":"Backstab","floor":6},{"not_picked":["Dodge and Roll","Setup"],"picked":"Bouncing Flask","floor":8},{"not_picked":["Masterful Stab","All Out Attack"],"picked":"Deadly Poison","floor":10},{"not_picked":["Backstab","Acrobatics"],"picked":"Cloak And Dagger","floor":11},{"not_picked":["Doppelganger","Dodge and Roll"],"picked":"Backflip","floor":13},{"not_picked":["Escape Plan","Expertise"],"picked":"Accuracy","floor":14},{"not_picked":["Leg Sweep","Bouncing Flask"],"picked":"Cloak And Dagger","floor":18},{"not_picked":["Endless Agony","Dodge and Roll","Slice"],"picked":"SKIP","floor":20},{"not_picked":["Bane","Glass Knife"],"picked":"Footwork+1","floor":21},{"not_picked":["Blur+1","Predator+1"],"picked":"A Thousand Cuts","floor":21},{"not_picked":["Blade Dance","Concentrate"],"picked":"Wraith Form v2","floor":21},{"not_picked":["Dagger Spray","Prepared"],"picked":"Blade Dance+1","floor":21},{"not_picked":["Reflex+1","Expertise"],"picked":"Outmaneuver+1","floor":21},{"not_picked":["Sucker Punch+1","Deadly Poison"],"picked":"After Image","floor":22},{"not_picked":["Caltrops","Outmaneuver","Expertise+1"],"picked":"SKIP","floor":24},{"not_picked":["Dodge and Roll","Cloak And Dagger"],"picked":"Infinite Blades","floor":28},{"not_picked":["Dash","Well Laid Plans"],"picked":"Noxious Fumes","floor":29},{"not_picked":["Slice","PiercingWail","Sucker Punch"],"picked":"SKIP","floor":30},{"not_picked":["Tactician","Sucker Punch+1","Dash"],"picked":"SKIP","floor":35},{"not_picked":["Eviscerate+1","Sucker Punch","Dodge and Roll"],"picked":"SKIP","floor":38},{"not_picked":["Reflex+1","Sucker Punch"],"picked":"Infinite Blades","floor":39},{"not_picked":["Outmaneuver","Bouncing Flask","Flying Knee"],"picked":"SKIP","floor":41},{"not_picked":["Skewer","Caltrops","Distraction"],"picked":"SKIP","floor":42},{"not_picked":["Dagger Spray+1","Choke+1","Masterful Stab+1"],"picked":"SKIP","floor":44},{"not_picked":["Dagger Throw+1","Flying Knee","Corpse Explosion"],"picked":"SKIP","floor":45},{"not_picked":["Backflip","PiercingWail","Deflect"],"picked":"SKIP","floor":47},{"not_picked":["Bane+1","Outmaneuver+1","Deflect+1"],"picked":"SKIP","floor":48}],"player_experience":938843,"relics_obtained":[{"floor":6,"key":"HornCleat"},{"floor":8,"key":"Du-Vu Doll"},{"floor":14,"key":"Bottled Lightning"},{"floor":19,"key":"Red Mask"},{"floor":26,"key":"Blue Candle"},{"floor":43,"key":"Bag of Preparation"},{"floor":45,"key":"Pantograph"},{"floor":48,"key":"The Courier"}],"event_choices":[{"damage_healed":0,"gold_gain":0,"player_choice":"Take Wound","damage_taken":0,"relics_obtained":["Golden Idol"],"max_hp_gain":0,"max_hp_loss":0,"event_name":"Golden Idol","floor":4,"gold_loss":0,"cards_obtained":["Injury"]},{"damage_healed":0,"gold_gain":0,"player_choice":"Fought Bandits","damage_taken":0,"max_hp_gain":0,"max_hp_loss":0,"event_name":"Masked Bandits","floor":19,"gold_loss":0},{"damage_healed":0,"gold_gain":100,"player_choice":"Bet on Murderer","damage_taken":0,"max_hp_gain":0,"max_hp_loss":0,"event_name":"The Joust","floor":27,"gold_loss":50},{"damage_healed":0,"gold_gain":0,"player_choice":"Ignored","damage_taken":0,"max_hp_gain":0,"max_hp_loss":0,"event_name":"Transmorgrifier","floor":36,"gold_loss":0}],"is_beta":false,"boss_relics":[{"not_picked":["Calling Bell","Pandora\u0027s Box"],"picked":"Philosopher\u0027s Stone"},{"not_picked":["WristBlade","Velvet Choker"],"picked":"Coffee Dripper"}],"items_purged_floors":[3,3,3,3,3,3,3,31,31,31,31,31,31,37,37,37],"is_endless":false,"potions_floor_spawned":[2,6,10,11,13,18,20,24,28,35,41,42,44,48],"killed_by":"Time Eater","ascension_level":0}}