{"host":"vddkjx04kiwje1tk","time":1609752657,"event":{"mods":["AchievementEnabler","BaseMod","Colored Map","Minty Spire (QoL Compilation)","Quick Restart","SuperFastMode"],"gold_per_floor":[18,31,46,121,136,136,61,74,74,74,84,107,133,144,144,144,144],"floor_reached":16,"playtime":673,"items_purged":["Strike_P"],"score":114,"play_id":"1c487d16-54f3-4080-b98e-2a3c48b632eb","local_time":"20210104183057","is_ascension_mode":true,"campfire_choices":[{"data":"Eruption","floor":6,"key":"SMITH"},{"floor":10,"key":"REST"},{"data":"ClearTheMind","floor":15,"key":"SMITH"}],"circlet_count":0,"master_deck":["Strike_P","Strike_P","Defend_P","Defend_P","Defend_P","Eruption+1","Vigilance","ClearTheMind+1","Indignation","JustLucky","CrushJoints"],"relics":["PureWater","Mercury Hourglass","Pen Nib","Strawberry"],"acts_visited":["Exordium"],"potions_floor_usage":[8,14],"damage_taken":[{"damage":0,"enemies":"Cultist","floor":1,"turns":3},{"damage":2,"enemies":"2 Louse","floor":2,"turns":4},{"damage":0,"enemies":"Jaw Worm","floor":3,"turns":3},{"damage":6,"enemies":"Red Slaver","floor":5,"turns":7},{"damage":44,"enemies":"Gremlin Gang","floor":8,"turns":6},{"damage":5,"enemies":"3 Louse","floor":11,"turns":3},{"damage":35,"enemies":"Gremlin Nob","floor":13,"turns":5},{"damage":0,"enemies":"Exordium Wildlife","floor":14,"turns":2},{"damage":0,"enemies":"The Guardian","floor":16,"turns":1}],"seed_played":"2500162201008090942","potions_obtained":[{"floor":1,"key":"DistilledChaos"},{"floor":2,"key":"Regen Potion"},{"floor":8,"key":"FairyPotion"},{"floor":11,"key":"SteroidPotion"},{"floor":14,"key":"Block Potion"}],"is_trial":false,"path_per_floor":["M","M","M","?","M","R","$","M","T","R","M","T","E","M","R","B"],"character_chosen":"WATCHER","items_purchased":[],"campfire_rested":1,"item_purchase_floors":[],"current_hp_per_floor":[72,70,70,59,53,53,53,23,23,44,39,39,11,11,11,11,11],"gold":144,"neow_bonus":"REMOVE_TWO","is_daily":false,"chose_seed":false,"campfire_upgraded":2,"win_rate":0.0,"timestamp":1609752657,"path_taken":["M","M","?","?","M","R","$","M","T","R","M","?","E","?","R","BOSS"],"items_purchased_type":[],"build_version":"2020-12-22","purchased_purges":1,"victory":false,"max_hp_per_floor":[72,72,72,72,72,72,72,72,72,72,72,72,79,79,79,79,79],"card_choices":[{"not_picked":["Sanctity","ThirdEye","SandsOfTime"],"picked":"SKIP","floor":1},{"not_picked":["Pray","Halt","SashWhip"],"picked":"SKIP","floor":2},{"not_picked":["Prostrate","CrushJoints","Meditate"],"picked":"SKIP","floor":3},{"not_picked":["Prostrate","WreathOfFlame","InnerPeace"],"picked":"SKIP","floor":5},{"not_picked":["Protect","FlurryOfBlows"],"picked":"ClearTheMind","floor":8},{"not_picked":["BowlingBash","EmptyBody"],"picked":"Indignation","floor":11},{"not_picked":["Wallop","EmptyFist"],"picked":"JustLucky","floor":13},{"not_picked":["SandsOfTime","FlurryOfBlows"],"picked":"CrushJoints","floor":14}],"player_experience":244079,"relics_obtained":[{"floor":9,"key":"Mercury Hourglass"},{"floor":12,"key":"Pen Nib"},{"floor":13,"key":"Strawberry"}],"event_choices":[{"damage_healed":0,"gold_gain":75,"player_choice":"Gather Gold","damage_taken":11,"max_hp_gain":0,"max_hp_loss":0,"event_name":"World of Goop","floor":4,"gold_loss":0}],"is_beta":false,"boss_relics":[],"items_purged_floors":[7],"is_endless":false,"potions_floor_spawned":[1,2,8,11,14],"killed_by":"The Guardian","ascension_level":2}}