{"host":"q9718omregw4er46","time":1609786820,"event":{"mods":["BaseMod","Bestiary","Colored Powertips","Minty Spire (QoL Compilation)","Quick Restart","Relic Stats"],"gold_per_floor":[15,15,36,55,55,55,80,123,193,193,233,233,283,326,326,416,416,437,198,242,242,261,261,89,89,89,108,108,148,98,137,149,254,266,302,314,349,361,394,406,434,446,446],"floor_reached":42,"playtime":3530,"items_purged":["Defend_B"],"score":1204,"play_id":"844eea9e-74c9-45ca-acf7-7964a7239ace","local_time":"20210105000020","is_ascension_mode":true,"campfire_choices":[{"data":"Ball Lightning","floor":6.0,"key":"SMITH"},{"floor":12.0,"key":"REST"},{"data":"Strike_B","floor":15.0,"key":"PURGE"},{"data":"Buffer","floor":23.0,"key":"SMITH"},{"data":"Strike_B","floor":25.0,"key":"PURGE"},{"data":"Coolheaded","floor":28.0,"key":"SMITH"},{"data":"Zap","floor":32.0,"key":"PURGE"},{"data":"Loop","floor":40,"key":"SMITH"}],"circlet_count":0,"master_deck":["AscendersBane","Defend_B","Defend_B","Dualcast+1","Ball Lightning+1","Ball Lightning","Go for the Eyes+1","Core Surge+1","Buffer+1","Seek+1","White Noise+1","Undo+1","Coolheaded+1","Glacier","Fission","Apotheosis","Loop+1","Barrage"],"relics":["Cracked Core","FossilizedHelix","Golden Idol","Peace Pipe","Symbiotic Virus","Vajra","Orichalcum","Astrolabe","Anchor","Red Mask","Bag of Preparation","Eternal Feather","Mummified Hand","MawBank","Inserter"],"acts_visited":["Exordium","TheCity","TheBeyond"],"potions_floor_usage":[37,42,42],"damage_taken":[{"damage":0.0,"enemies":"Small Slimes","floor":1.0,"turns":3.0},{"damage":0.0,"enemies":"Cultist","floor":3.0,"turns":3.0},{"damage":0.0,"enemies":"Jaw Worm","floor":4.0,"turns":2.0},{"damage":12.0,"enemies":"Exordium Wildlife","floor":7.0,"turns":4.0},{"damage":20.0,"enemies":"3 Sentries","floor":8.0,"turns":5.0},{"damage":0.0,"enemies":"Gremlin Nob","floor":11.0,"turns":3.0},{"damage":0.0,"enemies":"Lagavulin","floor":14.0,"turns":5.0},{"damage":11.0,"enemies":"Slime Boss","floor":16.0,"turns":7.0},{"damage":0.0,"enemies":"3 Byrds","floor":18.0,"turns":3.0},{"damage":13.0,"enemies":"Masked Bandits","floor":20.0,"turns":4.0},{"damage":0.0,"enemies":"Chosen","floor":22.0,"turns":4.0},{"damage":0.0,"enemies":"Centurion and Healer","floor":27.0,"turns":5.0},{"damage":0.0,"enemies":"Book of Stabbing","floor":29.0,"turns":4.0},{"damage":0.0,"enemies":"Slavers","floor":31.0,"turns":6.0},{"damage":0.0,"enemies":"Champ","floor":33.0,"turns":14.0},{"damage":0.0,"enemies":"Orb Walker","floor":35.0,"turns":4.0},{"damage":12,"enemies":"3 Darklings","floor":37,"turns":8},{"damage":0,"enemies":"Jaw Worm Horde","floor":39,"turns":4},{"damage":0,"enemies":"Maw","floor":41,"turns":8},{"damage":65,"enemies":"Reptomancer","floor":42,"turns":6}],"seed_played":"-4631446723948886125","potions_obtained":[{"floor":3.0,"key":"Dexterity Potion"},{"floor":16.0,"key":"Fire Potion"},{"floor":18.0,"key":"PowerPotion"},{"floor":33.0,"key":"Fruit Juice"},{"floor":37,"key":"SpeedPotion"},{"floor":41,"key":"Explosive Potion"}],"is_trial":false,"path_per_floor":["M","?","M","M","$","R","M","E","T","?","E","R","?","E","R","B",null,"M","$","?","?","M","R","$","R","T","M","R","E","?","E","R","B",null,"M","?","M","?","M","R","M","E"],"character_chosen":"DEFECT","items_purchased":["Anchor","Bag of Preparation"],"campfire_rested":1,"item_purchase_floors":[19,24],"current_hp_per_floor":[64,40,40,40,40,40,28,8,8,8,8,29,22,22,22,11,56,56,56,43,43,43,43,43,43,43,43,49,49,49,49,58,58,68,68,63,56,56,56,65,65,0,0],"gold":446,"neow_bonus":"ONE_RARE_RELIC","is_daily":false,"chose_seed":false,"campfire_upgraded":4,"win_rate":0.0,"timestamp":1609786820,"path_taken":["M","?","M","M","$","R","M","E","T","?","E","R","?","E","R","BOSS","M","$","?","?","M","R","?","R","T","M","R","E","?","E","R","BOSS","M","?","M","?","M","R","?","E"],"items_purchased_type":["Relic","Relic"],"build_version":"2020-12-22","purchased_purges":1,"victory":false,"max_hp_per_floor":[71,71,71,71,71,71,71,71,71,71,71,71,71,71,71,71,71,71,71,71,71,71,71,71,71,71,71,71,71,71,71,71,71,71,71,71,76,76,76,76,76,76,76],"relic_stats":{"Peace Pipe":3,"Inserter":[15],"counters":[20,102],"Golden Idol":130,"Mummified Hand":[44],"Astrolabe":["Seek","White Noise","Undo"],"Eternal Feather":24,"Bag of Preparation":[18],"Orichalcum":[108],"MawBank":132,"obtain_stats":[{"Inserter":34,"Golden Idol":2,"Astrolabe":17,"Vajra":11,"Eternal Feather":26,"Bag of Preparation":24,"Orichalcum":14,"MawBank":31,"Peace Pipe":8,"Anchor":19,"Mummified Hand":29,"Red Mask":20,"Cracked Core":0,"Symbiotic Virus":9,"FossilizedHelix":0},{"Inserter":15,"Golden Idol":1,"Astrolabe":8,"Vajra":6,"Eternal Feather":11,"Bag of Preparation":11,"Orichalcum":7,"MawBank":14,"Peace Pipe":5,"Anchor":9,"Mummified Hand":13,"Red Mask":10,"Cracked Core":0,"Symbiotic Virus":5,"FossilizedHelix":0},{"Inserter":72,"Golden Idol":3,"Astrolabe":32,"Vajra":20,"Eternal Feather":43,"Bag of Preparation":43,"Orichalcum":25,"MawBank":58,"Peace Pipe":17,"Anchor":35,"Mummified Hand":52,"Red Mask":39,"Cracked Core":0,"Symbiotic Virus":17,"FossilizedHelix":0}]},"card_choices":[{"not_picked":["Go for the Eyes","Beam Cell"],"picked":"Ball Lightning","floor":1.0},{"not_picked":["Hologram","Cold Snap"],"picked":"Ball Lightning","floor":3.0},{"not_picked":["Undo","Ball Lightning"],"picked":"Go for the Eyes","floor":4.0},{"not_picked":["Beam Cell","Consume","Heatsinks"],"picked":"SKIP","floor":7.0},{"not_picked":["Turbo","White Noise"],"picked":"Core Surge","floor":8.0},{"not_picked":["Stack","Ball Lightning","Coolheaded"],"picked":"SKIP","floor":11.0},{"not_picked":["Gash","Coolheaded","Hologram"],"picked":"SKIP","floor":14.0},{"not_picked":["Machine Learning","Seek"],"picked":"Buffer","floor":16.0},{"not_picked":["Recycle","Coolheaded","Conserve Battery+1"],"picked":"SKIP","floor":18.0},{"not_picked":["Storm","Genetic Algorithm"],"picked":"Coolheaded","floor":20.0},{"not_picked":["Gash","Double Energy+1","Stack"],"picked":"SKIP","floor":22.0},{"not_picked":["Redo","Reprogram","Go for the Eyes"],"picked":"SKIP","floor":27.0},{"not_picked":["Redo","Aggregate","Rip and Tear"],"picked":"SKIP","floor":29.0},{"not_picked":["Reinforced Body","Leap"],"picked":"Glacier","floor":31.0},{"not_picked":["Core Surge","All For One"],"picked":"Fission","floor":33.0},{"not_picked":["Genetic Algorithm","Hologram","Go for the Eyes+1"],"picked":"SKIP","floor":35.0},{"not_picked":["Violence","Blind"],"picked":"Apotheosis","floor":36.0},{"not_picked":["Steam+1","Conserve Battery","Gash"],"picked":"SKIP","floor":37},{"not_picked":["Chaos+1","Gash+1"],"picked":"Barrage","floor":39},{"not_picked":["Barrage+1","Stack","Redo"],"picked":"SKIP","floor":41}],"player_experience":1183877,"relics_obtained":[{"floor":8.0,"key":"Peace Pipe"},{"floor":9.0,"key":"Symbiotic Virus"},{"floor":11.0,"key":"Vajra"},{"floor":14.0,"key":"Orichalcum"},{"floor":20.0,"key":"Red Mask"},{"floor":26.0,"key":"Eternal Feather"},{"floor":29.0,"key":"Mummified Hand"},{"floor":31.0,"key":"MawBank"}],"event_choices":[{"damage_healed":0.0,"max_hp_gain":0.0,"max_hp_loss":0.0,"gold_gain":0.0,"event_name":"Golden Idol","player_choice":"Take Damage","floor":2.0,"gold_loss":0.0,"damage_taken":24.0,"relics_obtained":["Golden Idol"]},{"damage_healed":0.0,"max_hp_gain":0.0,"max_hp_loss":0.0,"gold_gain":0.0,"event_name":"Living Wall","player_choice":"Grow","floor":10.0,"gold_loss":0.0,"damage_taken":0.0,"cards_upgraded":["Go for the Eyes"]},{"damage_healed":0.0,"max_hp_gain":0.0,"max_hp_loss":0.0,"gold_gain":50.0,"event_name":"FaceTrader","player_choice":"Touch","floor":13.0,"gold_loss":0.0,"damage_taken":7.0},{"damage_healed":0.0,"max_hp_gain":0.0,"max_hp_loss":0.0,"gold_gain":0.0,"event_name":"Masked Bandits","player_choice":"Fought Bandits","floor":20.0,"gold_loss":0.0,"damage_taken":0.0},{"damage_healed":0.0,"max_hp_gain":0.0,"max_hp_loss":0.0,"gold_gain":0.0,"event_name":"Ghosts","player_choice":"Ignored","floor":21.0,"gold_loss":0.0,"damage_taken":0.0},{"damage_healed":0.0,"max_hp_gain":0.0,"max_hp_loss":0.0,"gold_gain":0.0,"event_name":"Designer","player_choice":"Upgraded Two","floor":30.0,"gold_loss":50.0,"damage_taken":0.0,"cards_upgraded":["Dualcast","Core Surge"]},{"damage_healed":0.0,"max_hp_gain":0.0,"max_hp_loss":0.0,"gold_gain":0.0,"event_name":"SensoryStone","player_choice":"Memory 2","floor":36.0,"gold_loss":0.0,"damage_taken":5.0},{"damage_healed":0,"gold_gain":0,"player_choice":"1 cards matched","damage_taken":0,"max_hp_gain":0,"max_hp_loss":0,"event_name":"Match and Keep!","floor":38,"gold_loss":0,"cards_obtained":["Loop"]}],"is_beta":false,"boss_relics":[{"not_picked":["Coffee Dripper","Sozu"],"picked":"Astrolabe"},{"not_picked":["FrozenCore","SacredBark"],"picked":"Inserter"}],"items_purged_floors":[19],"is_endless":false,"potions_floor_spawned":[3,16,18,27,33,37,41],"killed_by":"Reptomancer","ascension_level":20}}