{"host":"vm8b3ptwl81uq21f","time":1609787835,"event":{"mods":["Aspiration","BaseMod","BetterRewards","Colored Map","Colored Powertips","Downfall","GifTheSpireLib","Googly Eyes","GungeonMod","Halation","Hubris","Infinite Spire","Minty Spire (QoL Compilation)","Quick Restart","Rare Cards Sparkle","Replay The Spire","Shop Mod","StSLib","Stuff the Spire","The Bug Knight","The IronCluck","[IsaacMod]????"],"gold_per_floor":[119,119,44,44,55,89,89,108,108,108,142,161,181,192,192,296,296,316,316,331,350,363,363,383,403,403,403,429,19,33,48,48,145,145,165,165,165,180,216,242,254,254,302,302,318,352,352,352,352,352,352,352,71,105,105],"floor_reached":56,"playtime":2178,"items_purged":["DemoMod:CrossBow","DemoMod:RustySidearm","DemoMod:Strike_Huntress","DemoMod:Strike_Huntress+1"],"score":1616,"play_id":"f1e0b223-b7ab-435a-b579-684c3d08f45d","local_time":"20210104141715","is_ascension_mode":false,"campfire_choices":[{"data":"DemoMod:BSG","floor":7,"key":"SMITH"},{"data":"DemoMod:ManualReload","floor":15,"key":"SMITH"},{"data":"StuffTheSpire:Innocence","floor":23,"key":"SMITH"},{"data":"DemoMod:FeignSurrender","floor":27,"key":"SMITH"},{"data":"DemoMod:Unmoved","floor":32,"key":"SMITH"},{"floor":44,"key":"RECALL"},{"data":"DemoMod:TableSutra","floor":47,"key":"SMITH"},{"data":"DemoMod:BattleInHaste","floor":49,"key":"SMITH"},{"data":"DemoMod:Eureka","floor":52,"key":"SMITH"}],"circlet_count":0,"master_deck":["DemoMod:Defend_Huntress+1","DemoMod:Defend_Huntress+1","DemoMod:Defend_Huntress","DemoMod:Roll","DemoMod:ManualReload+1","DemoMod:HardPowerCard+1","DemoMod:HardPowerCard+1","DemoMod:BSG+1","DemoMod:FeignSurrender+1","StuffTheSpire:Innocence+1","DemoMod:BalloonGun+1","DemoMod:BattleInHaste+1","DemoMod:Unmoved+1","DemoMod:Eureka+1","DemoMod:HardPowerCard+1","DemoMod:ConditionalReflex+1","DemoMod:TableSutra+1","DemoMod:ChanceBullets+1","DemoMod:HardPowerCard+1"],"relics":["DemoMod:Dog","HushsDoor","Void","DemoMod:GnawedKey","halation:OrihimeAndHikoboshiSamaAndTears","halation:OrihimeAndHikoboshiSamaAndTears","Blue Candle","Replay:Bottled Snecko","hubris:ScarierMask","hubris:HerbalPaste","Omamori","DemoMod:PoisonVial","DemoMod:ElasticCartridgeClip","Bag of Preparation","DemoMod:Metronome"],"acts_visited":["Exordium","TheCity","TheBeyond","TheEnding"],"potions_floor_usage":[6,16,33,55],"damage_taken":[{"damage":1,"enemies":"Jaw Worm","floor":1,"turns":3},{"damage":0,"enemies":"Cultist","floor":5,"turns":4},{"damage":22,"enemies":"Gremlin Nob","floor":6,"turns":5},{"damage":0,"enemies":"2 Louse","floor":8,"turns":1},{"damage":0,"enemies":"Lagavulin","floor":11,"turns":4},{"damage":0,"enemies":"Exordium Wildlife","floor":12,"turns":2},{"damage":0,"enemies":"Large Slime","floor":13,"turns":2},{"damage":0,"enemies":"Looter","floor":14,"turns":1},{"damage":3,"enemies":"Hexaghost","floor":16,"turns":7},{"damage":0,"enemies":"Spheric Guardian","floor":18,"turns":2},{"damage":0,"enemies":"3 Byrds","floor":20,"turns":2},{"damage":0,"enemies":"Snake Plant","floor":21,"turns":4},{"damage":0,"enemies":"Cultist and Chosen","floor":22,"turns":2},{"damage":0,"enemies":"Sentry and Sphere","floor":24,"turns":1},{"damage":0,"enemies":"Snecko","floor":25,"turns":3},{"damage":0,"enemies":"Slavers","floor":28,"turns":1},{"damage":0,"enemies":"Snake Plant","floor":30,"turns":2},{"damage":0,"enemies":"Sentry and Sphere","floor":31,"turns":1},{"damage":30,"enemies":"Pondfish","floor":33,"turns":12},{"damage":0,"enemies":"3 Darklings","floor":35,"turns":1},{"damage":0,"enemies":"Orb Walker","floor":38,"turns":1},{"damage":1,"enemies":"Jaw Worm Horde","floor":39,"turns":6},{"damage":0,"enemies":"Reptomancer","floor":40,"turns":2},{"damage":0,"enemies":"Jaw Worm Horde","floor":41,"turns":1},{"damage":0,"enemies":"Writhing Mass","floor":45,"turns":5},{"damage":0,"enemies":"Nemesis","floor":46,"turns":1},{"damage":0,"enemies":"Replay:Hell Engine","floor":50,"turns":3},{"damage":0,"enemies":"Shield and Spear","floor":54,"turns":1},{"damage":16,"enemies":"The Heart","floor":55,"turns":10}],"seed_played":"-7239459458713129959","potions_obtained":[{"floor":5,"key":"Adrenaline Potion"},{"floor":8,"key":"sneckomod:MuddlingPotion"},{"floor":11,"key":"AttackPotion"},{"floor":14,"key":"Energy Potion"},{"floor":16,"key":"Weak Potion"},{"floor":20,"key":"infinitespire:BlackPotion"},{"floor":24,"key":"LiquidMemories"},{"floor":35,"key":"Strength Potion"}],"is_trial":false,"path_per_floor":["M","?","$","?","M","E","R","M","T","?","E","M","M","M","R","B",null,"M","AVR","M","M","M","R","M","M","T","R","E","$","M","M","R","B",null,"M","?","HB","M","?","E","M","?","T","R","M","E","R","?","R","B",null,"R","$","E","B",null],"character_chosen":"HUNTRESS","items_purchased":["DemoMod:GnawedKey","halation:OrihimeAndHikoboshiSamaAndTears","DemoMod:PoisonVial","PreservedInsect","War Paint"],"campfire_rested":0,"item_purchase_floors":[0,0,29,29,53],"current_hp_per_floor":[41,41,41,46,46,24,24,24,24,17,24,24,24,24,24,21,82,82,82,82,82,82,82,82,82,82,82,82,82,82,82,82,55,82,82,82,41,41,40,41,41,41,41,41,41,41,41,41,41,41,41,41,41,41,26],"gold":105,"neow_bonus":"","is_daily":false,"chose_seed":false,"campfire_upgraded":8,"win_rate":0.0,"timestamp":1609787835,"path_taken":["M","?","$","?","M","E","R","M","T","?","E","M","M","?","R","BOSS","M","AVR","M","M","M","R","M","M","T","R","E","$","M","M","R","BOSS","M","?","HB","M","?","E","M","?","T","R","M","E","R","?","R","BOSS","R","$","E","BOSS"],"items_purchased_type":["Relic","Relic","Relic","Relic","Relic"],"build_version":"2020-12-22","purchased_purges":4,"victory":true,"max_hp_per_floor":[70,70,70,75,75,75,75,75,75,75,82,82,82,82,82,82,82,82,82,82,82,82,82,82,82,82,82,82,82,82,82,82,82,82,82,82,41,41,41,41,41,41,41,41,41,41,41,41,41,41,41,41,41,41,41],"card_choices":[{"not_picked":["DemoMod:EasyReloadBullets","DemoMod:Rummage"],"picked":"DemoMod:HardPowerCard","floor":1},{"not_picked":["DemoMod:BattleInHaste","DemoMod:StickyCrossBow"],"picked":"DemoMod:HardPowerCard","floor":1},{"not_picked":["DemoMod:HardPowerCard","DemoMod:JK47"],"picked":"DemoMod:Purify","floor":5},{"not_picked":["DemoMod:JK47","DemoMod:ZorGun"],"picked":"DemoMod:BSG","floor":6},{"not_picked":["DemoMod:Camera","DemoMod:AC15"],"picked":"DemoMod:FeignSurrender","floor":8},{"not_picked":["DemoMod:Casey","DemoMod:Unity"],"picked":"DemoMod:BalloonGun","floor":11},{"not_picked":["DemoMod:TripleGun","DemoMod:DirectionalPad","DemoMod:ShadowBullets"],"picked":"SKIP","floor":12},{"not_picked":["DemoMod:JK47","DemoMod:HardPowerCard"],"picked":"DemoMod:BattleInHaste","floor":13},{"not_picked":["Bomb","DemoMod:AWP"],"picked":"DemoMod:Unmoved","floor":14},{"not_picked":["DemoMod:BalloonGun","DemoMod:Behold!"],"picked":"DemoMod:Eureka","floor":16},{"not_picked":["DemoMod:TripleGun","DemoMod:TableSutra","DemoMod:DoubleSwitch+1"],"picked":"SKIP","floor":18},{"not_picked":["DemoMod:StickyCrossBow","DemoMod:Polaris+1"],"picked":"DemoMod:Purify","floor":20},{"not_picked":["DemoMod:ProbeStrike+1","DemoMod:EasyReloadBullets+1","DemoMod:PracticeMakesPerfect+1"],"picked":"SKIP","floor":21},{"not_picked":["DemoMod:TeaPot","DemoMod:AWP"],"picked":"DemoMod:HardPowerCard+1","floor":22},{"not_picked":["DemoMod:HungryBullets","DemoMod:Desperate","DemoMod:TeaPot"],"picked":"SKIP","floor":24},{"not_picked":["DemoMod:SkilledReload","DemoMod:JK47","DemoMod:MachoBrace"],"picked":"SKIP","floor":25},{"not_picked":["DemoMod:SuppressiveFire","DemoMod:GunstockTap","DemoMod:FortunesFavor"],"picked":"SKIP","floor":28},{"not_picked":["DemoMod:HighKaliber+1","DemoMod:StickyCrossBow"],"picked":"DemoMod:ConditionalReflex+1","floor":30},{"not_picked":["DemoMod:HuntsMan","DemoMod:BoxingGlove","DemoMod:ConditionalReflex"],"picked":"SKIP","floor":31},{"not_picked":["DemoMod:SAA","DemoMod:Ejector"],"picked":"DemoMod:TableSutra","floor":35},{"not_picked":["DemoMod:JK47","DemoMod:SkilledReload+1","DemoMod:AbyssalTentacle+1"],"picked":"SKIP","floor":38},{"not_picked":["DemoMod:CursedBullets+1","DemoMod:StickyCrossBow","DemoMod:FortunesFavor+1"],"picked":"SKIP","floor":39},{"not_picked":["DemoMod:ZorGun","DemoMod:Casey+1"],"picked":"DemoMod:ChanceBullets+1","floor":40},{"not_picked":["DemoMod:BoxingGlove","DemoMod:JK47+1","DemoMod:TeaPot+1"],"picked":"SKIP","floor":41},{"not_picked":["DemoMod:GunstockTap","DemoMod:ZorGun","DemoMod:HighKaliber+1"],"picked":"SKIP","floor":45},{"not_picked":["DemoMod:AC15","DemoMod:Elimentaler"],"picked":"DemoMod:HardPowerCard+1","floor":46},{"not_picked":["DemoMod:SAA+1","DemoMod:FinishedGun","DemoMod:TeaPot"],"picked":"SKIP","floor":54}],"player_experience":357863,"relics_obtained":[{"floor":6,"key":"Blue Candle"},{"floor":9,"key":"Replay:Bottled Snecko"},{"floor":11,"key":"Strawberry"},{"floor":26,"key":"Replay:Bottled Eggs"},{"floor":28,"key":"Omamori"},{"floor":39,"key":"Bag of Preparation"},{"floor":40,"key":"Whetstone"},{"floor":46,"key":"hubris:TenFootPole"},{"floor":54,"key":"DemoMod:Metronome"}],"event_choices":[{"damage_healed":0,"gold_gain":0,"player_choice":"Donut","damage_taken":0,"max_hp_gain":5,"max_hp_loss":0,"event_name":"Big Fish","floor":4,"gold_loss":0},{"damage_healed":0,"gold_gain":0,"player_choice":"Bought 0 Potions","damage_taken":0,"max_hp_gain":0,"max_hp_loss":0,"event_name":"The Woman in Blue","floor":48,"gold_loss":0}],"is_beta":false,"boss_relics":[{"not_picked":["aspiration:RitualDagger","SacredBark"],"picked":"hubris:ScarierMask"},{"not_picked":[]},{"not_picked":["Honey Jar","hubris:Stopwatch"],"picked":"DemoMod:ElasticCartridgeClip"},{"not_picked":[]}],"items_purged_floors":[3,19,29,53],"is_endless":false,"potions_floor_spawned":[5,8,11,14,16,20,22,24,25,31,35,41,45,46,54],"ascension_level":0}}