{"host":"gzsdmyo07u314vug","time":1609729563,"event":{"mods":["2.2 Compatiblity","BaseMod","Downfall","GifTheSpireLib","Minty Spire (QoL Compilation)","Quick Restart","Rare Cards Sparkle","Relic Stats","Replay The Spire","Shop Mod","StSLib","The Bug Knight","The Construct","The Elementalist","The IronCluck","The Servant 0.9.4","Unceasing Turn Reminder","everything is the same but u backflip on backflip","slay the spire mod where everything is the same but ironclad has a cowboy hat","vexMod"],"gold_per_floor":[20,31,31,45,56,56,73,73,73,73,92,105,105,105],"floor_reached":13,"playtime":507,"items_purged":[],"score":130,"play_id":"d84f35db-03f9-44c6-8e4b-9dd0e7fe6421","local_time":"20210104000603","is_ascension_mode":true,"campfire_choices":[{"data":"construct:ClockworkEgg","floor":6,"key":"SMITH"},{"data":"construct:ClockworkEgg+1","floor":8,"key":"SMITH"},{"floor":10,"key":"REST"}],"circlet_count":0,"master_deck":["AscendersBane","construct:Strike_Gold","construct:Strike_Gold","construct:Strike_Gold","construct:Strike_Gold","construct:Strike_Gold","construct:Defend_Gold","construct:Defend_Gold","construct:Defend_Gold","construct:Defend_Gold","construct:Defend_Gold","construct:AttackMode","construct:DefenseMode","construct:LaserCore","construct:ScopeCore","construct:FlakBarrage","construct:ChargeShot+1"],"relics":["construct:ClockworkPhoenix","Replay:Bottled Eggs","Molten Egg 2","Toxic Egg 2","Frozen Egg 2"],"acts_visited":["Exordium"],"potions_floor_usage":[4],"damage_taken":[{"damage":6,"enemies":"Cultist","floor":1,"turns":4},{"damage":14,"enemies":"2 Louse","floor":2,"turns":4},{"damage":9,"enemies":"Jaw Worm","floor":4,"turns":3},{"damage":13,"enemies":"Blue Slaver","floor":5,"turns":2},{"damage":1,"enemies":"Looter","floor":7,"turns":3},{"damage":45,"enemies":"Exordium Thugs","floor":11,"turns":5},{"damage":8,"enemies":"Blue Slaver","floor":12,"turns":4},{"damage":10,"enemies":"3 Sentries","floor":13,"turns":1}],"seed_played":"8363901285411011069","potions_obtained":[{"floor":2,"key":"DistilledChaos"},{"floor":4,"key":"Milkshake"},{"floor":11,"key":"Milkshake"}],"is_trial":false,"path_per_floor":["M","M","$","M","M","R","M","R","T","R","M","M","E"],"character_chosen":"THE_CONSTRUCT_MOD","items_purchased":[],"campfire_rested":1,"item_purchase_floors":[],"current_hp_per_floor":[71,57,57,48,35,35,34,34,34,59,14,6,0,0],"gold":105,"neow_bonus":"THREE_RARE_CARDS","is_daily":false,"chose_seed":false,"campfire_upgraded":2,"win_rate":0.0,"timestamp":1609729563,"path_taken":["M","M","?","M","M","R","M","R","T","R","?","M","E"],"items_purchased_type":[],"build_version":"2020-12-22","purchased_purges":0,"victory":false,"max_hp_per_floor":[85,85,85,85,85,85,85,85,85,85,85,85,85,85],"relic_stats":{"counters":[8,26],"obtain_stats":[{"Molten Egg 2":11,"construct:ClockworkPhoenix":0,"Replay:Bottled Eggs":9,"Toxic Egg 2":11,"Frozen Egg 2":11},{"Molten Egg 2":6,"construct:ClockworkPhoenix":0,"Replay:Bottled Eggs":5,"Toxic Egg 2":6,"Frozen Egg 2":6},{"Molten Egg 2":17,"construct:ClockworkPhoenix":0,"Replay:Bottled Eggs":16,"Toxic Egg 2":17,"Frozen Egg 2":17}]},"card_choices":[{"not_picked":["construct:LongRangeLance","construct:PanicFire"],"picked":"construct:ClockworkEgg","floor":0},{"not_picked":["construct:Analyze","construct:FocusedBeam","construct:Backfire"],"picked":"SKIP","floor":1},{"not_picked":["construct:Autoturret","construct:Electrocute"],"picked":"construct:LaserCore","floor":2},{"not_picked":["construct:VentSteam","construct:Tumble"],"picked":"construct:ScopeCore","floor":4},{"not_picked":["construct:SuppressiveFire","construct:Backfire"],"picked":"construct:FlakBarrage","floor":5},{"not_picked":["construct:ClusterMines","construct:Impenetrable","construct:VentSteam"],"picked":"SKIP","floor":7},{"not_picked":["construct:FierceBash+1","construct:Versatility+1","construct:SuppressiveFire+1"],"picked":"SKIP","floor":11},{"not_picked":["construct:Anticipate+1","construct:Overcharge+1"],"picked":"construct:ChargeShot+1","floor":12}],"player_experience":647210,"relics_obtained":[{"floor":9,"key":"Replay:Bottled Eggs"}],"event_choices":[],"is_beta":false,"boss_relics":[],"items_purged_floors":[],"is_endless":false,"potions_floor_spawned":[2,4,11],"killed_by":"3 Sentries","ascension_level":13}}