{"host":"x1qj4d8ympd5jdqh","time":1609749025,"event":{"mods":["AchievementEnabler","AlwaysNeverKeys","BaseMod","Colored Map","Custom Start","DeckTracker","Highlight Path","Minty Spire (QoL Compilation)","StSLib","SuperFastMode"],"gold_per_floor":[110,110,127,68,143,163,195,41,68,68,99,174,201,201,201,275,275,288,288,130,5,21,21,55,55,81,115,115,58,74,99,99,99,99],"floor_reached":33,"playtime":602,"items_purged":["Strike_R","Strike_R","Strike_R"],"score":598,"play_id":"47cc06d6-cab6-42a5-a9b3-7a3b97d34980","local_time":"20210104173025","is_ascension_mode":true,"campfire_choices":[{"data":"Immolate","floor":10.0,"key":"SMITH"},{"data":"Fire Breathing","floor":15,"key":"SMITH"},{"data":"Bash","floor":23,"key":"SMITH"},{"floor":25,"key":"REST"},{"data":"Body Slam","floor":28,"key":"SMITH"},{"floor":32,"key":"REST"}],"circlet_count":0,"master_deck":["AscendersBane","Strike_R","Defend_R+1","Defend_R","Defend_R+1","Defend_R","Bash+1","Heavy Blade","Cleave","Anger","Headbutt","Immolate+1","Fire Breathing+1","Disarm","Feed","CurseOfTheBell","Bloodletting","Shrug It Off","Second Wind","Intimidate+1","Body Slam+1","Burning Pact+1"],"relics":["Burning Blood","NeowsBlessing","MealTicket","PreservedInsect","Paper Frog","Bottled Tornado","Oddly Smooth Stone","Calling Bell","War Paint","Meat on the Bone","Calipers","Pocketwatch","CeramicFish","Tiny Chest"],"acts_visited":["Exordium","TheCity"],"potions_floor_usage":[16,18,24,33],"damage_taken":[{"damage":0.0,"enemies":"Small Slimes","floor":1.0,"turns":1.0},{"damage":0.0,"enemies":"Cultist","floor":3.0,"turns":1.0},{"damage":0.0,"enemies":"Jaw Worm","floor":6.0,"turns":1.0},{"damage":47.0,"enemies":"Lagavulin","floor":7.0,"turns":7.0},{"damage":10.0,"enemies":"Gremlin Nob","floor":11.0,"turns":3.0},{"damage":20.0,"enemies":"Lagavulin","floor":13.0,"turns":5.0},{"damage":6,"enemies":"Hexaghost","floor":16,"turns":7},{"damage":24,"enemies":"2 Thieves","floor":18,"turns":3},{"damage":31,"enemies":"Shell Parasite","floor":22,"turns":4},{"damage":45,"enemies":"Book of Stabbing","floor":24,"turns":4},{"damage":31,"enemies":"Slavers","floor":27,"turns":3},{"damage":14,"enemies":"Centurion and Healer","floor":30,"turns":5},{"damage":36,"enemies":"Sentry and Sphere","floor":31,"turns":4},{"damage":64,"enemies":"Collector","floor":33,"turns":6}],"seed_played":"2349778648433403258","potions_obtained":[{"floor":3.0,"key":"BlessingOfTheForge"},{"floor":11.0,"key":"SmokeBomb"},{"floor":13.0,"key":"SneckoOil"},{"floor":16,"key":"Block Potion"},{"floor":18,"key":"DuplicationPotion"}],"is_trial":false,"path_per_floor":["M","?","M","$","?","M","E","$","T","R","E","T","E","?","R","B",null,"M","?","$","$","M","R","E","R","T","E","R","$","M","M","R","B"],"character_chosen":"IRONCLAD","items_purchased":["Anger","Fire Breathing","Shrug It Off","FearPotion"],"campfire_rested":2,"item_purchase_floors":[4,8,20,29],"current_hp_per_floor":[74,74,75,75,64,70,29,44,44,44,40,40,26,26,26,26,63,45,45,60,75,50,50,23,45,45,32,32,47,51,36,59,0,0],"gold":99,"neow_bonus":"THREE_ENEMY_KILL","is_daily":false,"chose_seed":false,"campfire_upgraded":4,"win_rate":0.0,"timestamp":1609749025,"path_taken":["M","?","?","$","?","M","E","?","T","R","E","?","E","?","R","BOSS","M","?","?","$","M","R","E","R","T","E","R","$","M","M","R","BOSS"],"items_purchased_type":["Card","Card","Card","Potion"],"build_version":"2020-12-22","purchased_purges":3,"victory":false,"max_hp_per_floor":[75,75,75,75,75,75,75,75,75,75,75,75,75,75,75,75,75,75,75,75,75,75,75,75,75,75,75,75,75,75,78,78,78,78],"card_choices":[{"not_picked":["Thunderclap","Seeing Red"],"picked":"Heavy Blade","floor":1.0},{"not_picked":["Sever Soul","Reckless Charge"],"picked":"Cleave","floor":3.0},{"not_picked":["Rage","Body Slam"],"picked":"Headbutt","floor":6.0},{"not_picked":["Reckless Charge","Evolve"],"picked":"Immolate","floor":7.0},{"not_picked":["Havoc","Twin Strike","Rampage"],"picked":"SKIP","floor":11.0},{"not_picked":["Havoc","Twin Strike","Rampage"],"picked":"SKIP","floor":11.0},{"not_picked":["Perfected Strike","Dark Embrace"],"picked":"Disarm","floor":13.0},{"not_picked":["Exhume","Immolate"],"picked":"Feed","floor":16},{"not_picked":["Heavy Blade","True Grit"],"picked":"Bloodletting","floor":18},{"not_picked":["Rage","Dual Wield+1"],"picked":"Second Wind","floor":22},{"not_picked":["Wild Strike+1","True Grit"],"picked":"Intimidate+1","floor":24},{"not_picked":["Blood for Blood","Dropkick+1"],"picked":"Body Slam","floor":27},{"not_picked":["Anger","Body Slam","Sword Boomerang"],"picked":"SKIP","floor":30},{"not_picked":["Shrug It Off","Headbutt"],"picked":"Burning Pact+1","floor":31}],"player_experience":1318019,"relics_obtained":[{"floor":7.0,"key":"MealTicket"},{"floor":9.0,"key":"PreservedInsect"},{"floor":11.0,"key":"Paper Frog"},{"floor":12.0,"key":"Bottled Tornado"},{"floor":13.0,"key":"Oddly Smooth Stone"},{"floor":17,"key":"War Paint"},{"floor":17,"key":"Meat on the Bone"},{"floor":17,"key":"Calipers"},{"floor":24,"key":"Pocketwatch"},{"floor":26,"key":"CeramicFish"},{"floor":27,"key":"Tiny Chest"}],"event_choices":[{"cards_removed":["Strike_R"],"damage_healed":0.0,"max_hp_gain":0.0,"max_hp_loss":0.0,"gold_gain":0.0,"event_name":"Bonfire Elementals","player_choice":"Offered Basic","floor":2.0,"gold_loss":0.0,"damage_taken":0.0},{"damage_healed":0.0,"max_hp_gain":0.0,"max_hp_loss":0.0,"gold_gain":75.0,"event_name":"World of Goop","player_choice":"Gather Gold","floor":5.0,"gold_loss":0.0,"damage_taken":11.0},{"damage_healed":0,"gold_gain":0,"player_choice":"Searched \u00270\u0027 times","damage_taken":0,"max_hp_gain":0,"max_hp_loss":0,"event_name":"Dead Adventurer","floor":14,"gold_loss":0},{"damage_healed":0,"gold_gain":0,"player_choice":"Ignored","damage_taken":0,"max_hp_gain":0,"max_hp_loss":0,"event_name":"The Mausoleum","floor":19,"gold_loss":0}],"is_beta":false,"boss_relics":[{"not_picked":["Busted Crown","SlaversCollar"],"picked":"Calling Bell"}],"items_purged_floors":[8,20,21],"is_endless":false,"potions_floor_spawned":[3,11,13,16,18],"killed_by":"Collector","ascension_level":20}}