{"host":"8m3txu8mcyu46pv6","time":1609744136,"event":{"mods":["ATMod(°¢èªMod)","BaseMod","Minty Spire (QoL Compilation)","StSLib"],"gold_per_floor":[116,133,83,83,102,133,133,162,162,190,41,74,74,87,87,163,163,181,29,29,46,46,71,85,85,85,113,113,75,105,122,122,194,194,204,222,222,50,65,65,0,31,31,31,31,42,42,77,77,77,77],"floor_reached":50,"playtime":1004,"items_purged":["Regret","Strike_R"],"score":1443,"play_id":"7b8fee3c-dd6e-4c29-a85e-fa32befe3702","local_time":"20210104150856","is_ascension_mode":true,"campfire_choices":[{"data":"AT_FamilyPortrait","floor":7.0,"key":"SMITH"},{"data":"Feed","floor":13.0,"key":"SMITH"},{"data":"Armaments","floor":15.0,"key":"SMITH"},{"data":"Barricade","floor":25.0,"key":"SMITH"},{"data":"AT_BodySlamDance","floor":28.0,"key":"SMITH"},{"floor":32.0,"key":"RECALL"},{"data":"Madness","floor":40.0,"key":"SMITH"},{"data":"AT_PowerWithin","floor":47.0,"key":"SMITH"},{"data":"AT_FamilyPortrait","floor":49.0,"key":"SMITH"}],"circlet_count":0,"master_deck":["AscendersBane","Strike_R","Strike_R","Strike_R","Defend_R","Defend_R","Defend_R","Defend_R","Bash+1","AT_EmpoweredMortalDraw+1","AT_FamilyPortrait+1","Feed+1","AT_EmpoweredMortalDraw+1","Barricade+1","AT_BodySlamDance+1","Bloodletting+1","Power Through+1","Madness+1","Madness+1","Shame","AT_PowerWithin+1","AT_FamilyPortrait+1"],"relics":["AT_ATBox","AT_MortalBlade","AT_ArchangelStaff","White Beast Statue","Orichalcum","DollysMirror","Red Skull","Cursed Key","Membership Card","Strawberry","Ancient Tea Set","Happy Flower","AT_RedTearstoneRing","Black Star","AT_SilvercatRing","Red Mask","Prayer Wheel","StoneCalendar","AT_BellowingDragoncrestRing","Centennial Puzzle","Eternal Feather"],"acts_visited":["Exordium","TheCity","TheBeyond"],"potions_floor_usage":[50,50],"damage_taken":[{"damage":0.0,"enemies":"2 Louse","floor":1.0,"turns":1.0},{"damage":1.0,"enemies":"Cultist","floor":2.0,"turns":3.0},{"damage":0.0,"enemies":"Jaw Worm","floor":5.0,"turns":1.0},{"damage":8.0,"enemies":"Lagavulin","floor":6.0,"turns":4.0},{"damage":0.0,"enemies":"Gremlin Nob","floor":8.0,"turns":2.0},{"damage":3.0,"enemies":"Lagavulin","floor":10.0,"turns":3.0},{"damage":0.0,"enemies":"3 Sentries","floor":12.0,"turns":1.0},{"damage":0.0,"enemies":"Large Slime","floor":14.0,"turns":1.0},{"damage":26.0,"enemies":"Hexaghost","floor":16.0,"turns":6.0},{"damage":0.0,"enemies":"Chosen","floor":18.0,"turns":2.0},{"damage":4.0,"enemies":"Shell Parasite","floor":21.0,"turns":3.0},{"damage":5.0,"enemies":"Gremlin Leader","floor":23.0,"turns":4.0},{"damage":0.0,"enemies":"Snecko","floor":24.0,"turns":2.0},{"damage":24.0,"enemies":"Slavers","floor":27.0,"turns":2.0},{"damage":1.0,"enemies":"Book of Stabbing","floor":30.0,"turns":2.0},{"damage":0.0,"enemies":"Shelled Parasite and Fungi","floor":31.0,"turns":2.0},{"damage":20.0,"enemies":"Champ","floor":33.0,"turns":6.0},{"damage":0.0,"enemies":"3 Shapes","floor":35.0,"turns":1.0},{"damage":0.0,"enemies":"Orb Walker","floor":36.0,"turns":1.0},{"damage":0.0,"enemies":"Jaw Worm Horde","floor":39.0,"turns":1.0},{"damage":3.0,"enemies":"Nemesis","floor":42.0,"turns":1.0},{"damage":0.0,"enemies":"3 Darklings","floor":46.0,"turns":1.0},{"damage":21.0,"enemies":"Reptomancer","floor":48.0,"turns":3.0},{"damage":61,"enemies":"Awakened One","floor":50,"turns":4}],"seed_played":"-1941728449048619332","potions_obtained":[{"floor":2.0,"key":"FearPotion"},{"floor":6.0,"key":"Strength Potion"},{"floor":12.0,"key":"LiquidMemories"},{"floor":16.0,"key":"ColorlessPotion"},{"floor":21.0,"key":"DuplicationPotion"},{"floor":31.0,"key":"Block Potion"},{"floor":33.0,"key":"Explosive Potion"},{"floor":42.0,"key":"DuplicationPotion"},{"floor":48.0,"key":"AttackPotion"}],"is_trial":false,"path_per_floor":["M","M","?","?","M","E","R","E","T","E","$","E","R","M","R","B",null,"M","$","?","M","?","E","M","R","T","E","R","$","E","M","R","B",null,"M","M","?","$","M","R","?","E","T","?","?","M","R","E","R","B"],"character_chosen":"IRONCLAD","items_purchased":["DollysMirror","Membership Card","AT_SilvercatRing"],"campfire_rested":0,"item_purchase_floors":[11,19,38],"current_hp_per_floor":[68,67,67,67,67,59,59,59,59,56,56,56,56,56,56,34,68,68,68,68,64,64,66,66,66,66,42,42,42,45,49,49,33,82,82,82,70,70,70,70,70,67,67,67,57,57,57,36,48,0,0],"gold":77,"neow_bonus":"BOSS_RELIC","is_daily":false,"chose_seed":false,"campfire_upgraded":8,"win_rate":0.0,"timestamp":1609744136,"path_taken":["M","M","?","?","?","E","R","E","T","E","$","E","R","?","R","BOSS","M","$","?","M","?","E","M","R","T","E","R","?","E","?","R","BOSS","M","M","?","$","M","R","?","E","T","?","?","M","R","E","R","BOSS"],"items_purchased_type":["Relic","Relic","Relic"],"build_version":"2020-12-22","purchased_purges":2,"victory":false,"max_hp_per_floor":[75,75,75,75,75,75,75,75,75,75,75,75,75,75,75,79,79,79,79,79,79,79,86,86,86,86,86,86,86,90,94,94,98,98,98,98,98,98,98,98,98,98,98,98,98,98,98,98,98,102,102],"card_choices":[{"not_picked":["Twin Strike","Burning Pact"],"picked":"Armaments","floor":1.0},{"not_picked":["Perfected Strike","Disarm","Armaments"],"picked":"SKIP","floor":2.0},{"not_picked":["Clash","Combust","Sword Boomerang"],"picked":"SKIP","floor":5.0},{"not_picked":["Clash","Twin Strike","AT_IchimonjiDouble"],"picked":"SKIP","floor":6.0},{"not_picked":["Disarm","Heavy Blade","Warcry"],"picked":"SKIP","floor":8.0},{"not_picked":["Wild Strike","Pommel Strike"],"picked":"Feed","floor":10.0},{"not_picked":["Feel No Pain","Immolate","Warcry"],"picked":"SKIP","floor":12.0},{"not_picked":["Havoc","Infernal Blade","Cleave"],"picked":"SKIP","floor":14.0},{"not_picked":["Brutality","AT_Dispersion"],"picked":"Barricade","floor":16.0},{"not_picked":["True Grit+1","Warcry","AT_DrawKnifeCut"],"picked":"SKIP","floor":18.0},{"not_picked":["Hemokinesis","Anger"],"picked":"Bloodletting+1","floor":21.0},{"not_picked":["Heavy Blade","Disarm","Wild Strike"],"picked":"SKIP","floor":23.0},{"not_picked":["Iron Wave","AT_ManFootWork","AT_CaressingTears"],"picked":"SKIP","floor":24.0},{"not_picked":["Blood for Blood","Pummel","AT_BodySlamDance"],"picked":"SKIP","floor":27.0},{"not_picked":["Searing Blow","AT_IchimonjiDouble","Rupture"],"picked":"SKIP","floor":30.0},{"not_picked":["Searing Blow","AT_IchimonjiDouble","Rupture"],"picked":"SKIP","floor":30.0},{"not_picked":["AT_DrawKnifeCut","Headbutt","Dark Embrace"],"picked":"SKIP","floor":31.0},{"not_picked":["Clothesline+1","AT_BodySlamDance+1"],"picked":"Power Through+1","floor":35.0},{"not_picked":["Pommel Strike","Anger","Perfected Strike"],"picked":"SKIP","floor":36.0},{"not_picked":["Cleave+1","Dark Embrace+1","Pommel Strike"],"picked":"SKIP","floor":39.0},{"not_picked":["Twin Strike","Uppercut","Anger"],"picked":"SKIP","floor":42.0},{"not_picked":["HandOfGreed","Purity"],"picked":"AT_PowerWithin","floor":45.0},{"not_picked":["Finesse","Blind"],"picked":"AT_FamilyPortrait","floor":45.0},{"not_picked":["Heavy Blade","Hemokinesis","Cleave"],"picked":"SKIP","floor":46.0},{"not_picked":["Headbutt","Anger+1","Power Through"],"picked":"SKIP","floor":46.0},{"not_picked":["Hemokinesis","Armaments+1","Bloodletting"],"picked":"SKIP","floor":48.0}],"player_experience":57140,"relics_obtained":[{"floor":6.0,"key":"AT_ArchangelStaff"},{"floor":8.0,"key":"White Beast Statue"},{"floor":10.0,"key":"Orichalcum"},{"floor":12.0,"key":"Red Skull"},{"floor":23.0,"key":"Strawberry"},{"floor":26.0,"key":"Ancient Tea Set"},{"floor":27.0,"key":"Happy Flower"},{"floor":30.0,"key":"AT_RedTearstoneRing"},{"floor":42.0,"key":"Prayer Wheel"},{"floor":42.0,"key":"StoneCalendar"},{"floor":43.0,"key":"AT_BellowingDragoncrestRing"},{"floor":48.0,"key":"Centennial Puzzle"},{"floor":48.0,"key":"Eternal Feather"}],"event_choices":[{"cards_removed":["Strike_R"],"damage_healed":0.0,"max_hp_gain":0.0,"max_hp_loss":0.0,"gold_gain":0.0,"event_name":"The Cleric","player_choice":"Card Removal","floor":3.0,"gold_loss":50.0,"damage_taken":0.0},{"damage_healed":0.0,"max_hp_gain":0.0,"max_hp_loss":0.0,"gold_gain":0.0,"event_name":"Upgrade Shrine","player_choice":"Upgraded","floor":4.0,"gold_loss":0.0,"damage_taken":0.0,"cards_upgraded":["AT_EmpoweredMortalDraw"]},{"damage_healed":0.0,"max_hp_gain":0.0,"max_hp_loss":0.0,"gold_gain":0.0,"event_name":"The Library","player_choice":"Read","floor":20.0,"gold_loss":0.0,"damage_taken":0.0,"cards_obtained":["AT_BodySlamDance"]},{"damage_healed":0.0,"max_hp_gain":0.0,"max_hp_loss":0.0,"gold_gain":0.0,"event_name":"Vampires","player_choice":"Ignored","floor":22.0,"gold_loss":0.0,"damage_taken":0.0},{"damage_healed":0.0,"max_hp_gain":0.0,"max_hp_loss":0.0,"gold_gain":0.0,"event_name":"Winding Halls","player_choice":"Embrace Madness","floor":37.0,"gold_loss":0.0,"damage_taken":12.0,"cards_obtained":["Madness","Madness"]},{"damage_healed":0.0,"max_hp_gain":0.0,"max_hp_loss":0.0,"gold_gain":0.0,"event_name":"Tomb of Lord Red Mask","player_choice":"Paid","floor":41.0,"gold_loss":65.0,"damage_taken":0.0,"relics_obtained":["Red Mask"]},{"cards_removed":["Armaments"],"damage_healed":0.0,"max_hp_gain":0.0,"max_hp_loss":0.0,"gold_gain":0.0,"event_name":"Falling","player_choice":"Removed Skill","floor":44.0,"gold_loss":0.0,"damage_taken":0.0},{"damage_healed":0.0,"max_hp_gain":0.0,"max_hp_loss":0.0,"gold_gain":0.0,"event_name":"SensoryStone","player_choice":"Memory 3","floor":45.0,"gold_loss":0.0,"damage_taken":10.0}],"is_beta":false,"boss_relics":[{"not_picked":["SacredBark","Snecko Eye"],"picked":"Cursed Key"},{"not_picked":["Fusion Hammer","Philosopher\u0027s Stone"],"picked":"Black Star"}],"items_purged_floors":[29,38],"is_endless":false,"potions_floor_spawned":[2,6,10,12,14,16,18,21,23,24,27,30,31,33,35,36,39,42,46,48],"killed_by":"Awakened One","ascension_level":14}}