{"host":"ij84le5dz5iaw1mq","time":1609730507,"event":{"mods":["AchievementEnabler","BaseMod","Better Altar","Better Match","Better Note","Better Sensory Stone","Better Skull","Better Third Choice","BetterRewards","Colored Map","Colored Powertips","DeckTracker","Downfall","Hermit","Hubris","Infinite Spire","Minty Spire (QoL Compilation)","Permanent Neow","Quick Restart","Rare Cards Sparkle","Replay The Spire","Shop Mod","StSLib","The Cursed","The Disciple","The Elementalist","The Runesmith","The Spell Scribe"],"gold_per_floor":[109,119,129,143,155,155,61,61,61,61,71,71,135,141,141,245,245,256,276,276,291,216,216,245,245,245,259,275,175,187,205,205,305,305,319,338,338,338],"floor_reached":37,"playtime":4749,"items_purged":["Runesmith:Strike_RS","Runesmith:Strike_RS"],"score":385,"play_id":"b16edf14-e8d6-45a6-afdd-a354ad33e9b6","local_time":"20210103222147","is_ascension_mode":false,"campfire_choices":[{"data":"Runesmith:Permafrost","floor":6,"key":"SMITH"},{"data":"Runesmith:PerfectChisel","floor":8,"key":"SMITH"},{"floor":15,"key":"DIG"},{"floor":23,"key":"REST"},{"floor":25,"key":"REST"},{"floor":32,"key":"REST"}],"circlet_count":0,"master_deck":["Runesmith:Defend_RS","Runesmith:Defend_RS","Runesmith:Defend_RS","Runesmith:CraftFirestone","Runesmith:Fortify","Runesmith:CraftSpiculum","Runesmith:Permafrost+1","Runesmith:HeatedChisel","Runesmith:PerfectChisel+1","Runesmith:CraftProtectio","Runesmith:Supernova","Runesmith:HeatedChisel+1","Runesmith:EnergizedChisel","Runesmith:CraftPrismatica","Runesmith:EnergizedChisel","Runesmith:LithiumIon","Runesmith:Superposition","Runesmith:ChiselStab+1","Runesmith:Prism+1","Runesmith:Empowerment+1","Runesmith:CraftProtectio+1","Runesmith:CraftMagma+1","Runesmith:CraftMedicinae+1","Runesmith:CraftIndustria+1","Runesmith:FrozenChisel+1"],"relics":["Runesmith:BrokenRuby","MerchantsRug","Replay:Bottled Flurry","Bag of Preparation","hubris:Backtick","Toxic Egg 2","hubris:GlazedTorus","Thread and Needle"],"acts_visited":["Exordium","TheCity","TheBeyond"],"potions_floor_usage":[33,37],"damage_taken":[{"damage":4,"enemies":"Jaw Worm","floor":1,"turns":6},{"damage":6,"enemies":"2 Louse","floor":2,"turns":4},{"damage":4,"enemies":"Small Slimes","floor":3,"turns":6},{"damage":0,"enemies":"Blue Slaver","floor":4,"turns":6},{"damage":10,"enemies":"Looter","floor":5,"turns":4},{"damage":1,"enemies":"2 Fungi Beasts","floor":11,"turns":4},{"damage":8,"enemies":"3 Sentries","floor":13,"turns":7},{"damage":13,"enemies":"Fading Forest","floor":16,"turns":11},{"damage":10,"enemies":"Chosen","floor":18,"turns":7},{"damage":15,"enemies":"Shell Parasite","floor":19,"turns":8},{"damage":14,"enemies":"Centurion and Healer","floor":21,"turns":12},{"damage":40,"enemies":"Book of Stabbing","floor":24,"turns":7},{"damage":2,"enemies":"Cultist and Chosen","floor":27,"turns":7},{"damage":0,"enemies":"Snecko","floor":28,"turns":5},{"damage":0,"enemies":"Centurion and Healer","floor":30,"turns":11},{"damage":25,"enemies":"Shelled Parasite and Fungi","floor":31,"turns":5},{"damage":11,"enemies":"Champ","floor":33,"turns":12},{"damage":55,"enemies":"3 Shapes","floor":35,"turns":7},{"damage":8,"enemies":"Orb Walker","floor":36,"turns":6},{"damage":47,"enemies":"Transient","floor":37,"turns":5}],"seed_played":"-7861353239049993142","potions_obtained":[{"floor":3,"key":"Dexterity Potion"},{"floor":4,"key":"ColorlessPotion"},{"floor":5,"key":"FearPotion"},{"floor":13,"key":"PowerPotion"},{"floor":27,"key":"PowerPotion"},{"floor":28,"key":"Ancient Potion"},{"floor":30,"key":"FairyPotion"},{"floor":35,"key":"Swift Potion"}],"is_trial":false,"path_per_floor":["M","M","M","M","M","R","$","R","T","?","M","?","?","$","R_BF","B",null,"M","M","?","M","?","R","E","R","T","M","M","$","M","M","R","B",null,"M","M","M"],"character_chosen":"RUNESMITH_CLASS","items_purchased":["MerchantsRug"],"campfire_rested":3,"item_purchase_floors":[7],"current_hp_per_floor":[66,60,56,56,46,46,46,46,46,46,45,45,37,37,37,42,70,60,45,45,31,31,52,12,33,33,31,31,31,31,6,27,16,70,15,7,0,0],"gold":338,"neow_bonus":"TRANSFORM_CARD","is_daily":false,"chose_seed":false,"campfire_upgraded":2,"win_rate":0.0,"timestamp":1609730507,"path_taken":["M","M","M","M","M","R","$","R","T","?","M","?","?","$","R_BF","BOSS","M","M","?","M","?","R","E","R","T","M","M","$","M","M","R","BOSS","M","M","M"],"items_purchased_type":["Relic"],"build_version":"2020-12-22","purchased_purges":2,"victory":false,"max_hp_per_floor":[70,70,70,70,70,70,70,70,70,70,70,70,70,70,70,70,70,70,70,70,70,70,70,70,70,70,70,70,70,70,70,70,70,70,70,70,70,70],"card_choices":[{"not_picked":["Runesmith:ChargedHammer","Runesmith:ChiselStab"],"picked":"Runesmith:Permafrost","floor":1},{"not_picked":["Runesmith:HeatedChisel","Runesmith:Electrocute"],"picked":"Runesmith:EnergizedChisel","floor":2},{"not_picked":["Runesmith:Overpower","Runesmith:HammerThrow"],"picked":"Runesmith:HeatedChisel","floor":3},{"not_picked":["Runesmith:HammerThrow","Runesmith:CraftSpiculum"],"picked":"Runesmith:PerfectChisel","floor":4},{"not_picked":["Runesmith:ChiselStab","Runesmith:ChargedHammer"],"picked":"Runesmith:CraftProtectio","floor":5},{"not_picked":["Runesmith:HammerThrow","Runesmith:Retool"],"picked":"Runesmith:Supernova","floor":11},{"not_picked":["Runesmith:NanitesCloud","Runesmith:CraftMagma"],"picked":"Runesmith:EnergizedChisel","floor":13},{"not_picked":["Runesmith:CraftMedicinae","Runesmith:DuctTape"],"picked":"Runesmith:CraftPrismatica","floor":16},{"not_picked":["Runesmith:HeatExchange","Runesmith:Overpower+1","Runesmith:Grindstone+1"],"picked":"SKIP","floor":18},{"not_picked":["Runesmith:StaticCage+1","Runesmith:ChargedHammer"],"picked":"Runesmith:EnergizedChisel","floor":19},{"not_picked":["Runesmith:PerfectChisel+1","Runesmith:HeatExchange"],"picked":"Runesmith:Superposition","floor":21},{"not_picked":["Runesmith:StaticCage+1","Runesmith:Repurpose+1"],"picked":"Runesmith:ChiselStab+1","floor":22},{"not_picked":["Runesmith:CraftObretio+1","Runesmith:BackupBattery+1"],"picked":"Runesmith:Prism+1","floor":24},{"not_picked":["Runesmith:CraftProtectio+1","Runesmith:RunicBlueprint+1"],"picked":"Runesmith:Empowerment+1","floor":27},{"not_picked":["Runesmith:StaticCage+1","Runesmith:Attraction+1"],"picked":"Runesmith:CraftProtectio+1","floor":28},{"not_picked":["Runesmith:HammerAndChisel+1","Runesmith:EnergizedChisel+1"],"picked":"Runesmith:CraftMagma+1","floor":30},{"not_picked":["Runesmith:Prism+1","Runesmith:HammerThrow+1"],"picked":"Runesmith:CraftMedicinae+1","floor":31},{"not_picked":["Runesmith:ReplicatingBarrier","Runesmith:ArcReactor"],"picked":"Runesmith:CraftIndustria+1","floor":33},{"not_picked":["Runesmith:Empowerment+1","Runesmith:EnergizedChisel+1","Runesmith:ChiselStab"],"picked":"SKIP","floor":35},{"not_picked":["Runesmith:HeatedChisel+1","Runesmith:DoubleUp+1"],"picked":"Runesmith:FrozenChisel+1","floor":36}],"player_experience":123115,"relics_obtained":[{"floor":9,"key":"Replay:Bottled Flurry"},{"floor":15,"key":"Bag of Preparation"},{"floor":24,"key":"hubris:GlazedTorus"},{"floor":26,"key":"Thread and Needle"}],"event_choices":[{"damage_healed":0,"gold_gain":0,"player_choice":"Searched \u00273\u0027 times","damage_taken":0,"relics_obtained":["Replay:Accelerometer"],"max_hp_gain":0,"max_hp_loss":0,"event_name":"Dead Adventurer","floor":13,"gold_loss":0},{"damage_healed":0,"gold_gain":0,"cards_transformed":["Runesmith:Strike_RS"],"player_choice":"Transformed","damage_taken":0,"max_hp_gain":0,"max_hp_loss":0,"event_name":"Transmorgrifier","floor":20,"gold_loss":0,"cards_obtained":["Runesmith:LithiumIon"]},{"damage_healed":0,"gold_gain":0,"player_choice":"2","damage_taken":0,"max_hp_gain":0,"max_hp_loss":0,"event_name":"betterMatch:BetterMatch","floor":22,"gold_loss":0,"cards_obtained":["betterMatch:ColorlessUncommonCard","betterMatch:CommonCard"]}],"is_beta":false,"boss_relics":[{"not_picked":["hubris:BlackHole","Black Star"],"picked":"hubris:Backtick"},{"not_picked":["Ring of Chaos","Fusion Hammer","Replay:Bronze Core"]}],"items_purged_floors":[14,29],"is_endless":false,"potions_floor_spawned":[3,4,5,13,27,28,30,31,35],"killed_by":"Transient","ascension_level":0}}