{"host":"91blwi3hgehj6ch9","time":1609790394,"event":{"mods":["2.2 Compatiblity","AchievementEnabler","BaseMod","Colored Map","DeckTracker","Keyboard Shortcuts","Minty Spire (QoL Compilation)","Permanent Neow","Quick Restart","StSLib","SuperFastMode"],"gold_per_floor":[115,127,127,77,92,92,130,130,130,130,29,29,54,72,72,197,197,213,213,213,226,250,250,250,294,294,294,312,337,337,337,337,442,442,459,459,379,45,56,73,91,124,124,124,4,54,154,174,174,174],"floor_reached":51,"playtime":1713,"items_purged":["Strike_G","Strike_G","Defend_G","Defend_G"],"score":1337,"play_id":"db85d939-f6f8-43d2-a029-6ac5fdd7a96e","local_time":"20210105045954","is_ascension_mode":true,"campfire_choices":[{"data":"Terror","floor":6.0,"key":"SMITH"},{"data":"Footwork","floor":8.0,"key":"SMITH"},{"data":"Dagger Throw","floor":10.0,"key":"SMITH"},{"data":"Acrobatics","floor":15.0,"key":"SMITH"},{"floor":23.0,"key":"REST"},{"data":"Neutralize","floor":27.0,"key":"SMITH"},{"floor":32.0,"key":"REST"},{"data":"Grand Finale","floor":49,"key":"SMITH"}],"circlet_count":0,"master_deck":["Survivor","Neutralize+1","Terror+1","Footwork+1","Dagger Throw+1","Grand Finale+1","Dagger Throw","Acrobatics+1","After Image+1","Backflip+1","Escape Plan+1"],"relics":["Ring of the Snake","Bloody Idol","Art of War","Sundial","SlaversCollar","The Courier","Centennial Puzzle","WingedGreaves","FaceOfCleric","Empty Cage","Tough Bandages","Bottled Flame","CaptainsWheel","Prayer Wheel"],"acts_visited":["Exordium","TheCity","TheBeyond"],"potions_floor_usage":[],"damage_taken":[{"damage":0.0,"enemies":"Small Slimes","floor":1.0,"turns":3.0},{"damage":0.0,"enemies":"2 Louse","floor":2.0,"turns":3.0},{"damage":5.0,"enemies":"Jaw Worm","floor":5.0,"turns":5.0},{"damage":22.0,"enemies":"Lagavulin","floor":7.0,"turns":10.0},{"damage":0.0,"enemies":"Exordium Wildlife","floor":13.0,"turns":1.0},{"damage":0.0,"enemies":"2 Fungi Beasts","floor":14.0,"turns":4.0},{"damage":0.0,"enemies":"Hexaghost","floor":16.0,"turns":5.0},{"damage":4.0,"enemies":"Shell Parasite","floor":18.0,"turns":4.0},{"damage":0.0,"enemies":"Chosen","floor":21.0,"turns":5.0},{"damage":28.0,"enemies":"Sentry and Sphere","floor":22.0,"turns":7.0},{"damage":14.0,"enemies":"Slavers","floor":25.0,"turns":2.0},{"damage":0.0,"enemies":"Centurion and Healer","floor":28.0,"turns":4.0},{"damage":10.0,"enemies":"Snecko","floor":29.0,"turns":3.0},{"damage":0.0,"enemies":"Collector","floor":33.0,"turns":3.0},{"damage":6.0,"enemies":"3 Shapes","floor":35.0,"turns":1.0},{"damage":0,"enemies":"3 Darklings","floor":39,"turns":2},{"damage":9,"enemies":"Sphere and 2 Shapes","floor":40,"turns":2},{"damage":0,"enemies":"Transient","floor":41,"turns":5},{"damage":0,"enemies":"Nemesis","floor":42,"turns":1},{"damage":0,"enemies":"Mind Bloom Boss Battle","floor":46,"turns":1},{"damage":0,"enemies":"Maw","floor":48,"turns":2},{"damage":0,"enemies":"Donu and Deca","floor":50,"turns":2}],"seed_played":"5661935298105762775","potions_obtained":[{"floor":1.0,"key":"SteroidPotion"},{"floor":7.0,"key":"DistilledChaos"},{"floor":14.0,"key":"SkillPotion"},{"floor":25.0,"key":"Energy Potion"},{"floor":28.0,"key":"Swift Potion"},{"floor":29.0,"key":"LiquidBronze"},{"floor":35.0,"key":"Fire Potion"}],"is_trial":false,"path_per_floor":["M","M","?","?","M","R","E","R","T","R","$","?","M","M","R","B",null,"M","?","?","M","M","R","T","E","T","R","M","M","?","?","R","B",null,"M","?","$","$","M","M","M","E","T","?","$","?","?","M","R","B",null],"character_chosen":"THE_SILENT","items_purchased":["Dagger Throw","Tough Bandages"],"campfire_rested":2,"item_purchase_floors":[11,38],"current_hp_per_floor":[63,63,48,48,43,43,21,21,21,21,21,14,14,14,14,14,51,47,47,47,47,19,37,37,23,23,23,23,13,13,13,31,37,57,57,57,57,57,63,60,66,69,69,66,66,67,67,68,68,69],"gold":174,"neow_bonus":"REMOVE_TWO","is_daily":false,"chose_seed":false,"campfire_upgraded":6,"win_rate":0.0,"timestamp":1609790394,"path_taken":["M","M","?","?","?","R","E","R","T","R","$","?","M","M","R","BOSS","M","?","?","M","?","R","?","E","T","R","?","M","?","?","R","BOSS","M","?","$","$","M","M","M","E","T","?","$","?","?","M","R","BOSS"],"items_purchased_type":["Card","Relic"],"build_version":"2020-12-22","purchased_purges":4,"victory":true,"max_hp_per_floor":[63,63,63,63,63,63,63,63,63,63,63,63,63,63,63,63,63,63,63,63,63,63,63,63,63,63,63,63,63,63,63,63,64,64,65,65,65,65,66,67,68,69,69,66,66,67,67,68,68,69],"card_choices":[{"not_picked":["Bouncing Flask","Blade Dance"],"picked":"Terror","floor":1.0},{"not_picked":["All Out Attack","PiercingWail"],"picked":"Footwork","floor":2.0},{"not_picked":["Calculated Gamble","PiercingWail"],"picked":"Dagger Throw","floor":5.0},{"not_picked":["Prepared","Blade Dance"],"picked":"Grand Finale","floor":7.0},{"not_picked":["Poisoned Stab","Prepared"],"picked":"Acrobatics","floor":13.0},{"not_picked":["Bane","PiercingWail","Heel Hook"],"picked":"SKIP","floor":14.0},{"not_picked":["Night Terror","Tools of the Trade"],"picked":"After Image","floor":16.0},{"not_picked":["Bane+1","Sucker Punch","Eviscerate"],"picked":"SKIP","floor":18.0},{"not_picked":["Slice","Finisher","Skewer"],"picked":"SKIP","floor":21.0},{"not_picked":["Bane","Heel Hook","Expertise"],"picked":"SKIP","floor":22.0},{"not_picked":["Flying Knee","Eviscerate","Envenom"],"picked":"SKIP","floor":25.0},{"not_picked":["Dodge and Roll","Outmaneuver","Predator+1"],"picked":"SKIP","floor":28.0},{"not_picked":["Bouncing Flask+1","PiercingWail+1","Dagger Spray+1"],"picked":"SKIP","floor":29.0},{"not_picked":["Poisoned Stab+1","Crippling Poison+1","Caltrops+1"],"picked":"SKIP","floor":35.0},{"not_picked":["Infinite Blades+1","Calculated Gamble","Noxious Fumes+1"],"picked":"SKIP","floor":39},{"not_picked":["Backstab+1","Deadly Poison+1","Bane"],"picked":"SKIP","floor":40},{"not_picked":["Choke+1","Bane+1"],"picked":"Backflip+1","floor":41},{"not_picked":["Finisher","Flying Knee+1"],"picked":"Escape Plan+1","floor":42},{"not_picked":["Caltrops+1","All Out Attack+1","Bouncing Flask+1"],"picked":"SKIP","floor":48},{"not_picked":["Phantasmal Killer","Backstab","Crippling Poison+1"],"picked":"SKIP","floor":48}],"player_experience":159876,"relics_obtained":[{"floor":7.0,"key":"Art of War"},{"floor":9.0,"key":"Sundial"},{"floor":24.0,"key":"The Courier"},{"floor":25.0,"key":"Centennial Puzzle"},{"floor":26.0,"key":"WingedGreaves"},{"floor":42,"key":"Bottled Flame"},{"floor":43,"key":"CaptainsWheel"},{"floor":46,"key":"Prayer Wheel"}],"event_choices":[{"damage_healed":0.0,"max_hp_gain":0.0,"max_hp_loss":0.0,"gold_gain":0.0,"event_name":"Golden Idol","player_choice":"Take Damage","floor":3.0,"gold_loss":0.0,"damage_taken":15.0,"relics_obtained":["Golden Idol"]},{"cards_removed":["Strike_G"],"damage_healed":0.0,"max_hp_gain":0.0,"max_hp_loss":0.0,"gold_gain":0.0,"event_name":"The Cleric","player_choice":"Card Removal","floor":4.0,"gold_loss":50.0,"damage_taken":0.0},{"cards_removed":["Defend_G"],"damage_healed":0.0,"max_hp_gain":0.0,"max_hp_loss":0.0,"gold_gain":0.0,"event_name":"Golden Wing","player_choice":"Card Removal","floor":12.0,"gold_loss":0.0,"damage_taken":7.0},{"damage_healed":0.0,"max_hp_gain":0.0,"max_hp_loss":0.0,"gold_gain":0.0,"event_name":"The Mausoleum","player_choice":"Ignored","floor":19.0,"gold_loss":0.0,"damage_taken":0.0},{"damage_healed":0.0,"max_hp_gain":0.0,"max_hp_loss":0.0,"gold_gain":0.0,"event_name":"Accursed Blacksmith","player_choice":"Forge","floor":20.0,"gold_loss":0.0,"damage_taken":0.0,"cards_upgraded":["After Image"]},{"damage_healed":0.0,"max_hp_gain":0.0,"max_hp_loss":0.0,"gold_gain":0.0,"event_name":"Forgotten Altar","player_choice":"Gave Idol","floor":30.0,"relics_lost":["Golden Idol"],"gold_loss":0.0,"damage_taken":0.0,"relics_obtained":["Bloody Idol"]},{"damage_healed":0.0,"max_hp_gain":0.0,"max_hp_loss":0.0,"gold_gain":0.0,"event_name":"FaceTrader","player_choice":"Trade","floor":31.0,"gold_loss":0.0,"damage_taken":0.0,"relics_obtained":["FaceOfCleric"]},{"damage_healed":0,"gold_gain":0,"player_choice":"Ignored","damage_taken":0,"max_hp_gain":0,"max_hp_loss":0,"event_name":"Mysterious Sphere","floor":36,"gold_loss":0},{"damage_healed":0,"gold_gain":0,"player_choice":"Max HP","damage_taken":0,"max_hp_gain":0,"max_hp_loss":3,"event_name":"Winding Halls","floor":44,"gold_loss":0},{"damage_healed":0,"gold_gain":0,"player_choice":"Fight","damage_taken":0,"max_hp_gain":0,"max_hp_loss":0,"event_name":"MindBloom","floor":46,"gold_loss":0},{"damage_healed":0,"gold_gain":100,"player_choice":"Pray","damage_taken":0,"max_hp_gain":0,"max_hp_loss":0,"event_name":"Golden Shrine","floor":47,"gold_loss":0}],"is_beta":false,"boss_relics":[{"not_picked":["Runic Dome","Fusion Hammer"],"picked":"SlaversCollar"},{"not_picked":["Busted Crown","SacredBark"],"picked":"Empty Cage"}],"items_purged_floors":[11,37,38,45],"is_endless":false,"potions_floor_spawned":[1,7,14,25,28,29,35,39,42],"ascension_level":9}}