{"host":"tr12w2fixbnujl15","time":1609801370,"event":{"mods":["2.2 Compatiblity","BaseMod","Better Skull","BetterRewards","Colored Powertips","Evolution","Hubris","Infinite Spire","Minty Spire (QoL Compilation)","Quick Restart","Replay The Spire","Shop Mod","StSLib","SuperFastMode","The Necromancer","The Sage","The Senshi","The Servant 0.9.4","The Spell Scribe","TheFirefly","WarShipGirlsR/????R mod"],"gold_per_floor":[110,210,227,32,45,45,45],"floor_reached":6,"playtime":232,"items_purged":[],"score":36,"play_id":"1d74f260-9bf5-47c9-9508-be9240ca1784","local_time":"20210104180250","is_ascension_mode":false,"campfire_choices":[],"circlet_count":0,"master_deck":["theScribe:StarterAttack","theScribe:StarterAttack","theScribe:LightningStrike","theScribe:LightningStrike","theScribe:StarterDefend","theScribe:StarterDefend","theScribe:StarterDefend","theScribe:IcyDefend","theScribe:IcyDefend","theScribe:StarterModifier","theScribe:CapacitanceScroll","theScribe:Overcharge","theScribe:ScrollOfPoison","theScribe:ScrollOfPoison","theScribe:Meditate","theScribe:Divination","theScribe:WeirdBlast","Panacea","theScribe:MirrorImage"],"relics":["theScribe:StarterRelic1","EVO:Axolotl","NeowsBlessing","BargainBundle"],"acts_visited":["Exordium"],"potions_floor_usage":[6],"damage_taken":[{"damage":0,"enemies":"Cultist","floor":1,"turns":2},{"damage":0,"enemies":"2 Louse","floor":3,"turns":2},{"damage":0,"enemies":"Jaw Worm","floor":5,"turns":1},{"damage":81,"enemies":"Gremlin Nob","floor":6,"turns":5}],"seed_played":"6213219370558867534","potions_obtained":[{"floor":3,"key":"SpeedPotion"}],"is_trial":false,"path_per_floor":["M","?","M","$","M","E"],"character_chosen":"THE_SCRIBE","items_purchased":["BargainBundle","ColorlessPotion","EssenceOfSteel","theScribe:ScrollOfPoison","theScribe:Meditate","theScribe:Divination","theScribe:WeirdBlast","Panacea"],"campfire_rested":0,"item_purchase_floors":[4,4,4,4,4,4,4,4],"current_hp_per_floor":[75,75,75,75,75,0,0],"gold":45,"neow_bonus":"THREE_ENEMY_KILL","is_daily":false,"chose_seed":false,"campfire_upgraded":0,"win_rate":0.0,"timestamp":1609801370,"path_taken":["M","?","?","?","M","E"],"items_purchased_type":["Relic","Potion","Potion","Card","Card","Card","Card","Card"],"build_version":"2020-12-22","purchased_purges":0,"victory":false,"max_hp_per_floor":[75,75,75,75,75,75,75],"card_choices":[{"not_picked":["theScribe:CrystalShield","theScribe:Thwack"],"picked":"theScribe:CapacitanceScroll","floor":1},{"not_picked":["theScribe:FranticSearch","theScribe:Frost"],"picked":"theScribe:Overcharge","floor":3},{"not_picked":["theScribe:PriceOfKnowledge","theScribe:Frost"],"picked":"theScribe:MirrorImage","floor":5}],"player_experience":27704,"relics_obtained":[],"event_choices":[{"damage_healed":0,"gold_gain":100,"player_choice":"Gold","damage_taken":0,"max_hp_gain":0,"max_hp_loss":0,"event_name":"Wheel of Change","floor":2,"gold_loss":0}],"is_beta":false,"boss_relics":[],"items_purged_floors":[],"is_endless":false,"potions_floor_spawned":[3],"killed_by":"Gremlin Nob","ascension_level":0}}