{"host":"a5lz0e76zb3fcwkm","time":1609767180,"event":{"mods":["AchievementEnabler","BaseMod","Colored Map","Colored Powertips","Minty Spire (QoL Compilation)","StSLib","SuperFastMode"],"gold_per_floor":[110,125,144,158,233,233,249,249,301,301,333,258,273,283,283,360,360,379,2,22,22,22,22,22,39,39,55,55,69,69,89,89,163,163,182,237,3,3,13,42,54,66,66],"floor_reached":42,"playtime":772,"items_purged":["Strike_R","Strike_R","Strike_R"],"score":960,"play_id":"cb9b44a4-986d-4a6b-ba4f-20877d58a1a0","local_time":"20210104223300","is_ascension_mode":true,"campfire_choices":[{"data":"Searing Blow","floor":6.0,"key":"SMITH"},{"data":"Searing Blow+1","floor":8.0,"key":"SMITH"},{"data":"Searing Blow+2","floor":10.0,"key":"SMITH"},{"data":"Searing Blow+3","floor":15.0,"key":"SMITH"},{"data":"Searing Blow+4","floor":23.0,"key":"SMITH"},{"data":"Searing Blow+5","floor":28.0,"key":"SMITH"},{"data":"Searing Blow+6","floor":30.0,"key":"SMITH"},{"data":"Searing Blow+7","floor":32.0,"key":"SMITH"},{"data":"Searing Blow+8","floor":41,"key":"SMITH"}],"circlet_count":0,"master_deck":["AscendersBane","Strike_R","Strike_R","Defend_R","Defend_R","Defend_R","Defend_R","Bash","Searing Blow+9","Fire Breathing","Shrug It Off","Dual Wield","Fiend Fire","Shockwave","Battle Trance","Armaments","Brutality"],"relics":["Black Blood","Boot","Bronze Scales","Bottled Flame","Coffee Dripper","Meat on the Bone","The Courier","CaptainsWheel","Lee\u0027s Waffle","MawBank"],"acts_visited":["Exordium","TheCity","TheBeyond"],"potions_floor_usage":[42],"damage_taken":[{"damage":3.0,"enemies":"2 Louse","floor":1.0,"turns":3.0},{"damage":7.0,"enemies":"Small Slimes","floor":2.0,"turns":3.0},{"damage":2.0,"enemies":"Cultist","floor":3.0,"turns":4.0},{"damage":14.0,"enemies":"Exordium Wildlife","floor":4.0,"turns":4.0},{"damage":7.0,"enemies":"Large Slime","floor":7.0,"turns":7.0},{"damage":0.0,"enemies":"Gremlin Nob","floor":11.0,"turns":2.0},{"damage":18.0,"enemies":"Lots of Slimes","floor":13.0,"turns":5.0},{"damage":0.0,"enemies":"Exordium Wildlife","floor":14.0,"turns":3.0},{"damage":22.0,"enemies":"Slime Boss","floor":16.0,"turns":9.0},{"damage":13.0,"enemies":"Spheric Guardian","floor":18.0,"turns":4.0},{"damage":0.0,"enemies":"3 Byrds","floor":20.0,"turns":3.0},{"damage":19.0,"enemies":"Snake Plant","floor":25.0,"turns":2.0},{"damage":27.0,"enemies":"Shelled Parasite and Fungi","floor":27.0,"turns":5.0},{"damage":13.0,"enemies":"Snecko","floor":29.0,"turns":3.0},{"damage":0.0,"enemies":"Sentry and Sphere","floor":31.0,"turns":3.0},{"damage":22.0,"enemies":"Collector","floor":33.0,"turns":5.0},{"damage":26.0,"enemies":"3 Darklings","floor":35.0,"turns":6.0},{"damage":54.0,"enemies":"2 Orb Walkers","floor":36.0,"turns":5.0},{"damage":17.0,"enemies":"Orb Walker","floor":39.0,"turns":2.0},{"damage":69,"enemies":"Reptomancer","floor":40,"turns":3},{"damage":42,"enemies":"Giant Head","floor":42,"turns":4}],"seed_played":"-5771754969719771413","potions_obtained":[{"floor":1.0,"key":"Ancient Potion"},{"floor":2.0,"key":"Energy Potion"},{"floor":7.0,"key":"LiquidMemories"},{"floor":11.0,"key":"SneckoOil"},{"floor":29.0,"key":"Block Potion"},{"floor":31.0,"key":"DuplicationPotion"},{"floor":33.0,"key":"Weak Potion"},{"floor":40,"key":"FearPotion"}],"is_trial":false,"path_per_floor":["M","M","M","M","?","R","M","R","T","R","E","$","M","M","R","B",null,"M","$","M","?","?","R","$","M","T","M","R","M","R","M","R","B",null,"M","?","$","?","M","E","R","E"],"character_chosen":"IRONCLAD","items_purchased":["Meat on the Bone","Lee\u0027s Waffle"],"campfire_rested":0,"item_purchase_floors":[19,37],"current_hp_per_floor":[71,70,74,66,55,55,54,54,54,54,60,60,48,54,54,38,66,59,59,65,44,44,44,44,43,43,34,34,39,39,57,57,53,73,59,29,87,87,82,37,37,0,0],"gold":66,"neow_bonus":"RANDOM_COMMON_RELIC","is_daily":false,"chose_seed":false,"campfire_upgraded":9,"win_rate":0.0,"timestamp":1609767180,"path_taken":["M","M","M","M","?","R","M","R","T","R","E","$","M","M","R","BOSS","M","$","M","?","?","R","$","M","T","M","R","M","R","M","R","BOSS","M","?","$","?","M","E","R","E"],"items_purchased_type":["Relic","Relic"],"build_version":"2020-12-22","purchased_purges":3,"victory":false,"max_hp_per_floor":[75,75,75,75,75,75,75,75,75,75,75,75,75,75,75,75,75,75,75,75,80,80,80,80,80,80,80,80,80,80,80,80,80,80,80,80,87,87,87,87,87,87,87],"card_choices":[{"not_picked":["Shockwave","Wild Strike"],"picked":"Searing Blow","floor":1.0},{"not_picked":["Warcry","True Grit"],"picked":"Fire Breathing","floor":2.0},{"not_picked":["Headbutt","Cleave","Dark Embrace"],"picked":"SKIP","floor":3.0},{"not_picked":["Intimidate","True Grit","Combust"],"picked":"SKIP","floor":4.0},{"not_picked":["Thunderclap","Searing Blow"],"picked":"Shrug It Off","floor":7.0},{"not_picked":["Headbutt","Perfected Strike","Iron Wave"],"picked":"SKIP","floor":11.0},{"not_picked":["Barricade","Iron Wave","Warcry"],"picked":"SKIP","floor":13.0},{"not_picked":["Hemokinesis","Perfected Strike"],"picked":"Dual Wield","floor":14.0},{"not_picked":["Brutality","Feed"],"picked":"Fiend Fire","floor":16.0},{"not_picked":["Heavy Blade","Evolve"],"picked":"Shockwave","floor":18.0},{"not_picked":["Seeing Red","Pummel","Wild Strike+1"],"picked":"SKIP","floor":20.0},{"not_picked":["Reckless Charge","Havoc","Dropkick"],"picked":"SKIP","floor":25.0},{"not_picked":["Shrug It Off","Flex","Havoc"],"picked":"SKIP","floor":27.0},{"not_picked":["Perfected Strike","Infernal Blade+1"],"picked":"Battle Trance","floor":29.0},{"not_picked":["Iron Wave","Pummel","Flex"],"picked":"SKIP","floor":31.0},{"not_picked":["Twin Strike","Armaments","Iron Wave"],"picked":"SKIP","floor":35.0},{"not_picked":["Twin Strike","Iron Wave"],"picked":"Armaments","floor":35.0},{"not_picked":["Wild Strike+1","Headbutt+1","Flex"],"picked":"SKIP","floor":39.0},{"not_picked":["Reaper","Warcry","Iron Wave"],"picked":"SKIP","floor":40}],"player_experience":1665537,"relics_obtained":[{"floor":9.0,"key":"Bronze Scales"},{"floor":11.0,"key":"Bottled Flame"},{"floor":26.0,"key":"The Courier"},{"floor":36.0,"key":"CaptainsWheel"},{"floor":40,"key":"MawBank"}],"event_choices":[{"damage_healed":0.0,"max_hp_gain":0.0,"max_hp_loss":0.0,"gold_gain":75.0,"event_name":"World of Goop","player_choice":"Gather Gold","floor":5.0,"gold_loss":0.0,"damage_taken":11.0},{"damage_healed":0.0,"max_hp_gain":5.0,"max_hp_loss":0.0,"gold_gain":0.0,"event_name":"Forgotten Altar","player_choice":"Shed Blood","floor":21.0,"gold_loss":0.0,"damage_taken":26.0},{"damage_healed":0.0,"max_hp_gain":0.0,"max_hp_loss":0.0,"gold_gain":0.0,"event_name":"Mysterious Sphere","player_choice":"Fight","floor":36.0,"gold_loss":0.0,"damage_taken":0.0},{"damage_healed":0.0,"max_hp_gain":0.0,"max_hp_loss":0.0,"gold_gain":0.0,"event_name":"Match and Keep!","player_choice":"1 cards matched","floor":38.0,"gold_loss":0.0,"damage_taken":0.0,"cards_obtained":["Brutality"]}],"is_beta":false,"boss_relics":[{"not_picked":["Velvet Choker","Fusion Hammer"],"picked":"Coffee Dripper"},{"not_picked":["Astrolabe","Pandora\u0027s Box"],"picked":"Black Blood"}],"items_purged_floors":[12,19,37],"is_endless":false,"potions_floor_spawned":[1,2,7,11,29,31,33,40],"killed_by":"Giant Head","ascension_level":20}}