{"host":"vlqejv0notyktumz","time":1609724585,"event":{"mods":["AchievementEnabler","BaseMod","Googly Eyes","Minty Spire (QoL Compilation)"],"gold_per_floor":[109,121,121,71,83,83,112,132,132,132,132,163,163,174,174,272,272,292,13,26,38,58,58,71,87,87,87,87,17,30,76,76,76,76],"floor_reached":33,"playtime":766,"items_purged":["Strike_B"],"score":362,"play_id":"4ffd4b69-3653-428c-b558-73c5979d2e40","local_time":"20210103194305","is_ascension_mode":true,"campfire_choices":[{"data":"Conserve Battery","floor":6,"key":"SMITH"},{"data":"Conserve Battery","floor":10,"key":"SMITH"},{"floor":13,"key":"REST"},{"data":"Go for the Eyes","floor":15,"key":"SMITH"},{"floor":23,"key":"REST"},{"floor":32,"key":"REST"}],"circlet_count":0,"master_deck":["Strike_B","Defend_B","Defend_B","Zap+1","Dualcast","Ball Lightning","Go for the Eyes+1","Conserve Battery+1","Conserve Battery+1","Ball Lightning+1","Ball Lightning","Ball Lightning+1","Loop+1","Reinforced Body+1","Glacier+1"],"relics":["Cracked Core","Gremlin Horn","Anchor","Toxic Egg 2","Akabeko","Empty Cage","Lantern","Bottled Lightning","MutagenicStrength","Bronze Scales"],"acts_visited":["Exordium","TheCity"],"potions_floor_usage":[7,12,25,30,30],"damage_taken":[{"damage":7,"enemies":"Jaw Worm","floor":1,"turns":2},{"damage":0,"enemies":"Small Slimes","floor":2,"turns":3},{"damage":0,"enemies":"2 Louse","floor":5,"turns":3},{"damage":9,"enemies":"Lagavulin","floor":7,"turns":6},{"damage":0,"enemies":"2 Fungi Beasts","floor":8,"turns":3},{"damage":26,"enemies":"Gremlin Nob","floor":12,"turns":4},{"damage":0,"enemies":"Blue Slaver","floor":14,"turns":3},{"damage":18,"enemies":"The Guardian","floor":16,"turns":13},{"damage":9,"enemies":"Spheric Guardian","floor":18,"turns":4},{"damage":18,"enemies":"3 Byrds","floor":20,"turns":3},{"damage":0,"enemies":"Snake Plant","floor":21,"turns":3},{"damage":11,"enemies":"Centurion and Healer","floor":22,"turns":11},{"damage":24,"enemies":"Shelled Parasite and Fungi","floor":24,"turns":4},{"damage":0,"enemies":"Snecko","floor":25,"turns":4},{"damage":0,"enemies":"Centurion and Healer","floor":30,"turns":5},{"damage":45,"enemies":"Champ","floor":33,"turns":10}],"seed_played":"-803562677959402389","potions_obtained":[{"floor":2,"key":"Dexterity Potion"},{"floor":8,"key":"Weak Potion"},{"floor":14,"key":"Dexterity Potion"},{"floor":21,"key":"Dexterity Potion"},{"floor":24,"key":"Swift Potion"}],"is_trial":false,"path_per_floor":["M","M","?","?","M","R","E","M","T","R","?","E","R","M","R","B",null,"M","$","M","M","M","R","M","M","T","?","?","$","M","T","R","B"],"character_chosen":"DEFECT","items_purchased":["Lantern","Ball Lightning","Glacier+1"],"campfire_rested":3,"item_purchase_floors":[19,19,29],"current_hp_per_floor":[61,61,58,58,58,58,49,49,49,49,42,16,38,38,38,20,61,52,52,34,34,23,45,21,21,21,21,7,7,7,7,31,0,0],"gold":76,"neow_bonus":"UPGRADE_CARD","is_daily":false,"chose_seed":false,"campfire_upgraded":3,"win_rate":0.0,"timestamp":1609724585,"path_taken":["M","M","?","?","M","R","E","M","T","R","?","E","R","M","R","BOSS","M","$","M","M","M","R","M","M","T","?","?","$","M","?","R","BOSS"],"items_purchased_type":["Relic","Card","Card"],"build_version":"2020-12-22","purchased_purges":1,"victory":false,"max_hp_per_floor":[75,75,75,75,75,75,75,75,75,75,75,75,75,75,75,75,75,75,75,75,75,75,75,75,75,75,75,80,80,80,80,80,80,80],"card_choices":[{"not_picked":["Reinforced Body","Beam Cell"],"picked":"Ball Lightning","floor":1},{"not_picked":["Gash","Rebound"],"picked":"Go for the Eyes","floor":2},{"not_picked":["Streamline","Glacier"],"picked":"Conserve Battery","floor":5},{"not_picked":["Aggregate","Meteor Strike"],"picked":"Conserve Battery","floor":7},{"not_picked":["Chill","Leap","Rebound"],"picked":"SKIP","floor":8},{"not_picked":["Barrage","Leap+1","Beam Cell"],"picked":"SKIP","floor":12},{"not_picked":["Genetic Algorithm+1","Double Energy+1","Steam Power+1"],"picked":"SKIP","floor":14},{"not_picked":["Fusion+1","Steam+1"],"picked":"Ball Lightning+1","floor":18},{"not_picked":["Rebound","Steam Power+1","Reprogram+1"],"picked":"SKIP","floor":20},{"not_picked":["Ball Lightning","Steam Power+1","Stack+1"],"picked":"SKIP","floor":21},{"not_picked":["Leap+1","Barrage"],"picked":"Ball Lightning+1","floor":22},{"not_picked":["Coolheaded+1","Reboot+1"],"picked":"Loop+1","floor":24},{"not_picked":["Go for the Eyes","Barrage"],"picked":"Reinforced Body+1","floor":25},{"not_picked":["Hologram+1","Go for the Eyes","Auto Shields+1"],"picked":"SKIP","floor":30}],"player_experience":286724,"relics_obtained":[{"floor":7,"key":"Anchor"},{"floor":9,"key":"Toxic Egg 2"},{"floor":12,"key":"Akabeko"},{"floor":26,"key":"Bottled Lightning"},{"floor":31,"key":"Bronze Scales"}],"event_choices":[{"damage_healed":0,"gold_gain":0,"player_choice":"Success","damage_taken":3,"relics_obtained":["Gremlin Horn"],"max_hp_gain":0,"max_hp_loss":0,"event_name":"Scrap Ooze","floor":3,"gold_loss":0},{"cards_removed":["Strike_B"],"damage_healed":0,"gold_gain":0,"player_choice":"Card Removal","damage_taken":0,"max_hp_gain":0,"max_hp_loss":0,"event_name":"The Cleric","floor":4,"gold_loss":50},{"cards_removed":["Defend_B"],"damage_healed":0,"gold_gain":0,"player_choice":"Card Removal","damage_taken":7,"max_hp_gain":0,"max_hp_loss":0,"event_name":"Golden Wing","floor":11,"gold_loss":0},{"damage_healed":0,"gold_gain":0,"player_choice":"Inject Mutagens","damage_taken":0,"relics_obtained":["MutagenicStrength"],"max_hp_gain":0,"max_hp_loss":0,"event_name":"Drug Dealer","floor":27,"gold_loss":0},{"damage_healed":0,"gold_gain":0,"player_choice":"Shed Blood","damage_taken":19,"max_hp_gain":5,"max_hp_loss":0,"event_name":"Forgotten Altar","floor":28,"gold_loss":0}],"is_beta":false,"boss_relics":[{"not_picked":["Fusion Hammer","Philosopher\u0027s Stone"],"picked":"Empty Cage"}],"items_purged_floors":[19],"is_endless":false,"potions_floor_spawned":[2,8,14,21,24],"killed_by":"Champ","ascension_level":6}}