{"host":"i09pxcjttd31eh4q","time":1609759318,"event":{"mods":["AchievementEnabler","BaseMod","Colored Map","Keyboard Shortcuts","Minty Spire (QoL Compilation)","StSLib","SuperFastMode"],"gold_per_floor":[115,265,24,34,34,34,66,66,66,77,77,77,77,95,95,169,169,169,169,169,169,169,169,169,169,169,37,37,37,37,37,37,37,37,37,37,37,37,37,37,37],"floor_reached":40,"playtime":971,"items_purged":["Doubt"],"score":793,"play_id":"56a41c2c-2a78-4c9c-92f5-9497047da0dc","local_time":"20210104202158","is_ascension_mode":true,"campfire_choices":[{"data":"Blade Dance","floor":6.0,"key":"SMITH"},{"data":"A Thousand Cuts","floor":11.0,"key":"SMITH"},{"floor":13.0,"key":"REST"},{"data":"Crippling Poison","floor":15.0,"key":"SMITH"},{"data":"Calculated Gamble","floor":23,"key":"SMITH"},{"floor":25,"key":"REST"},{"data":"Footwork","floor":29,"key":"SMITH"},{"data":"Well Laid Plans","floor":32,"key":"SMITH"}],"circlet_count":0,"master_deck":["AscendersBane","Defend_G","Defend_G+1","Defend_G","Defend_G+1","Defend_G","Survivor","Neutralize+1","Blade Dance+1","Heel Hook","Deadly Poison","A Thousand Cuts+1","Crippling Poison+1","Die Die Die","Cloak And Dagger","Calculated Gamble+1","Bite","Bite","Bite","Bite","Bite","Backflip","Footwork+1","Cloak And Dagger+1","Well Laid Plans+1","Decay","Eviscerate"],"relics":["Ring of the Snake","Akabeko","Medical Kit","Bag of Marbles","Ectoplasm","Anchor","Snecko Eye"],"acts_visited":["TheCity","TheBeyond"],"potions_floor_usage":[28,33,40],"damage_taken":[{"damage":6.0,"enemies":"Jaw Worm","floor":1.0,"turns":6.0},{"damage":5.0,"enemies":"2 Louse","floor":4.0,"turns":2.0},{"damage":22.0,"enemies":"3 Sentries","floor":7.0,"turns":12.0},{"damage":0.0,"enemies":"Small Slimes","floor":10.0,"turns":2.0},{"damage":0.0,"enemies":"Looter","floor":14.0,"turns":2.0},{"damage":17.0,"enemies":"Slime Boss","floor":16.0,"turns":8.0},{"damage":24.0,"enemies":"Shell Parasite","floor":18.0,"turns":6.0},{"damage":0,"enemies":"Spheric Guardian","floor":22,"turns":2},{"damage":27,"enemies":"Snake Plant","floor":24,"turns":5},{"damage":9,"enemies":"Shelled Parasite and Fungi","floor":28,"turns":4},{"damage":5,"enemies":"3 Cultists","floor":31,"turns":4},{"damage":28,"enemies":"Automaton","floor":33,"turns":12},{"damage":32,"enemies":"3 Shapes","floor":35,"turns":3},{"damage":29,"enemies":"3 Darklings","floor":37,"turns":8},{"damage":28,"enemies":"Maw","floor":39,"turns":8},{"damage":32,"enemies":"Reptomancer","floor":40,"turns":4}],"seed_played":"-7053342783170930520","potions_obtained":[{"floor":1.0,"key":"Block Potion"},{"floor":10.0,"key":"Explosive Potion"},{"floor":14.0,"key":"Dexterity Potion"},{"floor":18.0,"key":"Fire Potion"},{"floor":31,"key":"PowerPotion"},{"floor":39,"key":"ColorlessPotion"}],"is_trial":false,"path_per_floor":["M","?","$","M","?","R","E","?","T","M","R","$","R","M","R","B",null,"M","?","?","?","M","R","M","R","T","$","M","R","$","M","R","B",null,"M","?","M","?","M","E"],"character_chosen":"THE_SILENT","items_purchased":["Medical Kit","Backflip","Footwork"],"campfire_rested":2,"item_purchase_floors":[3,27,27],"current_hp_per_floor":[53,53,53,48,28,28,6,6,6,8,8,8,27,29,29,14,53,31,31,31,31,37,37,18,37,37,37,40,40,40,43,43,43,60,30,30,21,21,19,0,0],"gold":37,"neow_bonus":"RANDOM_COMMON_RELIC","is_daily":false,"chose_seed":false,"campfire_upgraded":6,"win_rate":0.0,"timestamp":1609759318,"path_taken":["M","?","?","M","?","R","E","?","T","M","R","?","R","?","R","BOSS","M","?","?","?","M","R","M","R","T","$","M","R","$","M","R","BOSS","M","?","M","?","M","E"],"items_purchased_type":["Relic","Card","Card"],"build_version":"2020-12-22","purchased_purges":1,"victory":false,"max_hp_per_floor":[66,66,66,66,66,66,66,66,66,66,66,66,66,66,66,66,66,66,66,66,66,66,66,66,66,66,66,66,66,66,66,66,66,66,66,63,63,63,63,63,63],"card_choices":[{"not_picked":["Skewer","Underhanded Strike"],"picked":"Blade Dance","floor":1.0},{"not_picked":["Slice","Poisoned Stab"],"picked":"Heel Hook","floor":4.0},{"not_picked":["Outmaneuver","Flying Knee"],"picked":"Deadly Poison","floor":7.0},{"not_picked":["Outmaneuver","Poisoned Stab","A Thousand Cuts"],"picked":"SKIP","floor":10.0},{"not_picked":["Outmaneuver","Poisoned Stab"],"picked":"A Thousand Cuts","floor":10.0},{"not_picked":["Leg Sweep","Underhanded Strike"],"picked":"Crippling Poison","floor":14.0},{"not_picked":["Phantasmal Killer","Grand Finale"],"picked":"Die Die Die","floor":16.0},{"not_picked":["Deadly Poison","Blade Dance"],"picked":"Cloak And Dagger","floor":18.0},{"not_picked":["Poisoned Stab","Deadly Poison","Underhanded Strike"],"picked":"SKIP","floor":22},{"not_picked":["Flechettes","Calculated Gamble","Outmaneuver"],"picked":"SKIP","floor":24},{"not_picked":["Blur","Prepared"],"picked":"Cloak And Dagger+1","floor":28},{"not_picked":["Leg Sweep","Dagger Throw"],"picked":"Well Laid Plans","floor":31},{"not_picked":["Flying Knee+1","Poisoned Stab","Blade Dance+1"],"picked":"SKIP","floor":35},{"not_picked":["Cloak And Dagger","Dagger Throw+1","Finisher"],"picked":"SKIP","floor":37},{"not_picked":["Distraction","Calculated Gamble"],"picked":"Eviscerate","floor":39}],"player_experience":828910,"relics_obtained":[{"floor":7.0,"key":"Blood Vial"},{"floor":9.0,"key":"Bag of Marbles"},{"floor":26,"key":"Anchor"}],"event_choices":[{"damage_healed":0.0,"max_hp_gain":0.0,"max_hp_loss":0.0,"gold_gain":150.0,"event_name":"Liars Game","player_choice":"AGREE","floor":2.0,"gold_loss":0.0,"damage_taken":0.0,"cards_obtained":["Doubt"]},{"damage_healed":0.0,"max_hp_gain":0.0,"max_hp_loss":0.0,"gold_gain":0.0,"event_name":"Shining Light","player_choice":"Entered Light","floor":5.0,"gold_loss":0.0,"damage_taken":20.0,"cards_upgraded":["Defend_G","Defend_G"]},{"damage_healed":0.0,"max_hp_gain":0.0,"max_hp_loss":0.0,"gold_gain":0.0,"event_name":"Living Wall","player_choice":"Grow","floor":8.0,"gold_loss":0.0,"damage_taken":0.0,"cards_upgraded":["Neutralize"]},{"damage_healed":0,"gold_gain":0,"player_choice":"Ignored","damage_taken":0,"max_hp_gain":0,"max_hp_loss":0,"event_name":"Cursed Tome","floor":19,"gold_loss":0},{"damage_healed":0,"gold_gain":0,"player_choice":"Read","damage_taken":0,"max_hp_gain":0,"max_hp_loss":0,"event_name":"The Library","floor":20,"gold_loss":0,"cards_obtained":["Calculated Gamble"]},{"damage_healed":0,"gold_gain":0,"player_choice":"Became a vampire (Vial)","damage_taken":0,"max_hp_gain":0,"max_hp_loss":0,"event_name":"Vampires","floor":21,"relics_lost":["Blood Vial"],"gold_loss":0,"cards_obtained":["Bite","Bite","Bite","Bite","Bite"]},{"damage_healed":0,"gold_gain":0,"player_choice":"Max HP","damage_taken":0,"max_hp_gain":0,"max_hp_loss":3,"event_name":"Winding Halls","floor":36,"gold_loss":0},{"damage_healed":0,"gold_gain":0,"player_choice":"Cursed","damage_taken":0,"max_hp_gain":0,"max_hp_loss":0,"event_name":"Wheel of Change","floor":38,"gold_loss":0,"cards_obtained":["Decay"]}],"is_beta":false,"boss_relics":[{"not_picked":["Fusion Hammer","Philosopher\u0027s Stone"],"picked":"Ectoplasm"},{"not_picked":["Empty Cage","Ring of the Serpent"],"picked":"Snecko Eye"}],"items_purged_floors":[3],"is_endless":false,"potions_floor_spawned":[1,10,14,18,31,39],"killed_by":"Reptomancer","ascension_level":20}}