{"host":"dpbezu80jg8zk7un","time":1609796628,"event":{"mods":["BaseMod","Colored Map","Colored Powertips","Custom Start","DeckTracker","Minty Spire (QoL Compilation)","Quick Restart","StSLib","SuperFastMode"],"gold_per_floor":[11,11,32,32,45,89,89,129,129,164,183,183,214,239,239,338,338,351,366,204,204,225,225,225,238,307,307,321,356,271,271,271,361,361,375,399,463,488,488,552,570,236,236,275,275,290,86,105,105,105,105,105,105,35,68,68],"floor_reached":57,"playtime":2920,"items_purged":["Strike_P","Strike_P"],"score":3045,"play_id":"06f385c3-5e73-4a08-bf01-c49ed01316a2","local_time":"20210105064348","is_ascension_mode":true,"campfire_choices":[{"data":"Eruption","floor":7.0,"key":"SMITH"},{"floor":12.0,"key":"REST"},{"data":"MentalFortress","floor":15.0,"key":"SMITH"},{"data":"Scrawl","floor":23.0,"key":"SMITH"},{"floor":32.0,"key":"RECALL"},{"data":"Purity","floor":49.0,"key":"SMITH"},{"data":"EmptyMind","floor":53.0,"key":"SMITH"}],"circlet_count":0,"master_deck":["AscendersBane","Strike_P","Defend_P","Defend_P","Eruption+1","Vigilance","BattleHymn","MentalFortress+1","FearNoEvil","FlurryOfBlows","EmptyBody","Scrawl+1","Tantrum","ForeignInfluence+1","InnerPeace+1","Purity+1","EmptyMind+1","Adaptation"],"relics":["HolyWater","Golden Idol","Matryoshka","Darkstone Periapt","Lantern","Ornamental Fan","TeardropLocket","Yang","Nunchaku","Odd Mushroom","Orichalcum","The Courier","Bag of Marbles","Letter Opener","Runic Pyramid","Unceasing Top","CloakClasp","Lizard Tail","Bag of Preparation","Mummified Hand","Orrery"],"acts_visited":["Exordium","TheCity","TheBeyond","TheEnding"],"potions_floor_usage":[56],"damage_taken":[{"damage":0.0,"enemies":"Small Slimes","floor":1.0,"turns":3.0},{"damage":0.0,"enemies":"Cultist","floor":3.0,"turns":2.0},{"damage":0.0,"enemies":"Jaw Worm","floor":5.0,"turns":5.0},{"damage":2.0,"enemies":"3 Sentries","floor":6.0,"turns":4.0},{"damage":8.0,"enemies":"Gremlin Nob","floor":8.0,"turns":3.0},{"damage":8.0,"enemies":"3 Sentries","floor":10.0,"turns":7.0},{"damage":0.0,"enemies":"2 Fungi Beasts","floor":11.0,"turns":3.0},{"damage":1.0,"enemies":"Lagavulin","floor":13.0,"turns":6.0},{"damage":0.0,"enemies":"The Mushroom Lair","floor":14.0,"turns":4.0},{"damage":27.0,"enemies":"The Guardian","floor":16.0,"turns":10.0},{"damage":15.0,"enemies":"2 Thieves","floor":18.0,"turns":2.0},{"damage":0.0,"enemies":"Spheric Guardian","floor":19.0,"turns":3.0},{"damage":7.0,"enemies":"Shelled Parasite and Fungi","floor":22.0,"turns":3.0},{"damage":2.0,"enemies":"Chosen and Byrds","floor":25.0,"turns":3.0},{"damage":19.0,"enemies":"Snecko","floor":28.0,"turns":5.0},{"damage":0.0,"enemies":"Gremlin Leader","floor":29.0,"turns":3.0},{"damage":25.0,"enemies":"Collector","floor":33.0,"turns":9.0},{"damage":0.0,"enemies":"Orb Walker","floor":35.0,"turns":1.0},{"damage":0.0,"enemies":"3 Shapes","floor":36.0,"turns":1.0},{"damage":0.0,"enemies":"2 Orb Walkers","floor":37.0,"turns":3.0},{"damage":0.0,"enemies":"Transient","floor":38.0,"turns":6.0},{"damage":0.0,"enemies":"Reptomancer","floor":40.0,"turns":2.0},{"damage":0.0,"enemies":"Spire Growth","floor":41.0,"turns":3.0},{"damage":4.0,"enemies":"Nemesis","floor":44.0,"turns":5.0},{"damage":0.0,"enemies":"Writhing Mass","floor":46.0,"turns":3.0},{"damage":0.0,"enemies":"Jaw Worm Horde","floor":48.0,"turns":2.0},{"damage":0.0,"enemies":"Awakened One","floor":50.0,"turns":8.0},{"damage":16.0,"enemies":"Time Eater","floor":51.0,"turns":10.0},{"damage":0.0,"enemies":"Shield and Spear","floor":55.0,"turns":2.0},{"damage":8,"enemies":"The Heart","floor":56,"turns":5}],"seed_played":"-4130607382459484754","potions_obtained":[{"floor":3.0,"key":"LiquidMemories"},{"floor":5.0,"key":"Fire Potion"},{"floor":10.0,"key":"DistilledChaos"},{"floor":13.0,"key":"LiquidBronze"},{"floor":28.0,"key":"SpeedPotion"},{"floor":29.0,"key":"DistilledChaos"},{"floor":33.0,"key":"BottledMiracle"},{"floor":55.0,"key":"DistilledChaos"}],"is_trial":false,"path_per_floor":["M","?","M","?","M","E","R","E","T","E","M","R","E","?","R","B",null,"M","M","$","?","M","R","?","M","T","?","M","E","?","?","R","B",null,"M","M","?","M","?","E","M","$","T","E","T","M","$","M","R","B","B",null,"R","$","E","B",null],"character_chosen":"WATCHER","items_purchased":["Tantrum","Lizard Tail","Purity","Orrery","Adaptation"],"campfire_rested":1,"item_purchase_floors":[20,42,47,47,54],"current_hp_per_floor":[61,38,38,38,38,36,36,28,28,20,20,40,39,39,39,12,54,39,39,39,39,32,32,32,30,30,30,11,11,11,68,68,43,62,62,62,62,62,62,62,62,62,62,58,58,58,58,58,58,58,42,62,62,62,62,54],"gold":68,"neow_bonus":"REMOVE_TWO","is_daily":false,"chose_seed":false,"campfire_upgraded":5,"win_rate":0.0,"timestamp":1609796628,"path_taken":["M","?","M","?","?","E","R","E","T","E","M","R","E","?","R","BOSS","M","M","$","?","M","R","?","M","T","?","?","E","?","?","R","BOSS","M","M","?","M","?","E","?","$","T","E","?","M","$","M","R","BOSS","BOSS","R","$","E","BOSS"],"items_purchased_type":["Card","Relic","Card","Relic","Card"],"build_version":"2020-12-22","purchased_purges":2,"victory":true,"max_hp_per_floor":[68,68,68,68,68,68,68,68,68,68,68,68,68,68,68,68,68,68,68,68,68,68,68,68,68,68,68,68,68,68,68,68,68,68,68,68,68,68,68,68,68,68,68,68,68,68,68,68,68,68,68,68,68,68,68,68],"card_choices":[{"not_picked":["Prostrate","BowlingBash"],"picked":"FollowUp","floor":1.0},{"not_picked":["FlyingSleeves","CutThroughFate","BowlingBash"],"picked":"SKIP","floor":3.0},{"not_picked":["Prostrate","Nirvana"],"picked":"BattleHymn","floor":5.0},{"not_picked":["FollowUp","Swivel"],"picked":"MentalFortress","floor":6.0},{"not_picked":["PathToVictory","Ragnarok"],"picked":"FearNoEvil","floor":8.0},{"not_picked":["WindmillStrike","FollowUp"],"picked":"FlurryOfBlows","floor":10.0},{"not_picked":["Halt","Worship","ForeignInfluence"],"picked":"SKIP","floor":11.0},{"not_picked":["WreathOfFlame","FollowUp"],"picked":"EmptyBody","floor":13.0},{"not_picked":["Establishment","SpiritShield"],"picked":"Scrawl","floor":16.0},{"not_picked":["FlurryOfBlows","Halt+1","Prostrate"],"picked":"SKIP","floor":18.0},{"not_picked":["FollowUp","Worship","Nirvana"],"picked":"SKIP","floor":19.0},{"not_picked":["Vengeance","Collect","JustLucky"],"picked":"SKIP","floor":22.0},{"not_picked":["TalkToTheHand","Fasting2","Protect"],"picked":"SKIP","floor":25.0},{"not_picked":["SashWhip+1","Protect+1"],"picked":"InnerPeace+1","floor":28.0},{"not_picked":["Omniscience","WreathOfFlame","Wireheading+1"],"picked":"SKIP","floor":29.0},{"not_picked":["PathToVictory+1","Evaluate+1","ReachHeaven"],"picked":"SKIP","floor":35.0},{"not_picked":["WreathOfFlame","PathToVictory","Pray"],"picked":"SKIP","floor":36.0},{"not_picked":["FlyingSleeves","Consecrate+1","Crescendo"],"picked":"SKIP","floor":38.0},{"not_picked":["Halt","Protect","JustLucky+1"],"picked":"SKIP","floor":40.0},{"not_picked":["SignatureMove","FearNoEvil+1","EmptyFist"],"picked":"SKIP","floor":41.0},{"not_picked":["FlyingSleeves+1","Wireheading","Prostrate"],"picked":"SKIP","floor":44.0},{"not_picked":["ConjureBlade","BowlingBash","WreathOfFlame"],"picked":"SKIP","floor":46.0},{"not_picked":["BowlingBash+1","DeusExMachina"],"picked":"EmptyMind","floor":47.0},{"not_picked":["Evaluate","EmptyFist+1","ThirdEye"],"picked":"SKIP","floor":48.0},{"not_picked":["InnerPeace","MentalFortress","Swivel"],"picked":"SKIP","floor":55.0}],"player_experience":2829245,"relics_obtained":[{"floor":6.0,"key":"Darkstone Periapt"},{"floor":8.0,"key":"Lantern"},{"floor":9.0,"key":"Ornamental Fan"},{"floor":9.0,"key":"TeardropLocket"},{"floor":10.0,"key":"Yang"},{"floor":13.0,"key":"Nunchaku"},{"floor":14.0,"key":"Odd Mushroom"},{"floor":26.0,"key":"Orichalcum"},{"floor":26.0,"key":"The Courier"},{"floor":29.0,"key":"Bag of Marbles"},{"floor":37.0,"key":"Unceasing Top"},{"floor":40.0,"key":"CloakClasp"},{"floor":44.0,"key":"Bag of Preparation"},{"floor":45.0,"key":"Mummified Hand"}],"event_choices":[{"damage_healed":0.0,"max_hp_gain":0.0,"max_hp_loss":0.0,"gold_gain":0.0,"event_name":"Golden Idol","player_choice":"Take Damage","floor":2.0,"gold_loss":0.0,"damage_taken":23.0,"relics_obtained":["Golden Idol"]},{"cards_removed":["FollowUp"],"damage_healed":0.0,"max_hp_gain":0.0,"max_hp_loss":0.0,"gold_gain":0.0,"event_name":"WeMeetAgain","player_choice":"Gave Card","floor":4.0,"gold_loss":0.0,"damage_taken":0.0,"relics_obtained":["Matryoshka"]},{"damage_healed":0.0,"max_hp_gain":0.0,"max_hp_loss":0.0,"gold_gain":0.0,"event_name":"Mushrooms","player_choice":"Fought Mushrooms","floor":14.0,"gold_loss":0.0,"damage_taken":0.0},{"damage_healed":0.0,"max_hp_gain":0.0,"max_hp_loss":0.0,"gold_gain":0.0,"event_name":"Vampires","player_choice":"Ignored","floor":21.0,"gold_loss":0.0,"damage_taken":0.0},{"damage_healed":0.0,"max_hp_gain":0.0,"max_hp_loss":0.0,"gold_gain":0.0,"event_name":"Cursed Tome","player_choice":"Ignored","floor":24.0,"gold_loss":0.0,"damage_taken":0.0},{"damage_healed":0.0,"max_hp_gain":0.0,"max_hp_loss":0.0,"gold_gain":0.0,"cards_transformed":["Defend_P"],"event_name":"Transmorgrifier","player_choice":"Transformed","floor":27.0,"gold_loss":0.0,"damage_taken":0.0,"cards_obtained":["ForeignInfluence"]},{"damage_healed":0.0,"max_hp_gain":0.0,"max_hp_loss":0.0,"gold_gain":0.0,"event_name":"Addict","player_choice":"Obtained Relic","floor":30.0,"gold_loss":85.0,"damage_taken":0.0,"relics_obtained":["Letter Opener"]},{"damage_healed":57.0,"max_hp_gain":0.0,"max_hp_loss":0.0,"gold_gain":0.0,"event_name":"Wheel of Change","player_choice":"Full Heal","floor":31.0,"gold_loss":0.0,"damage_taken":0.0},{"damage_healed":0.0,"max_hp_gain":0.0,"max_hp_loss":0.0,"gold_gain":0.0,"event_name":"Mysterious Sphere","player_choice":"Fight","floor":37.0,"gold_loss":0.0,"damage_taken":0.0},{"damage_healed":0.0,"max_hp_gain":0.0,"max_hp_loss":0.0,"gold_gain":0.0,"event_name":"Accursed Blacksmith","player_choice":"Forge","floor":39.0,"gold_loss":0.0,"damage_taken":0.0,"cards_upgraded":["ForeignInfluence"]}],"is_beta":false,"boss_relics":[{"not_picked":["Runic Dome","Snecko Eye"],"picked":"HolyWater"},{"not_picked":["Busted Crown","Black Star"],"picked":"Runic Pyramid"}],"items_purged_floors":[20,42],"is_endless":false,"potions_floor_spawned":[3,5,10,13,28,29,33,36,37,38,48,55],"ascension_level":20}}