{"host":"7c402rm0fqc13zvz","time":1609753993,"event":{"mods":["BaseMod","Hermit","Minty Spire (QoL Compilation)","StSLib","[功能]功能增强和修复MOD"],"gold_per_floor":[112,112,132,57,76,76,108,121,121,154,154,154,154,184,184,286,286,305,270,270,290,304,304,329,342,369,385,370,398,417,444,444,541,541,556,0,0,0,15,15,32,45,72,72,122,122,122,122,122,122],"floor_reached":51,"playtime":1731,"items_purged":["Regret","Injury","Defend_G","Defend_G","Survivor","Defend_G","Defend_G","Defend_G","Strike_G","Strike_G","Strike_G","Strike_G","Strike_G","Bane","Expertise+1","Bandage Up+1","Underhanded Strike","Underhanded Strike","Backflip+1","Good Instincts+1","Good Instincts+1","Acrobatics+1","Flechettes+1","Backflip+1","Phantasmal Killer+1"],"score":1250,"play_id":"2cfdad8a-c9ee-4b47-9cfc-eaba12f730bb","local_time":"20210104175313","is_ascension_mode":true,"campfire_choices":[{"data":"Dagger Throw","floor":6.0,"key":"SMITH"},{"data":"Eviscerate","floor":11.0,"key":"SMITH"},{"data":"Dagger Throw","floor":13.0,"key":"SMITH"},{"data":"Neutralize","floor":15.0,"key":"SMITH"},{"data":"After Image","floor":23.0,"key":"SMITH"},{"floor":32.0,"key":"DIG"},{"floor":40.0,"key":"DIG"},{"floor":47.0,"key":"DIG"},{"floor":49,"key":"DIG"}],"circlet_count":0,"master_deck":["Neutralize+1","After Image","Acrobatics+1","Dagger Throw+1","Tactician+1","Master of Strategy+1","After Image+1","Eviscerate+1","Dagger Throw+1","Reflex+1","Master of Strategy+1","Finisher+1","Terror+1","Tactician+1","Adrenaline+1","Reflex+1","Footwork+1"],"relics":["Ring of the Snake","Toxic Egg 2","Pear","Lee\u0027s Waffle","Shovel","FossilizedHelix","Ornamental Fan","Anchor","Orichalcum","Orrery","Strawberry","HoveringKite","Frozen Egg 2","Letter Opener","Paper Crane","PreservedInsect","DollysMirror","Bird Faced Urn","Regal Pillow","Pen Nib","Bottled Tornado","Red Mask","Matryoshka","Membership Card","Meat on the Bone","Bronze Scales","Bottled Flame","Toy Ornithopter","Bag of Preparation","Mango","Strange Spoon","Boot","Gremlin Horn","Calipers"],"acts_visited":["Exordium","TheCity","TheBeyond"],"potions_floor_usage":[50,50,50],"damage_taken":[{"damage":10.0,"enemies":"2 Louse","floor":1.0,"turns":3.0},{"damage":15.0,"enemies":"Jaw Worm","floor":3.0,"turns":5.0},{"damage":0.0,"enemies":"Cultist","floor":5.0,"turns":2.0},{"damage":0.0,"enemies":"3 Sentries","floor":7.0,"turns":7.0},{"damage":0.0,"enemies":"2 Fungi Beasts","floor":8.0,"turns":2.0},{"damage":0.0,"enemies":"Lagavulin","floor":10.0,"turns":2.0},{"damage":0.0,"enemies":"Gremlin Nob","floor":14.0,"turns":2.0},{"damage":0.0,"enemies":"The Guardian","floor":16.0,"turns":2.0},{"damage":0.0,"enemies":"3 Byrds","floor":18.0,"turns":2.0},{"damage":0.0,"enemies":"Chosen","floor":21.0,"turns":1.0},{"damage":0.0,"enemies":"Snake Plant","floor":22.0,"turns":1.0},{"damage":0.0,"enemies":"Slavers","floor":24.0,"turns":1.0},{"damage":0.0,"enemies":"Chosen and Byrds","floor":25.0,"turns":1.0},{"damage":0.0,"enemies":"Cultist and Chosen","floor":27.0,"turns":2.0},{"damage":0.0,"enemies":"Book of Stabbing","floor":29.0,"turns":1.0},{"damage":0.0,"enemies":"Centurion and Healer","floor":30.0,"turns":1.0},{"damage":0.0,"enemies":"Gremlin Leader","floor":31.0,"turns":1.0},{"damage":0.0,"enemies":"Automaton","floor":33.0,"turns":1.0},{"damage":0.0,"enemies":"3 Darklings","floor":35.0,"turns":1.0},{"damage":0.0,"enemies":"3 Shapes","floor":39.0,"turns":1.0},{"damage":0.0,"enemies":"Writhing Mass","floor":41.0,"turns":1.0},{"damage":0.0,"enemies":"3 Darklings","floor":42.0,"turns":1.0},{"damage":0.0,"enemies":"Mind Bloom Boss Battle","floor":45.0,"turns":1.0},{"damage":0,"enemies":"Time Eater","floor":50,"turns":2}],"seed_played":"5147389322573022962","potions_obtained":[{"floor":1.0,"key":"Swift Potion"},{"floor":5.0,"key":"GhostInAJar"},{"floor":8.0,"key":"BlessingOfTheForge"},{"floor":31.0,"key":"Weak Potion"},{"floor":35.0,"key":"CultistPotion"},{"floor":35.0,"key":"LiquidMemories"},{"floor":39.0,"key":"SteroidPotion"}],"is_trial":false,"path_per_floor":["M","?","M","$","M","R","E","M","T","E","R","$","R","E","R","B",null,"M","$","?","M","M","R","E","M","T","M","$","E","M","E","R","B",null,"M","?","T","$","M","R","M","M","T","?","?","$","R","?","R","B",null],"character_chosen":"THE_SILENT","items_purchased":["Pear","Lee\u0027s Waffle","Dagger Throw","Tactician+1","Master of Strategy+1","Good Instincts+1","Fruit Juice","EssenceOfSteel","Swift Potion","Bane","Expertise+1","After Image","Shovel","Orichalcum","Good Instincts+1","Orrery","Frozen Egg 2","Letter Opener","Bandage Up+1","Master of Strategy+1","Terror+1","DollysMirror","Bird Faced Urn","Membership Card","Meat on the Bone","Bronze Scales","Strange Spoon","Boot","Footwork+1"],"campfire_rested":0,"item_purchase_floors":[4,4,4,4,4,4,4,4,4,4,4,4,4,12,12,12,19,19,19,19,28,28,28,38,38,38,46,46,46],"current_hp_per_floor":[60,60,45,92,92,92,92,92,92,92,92,92,92,99,99,99,99,99,99,99,99,99,99,99,99,99,99,99,99,99,99,99,99,99,99,99,99,99,99,99,99,99,99,89,107,107,107,107,107,113],"gold":122,"neow_bonus":"THREE_RARE_CARDS","is_daily":false,"chose_seed":false,"campfire_upgraded":5,"win_rate":0.0,"timestamp":1609753993,"path_taken":["M","?","M","$","M","R","E","M","T","E","R","$","R","E","R","BOSS","M","$","?","M","M","R","E","M","T","M","$","E","M","E","R","BOSS","M","?","?","$","M","R","?","M","T","?","?","$","R","?","R","BOSS"],"items_purchased_type":["Relic","Relic","Card","Card","Card","Card","Potion","Potion","Potion","Card","Card","Card","Relic","Relic","Card","Relic","Relic","Relic","Card","Card","Card","Relic","Relic","Relic","Relic","Relic","Relic","Relic","Card"],"build_version":"2020-12-22","purchased_purges":25,"victory":true,"max_hp_per_floor":[70,70,70,92,92,92,92,92,92,92,92,92,92,99,99,99,99,99,99,99,99,99,99,99,99,99,99,99,99,99,99,99,99,99,99,99,99,99,99,99,99,99,99,99,113,113,113,113,113,113],"card_choices":[{"not_picked":["Malaise","Night Terror"],"picked":"After Image","floor":0.0},{"not_picked":["Deadly Poison","Prepared","Flying Knee"],"picked":"SKIP","floor":1.0},{"not_picked":["Quick Slash","Predator"],"picked":"Acrobatics+1","floor":3.0},{"not_picked":["Masterful Stab","Dagger Spray","Endless Agony"],"picked":"SKIP","floor":5.0},{"not_picked":["Slice","Dagger Spray"],"picked":"Eviscerate","floor":7.0},{"not_picked":["Distraction+1","Dodge and Roll+1"],"picked":"Dagger Throw","floor":8.0},{"not_picked":["Deflect+1","Dagger Spray"],"picked":"Backflip+1","floor":10.0},{"not_picked":["Endless Agony","Dagger Throw"],"picked":"Acrobatics+1","floor":12.0},{"not_picked":["Distraction+1","Outmaneuver+1"],"picked":"Backflip+1","floor":12.0},{"not_picked":["Deadly Poison+1","Outmaneuver+1"],"picked":"Underhanded Strike","floor":12.0},{"not_picked":["Outmaneuver+1","Infinite Blades"],"picked":"Underhanded Strike","floor":12.0},{"not_picked":["Poisoned Stab","Skewer"],"picked":"Phantasmal Killer+1","floor":14.0},{"not_picked":["Calculated Gamble+1","Blade Dance+1"],"picked":"Reflex+1","floor":18.0},{"not_picked":["Poisoned Stab","Outmaneuver+1","Dodge and Roll+1"],"picked":"SKIP","floor":21.0},{"not_picked":["Dagger Throw+1","Unload","Dagger Spray+1"],"picked":"SKIP","floor":22.0},{"not_picked":["Heel Hook","Blur+1"],"picked":"Finisher+1","floor":24.0},{"not_picked":["Sucker Punch","Dodge and Roll+1"],"picked":"Flechettes+1","floor":25.0},{"not_picked":["Backstab","Bouncing Flask+1","Distraction+1"],"picked":"SKIP","floor":27.0},{"not_picked":["PiercingWail+1","Backstab","Distraction+1"],"picked":"SKIP","floor":29.0},{"not_picked":["Deflect+1","Blade Dance+1","Crippling Poison+1"],"picked":"SKIP","floor":30.0},{"not_picked":["Quick Slash+1","Predator+1"],"picked":"Adrenaline+1","floor":31.0},{"not_picked":["Deflect+1","Acrobatics+1"],"picked":"Reflex+1","floor":35.0},{"not_picked":["Masterful Stab","Poisoned Stab","Riddle With Holes"],"picked":"SKIP","floor":39.0},{"not_picked":["All Out Attack","Escape Plan+1","Endless Agony+1"],"picked":"SKIP","floor":41.0},{"not_picked":["Blur+1","Distraction+1","Bane"],"picked":"SKIP","floor":42.0}],"player_experience":18734,"relics_obtained":[{"floor":7.0,"key":"FossilizedHelix"},{"floor":9.0,"key":"Ornamental Fan"},{"floor":10.0,"key":"Anchor"},{"floor":14.0,"key":"Strawberry"},{"floor":24.0,"key":"Paper Crane"},{"floor":26.0,"key":"PreservedInsect"},{"floor":29.0,"key":"Regal Pillow"},{"floor":31.0,"key":"Pen Nib"},{"floor":32.0,"key":"Bottled Tornado"},{"floor":37.0,"key":"Matryoshka"},{"floor":40.0,"key":"Bottled Flame"},{"floor":43.0,"key":"Toy Ornithopter"},{"floor":43.0,"key":"Bag of Preparation"},{"floor":45.0,"key":"Mango"},{"floor":47.0,"key":"Gremlin Horn"},{"floor":49,"key":"Calipers"}],"event_choices":[{"damage_healed":0.0,"max_hp_gain":0.0,"max_hp_loss":0.0,"gold_gain":0.0,"event_name":"Big Fish","player_choice":"Box","floor":2.0,"gold_loss":0.0,"damage_taken":0.0,"relics_obtained":["Toxic Egg 2"],"cards_obtained":["Regret"]},{"damage_healed":0.0,"max_hp_gain":0.0,"max_hp_loss":0.0,"gold_gain":0.0,"event_name":"Beggar","player_choice":"Ignored","floor":20.0,"gold_loss":0.0,"damage_taken":0.0},{"damage_healed":0.0,"max_hp_gain":0.0,"max_hp_loss":0.0,"gold_gain":0.0,"event_name":"Tomb of Lord Red Mask","player_choice":"Paid","floor":36.0,"gold_loss":556.0,"damage_taken":0.0,"relics_obtained":["Red Mask"]},{"damage_healed":0.0,"max_hp_gain":0.0,"max_hp_loss":0.0,"gold_gain":0.0,"event_name":"SensoryStone","player_choice":"Memory 3","floor":44.0,"gold_loss":0.0,"damage_taken":10.0},{"damage_healed":0.0,"max_hp_gain":0.0,"max_hp_loss":0.0,"gold_gain":0.0,"event_name":"MindBloom","player_choice":"Fight","floor":45.0,"gold_loss":0.0,"damage_taken":0.0},{"damage_healed":0,"gold_gain":0,"player_choice":"Ignored","damage_taken":0,"max_hp_gain":0,"max_hp_loss":0,"event_name":"Purifier","floor":48,"gold_loss":0}],"is_beta":false,"boss_relics":[{"not_picked":["SlaversCollar","Ring of the Serpent"],"picked":"HoveringKite"},{"not_picked":["Runic Pyramid","Empty Cage","Astrolabe"]}],"items_purged_floors":[4,4,4,4,4,4,4,4,4,4,4,4,4,4,4,19,19,19,19,19,19,19,28,28,28],"is_endless":false,"potions_floor_spawned":[1,5,7,8,10,14,16,18,18,18,22,25,27,29,30,31,33,35,35,35,39,42,45],"ascension_level":1}}