{"host":"4evnc443c98ww2zl","time":1609803269,"event":{"mods":["BaseMod","Better Third Choice","Hermit","Koishi","Luminous","Minty Spire (QoL Compilation)","Remilia??????","Robot Space Explorer","StSLib","The Administrix","The Animator","The Bug Knight","The Cursed","TheSwordswoman"],"gold_per_floor":[111,111,0,0,0,0,36,36,82,116,155,155,193,212,212,341,341,359,374,289,20,20,20,56,72,72,113,149,149,26,61,61,186,211,226,250,338,338,218,276,114,179,233,302,302,366,391,414,414,414,414,414,11,77,77],"floor_reached":56,"playtime":5500,"items_purged":[],"score":1436,"play_id":"b16d5da3-54d8-40df-a399-72ccbc910926","local_time":"20210104173429","daily_mods":["SealedDeck","Diverse","Colorless Cards","Heirloom","DeadlyEvents","Elite Swarm"],"is_ascension_mode":false,"campfire_choices":[{"floor":6.0,"key":"RECALL"},{"data":"AdministrixMod:ShadowPlay","floor":8.0,"key":"SMITH"},{"data":"Echo Form","floor":12.0,"key":"SMITH"},{"data":"After Image","floor":15.0,"key":"SMITH"},{"floor":23.0,"key":"REST"},{"floor":29.0,"key":"REST"},{"floor":32,"key":"REST"},{"floor":45,"key":"REST"},{"data":"animator:Curse_GriefSeed","floor":49,"key":"PURGE"},{"data":"Parasite","floor":52,"key":"PURGE"}],"circlet_count":0,"master_deck":["Koishi:Prune","animator:Cocytus","Flying Knee","FlyingSleeves","animator:ChaikaBohdan","hermit:Enervate","Deflect+1","AdministrixMod:ShadowPlay+1","Good Instincts","Luminous:Light_Gather","Spot Weakness+1","Echo Form+1","After Image+1","Ball Lightning","After Image","blazmod:FortifiedVigor","Luminous:Dark_Raid","Panacea","Insight","blazmod:OneWithNature","hermit:Enervate","Die Die Die","animator:Gilgamesh+8","AdministrixMod:RegentEdict+1","RobotSpaceExplorer:MiniDrones+1","Prepared","ConjureBlade","blazmod:TrueSelf","DeusExMachina","BloodHunter+1"],"relics":["AdministrixMod:ConductorRitualBaton","HollowMod:QueensCombRelic","Golden Idol","Shuriken","AdministrixMod:CrackedTaijitu","InkBottle","Eternal Feather","The Courier","Fusion Hammer","Toy Ornithopter","Bottled Lightning","AdministrixMod:PrescriptionBottle","Oddly Smooth Stone","Ornamental Fan","Pantograph","Membership Card","Centennial Puzzle","Cursed Key","Peace Pipe","War Paint","Strawberry","AdministrixMod:AbandonedRose","Anchor","Vajra","Bottled Flame","Bottled Tornado","Unceasing Top","Molten Egg 2","ClockworkSouvenir","Boot","HollowMod:LifeEnderRelic","Nunchaku","Lantern","Bag of Marbles","Blood Vial"],"acts_visited":["TheCity","TheBeyond","TheEnding"],"potions_floor_usage":[33,36,41,44,55],"damage_taken":[{"damage":2.0,"enemies":"2 Louse","floor":1.0,"turns":2.0},{"damage":21.0,"enemies":"Lagavulin","floor":7.0,"turns":4.0},{"damage":0.0,"enemies":"HollowMod:MossKnight","floor":10.0,"turns":4.0},{"damage":2.0,"enemies":"Lagavulin","floor":11.0,"turns":3.0},{"damage":4.0,"enemies":"Gremlin Nob","floor":13.0,"turns":3.0},{"damage":3.0,"enemies":"Jaw Worm","floor":14.0,"turns":2.0},{"damage":25.0,"enemies":"Hexaghost","floor":16.0,"turns":6.0},{"damage":10.0,"enemies":"2 Thieves","floor":18.0,"turns":3.0},{"damage":0.0,"enemies":"Shell Parasite","floor":19.0,"turns":4.0},{"damage":1.0,"enemies":"Book of Stabbing","floor":24.0,"turns":5.0},{"damage":2.0,"enemies":"Snake Plant","floor":25.0,"turns":5.0},{"damage":26.0,"enemies":"Slavers","floor":27.0,"turns":4.0},{"damage":3.0,"enemies":"Book of Stabbing","floor":28.0,"turns":5.0},{"damage":0.0,"enemies":"Gremlin Leader","floor":31.0,"turns":5.0},{"damage":11,"enemies":"Collector","floor":33,"turns":7},{"damage":15,"enemies":"3 Shapes","floor":35,"turns":3},{"damage":4,"enemies":"3 Darklings","floor":36,"turns":3},{"damage":0,"enemies":"Mind Bloom Boss Battle","floor":37,"turns":4},{"damage":3,"enemies":"Giant Head","floor":40,"turns":6},{"damage":57,"enemies":"Reptomancer","floor":42,"turns":4},{"damage":11,"enemies":"Giant Head","floor":44,"turns":6},{"damage":13,"enemies":"Nemesis","floor":46,"turns":3},{"damage":0,"enemies":"Transient","floor":48,"turns":5},{"damage":38,"enemies":"Time Eater","floor":50,"turns":8},{"damage":7,"enemies":"Shield and Spear","floor":54,"turns":5},{"damage":13,"enemies":"The Heart","floor":55,"turns":7}],"seed_played":"3975387469840723143","potions_obtained":[{"floor":10.0,"key":"ColorlessPotion"},{"floor":13.0,"key":"Energy Potion"},{"floor":14.0,"key":"FairyPotion"},{"floor":18.0,"key":"SkillPotion"},{"floor":19.0,"key":"LiquidBronze"},{"floor":27.0,"key":"FearPotion"},{"floor":33,"key":"DuplicationPotion"},{"floor":36,"key":"Fruit Juice"},{"floor":40,"key":"Fire Potion"},{"floor":46,"key":"Regen Potion"},{"floor":48,"key":"Regen Potion"}],"is_trial":true,"path_per_floor":["M","?","?","?","$","R","E","R","T","E","E","R","E","M","R","B",null,"M","M","?","$","?","R","E","M","T","E","E","R","$","E","R","B",null,"M","M","?","?","$","E","$","E","T","E","R","E","T","M","R","B",null,"R","$","E","B",null],"character_chosen":"TheAdministrix","items_purchased":["Bottled Lightning","Panacea","Membership Card","War Paint","Strawberry","Fruit Juice","Anchor","Vajra","ClockworkSouvenir","Boot","HollowMod:LifeEnderRelic","Nunchaku","Lantern","Bag of Marbles"],"campfire_rested":4,"item_purchase_floors":[21,21,30,39,39,41,41,41,53,53,53,53,53,53],"current_hp_per_floor":[40,30,36,48,48,48,27,27,27,43,46,48,44,45,48,23,48,38,48,48,48,48,48,47,46,46,22,31,48,48,48,48,37,48,33,47,53,53,60,57,65,8,8,22,56,51,51,65,65,27,65,62,62,62,59],"gold":77,"neow_bonus":"","is_daily":false,"chose_seed":false,"campfire_upgraded":3,"win_rate":0.0,"timestamp":1609803269,"path_taken":["M","?","?","?","$","R","E","R","T","E","?","R","E","M","R","BOSS","M","?","?","$","?","R","E","M","T","E","?","R","?","E","R","BOSS","M","?","?","?","$","E","?","E","T","E","R","?","?","M","R","BOSS","R","$","E","BOSS"],"items_purchased_type":["Relic","Card","Relic","Relic","Relic","Potion","Relic","Relic","Relic","Relic","Relic","Relic","Relic","Relic"],"build_version":"2020-12-22","purchased_purges":0,"victory":true,"max_hp_per_floor":[42,42,48,48,48,48,48,48,48,48,48,48,48,48,48,48,48,48,48,48,48,48,48,48,48,48,48,48,48,48,48,48,48,48,48,53,53,53,60,60,65,65,65,65,65,65,65,65,65,65,65,62,62,62,62],"card_choices":[{"not_picked":["RobotSpaceExplorer:RigExplosive","TheCursedMod:Torture"],"picked":"Spot Weakness","floor":1.0},{"not_picked":["ChaoticDestiny","Offering","Multi-Cast"],"picked":"SKIP","floor":7.0},{"not_picked":["hermit:Roughhouse","animator:Kyubey","animator:FeridBathory"],"picked":"SKIP","floor":10.0},{"not_picked":["Luminous:Balance_Baptism","blazmod:ButterflyBlade"],"picked":"Echo Form","floor":11.0},{"not_picked":["RobotSpaceExplorer:Blaster","BloodySeventeenLaser"],"picked":"After Image","floor":13.0},{"not_picked":["HollowMod:InfectedAttack","Nirvana"],"picked":"Ball Lightning","floor":14.0},{"not_picked":["Luminous:Freud_Wisdom1_Luminous","AdministrixMod:LuminaryPath"],"picked":"After Image","floor":16.0},{"not_picked":["Luminous:Tune_Luminous","animator:Chung"],"picked":"blazmod:FortifiedVigor","floor":18.0},{"not_picked":["Luminous:Dark_Pressure_Void","Koishi:FleetingPhantom"],"picked":"Luminous:Dark_Raid","floor":19.0},{"not_picked":["BloodySeventeenLaser","hermit:FromBeyond"],"picked":"blazmod:OneWithNature","floor":24.0},{"not_picked":["animator:Caster","Koishi:MassHysteria"],"picked":"hermit:Enervate","floor":25.0},{"not_picked":["animator:KotoriKanbe","animator:HomuraAkemi"],"picked":"Die Die Die","floor":27.0},{"not_picked":["animator:Patchouli","blazmod:GlasswingWaltz","RobotSpaceExplorer:Explosion"],"picked":"SKIP","floor":28.0},{"not_picked":["LessonLearned","Core Surge"],"picked":"animator:Gilgamesh","floor":31.0},{"not_picked":["HollowMod:SiblingsShadow","Havoc+1"],"picked":"AdministrixMod:RegentEdict+1","floor":35},{"not_picked":["Redo","blazmod:StanceChange+1"],"picked":"RobotSpaceExplorer:MiniDrones+1","floor":36},{"not_picked":["blazmod:StanceChange","Koishi:Vanish"],"picked":"Prepared","floor":37},{"not_picked":["MasterReality","CeilingFear"],"picked":"ConjureBlade","floor":40},{"not_picked":["AdministrixMod:HopeInTheDark","HollowMod:ElderbugsWisdom","Tools of the Trade"],"picked":"SKIP","floor":42},{"not_picked":["blazmod:ButterflyBlade","Fiend Fire"],"picked":"blazmod:TrueSelf","floor":44},{"not_picked":["Luminous:Dark_Crescendo_Luminous","blazmod:Setsuna"],"picked":"DeusExMachina","floor":46},{"not_picked":["Stack+1","Aggregate+1"],"picked":"BloodHunter+1","floor":48},{"not_picked":["HollowMod:HerrahsAnger","Koishi:ConfinedInnocent","animator:ItamiYouji+1"],"picked":"SKIP","floor":54}],"player_experience":1102452,"relics_obtained":[{"floor":7.0,"key":"Shuriken"},{"floor":9.0,"key":"AdministrixMod:CrackedTaijitu"},{"floor":10.0,"key":"InkBottle"},{"floor":11.0,"key":"Eternal Feather"},{"floor":13.0,"key":"The Courier"},{"floor":24.0,"key":"AdministrixMod:PrescriptionBottle"},{"floor":26.0,"key":"Oddly Smooth Stone"},{"floor":27.0,"key":"Ornamental Fan"},{"floor":28.0,"key":"Pantograph"},{"floor":31.0,"key":"Centennial Puzzle"},{"floor":37,"key":"Peace Pipe"},{"floor":40,"key":"AdministrixMod:AbandonedRose"},{"floor":42,"key":"Bottled Flame"},{"floor":44,"key":"Bottled Tornado"},{"floor":46,"key":"Unceasing Top"},{"floor":47,"key":"Molten Egg 2"},{"floor":54,"key":"Blood Vial"}],"event_choices":[{"damage_healed":0.0,"max_hp_gain":0.0,"max_hp_loss":0.0,"gold_gain":0.0,"event_name":"Golden Idol","player_choice":"Take Damage","floor":2.0,"gold_loss":0.0,"damage_taken":10.0,"relics_obtained":["Golden Idol"]},{"damage_healed":0.0,"max_hp_gain":0.0,"max_hp_loss":0.0,"gold_gain":0.0,"event_name":"betterThird:BetterSerpent","player_choice":"RENOUNCE","floor":3.0,"gold_loss":111.0,"damage_taken":111.0,"cards_obtained":["Enlightenment"]},{"cards_removed":["Enlightenment"],"damage_healed":12.0,"max_hp_gain":0.0,"max_hp_loss":0.0,"gold_gain":0.0,"event_name":"Bonfire Elementals","player_choice":"Offered Uncommon","floor":4.0,"gold_loss":0.0,"damage_taken":0.0},{"damage_healed":0.0,"max_hp_gain":0.0,"max_hp_loss":0.0,"gold_gain":0.0,"event_name":"Addict","player_choice":"Obtained Relic","floor":20.0,"gold_loss":85.0,"damage_taken":0.0,"relics_obtained":["Toy Ornithopter"]},{"damage_healed":0.0,"max_hp_gain":0.0,"max_hp_loss":0.0,"gold_gain":0.0,"event_name":"betterThird:BetterWriting","player_choice":"Insight","floor":22.0,"gold_loss":0.0,"damage_taken":0.0,"cards_obtained":["Insight"]},{"damage_healed":0,"gold_gain":0,"player_choice":"Fight","damage_taken":0,"max_hp_gain":0,"max_hp_loss":0,"event_name":"MindBloom","floor":37,"gold_loss":0}],"is_beta":false,"boss_relics":[{"not_picked":["Philosopher\u0027s Stone","Empty Cage"],"picked":"Fusion Hammer"},{"not_picked":["Calling Bell","AdministrixMod:BloodSoakedVeil"],"picked":"Cursed Key"}],"items_purged_floors":[],"is_endless":false,"potions_floor_spawned":[10,13,14,18,19,27,33,36,40,46,48],"ascension_level":0}}