{"host":"pr6x8hyknev46vut","time":1609747739,"event":{"mods":["Aspiration","BaseMod","CCEM","Colored Map","Colored Powertips","Downfall","Googly Eyes","Hermit","Highlight Path","Hubris","Minty Spire (QoL Compilation)","Permanent Neow","Replay The Spire","Shop Mod","Spicy Shops","StSLib","The Bug Knight","The Construct","The Cursed","The Disciple","The Necromancer","The Runesmith","The Servant 0.9.4"],"gold_per_floor":[99,113,131,151,151,451,477,477,495,508,508,542,558,571,589,589,589,589],"floor_reached":16,"playtime":722,"items_purged":[],"score":106,"play_id":"fbdb09dc-dc3e-40e3-a027-393a138ee2a6","local_time":"20210104090859","is_ascension_mode":false,"campfire_choices":[{"floor":1,"key":"RECALL"}],"circlet_count":0,"master_deck":["hexamod:Strike","hexamod:Strike","hexamod:Strike","hexamod:Strike","hexamod:Defend","hexamod:Defend","hexamod:Defend","hexamod:Defend","hexamod:Sear","hexamod:Float","hexamod:SwordOfDarkness","hexamod:ThirdSeal","hexamod:FastForward+1","hexamod:HauntingEcho","Slimebound:Icky","Slimebound:Icky","hexamod:FlamesFromBeyond","hexamod:InspiringFlames","hexamod:StepThrough","hexamod:NightmareGuise","hexamod:SwordOfDarkness","hexamod:GhostflameBarrier","hexamod:AdvancingGuard","hexamod:SuperheatedStrike","hexamod:FastForward","hexamod:StepThrough"],"relics":["hexamod:SpiritBrand","hubris:SlimyHat","Regal Pillow","CCEMRelics:D6"],"acts_visited":["Exordium"],"potions_floor_usage":[16],"damage_taken":[{"damage":0,"enemies":"Cultist","floor":2,"turns":3},{"damage":1,"enemies":"Small Slimes","floor":3,"turns":3},{"damage":0,"enemies":"2 Louse","floor":4,"turns":3},{"damage":28,"enemies":"Exordium Thugs","floor":9,"turns":6},{"damage":2,"enemies":"Blue Slaver","floor":10,"turns":3},{"damage":13,"enemies":"Lagavulin","floor":12,"turns":6},{"damage":3,"enemies":"3 Louse","floor":13,"turns":4},{"damage":0,"enemies":"Large Slime","floor":14,"turns":8},{"damage":0,"enemies":"Gremlin Gang","floor":15,"turns":3},{"damage":24,"enemies":"downfall:Defect","floor":16,"turns":5}],"seed_played":"-2118134385755749772","potions_obtained":[{"floor":4,"key":"Energy Potion"},{"floor":9,"key":"SteroidPotion"},{"floor":15,"key":"Dexterity Potion"}],"is_trial":false,"path_per_floor":["R","M","M","M","T","?","T","?","M","M","?","E","M","M","M","B"],"character_chosen":"THE_SPIRIT","items_purchased":[],"campfire_rested":0,"item_purchase_floors":[],"current_hp_per_floor":[70,70,69,69,69,69,69,69,41,39,39,26,23,23,23,0,0,0],"gold":589,"neow_bonus":"RANDOM_COMMON_RELIC","is_daily":false,"chose_seed":false,"campfire_upgraded":0,"win_rate":0.0,"timestamp":1609747739,"path_taken":["R","M","M","M","?","?","T","?","M","M","?","E","M","?","M","BOSS"],"items_purchased_type":[],"build_version":"2020-12-22","purchased_purges":0,"victory":false,"max_hp_per_floor":[70,70,70,70,70,70,70,70,70,70,70,70,70,70,70,70,70,70],"card_choices":[{"not_picked":["hexamod:HeatCrush","hexamod:InspiringFlames"],"picked":"hexamod:SwordOfDarkness","floor":2},{"not_picked":["hexamod:AdvancingGuard","hexamod:ShieldOfDarkness"],"picked":"hexamod:ThirdSeal","floor":3},{"not_picked":["hexamod:NightmareGuise","hexamod:NightmareStrike"],"picked":"hexamod:FastForward","floor":4},{"not_picked":["hexamod:SkipABeat","hexamod:GhostLash"],"picked":"hexamod:HauntingEcho","floor":4},{"not_picked":["hexamod:Rewind","hexamod:NightmareStrike"],"picked":"hexamod:FlamesFromBeyond","floor":9},{"not_picked":["hexamod:GhostOfSpirePresent","hexamod:RadiantFlame"],"picked":"hexamod:InspiringFlames","floor":10},{"not_picked":["hexamod:NightmareStrike","hexamod:ShieldOfDarkness"],"picked":"hexamod:StepThrough","floor":10},{"not_picked":["hexamod:HeatShield","hexamod:Incineration"],"picked":"hexamod:NightmareGuise","floor":12},{"not_picked":["hexamod:StepThrough","hexamod:GhostflameInferno"],"picked":"hexamod:SwordOfDarkness","floor":12},{"not_picked":["hexamod:Firestarter","hexamod:RainOfEmbers"],"picked":"hexamod:GhostflameBarrier","floor":13},{"not_picked":["hexamod:BurningTouch","hexamod:NightmareStrike"],"picked":"hexamod:AdvancingGuard","floor":13},{"not_picked":["hexamod:SwordOfDarkness","hexamod:SoulSteal"],"picked":"hexamod:SuperheatedStrike","floor":14},{"not_picked":["hexamod:SkipABeat","hexamod:NightmareStrike"],"picked":"hexamod:FastForward","floor":14},{"not_picked":["hexamod:HeatShield","hexamod:SwordOfDarkness"],"picked":"hexamod:StepThrough","floor":15}],"player_experience":71889,"relics_obtained":[{"floor":7,"key":"Regal Pillow"},{"floor":12,"key":"CCEMRelics:D6"}],"event_choices":[],"is_beta":false,"boss_relics":[],"items_purged_floors":[],"is_endless":false,"potions_floor_spawned":[4,9,15],"killed_by":"downfall:Defect","ascension_level":0}}