{"host":"e52c7hvho6xny3hd","time":1609734818,"event":{"mods":["AchievementEnabler","BaseMod","Colored Map","DeckTracker","Minty Spire (QoL Compilation)","Permanent Neow","StSLib"],"gold_per_floor":[110,127,138,60,60,60,93,93,93,113,113,125,136,152,152,152,152],"floor_reached":16,"playtime":693,"items_purged":[],"score":208,"play_id":"a8622b2c-323b-4c6d-9cb0-274674312d59","local_time":"20210104133338","is_ascension_mode":true,"campfire_choices":[{"data":"Chill","floor":6.0,"key":"SMITH"},{"data":"Creative AI","floor":8.0,"key":"SMITH"},{"data":"Heatsinks","floor":11.0,"key":"SMITH"},{"data":"Consume","floor":15.0,"key":"SMITH"}],"circlet_count":0,"master_deck":["Strike_B","Strike_B","Strike_B","Strike_B","Defend_B","Defend_B","Defend_B","Defend_B","Zap","Dualcast","Core Surge","Chill+1","Sweeping Beam","Capacitor","Creative AI+1","Heatsinks+1","Coolheaded","Consume+1","Leap"],"relics":["Cracked Core","Bird Faced Urn","StrikeDummy"],"acts_visited":["Exordium"],"potions_floor_usage":[],"damage_taken":[{"damage":0.0,"enemies":"Small Slimes","floor":1.0,"turns":3.0},{"damage":7.0,"enemies":"Jaw Worm","floor":2.0,"turns":4.0},{"damage":0.0,"enemies":"2 Louse","floor":3.0,"turns":2.0},{"damage":12.0,"enemies":"Gremlin Nob","floor":7.0,"turns":4.0},{"damage":13.0,"enemies":"Large Slime","floor":10.0,"turns":6.0},{"damage":28.0,"enemies":"Gremlin Gang","floor":12.0,"turns":4.0},{"damage":12.0,"enemies":"Exordium Wildlife","floor":13.0,"turns":7.0},{"damage":0.0,"enemies":"2 Fungi Beasts","floor":14.0,"turns":4.0},{"damage":9,"enemies":"Hexaghost","floor":16,"turns":11}],"seed_played":"-1638308542489973876","potions_obtained":[{"floor":1.0,"key":"SteroidPotion"},{"floor":2.0,"key":"SmokeBomb"},{"floor":12.0,"key":"LiquidMemories"}],"is_trial":false,"path_per_floor":["M","M","M","$","?","R","E","R","T","M","R","M","M","M","R","B"],"character_chosen":"DEFECT","items_purchased":["Capacitor"],"campfire_rested":0,"item_purchase_floors":[4],"current_hp_per_floor":[68,61,61,61,61,61,49,49,49,48,48,28,32,34,34,49,49],"gold":152,"neow_bonus":"ONE_RANDOM_RARE_CARD","is_daily":false,"chose_seed":false,"campfire_upgraded":4,"win_rate":0.0,"timestamp":1609734818,"path_taken":["M","M","M","$","?","R","E","R","T","M","R","M","M","M","R","BOSS"],"items_purchased_type":["Card"],"build_version":"2020-12-22","purchased_purges":0,"victory":false,"max_hp_per_floor":[75,75,75,75,75,75,75,75,75,75,75,75,75,75,75,75,75],"card_choices":[{"not_picked":["Double Energy","Turbo","Reinforced Body"],"picked":"SKIP","floor":1.0},{"not_picked":["Ball Lightning","Barrage"],"picked":"Chill","floor":2.0},{"not_picked":["Compile Driver","Steam Power"],"picked":"Sweeping Beam","floor":3.0},{"not_picked":["Steam","Beam Cell"],"picked":"Creative AI","floor":7.0},{"not_picked":["Stack","Melter"],"picked":"Heatsinks","floor":10.0},{"not_picked":["Steam","Doom and Gloom"],"picked":"Coolheaded","floor":12.0},{"not_picked":["Beam Cell","Steam Power"],"picked":"Consume","floor":13.0},{"not_picked":["Go for the Eyes","White Noise"],"picked":"Leap","floor":14.0}],"player_experience":611183,"relics_obtained":[{"floor":7.0,"key":"Bird Faced Urn"},{"floor":9.0,"key":"StrikeDummy"}],"event_choices":[{"damage_healed":0.0,"max_hp_gain":0.0,"max_hp_loss":0.0,"gold_gain":0.0,"event_name":"Shining Light","player_choice":"Ignored","floor":5.0,"gold_loss":0.0,"damage_taken":0.0}],"is_beta":false,"boss_relics":[],"items_purged_floors":[],"is_endless":false,"potions_floor_spawned":[1,2,12,13],"killed_by":"Hexaghost","ascension_level":7}}