{"host":"soyfmymeou4emntr","time":1609736698,"event":{"mods":["BaseMod","Minty Spire (QoL Compilation)","Relic Sorter","Relic Stats","StSLib"],"gold_per_floor":[115,190,190,215,229,258,258,269,292,314,356,395,407,438,450,540,552,578,590,602,627,655,667,706,718,730,754,766,798,826,849,861,947,959,987,999,1027,126,76,101,101,130,130,141,158,158,158,168,168,168,168],"floor_reached":52,"playtime":57766,"items_purged":[],"score":1863,"play_id":"df956b78-2851-40ca-80fa-ff259513ec00","local_time":"20210103220458","is_ascension_mode":true,"campfire_choices":[{"data":"Consume","floor":7.0,"key":"SMITH"},{"floor":13.0,"key":"REST"},{"data":"Glacier","floor":15.0,"key":"SMITH"},{"data":"Genetic Algorithm","floor":23.0,"key":"SMITH"},{"data":"Skim","floor":25.0,"key":"SMITH"},{"floor":32.0,"key":"REST"},{"data":"Capacitor","floor":41.0,"key":"SMITH"},{"data":"Defragment","floor":47,"key":"SMITH"},{"data":"Aggregate","floor":49,"key":"SMITH"}],"circlet_count":0,"master_deck":["AscendersBane","Zap","Dualcast+1","Cold Snap","Consume+1","Leap","Compile Driver","Glacier+1","Cold Snap","Electrodynamics","Gash+1","Force Field","Double Energy","Aggregate+1","Genetic Algorithm+1","Self Repair","Skim+1","Genetic Algorithm","Double Energy+1","Capacitor+1","Sweeping Beam","Reinforced Body","Seek","Undo","Defragment+1","Rainbow","Sweeping Beam+1","Darkness+1","Ball Lightning+1"],"relics":["Cracked Core","NeowsBlessing","Potion Belt","Lantern","Orichalcum","MawBank","DataDisk","Bronze Scales","Pandora\u0027s Box","MealTicket","Bottled Lightning","Coffee Dripper","Incense Burner","Vajra","StrikeDummy","Anchor","Kunai"],"acts_visited":["Exordium","TheCity","TheBeyond"],"potions_floor_usage":[50,51,51],"damage_taken":[{"damage":0.0,"enemies":"Jaw Worm","floor":1.0,"turns":1.0},{"damage":0.0,"enemies":"2 Louse","floor":5.0,"turns":1.0},{"damage":0.0,"enemies":"Lagavulin","floor":6.0,"turns":1.0},{"damage":0.0,"enemies":"Small Slimes","floor":8.0,"turns":2.0},{"damage":8.0,"enemies":"Gremlin Gang","floor":10.0,"turns":5.0},{"damage":14.0,"enemies":"Gremlin Nob","floor":11.0,"turns":5.0},{"damage":0.0,"enemies":"Lots of Slimes","floor":14.0,"turns":3.0},{"damage":24.0,"enemies":"The Guardian","floor":16.0,"turns":13.0},{"damage":4.0,"enemies":"Spheric Guardian","floor":18.0,"turns":6.0},{"damage":9.0,"enemies":"Shell Parasite","floor":21.0,"turns":8.0},{"damage":15.0,"enemies":"Chosen and Byrds","floor":22.0,"turns":6.0},{"damage":31.0,"enemies":"Book of Stabbing","floor":24.0,"turns":5.0},{"damage":1.0,"enemies":"Snake Plant","floor":27.0,"turns":4.0},{"damage":3.0,"enemies":"Centurion and Healer","floor":29.0,"turns":8.0},{"damage":3.0,"enemies":"Snecko","floor":30.0,"turns":5.0},{"damage":1.0,"enemies":"Sentry and Sphere","floor":31.0,"turns":7.0},{"damage":47.0,"enemies":"Collector","floor":33.0,"turns":15.0},{"damage":0.0,"enemies":"3 Shapes","floor":35.0,"turns":4.0},{"damage":0.0,"enemies":"Orb Walker","floor":37.0,"turns":5.0},{"damage":12.0,"enemies":"Nemesis","floor":40.0,"turns":11.0},{"damage":20.0,"enemies":"Giant Head","floor":42.0,"turns":13.0},{"damage":13.0,"enemies":"3 Darklings","floor":44.0,"turns":5.0},{"damage":0,"enemies":"Writhing Mass","floor":45,"turns":7},{"damage":0,"enemies":"4 Shapes","floor":48,"turns":6},{"damage":4,"enemies":"Donu and Deca","floor":50,"turns":10},{"damage":61,"enemies":"Awakened One","floor":51,"turns":24}],"seed_played":"-2511138577166929793","potions_obtained":[{"floor":5.0,"key":"Dexterity Potion"},{"floor":6.0,"key":"PowerPotion"},{"floor":10.0,"key":"DuplicationPotion"},{"floor":21.0,"key":"CultistPotion"},{"floor":24.0,"key":"LiquidMemories"},{"floor":27.0,"key":"FocusPotion"},{"floor":30.0,"key":"Explosive Potion"},{"floor":35.0,"key":"Swift Potion"},{"floor":37.0,"key":"Strength Potion"},{"floor":42.0,"key":"Weak Potion"}],"is_trial":false,"path_per_floor":["M","?","?","T","M","E","R","M","T","M","E","T","R","M","R","B",null,"M","?","$","M","M","R","E","R","T","M","?","M","M","M","R","B",null,"M","?","M","$","?","E","R","E","T","M","M","?","R","M","R","B","B",null],"character_chosen":"DEFECT","items_purchased":["Incense Burner","Defragment","Vajra","GamblersBrew","Regen Potion","DistilledChaos","Rainbow"],"campfire_rested":2,"item_purchase_floors":[38,38,38,38,38,38,38],"current_hp_per_floor":[64,53,48,48,48,48,48,48,48,40,26,26,47,47,47,23,59,62,62,62,60,52,52,28,28,28,34,34,38,42,48,69,29,61,68,71,71,71,71,66,66,62,62,56,63,63,63,70,70,71,17],"gold":168,"neow_bonus":"THREE_ENEMY_KILL","is_daily":false,"chose_seed":false,"campfire_upgraded":7,"win_rate":0.0,"timestamp":1609736698,"path_taken":["M","?","?","?","M","E","R","M","T","M","E","?","R","M","R","BOSS","M","?","$","?","?","R","E","R","T","M","?","M","M","M","R","BOSS","M","?","?","$","?","E","R","E","T","?","M","?","R","?","R","BOSS","BOSS"],"items_purchased_type":["Relic","Card","Relic","Potion","Potion","Potion","Card"],"build_version":"2020-12-22","purchased_purges":0,"victory":true,"max_hp_per_floor":[71,71,71,71,71,71,71,71,71,71,71,71,71,71,71,71,71,71,71,71,71,71,71,71,71,71,71,71,71,71,71,71,71,71,71,71,71,71,71,71,71,71,71,71,71,71,71,71,71,71,71],"relic_stats":{"counters":[26,180],"Bronze Scales":[570],"Pandora\u0027s Box":["Gash","Force Field","Double Energy","Aggregate","Genetic Algorithm","Reprogram","Self Repair","Skim"],"MealTicket":0,"Kunai":[8],"Orichalcum":[168],"MawBank":348,"obtain_stats":[{"Potion Belt":3,"Lantern":4,"NeowsBlessing":0,"Vajra":38,"Incense Burner":38,"Orichalcum":6,"MawBank":9,"DataDisk":11,"Anchor":42,"Bronze Scales":12,"Pandora\u0027s Box":17,"MealTicket":24,"Coffee Dripper":34,"Bottled Lightning":26,"Kunai":43,"Cracked Core":0,"StrikeDummy":40},{"Potion Belt":1,"Lantern":1,"NeowsBlessing":0,"Vajra":19,"Incense Burner":19,"Orichalcum":3,"MawBank":4,"DataDisk":6,"Anchor":21,"Bronze Scales":6,"Pandora\u0027s Box":8,"MealTicket":12,"Coffee Dripper":17,"Bottled Lightning":12,"Kunai":21,"Cracked Core":0,"StrikeDummy":20},{"Potion Belt":1,"Lantern":1,"NeowsBlessing":0,"Vajra":104,"Incense Burner":104,"Orichalcum":3,"MawBank":5,"DataDisk":15,"Anchor":128,"Bronze Scales":15,"Pandora\u0027s Box":31,"MealTicket":56,"Coffee Dripper":95,"Bottled Lightning":56,"Kunai":128,"Cracked Core":0,"StrikeDummy":115}]},"card_choices":[{"not_picked":["Stack","Streamline"],"picked":"Cold Snap","floor":1.0},{"not_picked":["Go for the Eyes","Hologram"],"picked":"Consume","floor":5.0},{"not_picked":["Conserve Battery","Turbo"],"picked":"Leap","floor":6.0},{"not_picked":["Steam","Steam Power"],"picked":"Compile Driver","floor":8.0},{"not_picked":["Hologram","Multi-Cast"],"picked":"Glacier","floor":10.0},{"not_picked":["Beam Cell","Reprogram"],"picked":"Cold Snap","floor":11.0},{"not_picked":["Auto Shields","Gash","Steam"],"picked":"SKIP","floor":14.0},{"not_picked":["Amplify","Machine Learning"],"picked":"Electrodynamics","floor":16.0},{"not_picked":["Aggregate","Conserve Battery","Consume"],"picked":"SKIP","floor":18.0},{"not_picked":["Aggregate","Conserve Battery","Consume"],"picked":"SKIP","floor":18.0},{"not_picked":["Aggregate+1","Beam Cell","Streamline"],"picked":"SKIP","floor":21.0},{"not_picked":["Streamline+1","Rebound+1","Turbo"],"picked":"SKIP","floor":22.0},{"not_picked":["Cold Snap","Steam"],"picked":"Double Energy+1","floor":24.0},{"not_picked":["Conserve Battery+1","Hello World"],"picked":"Capacitor","floor":27.0},{"not_picked":["Beam Cell","Leap"],"picked":"Sweeping Beam","floor":29.0},{"not_picked":["Heatsinks","Doom and Gloom"],"picked":"Reinforced Body","floor":30.0},{"not_picked":["Turbo","Rip and Tear","Storm"],"picked":"SKIP","floor":31.0},{"not_picked":["Rainbow","Amplify"],"picked":"Seek","floor":33.0},{"not_picked":["Rebound+1","Hello World"],"picked":"Undo","floor":35.0},{"not_picked":["Leap","Auto Shields","Compile Driver"],"picked":"SKIP","floor":37.0},{"not_picked":["Stack+1","Go for the Eyes+1"],"picked":"Sweeping Beam+1","floor":40.0},{"not_picked":["Skim","FTL"],"picked":"Darkness+1","floor":42.0},{"not_picked":["Aggregate+1","Stack","Sweeping Beam+1"],"picked":"SKIP","floor":44.0},{"not_picked":["Melter","Aggregate","Sweeping Beam+1"],"picked":"SKIP","floor":45},{"not_picked":["Genetic Algorithm+1","Cold Snap+1"],"picked":"Ball Lightning+1","floor":48}],"player_experience":2733008,"relics_obtained":[{"floor":4.0,"key":"Lantern"},{"floor":6.0,"key":"Orichalcum"},{"floor":9.0,"key":"MawBank"},{"floor":11.0,"key":"DataDisk"},{"floor":12.0,"key":"Bronze Scales"},{"floor":24.0,"key":"MealTicket"},{"floor":26.0,"key":"Bottled Lightning"},{"floor":40.0,"key":"StrikeDummy"},{"floor":42.0,"key":"Anchor"},{"floor":43.0,"key":"Kunai"}],"event_choices":[{"damage_healed":0.0,"max_hp_gain":0.0,"max_hp_loss":0.0,"gold_gain":75.0,"event_name":"World of Goop","player_choice":"Gather Gold","floor":2.0,"gold_loss":0.0,"damage_taken":11.0},{"damage_healed":0.0,"max_hp_gain":0.0,"max_hp_loss":0.0,"gold_gain":0.0,"event_name":"Scrap Ooze","player_choice":"Success","floor":3.0,"gold_loss":0.0,"damage_taken":5.0,"relics_obtained":["Potion Belt"]},{"damage_healed":0.0,"max_hp_gain":0.0,"max_hp_loss":0.0,"gold_gain":0.0,"event_name":"Duplicator","player_choice":"Copied","floor":19.0,"gold_loss":0.0,"damage_taken":0.0,"cards_obtained":["Genetic Algorithm"]},{"damage_healed":0.0,"max_hp_gain":0.0,"max_hp_loss":0.0,"gold_gain":0.0,"event_name":"Cursed Tome","player_choice":"Ignored","floor":28.0,"gold_loss":0.0,"damage_taken":0.0},{"cards_removed":["Reprogram"],"damage_healed":3.0,"max_hp_gain":0.0,"max_hp_loss":0.0,"gold_gain":0.0,"event_name":"Bonfire Elementals","player_choice":"Offered Uncommon","floor":36.0,"gold_loss":0.0,"damage_taken":0.0},{"damage_healed":0.0,"max_hp_gain":0.0,"max_hp_loss":0.0,"gold_gain":0.0,"event_name":"Designer","player_choice":"Upgraded Two","floor":39.0,"gold_loss":50.0,"damage_taken":0.0,"cards_upgraded":["Dualcast","Gash"]},{"damage_healed":0,"gold_gain":0,"player_choice":"Ignored","damage_taken":0,"max_hp_gain":0,"max_hp_loss":0,"event_name":"SecretPortal","floor":46,"gold_loss":0}],"is_beta":false,"boss_relics":[{"not_picked":["Runic Dome","Sozu"],"picked":"Pandora\u0027s Box"},{"not_picked":["Busted Crown","Tiny House"],"picked":"Coffee Dripper"}],"items_purged_floors":[],"is_endless":false,"potions_floor_spawned":[5,6,10,21,24,27,30,35,37,42],"ascension_level":20}}