{"host":"zpo0s982nnba8fjk","time":1609786640,"event":{"mods":["Act Like it!","BaseMod","Downfall","GifTheSpireLib","Hubris","Infinite Spire","Minty Spire (QoL Compilation)","Replay The Spire","StSLib"],"gold_per_floor":[99,113,113,113,127,145,190,190,190,20,47,47,59,59,75,75,75],"floor_reached":16,"playtime":821,"items_purged":["sneckomod:Defend"],"score":100,"play_id":"f57d2bba-d43e-4c4f-9f8d-51401af4ad39","local_time":"20210104195720","is_ascension_mode":false,"campfire_choices":[{"data":"sneckomod:SnekBite","floor":1,"key":"SMITH"}],"circlet_count":0,"master_deck":["sneckomod:Strike","sneckomod:Strike","sneckomod:Defend+1","sneckomod:Defend+1","sneckomod:TailWhip+1","sneckomod:SnekBite+1","sneckomod:Unknown+1","sneckomod:Unknown","sneckomod:UnknownVulnerable","sneckomod:DiceBlock","sneckomod:SnakeSap","sneckomod:UnknownUncommonPower","sneckomod:UnknownRareAttack","sneckomod:Unknown3Cost","hubris:NaturalOne"],"relics":["Empty Cage","Nunchaku","hubris:64BitClover","hubris:EvacipatedBox","hubris:Reverence","hubris:Icosahedron"],"acts_visited":["Exordium"],"potions_floor_usage":[11],"damage_taken":[{"damage":2,"enemies":"2 Louse","floor":2,"turns":3},{"damage":0,"enemies":"Small Slimes","floor":5,"turns":2},{"damage":0,"enemies":"Cultist","floor":6,"turns":3},{"damage":0,"enemies":"downfall:FleeingMerchant","floor":10,"turns":4},{"damage":22,"enemies":"Gremlin Nob","floor":11,"turns":5},{"damage":0,"enemies":"Exordium Wildlife","floor":13,"turns":3},{"damage":15,"enemies":"Gremlin Gang","floor":15,"turns":4},{"damage":20,"enemies":"downfall:Ironclad","floor":16,"turns":2}],"seed_played":"2491468845818149376","potions_obtained":[{"floor":2,"key":"hexamod:EctoCoolerPotion"},{"floor":11,"key":"FearPotion"},{"floor":13,"key":"SpeedPotion"},{"floor":15,"key":"LiquidBronze"}],"is_trial":false,"path_per_floor":["R","M","?","?","M","M","T","?","$","$","E","?","M","?","M","B"],"character_chosen":"THE_SNECKO","items_purchased":["hubris:64BitClover","hubris:EvacipatedBox","sneckomod:UnknownRareAttack"],"campfire_rested":0,"item_purchase_floors":[9,9,10],"current_hp_per_floor":[90,88,88,88,88,90,90,90,46,46,24,24,24,24,9,0,0],"gold":75,"neow_bonus":"BOSS_RELIC","is_daily":false,"chose_seed":false,"campfire_upgraded":1,"win_rate":0.0,"timestamp":1609786640,"path_taken":["R","M","?","?","?","M","T","?","?","$","E","?","?","?","M","BOSS"],"items_purchased_type":["Relic","Relic","Card"],"build_version":"2020-12-22","purchased_purges":1,"victory":false,"max_hp_per_floor":[90,90,90,90,90,90,90,90,90,90,90,90,90,90,90,90,90],"card_choices":[{"not_picked":["sneckomod:SoulRoll","sneckomod:RainOfDice"],"picked":"sneckomod:UnknownVulnerable","floor":2},{"not_picked":["sneckomod:RainOfDice","sneckomod:UnknownX"],"picked":"sneckomod:DiceBlock","floor":5},{"not_picked":["sneckomod:UnknownBlock","sneckomod:UnknownClassGREEN"],"picked":"sneckomod:SnakeSap","floor":6},{"not_picked":["sneckomod:UnknownVulnerable","sneckomod:Unknown2Cost"],"picked":"sneckomod:UnknownUncommonPower","floor":10},{"not_picked":["sneckomod:MasterEye","sneckomod:Unknown1Cost"],"picked":"sneckomod:Unknown3Cost","floor":11},{"not_picked":["sneckomod:IronFang","sneckomod:QuickBite","sneckomod:RainOfDice"],"picked":"SKIP","floor":13},{"not_picked":["sneckomod:DefensiveFlair","sneckomod:DiceCrush","sneckomod:WideSting"],"picked":"SKIP","floor":15}],"player_experience":287671,"relics_obtained":[{"floor":7,"key":"Nunchaku"},{"floor":11,"key":"hubris:Reverence"}],"event_choices":[{"cards_removed":["Regret"],"damage_healed":0,"gold_gain":0,"player_choice":"Took Card","damage_taken":0,"max_hp_gain":0,"max_hp_loss":0,"event_name":"NoteForYourself","floor":4,"gold_loss":0,"cards_obtained":["sneckomod:Defend"]}],"is_beta":false,"boss_relics":[],"items_purged_floors":[9],"is_endless":false,"potions_floor_spawned":[2,11,13,15],"killed_by":"downfall:Ironclad","ascension_level":0}}