{"host":"m7puq4mk16tgc6yn","time":1609719038,"event":{"mods":["AchievementEnabler","BaseMod","Colored Map","Colored Powertips","Minty Spire (QoL Compilation)","Relic Stats"],"gold_per_floor":[112,112,112,125,145,179,179,192,192,255,255,255,255],"floor_reached":12,"playtime":801,"items_purged":[],"score":98,"play_id":"1f68ef88-3e99-4ae7-af4a-a355beed5054","local_time":"20210103161038","is_ascension_mode":true,"campfire_choices":[{"data":"Sweeping Beam","floor":7,"key":"SMITH"}],"circlet_count":0,"master_deck":["Strike_B","Strike_B","Strike_B","Defend_B","Defend_B+1","Defend_B","Defend_B","Zap","Dualcast","Go for the Eyes","Ball Lightning","Sweeping Beam+1","Self Repair+1","Genetic Algorithm","Buffer+1"],"relics":["Cracked Core","InkBottle","Frozen Egg 2","Letter Opener"],"acts_visited":["Exordium"],"potions_floor_usage":[8,12],"damage_taken":[{"damage":0,"enemies":"Small Slimes","floor":1,"turns":3},{"damage":0,"enemies":"Jaw Worm","floor":4,"turns":3},{"damage":1,"enemies":"2 Louse","floor":5,"turns":2},{"damage":25,"enemies":"3 Sentries","floor":6,"turns":6},{"damage":5,"enemies":"2 Fungi Beasts","floor":8,"turns":3},{"damage":29,"enemies":"3 Sentries","floor":10,"turns":5},{"damage":27,"enemies":"Gremlin Nob","floor":12,"turns":4}],"seed_played":"5494039368987126448","potions_obtained":[{"floor":4,"key":"Energy Potion"},{"floor":10,"key":"AttackPotion"}],"is_trial":false,"path_per_floor":["M","?","$","M","M","E","R","M","T","?","?","E"],"character_chosen":"DEFECT","items_purchased":[],"campfire_rested":0,"item_purchase_floors":[],"current_hp_per_floor":[82,75,75,75,74,49,49,51,51,29,13,0,0],"gold":255,"neow_bonus":"TEN_PERCENT_HP_BONUS","is_daily":false,"chose_seed":false,"campfire_upgraded":1,"win_rate":0.0,"timestamp":1609719038,"path_taken":["M","?","$","M","M","E","R","M","T","?","?","E"],"items_purchased_type":[],"build_version":"2020-12-22","purchased_purges":0,"victory":false,"max_hp_per_floor":[82,82,82,82,82,82,82,82,82,82,82,82,82],"relic_stats":{"counters":[7,26],"Letter Opener":[15],"obtain_stats":[{"Letter Opener":10,"Frozen Egg 2":9,"Cracked Core":0,"InkBottle":6},{"Letter Opener":5,"Frozen Egg 2":5,"Cracked Core":0,"InkBottle":4},{"Letter Opener":17,"Frozen Egg 2":17,"Cracked Core":0,"InkBottle":14}],"InkBottle":[2]},"card_choices":[{"not_picked":["Turbo","Heatsinks"],"picked":"Go for the Eyes","floor":1},{"not_picked":["Stack","Hologram"],"picked":"Ball Lightning","floor":4},{"not_picked":["Chill","Leap"],"picked":"Sweeping Beam","floor":5},{"not_picked":["Stack","Streamline"],"picked":"Self Repair","floor":6},{"not_picked":["Leap","Beam Cell"],"picked":"Genetic Algorithm","floor":8},{"not_picked":["Go for the Eyes","Redo"],"picked":"Buffer+1","floor":10}],"player_experience":82478,"relics_obtained":[{"floor":6,"key":"InkBottle"},{"floor":9,"key":"Frozen Egg 2"}],"event_choices":[{"cards_removed":["Strike_B"],"damage_healed":0,"gold_gain":0,"player_choice":"Card Removal","damage_taken":7,"max_hp_gain":0,"max_hp_loss":0,"event_name":"Golden Wing","floor":2,"gold_loss":0},{"damage_healed":0,"gold_gain":0,"player_choice":"Searched \u00272\u0027 times","damage_taken":0,"relics_obtained":["Letter Opener"],"max_hp_gain":0,"max_hp_loss":0,"event_name":"Dead Adventurer","floor":10,"gold_loss":0},{"damage_healed":0,"gold_gain":0,"player_choice":"Entered Light","damage_taken":16,"max_hp_gain":0,"max_hp_loss":0,"event_name":"Shining Light","floor":11,"gold_loss":0,"cards_upgraded":["Defend_B","Self Repair"]}],"is_beta":false,"boss_relics":[],"items_purged_floors":[],"is_endless":false,"potions_floor_spawned":[4,10],"killed_by":"Gremlin Nob","ascension_level":5}}