{"host":"7s1wik188rwhc0qq","time":1609781027,"event":{"mods":["AchievementEnabler","BaseMod","Better Third Choice","Colored Map","Colored Powertips","DeckTracker","Downfall","Minty Spire (QoL Compilation)","Permanent Neow","Quick Restart","Remove Card Discount Mod","StSLib"],"gold_per_floor":[111,131,131,306,3,3,31,31,31,58,73,93,105,140,140,244,244,258,258,273,292,292,292,322,50,50,50,68,68,99,111,111,212,212,229,1228,1228,1253,418,445,445,462,508,541,560,61,80,93,93,93,93,93,18,52,52],"floor_reached":56,"playtime":5512,"items_purged":["Doubt","Regret","Strike_R","Corruption","Pommel Strike","Writhe","Normality","Normality","Parasite","Rampage+1","Armaments+1"],"score":1392,"play_id":"213ef30b-3ac6-4f29-bb63-3960e13477e3","local_time":"20210104102347","is_ascension_mode":true,"campfire_choices":[{"floor":6,"key":"RECALL"},{"floor":8,"key":"REST"},{"floor":15,"key":"REST"},{"floor":23,"key":"REST"},{"floor":27,"key":"REST"},{"floor":32,"key":"REST"},{"data":"1","floor":41,"key":"LIFT"},{"data":"2","floor":49,"key":"LIFT"},{"data":"3","floor":52,"key":"LIFT"}],"circlet_count":0,"master_deck":["Clothesline+1","Fiend Fire+1","True Grit+1","Shrug It Off+1","True Grit+1","Limit Break+1","Feel No Pain","Pummel+1","Anger+1","Clothesline+1","Battle Trance+1","Iron Wave+1","Evolve+1","Cleave+1","Rage+1","Inflame","Pommel Strike+1","Immolate+1","Exhume+1","Feel No Pain","Feel No Pain+1","Metallicize+1","Fiend Fire+1","Shrug It Off+1","Pommel Strike+1","Shrug It Off+1"],"relics":["Fusion Hammer","Lantern","Torii","Molten Egg 2","Toxic Egg 2","Art of War","Lizard Tail","Pandora\u0027s Box","Ancient Tea Set","betterThird:NestCultRelic","Girya","Vajra","Dead Branch","White Beast Statue","Empty Cage","Mercury Hourglass","Medical Kit","Gremlin Horn","Dream Catcher","MealTicket","Bottled Flame","Charon\u0027s Ashes","HandDrill","Calipers"],"acts_visited":["Exordium","TheCity","TheBeyond","TheEnding"],"potions_floor_usage":[16,18,24,30,33,39,40,50,50,50,55,55],"damage_taken":[{"damage":0,"enemies":"Cultist","floor":1,"turns":3},{"damage":0,"enemies":"Jaw Worm","floor":2,"turns":2},{"damage":16,"enemies":"Lagavulin","floor":7,"turns":6},{"damage":20,"enemies":"Gremlin Nob","floor":10,"turns":4},{"damage":0,"enemies":"2 Louse","floor":11,"turns":2},{"damage":0,"enemies":"Large Slime","floor":12,"turns":3},{"damage":0,"enemies":"3 Louse","floor":13,"turns":2},{"damage":0,"enemies":"3 Sentries","floor":14,"turns":6},{"damage":9,"enemies":"Hexaghost","floor":16,"turns":10},{"damage":0,"enemies":"Chosen","floor":18,"turns":2},{"damage":0,"enemies":"Spheric Guardian","floor":20,"turns":3},{"damage":0,"enemies":"Snecko","floor":21,"turns":3},{"damage":54,"enemies":"Gremlin Leader","floor":24,"turns":6},{"damage":1,"enemies":"Sentry and Sphere","floor":28,"turns":4},{"damage":6,"enemies":"Book of Stabbing","floor":30,"turns":4},{"damage":0,"enemies":"3 Cultists","floor":31,"turns":2},{"damage":1,"enemies":"Automaton","floor":33,"turns":4},{"damage":22,"enemies":"3 Darklings","floor":35,"turns":3},{"damage":0,"enemies":"Reptomancer","floor":40,"turns":5},{"damage":6,"enemies":"3 Shapes","floor":42,"turns":1},{"damage":24,"enemies":"Giant Head","floor":44,"turns":6},{"damage":1,"enemies":"Writhing Mass","floor":45,"turns":6},{"damage":0,"enemies":"4 Shapes","floor":47,"turns":1},{"damage":3,"enemies":"Transient","floor":48,"turns":5},{"damage":25,"enemies":"Awakened One","floor":50,"turns":3},{"damage":15,"enemies":"Shield and Spear","floor":54,"turns":2},{"damage":41,"enemies":"The Heart","floor":55,"turns":6}],"seed_played":"-8212399238033473126","potions_obtained":[{"floor":10,"key":"AttackPotion"},{"floor":12,"key":"Block Potion"},{"floor":13,"key":"SteroidPotion"},{"floor":16,"key":"PowerPotion"},{"floor":20,"key":"Explosive Potion"},{"floor":24,"key":"hexamod:EctoCoolerPotion"},{"floor":28,"key":"Guardian:BlockOnCardUsePotion"},{"floor":31,"key":"SpeedPotion"},{"floor":33,"key":"SpeedPotion"},{"floor":35,"key":"hexamod:EctoCoolerPotion"},{"floor":40,"key":"FearPotion"},{"floor":42,"key":"ColorlessPotion"},{"floor":45,"key":"DuplicationPotion"},{"floor":47,"key":"Block Potion"},{"floor":54,"key":"Energy Potion"}],"is_trial":false,"path_per_floor":["M","M","?","?","$","R","E","R","T","E","M","M","M","E","R","B",null,"M","?","M","M","?","R","E","$","T","R","M","?","E","M","R","B",null,"M","?","?","T","$","E","R","M","T","E","M","$","M","M","R","B",null,"R","$","E","B",null],"character_chosen":"IRONCLAD","items_purchased":["Torii","Vajra","Inflame","Pommel Strike+1","Mercury Hourglass","Medical Kit","Feel No Pain","Gremlin Horn","Fruit Juice","Charon\u0027s Ashes","HandDrill","Shrug It Off+1","PowerPotion","Shrug It Off+1"],"campfire_rested":5,"item_purchase_floors":[5,25,25,25,39,39,39,39,39,46,46,46,53,53],"current_hp_per_floor":[80,80,80,80,80,80,64,80,80,60,60,60,60,60,80,71,80,80,80,80,80,80,80,26,26,26,50,49,49,43,43,67,66,80,58,58,78,78,83,83,83,77,77,53,52,67,67,64,64,39,82,82,82,67,26],"gold":52,"neow_bonus":"BOSS_RELIC","is_daily":false,"chose_seed":true,"campfire_upgraded":0,"win_rate":0.0,"timestamp":1609781027,"path_taken":["M","M","?","?","$","R","E","R","T","E","M","M","M","E","R","BOSS","M","?","?","M","?","R","E","$","T","R","M","?","E","M","R","BOSS","M","?","?","?","$","E","R","M","T","E","?","$","M","M","R","BOSS","R","$","E","BOSS"],"items_purchased_type":["Relic","Relic","Card","Card","Relic","Relic","Card","Relic","Potion","Relic","Relic","Card","Potion","Card"],"build_version":"2020-12-22","purchased_purges":11,"victory":true,"max_hp_per_floor":[80,80,80,80,80,80,80,80,80,80,80,80,80,80,80,80,80,80,80,80,80,80,80,80,80,80,80,80,80,80,80,80,80,80,80,80,80,80,85,85,85,85,85,85,85,82,82,82,82,82,82,82,82,82,82],"card_choices":[{"not_picked":["Sword Boomerang","True Grit"],"picked":"Clash","floor":1},{"not_picked":["True Grit","Wild Strike"],"picked":"Pommel Strike","floor":2},{"not_picked":["Disarm","Pommel Strike+1"],"picked":"Clothesline+1","floor":7},{"not_picked":["Anger+1","Headbutt+1"],"picked":"Fiend Fire+1","floor":10},{"not_picked":["Carnage+1","Cleave+1"],"picked":"True Grit+1","floor":11},{"not_picked":["Warcry+1","Clothesline+1"],"picked":"Armaments+1","floor":12},{"not_picked":["Power Through+1","Inflame"],"picked":"Shrug It Off+1","floor":13},{"not_picked":["Clash+1","Flex+1"],"picked":"True Grit+1","floor":14},{"not_picked":["Feed+1","Demon Form"],"picked":"Limit Break+1","floor":16},{"not_picked":["Armaments+1","Heavy Blade+1"],"picked":"Evolve+1","floor":18},{"not_picked":["True Grit+1","Intimidate+1","Heavy Blade+1"],"picked":"SKIP","floor":20},{"not_picked":["Twin Strike+1","Thunderclap+1"],"picked":"Cleave+1","floor":21},{"not_picked":["Inflame","Sentinel+1"],"picked":"Rage+1","floor":24},{"not_picked":["Headbutt+1","Blood for Blood+1"],"picked":"Immolate+1","floor":28},{"not_picked":["Iron Wave+1","Perfected Strike+1","Headbutt+1"],"picked":"SKIP","floor":30},{"not_picked":["Dropkick+1","Cleave+1","Twin Strike+1"],"picked":"SKIP","floor":31},{"not_picked":["Demon Form","Double Tap+1"],"picked":"Exhume+1","floor":33},{"not_picked":["Heavy Blade+1","Dropkick+1","Armaments+1"],"picked":"SKIP","floor":35},{"not_picked":["Anger+1","Cleave+1"],"picked":"Feel No Pain+1","floor":40},{"not_picked":["Body Slam+1","Combust"],"picked":"Metallicize+1","floor":42},{"not_picked":["Wild Strike+1","True Grit+1"],"picked":"Fiend Fire+1","floor":44},{"not_picked":["Iron Wave+1","Flex+1","Entrench+1"],"picked":"SKIP","floor":45},{"not_picked":["Perfected Strike+1","Iron Wave+1","Body Slam+1"],"picked":"SKIP","floor":47},{"not_picked":["Body Slam+1","Immolate+1"],"picked":"Pommel Strike+1","floor":48},{"not_picked":["Clash+1","Flex+1","Clothesline+1"],"picked":"SKIP","floor":54}],"player_experience":119537,"relics_obtained":[{"floor":7,"key":"Molten Egg 2"},{"floor":9,"key":"Toxic Egg 2"},{"floor":10,"key":"Art of War"},{"floor":14,"key":"Lizard Tail"},{"floor":24,"key":"Girya"},{"floor":26,"key":"Dead Branch"},{"floor":30,"key":"White Beast Statue"},{"floor":40,"key":"Dream Catcher"},{"floor":43,"key":"MealTicket"},{"floor":44,"key":"Bottled Flame"},{"floor":54,"key":"Calipers"}],"event_choices":[{"damage_healed":0,"gold_gain":0,"player_choice":"Box","damage_taken":0,"relics_obtained":["Lantern"],"max_hp_gain":0,"max_hp_loss":0,"event_name":"Big Fish","floor":3,"gold_loss":0,"cards_obtained":["Regret"]},{"damage_healed":0,"gold_gain":175,"player_choice":"AGREE","damage_taken":131,"max_hp_gain":0,"max_hp_loss":0,"event_name":"betterThird:BetterSerpent","floor":4,"gold_loss":0},{"damage_healed":0,"gold_gain":0,"player_choice":"Gave Potion","damage_taken":0,"relics_obtained":["Ancient Tea Set"],"max_hp_gain":0,"max_hp_loss":0,"event_name":"WeMeetAgain","floor":19,"gold_loss":0},{"damage_healed":0,"gold_gain":0,"player_choice":"Madness","damage_taken":0,"relics_obtained":["betterThird:NestCultRelic"],"max_hp_gain":0,"max_hp_loss":0,"event_name":"betterThird:BetterNest","floor":22,"gold_loss":0},{"damage_healed":0,"gold_gain":999,"player_choice":"Gold","damage_taken":0,"max_hp_gain":0,"max_hp_loss":0,"event_name":"MindBloom","floor":36,"gold_loss":0,"cards_obtained":["Normality","Normality"]},{"damage_healed":20,"gold_gain":0,"player_choice":"Writhe","damage_taken":0,"max_hp_gain":0,"max_hp_loss":0,"event_name":"Winding Halls","floor":37,"gold_loss":0,"cards_obtained":["Writhe"]}],"is_beta":false,"boss_relics":[{"not_picked":["Black Star","Coffee Dripper"],"picked":"Pandora\u0027s Box"},{"not_picked":["Snecko Eye","Velvet Choker"],"picked":"Empty Cage"}],"items_purged_floors":[5,5,5,25,25,39,39,39,46,46,46],"is_endless":false,"potions_floor_spawned":[10,12,13,16,20,24,28,31,33,35,40,42,44,45,47,48,54],"ascension_level":2}}