{"host":"2se5dq1do2gp0x9k","time":1609797788,"event":{"mods":["BaseMod","Block Reminder","Colored Map","Colored Powertips","Minty Spire (QoL Compilation)","Relic Stats","StSLib","SuperFastMode","Synergy Search"],"gold_per_floor":[117,131,131,154,39,39,52,52,52,70,70,114,5,29,29,120,120,136,25,25,44,64,64,108,121,144,144,243,266,266,266],"floor_reached":30,"playtime":1299,"items_purged":["Strike_P"],"score":466,"play_id":"98aade8c-6168-4f8a-a3db-8a4fa4bd4f6e","local_time":"20210104140308","is_ascension_mode":true,"campfire_choices":[{"data":"Eruption","floor":6,"key":"SMITH"},{"data":"EmptyMind","floor":8,"key":"SMITH"},{"data":"Tantrum","floor":11,"key":"SMITH"},{"data":"Tantrum","floor":15,"key":"SMITH"},{"data":"Vault","floor":23,"key":"SMITH"},{"floor":27,"key":"REST"}],"circlet_count":0,"master_deck":["AscendersBane","Strike_P","Strike_P","Strike_P","Defend_P","Defend_P","Defend_P","Defend_P","Eruption+1","Vigilance","PathToVictory","EmptyBody","FearNoEvil","Tantrum+1","InnerPeace","EmptyMind+1","Tantrum","PathToVictory","Tantrum+1","ThirdEye","Vault+1","EmptyBody","Meditate","Tantrum","Ghostly","Ghostly","Ghostly","Ghostly","Ghostly","FlurryOfBlows","Wallop"],"relics":["PureWater","NeowsBlessing","Golden Idol","Frozen Egg 2","Darkstone Periapt","Runic Pyramid","Dead Branch","Bronze Scales"],"acts_visited":["Exordium","TheCity"],"potions_floor_usage":[12,21,22],"damage_taken":[{"damage":0,"enemies":"Cultist","floor":1,"turns":1},{"damage":0,"enemies":"2 Louse","floor":2,"turns":2},{"damage":0,"enemies":"Small Slimes","floor":4,"turns":1},{"damage":1,"enemies":"Looter","floor":7,"turns":3},{"damage":23,"enemies":"Lots of Slimes","floor":10,"turns":5},{"damage":7,"enemies":"Lagavulin","floor":12,"turns":5},{"damage":0,"enemies":"Large Slime","floor":14,"turns":1},{"damage":16,"enemies":"The Guardian","floor":16,"turns":11},{"damage":0,"enemies":"Chosen","floor":18,"turns":3},{"damage":2,"enemies":"2 Thieves","floor":21,"turns":5},{"damage":3,"enemies":"Sentry and Sphere","floor":22,"turns":5},{"damage":18,"enemies":"Book of Stabbing","floor":24,"turns":7},{"damage":3,"enemies":"Snake Plant","floor":25,"turns":5},{"damage":1,"enemies":"Cultist and Chosen","floor":29,"turns":5},{"damage":21,"enemies":"Slavers","floor":30,"turns":1}],"seed_played":"1131591723715280775","potions_obtained":[{"floor":2,"key":"Ancient Potion"},{"floor":7,"key":"PowerPotion"},{"floor":12,"key":"Block Potion"},{"floor":18,"key":"Strength Potion"},{"floor":24,"key":"DistilledChaos"},{"floor":25,"key":"Explosive Potion"}],"is_trial":false,"path_per_floor":["M","M","?","M","$","R","M","R","T","M","R","E","$","M","R","B",null,"M","$","?","M","M","R","E","M","T","R","?","M","E"],"character_chosen":"WATCHER","items_purchased":["Tantrum","InnerPeace","Tantrum","Meditate","Tantrum"],"campfire_rested":1,"item_purchase_floors":[5,5,13,19,19],"current_hp_per_floor":[65,65,65,65,65,65,64,64,64,41,41,34,34,34,34,18,55,55,55,33,31,28,28,10,7,7,16,16,15,0,0],"gold":266,"neow_bonus":"THREE_ENEMY_KILL","is_daily":false,"chose_seed":false,"campfire_upgraded":5,"win_rate":0.0,"timestamp":1609797788,"path_taken":["M","?","?","M","$","R","M","R","T","M","R","E","$","M","R","BOSS","M","$","?","M","M","R","E","M","T","R","?","M","E"],"items_purchased_type":["Card","Card","Card","Card","Card"],"build_version":"2020-12-22","purchased_purges":1,"victory":false,"max_hp_per_floor":[72,72,67,67,67,67,67,67,67,67,67,67,67,67,67,67,67,67,67,33,33,33,33,33,33,33,33,33,33,33,33],"relic_stats":{"Darkstone Periapt":0,"counters":[15,60],"Golden Idol":72,"Dead Branch":[13],"Bronze Scales":[15],"obtain_stats":[{"Darkstone Periapt":12,"NeowsBlessing":0,"Golden Idol":3,"Dead Branch":24,"Bronze Scales":26,"PureWater":0,"Frozen Egg 2":9,"Runic Pyramid":17},{"Darkstone Periapt":6,"NeowsBlessing":0,"Golden Idol":2,"Dead Branch":12,"Bronze Scales":13,"PureWater":0,"Frozen Egg 2":4,"Runic Pyramid":8},{"Darkstone Periapt":17,"NeowsBlessing":0,"Golden Idol":3,"Dead Branch":49,"Bronze Scales":54,"PureWater":0,"Frozen Egg 2":7,"Runic Pyramid":29}]},"card_choices":[{"not_picked":["Protect","Prostrate"],"picked":"PathToVictory","floor":1},{"not_picked":["Crescendo","Collect"],"picked":"EmptyBody","floor":2},{"not_picked":["JustLucky","CutThroughFate"],"picked":"FearNoEvil","floor":4},{"not_picked":["Protect","ThirdEye"],"picked":"EmptyMind","floor":7},{"not_picked":["BowlingBash","Evaluate"],"picked":"Tantrum","floor":10},{"not_picked":["Prostrate","ThirdEye"],"picked":"PathToVictory","floor":12},{"not_picked":["WaveOfTheHand","Protect"],"picked":"ThirdEye","floor":14},{"not_picked":["Brilliance","Ragnarok"],"picked":"Vault","floor":16},{"not_picked":["WaveOfTheHand","Crescendo"],"picked":"EmptyBody","floor":18},{"not_picked":["Crescendo","Weave+1","Study+1"],"picked":"SKIP","floor":21},{"not_picked":["CutThroughFate","SandsOfTime+1"],"picked":"FlurryOfBlows","floor":22},{"not_picked":["Crescendo","Prostrate"],"picked":"Wallop","floor":24},{"not_picked":["Evaluate+1","WaveOfTheHand","Protect"],"picked":"SKIP","floor":25},{"not_picked":["Nirvana+1","Consecrate","ThirdEye"],"picked":"SKIP","floor":29}],"player_experience":3773572,"relics_obtained":[{"floor":9,"key":"Frozen Egg 2"},{"floor":12,"key":"Darkstone Periapt"},{"floor":24,"key":"Dead Branch"},{"floor":26,"key":"Bronze Scales"}],"event_choices":[{"damage_healed":0,"gold_gain":0,"player_choice":"Lose Max HP","damage_taken":0,"relics_obtained":["Golden Idol"],"max_hp_gain":0,"max_hp_loss":5,"event_name":"Golden Idol","floor":3,"gold_loss":0},{"damage_healed":0,"gold_gain":0,"player_choice":"Became a Ghost","damage_taken":0,"max_hp_gain":0,"max_hp_loss":34,"event_name":"Ghosts","floor":20,"gold_loss":0,"cards_obtained":["Ghostly","Ghostly","Ghostly","Ghostly","Ghostly"]},{"damage_healed":0,"gold_gain":99,"player_choice":"Stole From Cult","damage_taken":0,"max_hp_gain":0,"max_hp_loss":0,"event_name":"Nest","floor":28,"gold_loss":0}],"is_beta":false,"boss_relics":[{"not_picked":["Philosopher\u0027s Stone","Cursed Key"],"picked":"Runic Pyramid"}],"items_purged_floors":[13],"is_endless":false,"potions_floor_spawned":[2,7,10,12,18,24,25],"killed_by":"Slavers","ascension_level":13}}