{"host":"6bsan6hkua32tfq7","time":1609787746,"event":{"mods":["BaseMod","Better Third Choice","Colored Map","Highlight Path","Minty Spire (QoL Compilation)","StSLib"],"gold_per_floor":[116,134,146,157,176,176,190,21,45,63,63,121,134,153,153,153,153],"floor_reached":16,"playtime":392,"items_purged":["Defend_P"],"score":196,"play_id":"725e84b1-3ae0-4ae5-ac78-0f9804a58fb5","local_time":"20210104201546","is_ascension_mode":true,"campfire_choices":[{"data":"PathToVictory","floor":6.0,"key":"SMITH"},{"data":"PathToVictory","floor":15,"key":"SMITH"}],"circlet_count":0,"master_deck":["AscendersBane","Strike_P","Strike_P","Strike_P","Strike_P","Defend_P","Defend_P","Defend_P","Eruption","Vigilance","PathToVictory+1","WheelKick","LikeWater","ThirdEye","Impatience","FlurryOfBlows","WaveOfTheHand","PathToVictory+1"],"relics":["PureWater","NeowsBlessing","Happy Flower","Ornamental Fan"],"acts_visited":["Exordium"],"potions_floor_usage":[13],"damage_taken":[{"damage":0.0,"enemies":"Cultist","floor":1.0,"turns":1.0},{"damage":0.0,"enemies":"Small Slimes","floor":2.0,"turns":1.0},{"damage":0.0,"enemies":"Jaw Worm","floor":3.0,"turns":1.0},{"damage":36.0,"enemies":"Exordium Thugs","floor":4.0,"turns":5.0},{"damage":0.0,"enemies":"Large Slime","floor":5.0,"turns":5.0},{"damage":19.0,"enemies":"Exordium Wildlife","floor":7.0,"turns":3.0},{"damage":0.0,"enemies":"Exordium Thugs","floor":10.0,"turns":4.0},{"damage":0,"enemies":"Gremlin Gang","floor":13,"turns":4},{"damage":0,"enemies":"Looter","floor":14,"turns":3},{"damage":28,"enemies":"Slime Boss","floor":16,"turns":3}],"seed_played":"5967263926987639519","potions_obtained":[{"floor":4.0,"key":"Dexterity Potion"},{"floor":5.0,"key":"SkillPotion"},{"floor":7.0,"key":"AttackPotion"},{"floor":10.0,"key":"BlessingOfTheForge"}],"is_trial":false,"path_per_floor":["M","M","M","M","M","R","M","$","T","M","T","?","M","M","R","B"],"character_chosen":"WATCHER","items_purchased":["Impatience"],"campfire_rested":0,"item_purchase_floors":[8],"current_hp_per_floor":[61,61,61,25,25,25,6,6,6,6,6,6,6,6,6,0,0],"gold":153,"neow_bonus":"THREE_ENEMY_KILL","is_daily":false,"chose_seed":false,"campfire_upgraded":2,"win_rate":0.0,"timestamp":1609787746,"path_taken":["M","M","M","M","M","R","?","$","T","?","?","?","M","M","R","BOSS"],"items_purchased_type":["Card"],"build_version":"2020-12-22","purchased_purges":1,"victory":false,"max_hp_per_floor":[68,68,68,68,68,68,68,68,68,68,68,68,68,68,68,68,68],"card_choices":[{"not_picked":["CrushJoints","Indignation"],"picked":"PathToVictory","floor":1.0},{"not_picked":["Fasting2","EmptyBody","Adaptation"],"picked":"SKIP","floor":2.0},{"not_picked":["WreathOfFlame","BowlingBash"],"picked":"WheelKick","floor":3.0},{"not_picked":["Weave","Fasting2","CrushJoints"],"picked":"SKIP","floor":4.0},{"not_picked":["Wireheading","JustLucky"],"picked":"LikeWater","floor":5.0},{"not_picked":["BowlingBash","FlyingSleeves"],"picked":"ThirdEye","floor":7.0},{"not_picked":["Vengeance","ThirdEye"],"picked":"FlurryOfBlows","floor":10.0},{"not_picked":["Study","SashWhip"],"picked":"WaveOfTheHand","floor":13},{"not_picked":["Perseverance","Conclude"],"picked":"PathToVictory","floor":14}],"player_experience":5249680,"relics_obtained":[{"floor":9.0,"key":"Happy Flower"},{"floor":11.0,"key":"Ornamental Fan"}],"event_choices":[{"damage_healed":0.0,"max_hp_gain":0.0,"max_hp_loss":0.0,"gold_gain":58.0,"event_name":"Golden Wing","player_choice":"Gained Gold","floor":12.0,"gold_loss":0.0,"damage_taken":0.0}],"is_beta":false,"boss_relics":[],"items_purged_floors":[8],"is_endless":false,"potions_floor_spawned":[4,5,7,10],"killed_by":"Slime Boss","ascension_level":20}}