{"host":"rolltorest","time":1609721696,"event":{"mods":["BaseMod","Minty Spire (QoL Compilation)","Relic Stats","Slay the Relics Exporter","StSLib","The Servant 0.9.4"],"gold_per_floor":[111,111,130,146,161,191,191,191,191],"floor_reached":8,"playtime":243,"items_purged":[],"score":116,"play_id":"697b7561-77fd-46c1-bbc0-c86910802496","local_time":"20210103165456","is_ascension_mode":true,"campfire_choices":[{"data":"FanOfKnives","floor":7,"key":"SMITH"}],"circlet_count":0,"master_deck":["AscendersBane","Strike_S","Strike_S","Strike_S","Strike_S","Defend_S","Defend_S","Defend_S","Defend_S","KidneyShot","Exchange","Gouge+1","Desolation","Sabotage","Deadline","FanOfKnives+1"],"relics":["Uniform","Happy Flower","Bottled Flame"],"acts_visited":["Exordium"],"potions_floor_usage":[8],"damage_taken":[{"damage":0,"enemies":"2 Louse","floor":1,"turns":4},{"damage":0,"enemies":"Cultist","floor":3,"turns":2},{"damage":7,"enemies":"Jaw Worm","floor":4,"turns":3},{"damage":0,"enemies":"3 Louse","floor":5,"turns":3},{"damage":6,"enemies":"Lagavulin","floor":6,"turns":5},{"damage":50,"enemies":"3 Sentries","floor":8,"turns":6}],"seed_played":"3379663066903423796","potions_obtained":[{"floor":1,"key":"EssenceOfSteel"},{"floor":5,"key":"Strength Potion"}],"is_trial":false,"path_per_floor":["M","?","M","M","M","E","R","E"],"character_chosen":"THE_SERVANT","items_purchased":[],"campfire_rested":0,"item_purchase_floors":[],"current_hp_per_floor":[54,54,54,47,47,41,41,0,0],"gold":191,"neow_bonus":"RANDOM_COMMON_RELIC","is_daily":false,"chose_seed":false,"campfire_upgraded":1,"win_rate":0.0,"timestamp":1609721696,"path_taken":["M","?","M","?","M","E","R","E"],"items_purchased_type":[],"build_version":"2020-12-18","purchased_purges":0,"victory":false,"max_hp_per_floor":[60,60,60,60,60,60,60,60,60],"relic_stats":{"Happy Flower":[7],"counters":[6,23],"obtain_stats":[{"Bottled Flame":6,"Happy Flower":0,"Uniform":0},{"Bottled Flame":5,"Happy Flower":0,"Uniform":0},{"Bottled Flame":17,"Happy Flower":0,"Uniform":0}]},"card_choices":[{"not_picked":["Replace","Orbit"],"picked":"Gouge","floor":1},{"not_picked":["Ricochet","Snipe"],"picked":"Desolation","floor":3},{"not_picked":["DoubleEdge","Alleviate"],"picked":"Sabotage","floor":4},{"not_picked":["Desolation","Shuttle"],"picked":"Deadline","floor":5},{"not_picked":["Foresight","Deny"],"picked":"FanOfKnives","floor":6}],"player_experience":1913312,"relics_obtained":[{"floor":6,"key":"Bottled Flame"}],"event_choices":[{"damage_healed":0,"gold_gain":0,"player_choice":"Forge","damage_taken":0,"max_hp_gain":0,"max_hp_loss":0,"event_name":"Accursed Blacksmith","floor":2,"gold_loss":0,"cards_upgraded":["Gouge"]}],"is_beta":true,"boss_relics":[],"items_purged_floors":[],"is_endless":false,"potions_floor_spawned":[1,5,6],"killed_by":"3 Sentries","ascension_level":20}}