{"host":"6bsan6hkua32tfq7","time":1609777729,"event":{"mods":["BaseMod","Better Third Choice","Colored Map","Highlight Path","Minty Spire (QoL Compilation)","StSLib"],"gold_per_floor":[117,134,146,166,176,206,225,254,308,338,338,399,399,411,411,486,486,505,521,521,535,450,450,463,497,497,497,531,543,543,558,558,637,637,653,664,377,389,39,39,39,39,39,72,72,98,98,117,117,117,117],"floor_reached":50,"playtime":1976,"items_purged":["Strike_P","Strike_P"],"score":1178,"play_id":"f81b9165-92f7-41a4-8f99-0dd840bb7ca0","local_time":"20210104172849","is_ascension_mode":true,"campfire_choices":[{"data":"LikeWater","floor":11,"key":"SMITH"},{"data":"Eruption","floor":13,"key":"SMITH"},{"data":"DeceiveReality","floor":15,"key":"SMITH"},{"floor":23,"key":"REST"},{"floor":27,"key":"REST"},{"floor":30,"key":"REST"},{"floor":32,"key":"REST"},{"floor":40,"key":"REST"},{"floor":42,"key":"REST"},{"floor":47,"key":"REST"},{"floor":49,"key":"RECALL"}],"circlet_count":0,"master_deck":["AscendersBane","Strike_P+1","Strike_P+1","Defend_P+1","Defend_P","Defend_P+1","Defend_P","Vigilance+1","Conclude","DeceiveReality+1","Protect+1","LikeWater+1","CarveReality+1","Conclude+1","Meditate+1","Tantrum+1","Consecrate+1","Consecrate+1","FlurryOfBlows+1","LessonLearned+1","CrushJoints+1","RitualDagger+1","EmptyBody+1","Perseverance+1","LessonLearned+1","WaveOfTheHand+1","DevaForm","Meditate","Study","LikeWater"],"relics":["PureWater","NeowsBlessing","Bag of Marbles","Bottled Tornado","Whetstone","Molten Egg 2","Gremlin Horn","Velvet Choker","Vajra","Omamori","Torii","Oddly Smooth Stone","Calling Bell","Damaru","Pantograph","GoldenEye","War Paint","Bag of Preparation","Orichalcum","Bottled Flame"],"acts_visited":["Exordium","TheCity","TheBeyond"],"potions_floor_usage":[5,7,16,19,25,28,44,50,50],"damage_taken":[{"damage":0,"enemies":"Small Slimes","floor":1,"turns":1},{"damage":0,"enemies":"2 Louse","floor":2,"turns":1},{"damage":0,"enemies":"Jaw Worm","floor":3,"turns":1},{"damage":0,"enemies":"3 Louse","floor":4,"turns":3},{"damage":15,"enemies":"Exordium Wildlife","floor":5,"turns":9},{"damage":5,"enemies":"Lagavulin","floor":6,"turns":7},{"damage":0,"enemies":"Exordium Thugs","floor":7,"turns":2},{"damage":5,"enemies":"3 Sentries","floor":8,"turns":3},{"damage":22,"enemies":"Gremlin Nob","floor":10,"turns":4},{"damage":0,"enemies":"Gremlin Nob","floor":12,"turns":2},{"damage":0,"enemies":"Looter","floor":14,"turns":3},{"damage":14,"enemies":"The Guardian","floor":16,"turns":12},{"damage":4,"enemies":"2 Thieves","floor":18,"turns":3},{"damage":0,"enemies":"Spheric Guardian","floor":19,"turns":3},{"damage":29,"enemies":"Snake Plant","floor":21,"turns":4},{"damage":0,"enemies":"3 Cultists","floor":24,"turns":3},{"damage":5,"enemies":"Slavers","floor":25,"turns":3},{"damage":14,"enemies":"Book of Stabbing","floor":28,"turns":3},{"damage":11,"enemies":"Centurion and Healer","floor":29,"turns":3},{"damage":17,"enemies":"Snake Plant","floor":31,"turns":3},{"damage":21,"enemies":"Automaton","floor":33,"turns":13},{"damage":0,"enemies":"3 Darklings","floor":35,"turns":4},{"damage":2,"enemies":"Orb Walker","floor":36,"turns":5},{"damage":48,"enemies":"Spire Growth","floor":38,"turns":5},{"damage":0,"enemies":"Reptomancer","floor":44,"turns":9},{"damage":45,"enemies":"Nemesis","floor":46,"turns":9},{"damage":2,"enemies":"Maw","floor":48,"turns":10},{"damage":64,"enemies":"Donu and Deca","floor":50,"turns":8}],"seed_played":"-6069518759188836992","potions_obtained":[{"floor":1,"key":"LiquidBronze"},{"floor":3,"key":"Explosive Potion"},{"floor":5,"key":"Fruit Juice"},{"floor":7,"key":"Explosive Potion"},{"floor":12,"key":"StancePotion"},{"floor":16,"key":"SkillPotion"},{"floor":18,"key":"SteroidPotion"},{"floor":21,"key":"Dexterity Potion"},{"floor":29,"key":"Fire Potion"},{"floor":31,"key":"EssenceOfSteel"},{"floor":33,"key":"EntropicBrew"},{"floor":38,"key":"Weak Potion"}],"is_trial":false,"path_per_floor":["M","M","M","M","M","E","M","E","T","E","R","?","R","M","R","B",null,"M","M","?","M","?","R","M","E","T","R","E","M","R","M","R","B",null,"M","M","$","M","$","R","?","R","T","E","?","E","R","M","R","B"],"character_chosen":"WATCHER","items_purchased":["War Paint","Study","Bag of Preparation","LikeWater"],"campfire_rested":7,"item_purchase_floors":[37,37,39,39],"current_hp_per_floor":[61,61,61,61,51,46,46,41,41,19,19,19,19,19,19,5,56,52,52,46,17,17,38,38,33,33,54,40,29,50,33,54,33,63,63,61,61,13,13,34,34,55,55,55,55,10,30,28,28,0,0],"gold":117,"neow_bonus":"THREE_ENEMY_KILL","is_daily":false,"chose_seed":false,"campfire_upgraded":3,"win_rate":0.0,"timestamp":1609777729,"path_taken":["M","M","M","M","M","E","M","E","T","E","R","?","R","M","R","BOSS","M","M","?","M","?","R","M","E","T","R","E","M","R","M","R","BOSS","M","M","$","M","$","R","?","R","T","E","?","E","R","?","R","BOSS"],"items_purchased_type":["Relic","Card","Relic","Card"],"build_version":"2020-12-22","purchased_purges":2,"victory":false,"max_hp_per_floor":[68,68,68,68,73,73,73,73,73,73,73,73,73,73,73,73,73,73,73,73,73,73,73,73,73,73,73,73,73,73,73,73,73,73,73,73,73,73,73,73,73,73,73,73,69,69,69,69,69,69,69],"card_choices":[{"not_picked":["Weave","ThirdEye"],"picked":"Conclude","floor":1},{"not_picked":["Nirvana","ClearTheMind"],"picked":"DeceiveReality","floor":2},{"not_picked":["CrushJoints","EmptyBody"],"picked":"Protect","floor":3},{"not_picked":["FlurryOfBlows","EmptyFist"],"picked":"LikeWater","floor":4},{"not_picked":["Fasting2","Wireheading"],"picked":"CarveReality","floor":5},{"not_picked":["SashWhip","Protect"],"picked":"Conclude","floor":6},{"not_picked":["Protect","EmptyBody"],"picked":"Meditate","floor":7},{"not_picked":["EmptyBody","JustLucky"],"picked":"Tantrum","floor":8},{"not_picked":["ConjureBlade","Conclude+1"],"picked":"Consecrate+1","floor":10},{"not_picked":["PathToVictory","EmptyBody"],"picked":"Consecrate+1","floor":12},{"not_picked":["FlyingSleeves+1","JustLucky+1"],"picked":"FlurryOfBlows+1","floor":14},{"not_picked":["Omniscience","Alpha"],"picked":"LessonLearned+1","floor":16},{"not_picked":["Protect","WreathOfFlame","Crescendo"],"picked":"SKIP","floor":18},{"not_picked":["Prostrate","CrushJoints+1","Crescendo"],"picked":"SKIP","floor":19},{"not_picked":["Prostrate","Crescendo"],"picked":"CrushJoints+1","floor":19},{"not_picked":["EmptyFist+1","ClearTheMind"],"picked":"EmptyBody+1","floor":21},{"not_picked":["Sanctity","Prostrate","Indignation+1"],"picked":"SKIP","floor":24},{"not_picked":["EmptyFist+1","EmptyBody"],"picked":"Perseverance","floor":25},{"not_picked":["FollowUp+1","Protect"],"picked":"LessonLearned+1","floor":28},{"not_picked":["FlurryOfBlows+1","Prostrate"],"picked":"WaveOfTheHand","floor":29},{"not_picked":["CutThroughFate+1","ClearTheMind","CrushJoints+1"],"picked":"SKIP","floor":31},{"not_picked":["Alpha","Brilliance+1"],"picked":"DevaForm","floor":33},{"not_picked":["SashWhip+1","CrushJoints+1","Prostrate"],"picked":"SKIP","floor":35},{"not_picked":["FlyingSleeves+1","ClearTheMind"],"picked":"Meditate","floor":36},{"not_picked":["Meditate","FlyingSleeves+1","Omniscience"],"picked":"SKIP","floor":38},{"not_picked":["SashWhip+1","FollowUp+1","FlurryOfBlows+1"],"picked":"SKIP","floor":44},{"not_picked":["Consecrate+1","EmptyFist+1","Protect"],"picked":"SKIP","floor":46},{"not_picked":["SandsOfTime+1","Wish","JustLucky+1"],"picked":"SKIP","floor":48}],"player_experience":5240584,"relics_obtained":[{"floor":6,"key":"Bag of Marbles"},{"floor":8,"key":"Bottled Tornado"},{"floor":9,"key":"Whetstone"},{"floor":10,"key":"Molten Egg 2"},{"floor":25,"key":"Omamori"},{"floor":26,"key":"Torii"},{"floor":28,"key":"Oddly Smooth Stone"},{"floor":34,"key":"Damaru"},{"floor":34,"key":"Pantograph"},{"floor":34,"key":"GoldenEye"},{"floor":44,"key":"Orichalcum"},{"floor":46,"key":"Bottled Flame"}],"event_choices":[{"damage_healed":0,"gold_gain":0,"player_choice":"Searched \u00273\u0027 times","damage_taken":0,"relics_obtained":["Gremlin Horn"],"max_hp_gain":0,"max_hp_loss":0,"event_name":"Dead Adventurer","floor":12,"gold_loss":0},{"damage_healed":0,"gold_gain":0,"player_choice":"Dagger","damage_taken":6,"max_hp_gain":0,"max_hp_loss":0,"event_name":"betterThird:BetterNest","floor":20,"gold_loss":0,"cards_obtained":["RitualDagger"]},{"damage_healed":0,"gold_gain":0,"player_choice":"Obtained Relic","damage_taken":0,"relics_obtained":["Vajra"],"max_hp_gain":0,"max_hp_loss":0,"event_name":"Addict","floor":22,"gold_loss":85},{"cards_removed":["Eruption"],"damage_healed":0,"gold_gain":0,"player_choice":"Removed Attack","damage_taken":0,"max_hp_gain":0,"max_hp_loss":0,"event_name":"Falling","floor":41,"gold_loss":0},{"damage_healed":0,"gold_gain":0,"player_choice":"Max HP","damage_taken":0,"max_hp_gain":0,"max_hp_loss":4,"event_name":"Winding Halls","floor":45,"gold_loss":0}],"is_beta":false,"boss_relics":[{"not_picked":["Snecko Eye","Cursed Key"],"picked":"Velvet Choker"},{"not_picked":["Philosopher\u0027s Stone","Tiny House"],"picked":"Calling Bell"}],"items_purged_floors":[37,39],"is_endless":false,"potions_floor_spawned":[1,3,5,7,12,14,16,18,21,29,31,33,38],"killed_by":"Donu and Deca","ascension_level":20}}