{"host":"p4yrwepmrl4g8pul","time":1609763001,"event":{"mods":["Act Like it!","BaseMod","BetterRewards","Colored Map","Custom Start","Gensokyo","Marisa£®ÏF”Í°°ƒß¿Ì…≥£©","Minty Spire (QoL Compilation)","Quick Restart","Rare Cards Sparkle","Reimu£®≤©¿ˆ¡È√Œ£©","Remilia£®¿Ÿ√◊¿Ú—«£©","Shop Mod","StSLib","The Jungle"],"gold_per_floor":[118,118,118,135,65,65,95,115,138,138,138,150,4,39,39,39,39],"floor_reached":16,"playtime":437,"items_purged":[],"score":130,"play_id":"94ec3f43-1d6b-4b19-8091-274ef803efe5","local_time":"20210104202321","daily_mods":["Cursed Run","Vintage","Terminal"],"is_ascension_mode":true,"campfire_choices":[{"data":"Survivor","floor":6,"key":"SMITH"},{"data":"Bouncing Flask","floor":11,"key":"SMITH"},{"data":"Catalyst","floor":15,"key":"SMITH"}],"circlet_count":0,"master_deck":["Strike_G+1","Strike_G","Strike_G","Strike_G","Strike_G","Defend_G","Defend_G","Defend_G","Defend_G","Defend_G+1","Survivor+1","Dagger Throw+1","Bouncing Flask+1","Gensokyo:ImpossibleRequest","Catalyst+1"],"relics":["Cursed Key","Darkstone Periapt","Du-Vu Doll","Blood Vial","Gensokyo:Mercy","Anchor","Blue Candle","MealTicket","Centennial Puzzle","Mummified Hand","ClockworkSouvenir","Vajra"],"acts_visited":["Gensokyo:Gensokyo"],"potions_floor_usage":[4,14,16,16],"damage_taken":[{"damage":0,"enemies":"Gensokyo:2_Kodama","floor":1,"turns":5},{"damage":0,"enemies":"Gensokyo:Python","floor":4,"turns":2},{"damage":3,"enemies":"Gensokyo:Aya","floor":7,"turns":8},{"damage":0,"enemies":"Gensokyo:Gryphon","floor":8,"turns":3},{"damage":0,"enemies":"Gensokyo:2_Rabbits","floor":12,"turns":3},{"damage":33,"enemies":"Gensokyo:Cirno","floor":14,"turns":7},{"damage":0,"enemies":"Gensokyo:Reimu","floor":16,"turns":4}],"seed_played":"4921390481163261505","potions_obtained":[{"floor":1,"key":"AttackPotion"},{"floor":4,"key":"SteroidPotion"},{"floor":8,"key":"Regen Potion"},{"floor":12,"key":"Dexterity Potion"}],"is_trial":true,"path_per_floor":["M","?","?","M","?","R","E","M","T","?","R","M","$","E","R","B"],"character_chosen":"THE_SILENT","items_purchased":["ClockworkSouvenir"],"campfire_rested":0,"item_purchase_floors":[13],"current_hp_per_floor":[68,67,66,65,64,63,60,61,66,65,64,63,62,35,35,37,37],"gold":39,"neow_bonus":"","is_daily":false,"chose_seed":false,"campfire_upgraded":3,"win_rate":0.0,"timestamp":1609763001,"path_taken":["M","?","?","?","?","R","E","M","T","?","R","?","?","E","R","BOSS"],"items_purchased_type":["Relic"],"build_version":"2020-12-22","purchased_purges":0,"victory":false,"max_hp_per_floor":[68,67,66,65,64,63,62,61,66,65,64,63,62,61,60,60,60],"card_choices":[{"not_picked":["Poisoned Stab","Prepared"],"picked":"Bouncing Flask","floor":7},{"not_picked":["Endless Agony","Poisoned Stab"],"picked":"Catalyst","floor":14}],"player_experience":776033,"relics_obtained":[{"floor":1,"key":"Blood Vial"},{"floor":4,"key":"Anchor"},{"floor":7,"key":"Blue Candle"},{"floor":8,"key":"MealTicket"},{"floor":9,"key":"Centennial Puzzle"},{"floor":12,"key":"Mummified Hand"},{"floor":14,"key":"Vajra"}],"event_choices":[],"is_beta":false,"boss_relics":[],"items_purged_floors":[],"is_endless":false,"potions_floor_spawned":[1,4,8,12],"killed_by":"Gensokyo:Reimu","ascension_level":5}}