{"host":"7c402rm0fqc13zvz","time":1609752228,"event":{"mods":["BaseMod","Hermit","Minty Spire (QoL Compilation)","StSLib","[功能]功能增强和修复MOD"],"gold_per_floor":[114,132,82,82,94,94,94,112,112,112,112,112,146,163,163,263,263,281,301,301,313,331,331,331,331,331,342,329,329,378,378,378,504,504,545,525,540,540,540,565,583,597,597,597,597,613,0,0,0,20],"floor_reached":51,"playtime":1623,"items_purged":["Strike_G","Defend_G","Strike_G","Strike_G","Defend_G","Defend_G","Defend_G","Defend_G","Strike_G","Strike_G","Acrobatics","Backflip","Survivor","Dagger Throw+1","Dramatic Entrance+1","Good Instincts","HandOfGreedExtend+1"],"score":802,"play_id":"1afe8e39-0809-45e0-b69b-98ec99f7e6c5","local_time":"20210104172348","is_ascension_mode":false,"campfire_choices":[{"data":"Underhanded Strike","floor":6.0,"key":"SMITH"},{"data":"Underhanded Strike","floor":12.0,"key":"SMITH"},{"data":"Dagger Throw","floor":15.0,"key":"SMITH"},{"data":"Underhanded Strike","floor":23.0,"key":"SMITH"},{"data":"Neutralize","floor":25.0,"key":"SMITH"},{"data":"Tactician","floor":32.0,"key":"SMITH"},{"data":"Reflex","floor":44,"key":"SMITH"},{"data":"Heel Hook","floor":49,"key":"SMITH"}],"circlet_count":0,"master_deck":["Neutralize+1","Underhanded Strike+1","Underhanded Strike+1","Venomology+1","Underhanded Strike+1","Acrobatics+1","Heel Hook+1","Tactician+1","Heel Hook+1","Finisher+1","Calculated Gamble","Master of Strategy","Reflex+1","Dagger Throw+1"],"relics":["Ring of the Snake","NeowsBlessing","Strawberry","Matryoshka","Strange Spoon","GremlinMask","Centennial Puzzle","White Beast Statue","MealTicket","TungstenRod","Coffee Dripper","Meat on the Bone","Kunai","Membership Card","Molten Egg 2","Prayer Wheel","Gambling Chip","Juzu Bracelet","Pantograph","Orrery","Ninja Scroll","PreservedInsect","Question Card","Red Mask"],"acts_visited":["Exordium","TheCity","TheBeyond"],"potions_floor_usage":[42,42,42,46,46,50,50,50,50,50,50,50],"damage_taken":[{"damage":0.0,"enemies":"Jaw Worm","floor":1.0,"turns":1.0},{"damage":0.0,"enemies":"Cultist","floor":2.0,"turns":1.0},{"damage":0.0,"enemies":"2 Louse","floor":5.0,"turns":2.0},{"damage":0.0,"enemies":"Large Slime","floor":8.0,"turns":3.0},{"damage":5.0,"enemies":"3 Sentries","floor":13.0,"turns":5.0},{"damage":0.0,"enemies":"Gremlin Gang","floor":14.0,"turns":2.0},{"damage":0.0,"enemies":"Slime Boss","floor":16.0,"turns":4.0},{"damage":0.0,"enemies":"Shell Parasite","floor":18.0,"turns":2.0},{"damage":0.0,"enemies":"3 Byrds","floor":19.0,"turns":2.0},{"damage":3.0,"enemies":"Centurion and Healer","floor":21.0,"turns":3.0},{"damage":4.0,"enemies":"Cultist and Chosen","floor":22.0,"turns":2.0},{"damage":4.0,"enemies":"Snake Plant","floor":27.0,"turns":2.0},{"damage":8.0,"enemies":"Centurion and Healer","floor":30.0,"turns":3.0},{"damage":31.0,"enemies":"Automaton","floor":33.0,"turns":6.0},{"damage":0.0,"enemies":"Orb Walker","floor":35.0,"turns":1.0},{"damage":0.0,"enemies":"3 Shapes","floor":37.0,"turns":1.0},{"damage":0.0,"enemies":"Reptomancer","floor":40.0,"turns":1.0},{"damage":5.0,"enemies":"3 Darklings","floor":41.0,"turns":2.0},{"damage":0,"enemies":"Maw","floor":42,"turns":1},{"damage":0,"enemies":"Spire Growth","floor":46,"turns":1},{"damage":36,"enemies":"Donu and Deca","floor":50,"turns":3}],"seed_played":"2624492913410455018","potions_obtained":[{"floor":1.0,"key":"FairyPotion"},{"floor":14.0,"key":"Fire Potion"},{"floor":14.0,"key":"CultistPotion"},{"floor":16.0,"key":"Explosive Potion"},{"floor":19.0,"key":"SkillPotion"},{"floor":21.0,"key":"Explosive Potion"},{"floor":27.0,"key":"SteroidPotion"},{"floor":30.0,"key":"Poison Potion"},{"floor":33.0,"key":"Strength Potion"},{"floor":35.0,"key":"FairyPotion"}],"is_trial":false,"path_per_floor":["M","M","$","?","M","R","?","M","T","?","?","R","E","M","R","B",null,"M","M","?","M","M","R","?","R","T","M","$","?","M","?","R","B",null,"M","$","M","$","?","E","M","M","T","R","?","M","?","?","R","B",null],"character_chosen":"THE_SILENT","items_purchased":["Strawberry","Matryoshka","Strange Spoon","Backflip","Caltrops","Fire Potion","Strength Potion","Membership Card","Molten Egg 2","Prayer Wheel","Fruit Juice","DuplicationPotion","Finisher+1","Juzu Bracelet","Pantograph","Orrery","Ninja Scroll"],"campfire_rested":0,"item_purchase_floors":[3,3,3,3,3,3,3,28,28,28,28,28,36,36,36,36,38],"current_hp_per_floor":[70,70,77,77,77,77,77,77,77,52,77,77,72,72,72,72,77,77,77,77,74,70,70,57,57,57,53,73,42,46,46,46,27,87,87,87,87,87,78,78,73,73,73,73,73,73,73,73,73,47],"gold":20,"neow_bonus":"THREE_ENEMY_KILL","is_daily":false,"chose_seed":false,"campfire_upgraded":8,"win_rate":0.0,"timestamp":1609752228,"path_taken":["M","M","$","?","M","R","?","?","T","?","?","R","E","M","R","BOSS","M","?","?","?","M","R","?","R","T","M","$","?","?","?","R","BOSS","M","$","M","$","?","E","M","M","T","R","?","M","?","?","R","BOSS"],"items_purchased_type":["Relic","Relic","Relic","Card","Card","Potion","Potion","Relic","Relic","Relic","Potion","Potion","Card","Relic","Relic","Relic","Relic"],"build_version":"2020-12-22","purchased_purges":17,"victory":true,"max_hp_per_floor":[70,70,77,77,77,77,77,77,77,77,77,77,77,77,77,77,77,77,77,77,77,77,77,82,82,82,82,87,87,87,87,87,87,87,87,87,87,87,87,87,87,87,87,87,87,87,87,83,83,83],"card_choices":[{"not_picked":["Dodge and Roll","Slice"],"picked":"Underhanded Strike","floor":1.0},{"not_picked":["Skewer","Backflip"],"picked":"Underhanded Strike","floor":2.0},{"not_picked":["Sucker Punch","Dodge and Roll"],"picked":"Dagger Throw","floor":5.0},{"not_picked":["Slice","Leg Sweep","Skewer"],"picked":"SKIP","floor":8.0},{"not_picked":["Predator","All Out Attack"],"picked":"Acrobatics","floor":13.0},{"not_picked":["Quick Slash","Dodge and Roll","Poisoned Stab"],"picked":"SKIP","floor":14.0},{"not_picked":["Malaise","Doppelganger"],"picked":"Venomology","floor":16.0},{"not_picked":["PiercingWail+1","Prepared"],"picked":"Underhanded Strike","floor":18.0},{"not_picked":["Dodge and Roll+1","Deflect","Riddle With Holes"],"picked":"SKIP","floor":19.0},{"not_picked":["Endless Agony+1","Dodge and Roll","Prepared"],"picked":"SKIP","floor":21.0},{"not_picked":["Predator","Caltrops"],"picked":"Acrobatics+1","floor":22.0},{"not_picked":["Deadly Poison+1","Slice"],"picked":"Heel Hook","floor":27.0},{"not_picked":["Finisher+1","Slice+1"],"picked":"Tactician","floor":30.0},{"not_picked":["Bouncing Flask+1","Footwork","Deadly Poison"],"picked":"SKIP","floor":30.0},{"not_picked":["Predator+1","All Out Attack+1"],"picked":"Heel Hook+1","floor":35.0},{"not_picked":["Leg Sweep+1","Blade Dance","Quick Slash+1"],"picked":"SKIP","floor":35.0},{"not_picked":["Dash+1","Outmaneuver"],"picked":"Calculated Gamble","floor":36.0},{"not_picked":["Poisoned Stab+1","Acrobatics","Endless Agony+1"],"picked":"SKIP","floor":37.0},{"not_picked":["Slice+1","Outmaneuver","Well Laid Plans+1"],"picked":"SKIP","floor":37.0},{"not_picked":["Flash of Steel+1","Bandage Up"],"picked":"Master of Strategy","floor":39.0},{"not_picked":["Blur","Terror","Deflect"],"picked":"SKIP","floor":40.0},{"not_picked":["Blade Dance+1","Acrobatics+1"],"picked":"Reflex","floor":41},{"not_picked":["PiercingWail+1","Deadly Poison","Prepared+1"],"picked":"SKIP","floor":41},{"not_picked":["PiercingWail+1","Deadly Poison","Prepared+1"],"picked":"SKIP","floor":41},{"not_picked":["Underhanded Strike+1","Flying Knee+1","Venomology"],"picked":"SKIP","floor":42},{"not_picked":["Riddle With Holes+1","Prepared+1","Blur+1"],"picked":"SKIP","floor":42},{"not_picked":["Backflip+1","Quick Slash+1","Outmaneuver+1"],"picked":"Dagger Throw+1","floor":46},{"not_picked":["Blur+1","Sucker Punch+1","Blade Dance","Noxious Fumes+1"],"picked":"SKIP","floor":46}],"player_experience":17111,"relics_obtained":[{"floor":9.0,"key":"Centennial Puzzle"},{"floor":9.0,"key":"White Beast Statue"},{"floor":13.0,"key":"TungstenRod"},{"floor":26.0,"key":"Meat on the Bone"},{"floor":26.0,"key":"Kunai"},{"floor":40.0,"key":"PreservedInsect"},{"floor":43,"key":"Question Card"}],"event_choices":[{"damage_healed":0.0,"max_hp_gain":0.0,"max_hp_loss":0.0,"gold_gain":0.0,"event_name":"Liars Game","player_choice":"Ignored","floor":4.0,"gold_loss":0.0,"damage_taken":0.0},{"damage_healed":0.0,"max_hp_gain":0.0,"max_hp_loss":0.0,"gold_gain":0.0,"event_name":"FaceTrader","player_choice":"Trade","floor":7.0,"gold_loss":0.0,"damage_taken":0.0,"relics_obtained":["GremlinMask"]},{"damage_healed":0.0,"max_hp_gain":0.0,"max_hp_loss":0.0,"gold_gain":0.0,"event_name":"Scrap Ooze","player_choice":"Success","floor":10.0,"gold_loss":0.0,"damage_taken":25.0,"relics_obtained":["MealTicket"]},{"cards_removed":["Caltrops"],"damage_healed":25.0,"max_hp_gain":0.0,"max_hp_loss":0.0,"gold_gain":0.0,"event_name":"Bonfire Elementals","player_choice":"Offered Uncommon","floor":11.0,"gold_loss":0.0,"damage_taken":0.0},{"damage_healed":0.0,"max_hp_gain":0.0,"max_hp_loss":0.0,"gold_gain":0.0,"event_name":"Accursed Blacksmith","player_choice":"Forge","floor":20.0,"gold_loss":0.0,"damage_taken":0.0,"cards_upgraded":["Venomology"]},{"damage_healed":0.0,"max_hp_gain":5.0,"max_hp_loss":0.0,"gold_gain":0.0,"event_name":"Forgotten Altar","player_choice":"Shed Blood","floor":24.0,"gold_loss":0.0,"damage_taken":19.0},{"damage_healed":0.0,"max_hp_gain":0.0,"max_hp_loss":0.0,"gold_gain":0.0,"event_name":"Knowing Skull","player_choice":"CARD CARD CARD CARD ","floor":29.0,"potions_obtained":[],"gold_loss":0.0,"damage_taken":36.0,"cards_obtained":["Panacea","Dramatic Entrance","HandOfGreedExtend","Good Instincts"]},{"cards_removed":["Panacea"],"damage_healed":0.0,"max_hp_gain":0.0,"max_hp_loss":0.0,"gold_gain":0.0,"event_name":"WeMeetAgain","player_choice":"Gave Card","floor":31.0,"gold_loss":0.0,"damage_taken":0.0,"relics_obtained":["Gambling Chip"]},{"damage_healed":0.0,"max_hp_gain":0.0,"max_hp_loss":0.0,"gold_gain":0.0,"event_name":"SensoryStone","player_choice":"Memory 3","floor":39.0,"gold_loss":0.0,"damage_taken":10.0},{"damage_healed":0,"gold_gain":0,"player_choice":"Ignored","damage_taken":0,"max_hp_gain":0,"max_hp_loss":0,"event_name":"NoteForYourself","floor":45,"gold_loss":0},{"damage_healed":0,"gold_gain":0,"player_choice":"Paid","damage_taken":0,"relics_obtained":["Red Mask"],"max_hp_gain":0,"max_hp_loss":0,"event_name":"Tomb of Lord Red Mask","floor":47,"gold_loss":613},{"damage_healed":0,"gold_gain":0,"player_choice":"Max HP","damage_taken":0,"max_hp_gain":0,"max_hp_loss":4,"event_name":"Winding Halls","floor":48,"gold_loss":0}],"is_beta":false,"boss_relics":[{"not_picked":["Sozu","Snecko Eye"],"picked":"Coffee Dripper"},{"not_picked":["Runic Pyramid","Busted Crown","Velvet Choker"]}],"items_purged_floors":[3,3,3,3,3,3,3,3,3,3,28,28,28,36,36,36,36],"is_endless":false,"potions_floor_spawned":[1,5,13,13,13,14,14,14,16,18,19,19,21,21,22,22,22,27,27,30,33,35,35,35,37,37,40,41,42,42,46,46],"ascension_level":0}}