{"host":"cyh4fejqtcjbfr7k","time":1609755415,"event":{"mods":["2.2 Compatiblity","AchievementEnabler","BaseMod","Colored Map","Colored Powertips","DeckTracker","Downfall","Googly Eyes","Hubris","Infinite Spire","Jorbs\u0027s Wanderer Trilogy","Minty Spire (QoL Compilation)","Replay The Spire","Shop Mod","StSLib","SuperFastMode","Unceasing Turn Reminder"],"gold_per_floor":[117,117,137,137,137,137,168,168,168,193,208,208,224,242,242,242,242],"floor_reached":16,"playtime":918,"items_purged":[],"score":132,"play_id":"3b1b2455-ffde-4635-9abc-7cea4888cdde","local_time":"20210104031655","is_ascension_mode":true,"campfire_choices":[{"floor":6,"key":"REST"},{"data":"Setup","floor":8,"key":"SMITH"},{"floor":15,"key":"REST"}],"circlet_count":0,"master_deck":["Strike_G","Strike_G","Strike_G","Strike_G","Strike_G","Defend_G","Defend_G","Defend_G","Defend_G","Defend_G","Survivor","Neutralize","Slice+1","Hidden Blade","Quick Slash","Setup+1","PiercingWail","Dagger Spray","ReplayTheSpireMod:Scrap Shanks","Hidden Blade"],"relics":["Ring of the Snake","ReplayTheSpireMod:Lightbulb","hubris:SphereOfDissonance","Replay:Mystery Machine"],"acts_visited":["Exordium"],"potions_floor_usage":[7,10],"damage_taken":[{"damage":16,"enemies":"Jaw Worm","floor":1,"turns":7},{"damage":0,"enemies":"2 Louse","floor":3,"turns":2},{"damage":8,"enemies":"Replay:BlueRogue","floor":7,"turns":9},{"damage":21,"enemies":"3 Sentries","floor":10,"turns":11},{"damage":0,"enemies":"Cultist","floor":11,"turns":2},{"damage":0,"enemies":"2 Fungi Beasts","floor":13,"turns":2},{"damage":0,"enemies":"Blue Slaver","floor":14,"turns":3},{"damage":74,"enemies":"Fading Forest","floor":16,"turns":11}],"seed_played":"4188900637713879013","potions_obtained":[{"floor":1,"key":"Block Potion"},{"floor":7,"key":"SkillPotion"},{"floor":13,"key":"champ:CounterPotion"},{"floor":14,"key":"Strength Potion"}],"is_trial":false,"path_per_floor":["M","?","M","?","?","R","E","R","T","E","M","?","M","M","R","B"],"character_chosen":"THE_SILENT","items_purchased":[],"campfire_rested":2,"item_purchase_floors":[],"current_hp_per_floor":[54,54,54,54,54,70,62,62,62,41,41,41,41,41,62,0,0],"gold":242,"neow_bonus":"RANDOM_EVENT","is_daily":false,"chose_seed":false,"campfire_upgraded":1,"win_rate":0.0,"timestamp":1609755415,"path_taken":["M","?","M","?","?","R","E","R","T","E","M","?","?","M","R","BOSS"],"items_purchased_type":[],"build_version":"2020-12-22","purchased_purges":0,"victory":false,"max_hp_per_floor":[70,70,70,70,70,70,70,70,70,70,70,70,70,70,70,70,70],"card_choices":[{"not_picked":["Sucker Punch","ReplayTheSpireMod:The Works"],"picked":"Hidden Blade","floor":1},{"not_picked":["ReplayTheSpireMod:Tripwire","Predator"],"picked":"Quick Slash","floor":3},{"not_picked":["Predator","Bane"],"picked":"Setup","floor":7},{"not_picked":["Masterful Stab","Poisoned Stab"],"picked":"PiercingWail","floor":10},{"not_picked":["Hidden Blade","infinitespire:Neurotoxin"],"picked":"Dagger Spray","floor":11},{"not_picked":["Choke","Underhanded Strike"],"picked":"ReplayTheSpireMod:Scrap Shanks","floor":13},{"not_picked":["Dagger Spray","Prepared"],"picked":"Hidden Blade","floor":14}],"player_experience":620468,"relics_obtained":[{"floor":7,"key":"ReplayTheSpireMod:Lightbulb"},{"floor":9,"key":"hubris:SphereOfDissonance"},{"floor":10,"key":"Replay:Mystery Machine"}],"event_choices":[{"damage_healed":0,"gold_gain":0,"player_choice":"Ignored","damage_taken":0,"max_hp_gain":0,"max_hp_loss":0,"event_name":"Golden Wing","floor":4,"gold_loss":0},{"damage_healed":0,"gold_gain":0,"player_choice":"Grow","damage_taken":0,"max_hp_gain":0,"max_hp_loss":0,"event_name":"Living Wall","floor":5,"gold_loss":0,"cards_upgraded":["Slice"]},{"damage_healed":0,"gold_gain":0,"player_choice":"Ignored","damage_taken":0,"max_hp_gain":0,"max_hp_loss":0,"event_name":"Shining Light","floor":12,"gold_loss":0}],"is_beta":false,"boss_relics":[],"items_purged_floors":[],"is_endless":false,"potions_floor_spawned":[1,7,13,14],"killed_by":"Fading Forest","ascension_level":4}}