{"host":"ujyomg7d1f18u2we","time":1609731170,"event":{"mods":["AchievementEnabler","AlwaysNeverKeys","Aspiration","BaseMod","Colored Map","DeckTracker","Gremlin Skip","Highlight Path","Hubris","Minty Spire (QoL Compilation)","Quick Restart","Random Character Button","StSLib"],"gold_per_floor":[211,211,211,211,225,225,241,252,275,294,324,324,324,338,338,441,441,453,453,435,435,167,167,196,119,119,119,136,149,149,166,166,265,265,283,283,283,301,33,67,67,83,83,83,102,11,41,55,55,55],"floor_reached":51,"playtime":1597,"items_purged":["Injury"],"score":777,"play_id":"75db7859-209e-41f5-ba49-62ed0111f447","local_time":"20210104003250","is_ascension_mode":false,"campfire_choices":[{"data":"Neutralize","floor":6,"key":"SMITH"},{"floor":12,"key":"REST"},{"data":"Defend_G","floor":15,"key":"SMITH"},{"floor":23,"key":"REST"},{"data":"Defend_G","floor":27,"key":"SMITH"},{"floor":32,"key":"REST"},{"floor":41,"key":"REST"},{"floor":44,"key":"REST"},{"floor":49,"key":"REST"}],"circlet_count":0,"master_deck":["Strike_G","Strike_G","Strike_G","Strike_G+1","Defend_G+1","Defend_G+1","Defend_G+1","Defend_G+1","Defend_G","Survivor+1","Neutralize+1","Flying Knee+1","Deadly Poison+1","Deflect+1","Terror+1","Venomology+1","Catalyst+1","Deadly Poison+1","Blur+1","Dash","Bane"],"relics":["Ring of the Snake","Toxic Egg 2","hubris:DisguiseKit","Whetstone","Omamori","Busted Crown","hubris:Towel","Lantern","Turnip","hubris:64BitClover","Necronomicon","Sling","Regal Pillow","Ninja Scroll","Kunai","War Paint","Singing Bowl"],"acts_visited":["Exordium","TheCity","TheBeyond"],"potions_floor_usage":[6,11,11,18,20,20,20,24,28,29,31,33,33,33,33,34,38,38,40,40,40,42,45,47,47,50,50,50],"damage_taken":[{"damage":0,"enemies":"Small Slimes","floor":1,"turns":5},{"damage":3,"enemies":"Jaw Worm","floor":5,"turns":4},{"damage":0,"enemies":"Cultist","floor":7,"turns":3},{"damage":4,"enemies":"Blue Slaver","floor":8,"turns":5},{"damage":10,"enemies":"Large Slime","floor":10,"turns":6},{"damage":10,"enemies":"Lagavulin","floor":11,"turns":5},{"damage":5,"enemies":"Exordium Wildlife","floor":14,"turns":6},{"damage":26,"enemies":"The Guardian","floor":16,"turns":12},{"damage":22,"enemies":"Spheric Guardian","floor":18,"turns":6},{"damage":0,"enemies":"2 Thieves","floor":20,"turns":4},{"damage":7,"enemies":"Book of Stabbing","floor":24,"turns":4},{"damage":5,"enemies":"Cultist and Chosen","floor":28,"turns":7},{"damage":0,"enemies":"3 Cultists","floor":29,"turns":6},{"damage":15,"enemies":"Snecko","floor":31,"turns":5},{"damage":46,"enemies":"hubris:MusketHawk","floor":33,"turns":9},{"damage":0,"enemies":"Orb Walker","floor":35,"turns":2},{"damage":37,"enemies":"3 Darklings","floor":38,"turns":11},{"damage":15,"enemies":"Giant Head","floor":40,"turns":9},{"damage":18,"enemies":"4 Shapes","floor":42,"turns":9},{"damage":0,"enemies":"Spire Growth","floor":45,"turns":4},{"damage":56,"enemies":"Reptomancer","floor":47,"turns":9},{"damage":10,"enemies":"Maw","floor":48,"turns":8},{"damage":47,"enemies":"Awakened One","floor":50,"turns":22}],"seed_played":"-5110698798140029961","potions_obtained":[{"floor":5,"key":"Fruit Juice"},{"floor":7,"key":"SteroidPotion"},{"floor":10,"key":"BlessingOfTheForge"},{"floor":16,"key":"EssenceOfSteel"},{"floor":18,"key":"Swift Potion"},{"floor":28,"key":"BlessingOfTheForge"},{"floor":33,"key":"Fruit Juice"},{"floor":38,"key":"Dexterity Potion"},{"floor":47,"key":"Fire Potion"}],"is_trial":false,"path_per_floor":["M","?","?","T","M","R","M","M","T","M","E","R","?","M","R","B",null,"M","?","M","?","$","R","E","$","T","R","M","M","?","M","R","B",null,"M","?","$","M","$","E","R","M","T","R","M","?","E","M","R","B",null],"character_chosen":"THE_SILENT","items_purchased":["Deadly Poison+1","Lantern","Blur+1","Sling","Dash","Block Potion"],"campfire_rested":6,"item_purchase_floors":[22,22,25,39,39,39],"current_hp_per_floor":[70,75,75,75,72,77,77,73,73,63,53,77,77,72,72,46,80,58,58,58,58,58,80,73,73,73,73,68,68,52,37,61,15,85,85,85,85,48,48,33,73,55,55,85,85,85,31,21,62,15],"gold":55,"neow_bonus":"HUNDRED_GOLD","is_daily":false,"chose_seed":false,"campfire_upgraded":3,"win_rate":0.0,"timestamp":1609731170,"path_taken":["M","?","?","?","M","R","M","M","T","?","E","R","?","M","R","BOSS","M","?","M","?","$","R","E","?","T","R","M","M","?","M","R","BOSS","M","?","$","M","$","E","R","M","T","R","?","?","E","M","R","BOSS"],"items_purchased_type":["Card","Relic","Card","Relic","Card","Potion"],"build_version":"2020-12-22","purchased_purges":1,"victory":true,"max_hp_per_floor":[70,75,75,75,75,80,80,80,80,80,80,80,80,80,80,80,80,80,80,80,80,80,80,80,80,80,80,80,80,80,80,80,80,85,85,85,85,85,85,85,85,85,85,85,85,85,87,87,87,87],"card_choices":[{"not_picked":["Backflip","Bane"],"picked":"Flying Knee","floor":1},{"not_picked":["Masterful Stab","Infinite Blades","Eviscerate","Ball Lightning"],"picked":"SKIP","floor":5},{"not_picked":["Dagger Spray","hubris:TrickCloak+1","Compile Driver"],"picked":"Deadly Poison+1","floor":7},{"not_picked":["Heel Hook","Reflex+1","Melter"],"picked":"Deflect+1","floor":8},{"not_picked":["PiercingWail+1","Eviscerate","Dash","hubris:PowerSurge"],"picked":"SKIP","floor":10},{"not_picked":["Backflip+1","Acrobatics+1","Storm of Steel+1","Glacier"],"picked":"SKIP","floor":11},{"not_picked":["Deadly Poison+1","Blade Dance+1","Compile Driver"],"picked":"Terror+1","floor":14},{"not_picked":["Envenom","Glass Knife","Core Surge"],"picked":"Venomology+1","floor":16},{"not_picked":["Quick Slash","Leap"],"picked":"SKIP","floor":18},{"not_picked":["Aggregate"],"picked":"Catalyst+1","floor":20},{"not_picked":["Reflex+1","Go for the Eyes"],"picked":"SKIP","floor":24},{"not_picked":["Prepared+1","Cold Snap"],"picked":"SKIP","floor":28},{"not_picked":["Caltrops","Leap"],"picked":"SKIP","floor":29},{"not_picked":["Setup+1","Tempest"],"picked":"SKIP","floor":31},{"not_picked":["Outmaneuver+1","Auto Shields"],"picked":"SKIP","floor":35},{"not_picked":["Backflip+1","Undo"],"picked":"SKIP","floor":38},{"not_picked":["Underhanded Strike+1","hubris:PowerSurge"],"picked":"SKIP","floor":40},{"not_picked":["Blade Dance+1","Conserve Battery"],"picked":"SKIP","floor":42},{"not_picked":["Corpse Explosion+1","Reprogram"],"picked":"SKIP","floor":45},{"not_picked":["hubris:Counter+1","Streamline"],"picked":"Singing Bowl","floor":47},{"not_picked":["Aggregate"],"picked":"Bane","floor":48}],"player_experience":1572510,"relics_obtained":[{"floor":4,"key":"hubris:DisguiseKit"},{"floor":9,"key":"Whetstone"},{"floor":11,"key":"Omamori"},{"floor":24,"key":"Turnip"},{"floor":26,"key":"hubris:64BitClover"},{"floor":30,"key":"Necronomicon"},{"floor":40,"key":"Regal Pillow"},{"floor":42,"key":"Ninja Scroll"},{"floor":43,"key":"Kunai"},{"floor":47,"key":"Singing Bowl"}],"event_choices":[{"damage_healed":0,"gold_gain":0,"player_choice":"Donut","damage_taken":0,"max_hp_gain":5,"max_hp_loss":0,"event_name":"Big Fish","floor":2,"gold_loss":0},{"damage_healed":0,"gold_gain":0,"player_choice":"Obtained Book","damage_taken":16,"max_hp_gain":0,"max_hp_loss":0,"event_name":"Cursed Tome","floor":30,"gold_loss":0},{"cards_removed":["Strike_G"],"damage_healed":0,"gold_gain":0,"player_choice":"Purged","damage_taken":0,"max_hp_gain":0,"max_hp_loss":0,"event_name":"Purifier","floor":36,"gold_loss":0},{"damage_healed":0,"gold_gain":0,"player_choice":"Paid Gold","damage_taken":0,"relics_obtained":["War Paint"],"max_hp_gain":0,"max_hp_loss":0,"event_name":"WeMeetAgain","floor":46,"gold_loss":91}],"is_beta":false,"boss_relics":[{"not_picked":["Ectoplasm","hubris:TerracottaHorce"],"picked":"Busted Crown"},{"not_picked":["Runic Dome","aspiration:RunicSpoon","Pandora\u0027s Box"]}],"items_purged_floors":[22],"is_endless":false,"potions_floor_spawned":[5,7,10,16,18,28,33,38,47],"ascension_level":0}}