{"host":"qn3py9t0m14v0dc6","time":1609780302,"event":{"mods":["AchievementEnabler","BaseMod","Colored Map","Evolution","Minty Spire (QoL Compilation)","Spicy Shops","StSLib"],"gold_per_floor":[412,423,423,498,512,512,548,68,119,143,108,142,142,65,65,194,194,212,212,225,225,250,288,288,288,288,288,321,335,356,369,369,500,500,515,515,515,39,39,78,78,78,78],"floor_reached":42,"playtime":2990,"items_purged":["Normality","Defend_B"],"score":497,"play_id":"799d606a-6525-4e43-acf1-e14ac210ca0f","local_time":"20210104111142","is_ascension_mode":false,"campfire_choices":[{"data":"Zap","floor":6,"key":"SMITH"},{"data":"Defragment","floor":13,"key":"SMITH"},{"data":"Capacitor","floor":15,"key":"SMITH"},{"data":"Hologram","floor":24,"key":"SMITH"},{"data":"Rainbow","floor":27,"key":"SMITH"},{"data":"Dualcast","floor":32,"key":"SMITH"},{"data":"Biased Cognition","floor":41,"key":"SMITH"}],"circlet_count":0,"master_deck":["Sweeping Beam","Sweeping Beam+1","Sweeping Beam","Strike_B+1","Defend_B","Defend_B","Zap+1","Dualcast+1","Glacier","Machine Learning","Capacitor+1","Defragment+1","Hologram+1","Rainbow+1","Redo+1","Writhe","Barrage","Coolheaded+1","Beam Cell","Madness","Madness","Shame","Biased Cognition+1"],"relics":["Cracked Core","EVO:Axolotl","Old Coin","Golden Idol","Tiny Chest","Lantern","Thread and Needle","Centennial Puzzle","Akabeko","Anchor","The Courier","Toy Ornithopter","Whetstone","Bottled Tornado","Mercury Hourglass","Cursed Key","Gremlin Horn","Mummified Hand","White Beast Statue","Blue Candle"],"acts_visited":["Exordium","TheCity","TheBeyond"],"potions_floor_usage":[28,28],"damage_taken":[{"damage":0,"enemies":"2 Louse","floor":1,"turns":1},{"damage":1,"enemies":"Jaw Worm","floor":2,"turns":3},{"damage":0,"enemies":"Small Slimes","floor":5,"turns":4},{"damage":11,"enemies":"3 Sentries","floor":7,"turns":5},{"damage":1,"enemies":"Exordium Thugs","floor":10,"turns":3},{"damage":1,"enemies":"Lagavulin","floor":12,"turns":8},{"damage":16,"enemies":"Slime Boss","floor":16,"turns":7},{"damage":0,"enemies":"3 Byrds","floor":18,"turns":4},{"damage":0,"enemies":"Chosen","floor":20,"turns":5},{"damage":3,"enemies":"3 Cultists","floor":22,"turns":4},{"damage":13,"enemies":"Gremlin Leader","floor":23,"turns":6},{"damage":11,"enemies":"Slavers","floor":28,"turns":4},{"damage":6,"enemies":"Centurion and Healer","floor":29,"turns":4},{"damage":2,"enemies":"Snake Plant","floor":30,"turns":4},{"damage":1,"enemies":"Chosen and Byrds","floor":31,"turns":4},{"damage":13,"enemies":"Automaton","floor":33,"turns":10},{"damage":0,"enemies":"3 Shapes","floor":35,"turns":5},{"damage":22,"enemies":"Reptomancer","floor":40,"turns":5},{"damage":46,"enemies":"Nemesis","floor":42,"turns":6}],"seed_played":"-1747061410040729538","potions_obtained":[{"floor":5,"key":"GamblersBrew"},{"floor":10,"key":"FocusPotion"},{"floor":12,"key":"Weak Potion"},{"floor":22,"key":"LiquidMemories"},{"floor":30,"key":"SkillPotion"},{"floor":31,"key":"AttackPotion"},{"floor":40,"key":"FocusPotion"}],"is_trial":false,"path_per_floor":["M","M","?","?","M","R","E","$","T","M","?","E","R","$","R","B",null,"M","?","M","?","M","E","R","T","T","R","E","M","M","M","R","B",null,"M","?","?","$","T","E","R","E"],"character_chosen":"DEFECT","items_purchased":["Lantern","Defragment","Thread and Needle","Anchor","Gremlin Horn","Mummified Hand"],"campfire_rested":0,"item_purchase_floors":[8,8,8,14,38,38],"current_hp_per_floor":[75,74,56,45,45,45,34,34,34,33,51,50,50,50,50,34,75,75,75,75,75,72,59,59,59,59,59,58,52,50,49,49,36,75,75,66,66,66,66,44,44,0,0],"gold":78,"neow_bonus":"ONE_RARE_RELIC","is_daily":false,"chose_seed":false,"campfire_upgraded":7,"win_rate":0.0,"timestamp":1609780302,"path_taken":["M","M","?","?","M","R","E","$","T","M","?","E","R","$","R","BOSS","M","?","M","?","M","E","R","?","T","R","E","M","M","M","R","BOSS","M","?","?","?","?","E","R","E"],"items_purchased_type":["Relic","Card","Relic","Relic","Relic","Relic"],"build_version":"2020-12-22","purchased_purges":2,"victory":false,"max_hp_per_floor":[75,75,75,75,75,75,75,75,75,75,75,75,75,75,75,75,75,75,75,75,75,75,75,75,75,75,75,75,75,75,75,75,75,75,75,75,75,75,75,75,75,75,75],"card_choices":[{"not_picked":["Streamline","Ball Lightning","Reprogram"],"picked":"SKIP","floor":1},{"not_picked":["Ball Lightning","Beam Cell"],"picked":"Glacier","floor":2},{"not_picked":["Melter","Cold Snap"],"picked":"Machine Learning","floor":5},{"not_picked":["Rip and Tear","Stack"],"picked":"Capacitor","floor":7},{"not_picked":["Gash","Ball Lightning"],"picked":"Hologram","floor":10},{"not_picked":["Tempest","Rebound","Streamline"],"picked":"SKIP","floor":12},{"not_picked":["Hyperbeam","Meteor Strike"],"picked":"Rainbow","floor":16},{"not_picked":["Ball Lightning","FTL"],"picked":"Redo+1","floor":18},{"not_picked":["Steam+1","Rebound","Reinforced Body"],"picked":"SKIP","floor":20},{"not_picked":["Barrage","Compile Driver"],"picked":"Hello World+1","floor":22},{"not_picked":["Sweeping Beam+1","Hello World"],"picked":"Barrage","floor":23},{"not_picked":["Core Surge","Sunder","Barrage"],"picked":"SKIP","floor":28},{"not_picked":["Genetic Algorithm","Gash","Compile Driver"],"picked":"SKIP","floor":29},{"not_picked":["Streamline+1","Genetic Algorithm"],"picked":"Coolheaded+1","floor":30},{"not_picked":["Rebound","Buffer"],"picked":"Beam Cell","floor":31},{"not_picked":["Steam","Go for the Eyes","Hologram+1"],"picked":"SKIP","floor":35},{"not_picked":["Sweeping Beam+1","Double Energy+1"],"picked":"Biased Cognition","floor":40}],"player_experience":247334,"relics_obtained":[{"floor":7,"key":"Tiny Chest"},{"floor":9,"key":"Centennial Puzzle"},{"floor":12,"key":"Akabeko"},{"floor":23,"key":"Toy Ornithopter"},{"floor":25,"key":"Whetstone"},{"floor":26,"key":"Bottled Tornado"},{"floor":28,"key":"Mercury Hourglass"},{"floor":39,"key":"White Beast Statue"},{"floor":40,"key":"Blue Candle"}],"event_choices":[{"damage_healed":0,"gold_gain":0,"player_choice":"Take Damage","damage_taken":18,"relics_obtained":["Golden Idol"],"max_hp_gain":0,"max_hp_loss":0,"event_name":"Golden Idol","floor":3,"gold_loss":0},{"damage_healed":0,"gold_gain":75,"player_choice":"Gather Gold","damage_taken":11,"max_hp_gain":0,"max_hp_loss":0,"event_name":"World of Goop","floor":4,"gold_loss":0},{"damage_healed":18,"gold_gain":0,"player_choice":"Healed","damage_taken":0,"max_hp_gain":0,"max_hp_loss":0,"event_name":"The Cleric","floor":11,"gold_loss":35},{"damage_healed":0,"gold_gain":0,"player_choice":"Opened","damage_taken":0,"relics_obtained":["The Courier"],"max_hp_gain":0,"max_hp_loss":0,"event_name":"The Mausoleum","floor":19,"gold_loss":0,"cards_obtained":["Writhe"]},{"cards_removed":["Defend_B"],"damage_healed":0,"gold_gain":0,"player_choice":"Elegance","damage_taken":0,"max_hp_gain":0,"max_hp_loss":0,"event_name":"Back to Basics","floor":21,"gold_loss":0},{"damage_healed":0,"gold_gain":0,"player_choice":"Embrace Madness","damage_taken":9,"max_hp_gain":0,"max_hp_loss":0,"event_name":"Winding Halls","floor":36,"gold_loss":0,"cards_obtained":["Madness","Madness"]},{"cards_removed":["Hello World"],"damage_healed":0,"gold_gain":0,"player_choice":"Removed Power","damage_taken":0,"max_hp_gain":0,"max_hp_loss":0,"event_name":"Falling","floor":37,"gold_loss":0}],"is_beta":false,"boss_relics":[{"not_picked":[]},{"not_picked":["Busted Crown","Calling Bell"],"picked":"Cursed Key"}],"items_purged_floors":[8,38],"is_endless":false,"potions_floor_spawned":[5,10,12,16,18,22,30,31,33,40],"killed_by":"Nemesis","ascension_level":0}}