{"host":"yo9wwslrag05lh37","time":1609734277,"event":{"mods":["AchievementEnabler","BaseMod","Block Reminder","Colored Map","Colored Powertips","GifTheSpireLib","HexUI Lib","Highlight Path","Minty Spire (QoL Compilation)","Rare Cards Sparkle","Relic Stats","StSLib","everything is the same but u backflip on backflip"],"gold_per_floor":[111,121,121,135,135,135,135],"floor_reached":6,"playtime":342,"items_purged":[],"score":72,"play_id":"328859c6-b2d3-4191-b3fb-0ed5d7db8698","local_time":"20210104052437","is_ascension_mode":true,"campfire_choices":[],"circlet_count":0,"master_deck":["AscendersBane","Strike_G","Strike_G","Strike_G","Strike_G","Strike_G","Defend_G","Defend_G","Defend_G","Defend_G","Defend_G","Survivor","Neutralize","Deadly Poison","Underhanded Strike"],"relics":["Ring of the Snake","Happy Flower","Molten Egg 2","Golden Idol"],"acts_visited":["Exordium"],"potions_floor_usage":[6],"damage_taken":[{"damage":1,"enemies":"Jaw Worm","floor":1,"turns":5},{"damage":2,"enemies":"Small Slimes","floor":2,"turns":6},{"damage":1,"enemies":"Cultist","floor":4,"turns":5},{"damage":46,"enemies":"3 Sentries","floor":6,"turns":14}],"seed_played":"3905557138999900481","potions_obtained":[{"floor":1,"key":"Dexterity Potion"}],"is_trial":false,"path_per_floor":["M","M","?","M","?","E"],"character_chosen":"THE_SILENT","items_purchased":[],"campfire_rested":0,"item_purchase_floors":[],"current_hp_per_floor":[58,56,45,44,44,0,0],"gold":135,"neow_bonus":"RANDOM_COMMON_RELIC","is_daily":false,"chose_seed":false,"campfire_upgraded":0,"win_rate":0.0,"timestamp":1609734277,"path_taken":["M","M","?","M","?","E"],"items_purchased_type":[],"build_version":"2020-12-22","purchased_purges":0,"victory":false,"max_hp_per_floor":[66,66,66,66,60,60,60],"relic_stats":{"Happy Flower":[10],"counters":[4,30],"Golden Idol":0,"obtain_stats":[{"Happy Flower":0,"Golden Idol":5,"Molten Egg 2":3,"Ring of the Snake":0},{"Happy Flower":0,"Golden Idol":3,"Molten Egg 2":2,"Ring of the Snake":0},{"Happy Flower":0,"Golden Idol":16,"Molten Egg 2":11,"Ring of the Snake":0}],"Ring of the Snake":[8]},"card_choices":[{"not_picked":["Riddle With Holes","PiercingWail"],"picked":"Deadly Poison","floor":1},{"not_picked":["Backflip","Slice"],"picked":"Underhanded Strike","floor":2},{"not_picked":["Backflip","Deadly Poison","Blade Dance"],"picked":"SKIP","floor":4}],"player_experience":1467295,"relics_obtained":[],"event_choices":[{"damage_healed":0,"gold_gain":0,"player_choice":"Success","damage_taken":11,"relics_obtained":["Molten Egg 2"],"max_hp_gain":0,"max_hp_loss":0,"event_name":"Scrap Ooze","floor":3,"gold_loss":0},{"damage_healed":0,"gold_gain":0,"player_choice":"Lose Max HP","damage_taken":0,"relics_obtained":["Golden Idol"],"max_hp_gain":0,"max_hp_loss":6,"event_name":"Golden Idol","floor":5,"gold_loss":0}],"is_beta":false,"boss_relics":[],"items_purged_floors":[],"is_endless":false,"potions_floor_spawned":[1],"killed_by":"3 Sentries","ascension_level":20}}