{"host":"6he3f0ic6yesrium","time":1609723395,"event":{"mods":["BaseMod","Better Altar","Better Match","Better Note","Better Sensory Stone","Better Skull","Better Third Choice","Colored Map","Conspire","Hubris","Marisa????????","Minty Spire (QoL Compilation)","Replay The Spire","StSLib","The Alterego","The Mystic","The Necromancer","The Runesmith"],"gold_per_floor":[110,127,77,89,107,107,107,107,132,132,145,157,157,172,172,271,271,288,288,300,318,143,143,158,170,219,219,219,230,230,240,240,345,345,359,372,574,574,574,574],"floor_reached":39,"playtime":2242,"items_purged":["Runesmith:Strike_RS"],"score":427,"play_id":"b2147a12-7841-48ef-adbb-11035d96c4f5","local_time":"20210103202315","is_ascension_mode":false,"campfire_choices":[{"data":"Runesmith:PerfectChisel","floor":6,"key":"SMITH"},{"data":"Runesmith:CraftFirestone","floor":8,"key":"SMITH"},{"data":"Runesmith:CraftMagma","floor":10,"key":"SMITH"},{"data":"Runesmith:Empowerment","floor":13,"key":"SMITH"},{"data":"Runesmith:BackupBattery","floor":15,"key":"SMITH"},{"floor":23,"key":"REST"},{"floor":27,"key":"REST"},{"data":"Runesmith:HeatExchange","floor":30,"key":"SMITH"},{"floor":32,"key":"REST"}],"circlet_count":0,"master_deck":["Runesmith:Strike_RS","Runesmith:Strike_RS","Runesmith:Defend_RS","Runesmith:Defend_RS","Runesmith:Defend_RS","Runesmith:Defend_RS","Runesmith:CraftFirestone+1","Runesmith:Fortify+1","Runesmith:RuneHurl+1","Runesmith:CraftMagma+1","Runesmith:PerfectChisel+1","Runesmith:BackupBattery+1","Runesmith:Repurpose","Runesmith:Empowerment+1","Runesmith:RuneHurl","Runesmith:Duplicate","Runesmith:ChiselStab+1","Runesmith:EnergizedChisel","Runesmith:HeatedChisel","Runesmith:ChiselStab","Runesmith:HeatExchange+1","Runesmith:HeatedChisel+1","Runesmith:Empowerment+1","Runesmith:CraftMedicinae","Runesmith:Attraction"],"relics":["Runesmith:BrokenRuby","Omamori","Torii","Nloth\u0027s Gift","Blood Vial","SlaversCollar"],"acts_visited":["Exordium","TheCity","TheBeyond"],"potions_floor_usage":[16,20,21,25,25,25,35],"damage_taken":[{"damage":0,"enemies":"Jaw Worm","floor":1,"turns":5},{"damage":0,"enemies":"2 Louse","floor":2,"turns":1},{"damage":1,"enemies":"Cultist","floor":4,"turns":3},{"damage":7,"enemies":"3 Louse","floor":5,"turns":4},{"damage":8,"enemies":"Red Slaver","floor":11,"turns":2},{"damage":5,"enemies":"Looter","floor":12,"turns":3},{"damage":0,"enemies":"Blue Slaver","floor":14,"turns":2},{"damage":0,"enemies":"Fading Forest","floor":16,"turns":11},{"damage":12,"enemies":"Shell Parasite","floor":18,"turns":5},{"damage":4,"enemies":"3 Byrds","floor":20,"turns":3},{"damage":24,"enemies":"Snecko","floor":21,"turns":6},{"damage":17,"enemies":"Cultist and Chosen","floor":24,"turns":6},{"damage":0,"enemies":"Centurion and Healer","floor":25,"turns":5},{"damage":16,"enemies":"Sentry and Sphere","floor":29,"turns":4},{"damage":15,"enemies":"Snake Plant","floor":31,"turns":3},{"damage":41,"enemies":"conspire:MysteriousRune","floor":33,"turns":9},{"damage":16,"enemies":"3 Darklings","floor":35,"turns":5},{"damage":11,"enemies":"3 Shapes","floor":36,"turns":4},{"damage":26,"enemies":"Transient","floor":39,"turns":2}],"seed_played":"3976612560545256341","potions_obtained":[{"floor":0,"key":"ColorlessPotion"},{"floor":0,"key":"LiquidBronze"},{"floor":0,"key":"SteroidPotion"},{"floor":2,"key":"Energy Potion"},{"floor":12,"key":"LifebloodPotion"},{"floor":18,"key":"Adrenaline Potion"},{"floor":20,"key":"FearPotion"},{"floor":33,"key":"Explosive Potion"}],"is_trial":false,"path_per_floor":["M","M","?","M","M","R","?","R","T","R","M","M","R","M","R","B",null,"M","?","M","M","$","R","M","M","T","R","?","M","R","M","R","B",null,"M","M","?","?","M"],"character_chosen":"RUNESMITH_CLASS","items_purchased":["Runesmith:ChiselStab","Block Potion"],"campfire_rested":3,"item_purchase_floors":[22,22],"current_hp_per_floor":[70,70,70,69,62,62,62,62,62,62,54,49,49,49,49,59,70,58,58,54,30,30,51,34,34,34,55,55,41,41,28,49,10,70,56,47,19,19,0,0],"gold":574,"neow_bonus":"THREE_SMALL_POTIONS","is_daily":false,"chose_seed":false,"campfire_upgraded":6,"win_rate":0.0,"timestamp":1609723395,"path_taken":["M","M","?","M","M","R","?","R","T","R","M","M","R","M","R","BOSS","M","?","M","M","$","R","M","?","T","R","?","M","R","M","R","BOSS","M","M","?","?","M"],"items_purchased_type":["Card","Potion"],"build_version":"2020-12-22","purchased_purges":1,"victory":false,"max_hp_per_floor":[70,70,70,70,70,70,70,70,70,70,70,70,70,70,70,70,70,70,70,70,70,70,70,70,70,70,70,70,70,70,70,70,70,70,70,70,70,70,70,70],"card_choices":[{"not_picked":["Runesmith:ShiftingStrike","Runesmith:GoWithTheFlow"],"picked":"Runesmith:RuneHurl","floor":1},{"not_picked":["Runesmith:NegativeSpace","Runesmith:CraftSpiculum"],"picked":"Runesmith:CraftMagma","floor":2},{"not_picked":["Runesmith:Attraction","Runesmith:Overpower"],"picked":"Runesmith:PerfectChisel","floor":4},{"not_picked":["Runesmith:ShiftingStrike","Runesmith:RuneHurl"],"picked":"Runesmith:BackupBattery","floor":5},{"not_picked":["Runesmith:UnstableHammer","Runesmith:CraftSpiculum"],"picked":"Runesmith:Repurpose","floor":11},{"not_picked":["Runesmith:BackupBattery","Runesmith:Prism"],"picked":"Runesmith:Empowerment","floor":12},{"not_picked":["Runesmith:PoweredAnvil","Runesmith:LastStand"],"picked":"Runesmith:RuneHurl","floor":14},{"not_picked":["Runesmith:LightningRod","Runesmith:GrandSlam"],"picked":"Runesmith:Duplicate","floor":16},{"not_picked":["Runesmith:CraftSpiculum+1","Runesmith:Augment"],"picked":"Runesmith:ChiselStab+1","floor":18},{"not_picked":["Runesmith:Overpower+1","Runesmith:Repurpose"],"picked":"Runesmith:EnergizedChisel","floor":20},{"not_picked":["Runesmith:Augment","Runesmith:EnergizedChisel"],"picked":"Runesmith:HeatedChisel","floor":21},{"not_picked":["Runesmith:Firestorm","Runesmith:MakeshiftArmor"],"picked":"Runesmith:HeatExchange","floor":24},{"not_picked":["Runesmith:ShiftingStrike","Runesmith:Repurpose"],"picked":"Runesmith:HeatedChisel+1","floor":25},{"not_picked":["Runesmith:StaticCage+1","Runesmith:CraftObretio","Runesmith:NegativeSpace+1"],"picked":"SKIP","floor":29},{"not_picked":["Runesmith:ChiselStab","Runesmith:Attraction","Runesmith:ChargedHammer+1"],"picked":"SKIP","floor":31},{"not_picked":["Runesmith:MetallurgicalResearch","Runesmith:ReplicatingBarrier"],"picked":"Runesmith:CraftMedicinae","floor":33},{"not_picked":["Runesmith:PoweredAnvil","Runesmith:HammerTime+1","Runesmith:Malloc"],"picked":"SKIP","floor":35},{"not_picked":["Runesmith:MakeshiftArmor+1","Runesmith:EnergizedChisel","Runesmith:Retool+1"],"picked":"SKIP","floor":36},{"not_picked":["Runesmith:Grindstone","Runesmith:Accelerate+1"],"picked":"Runesmith:Attraction","floor":37}],"player_experience":291124,"relics_obtained":[{"floor":9,"key":"Omamori"},{"floor":26,"key":"Blood Vial"}],"event_choices":[{"cards_removed":["Runesmith:Strike_RS"],"damage_healed":0,"gold_gain":0,"player_choice":"Card Removal","damage_taken":0,"max_hp_gain":0,"max_hp_loss":0,"event_name":"The Cleric","floor":3,"gold_loss":50},{"damage_healed":0,"gold_gain":0,"player_choice":"Upgraded","damage_taken":0,"max_hp_gain":0,"max_hp_loss":0,"event_name":"Upgrade Shrine","floor":7,"gold_loss":0,"cards_upgraded":["Runesmith:RuneHurl"]},{"damage_healed":0,"gold_gain":0,"player_choice":"Traded Relic","damage_taken":0,"relics_obtained":["Nloth\u0027s Gift"],"max_hp_gain":0,"max_hp_loss":0,"event_name":"N\u0027loth","floor":19,"relics_lost":["hubris:Backtick"],"gold_loss":0},{"damage_healed":0,"gold_gain":0,"player_choice":"Copied","damage_taken":0,"max_hp_gain":0,"max_hp_loss":0,"event_name":"Duplicator","floor":28,"gold_loss":0,"cards_obtained":["Runesmith:Empowerment"]}],"is_beta":false,"boss_relics":[{"not_picked":["conspire:SpecialSausage","Coffee Dripper"],"picked":"hubris:Backtick"},{"not_picked":["Abe\u0027s Treasure","Pandora\u0027s Box"],"picked":"SlaversCollar"}],"items_purged_floors":[22],"is_endless":false,"potions_floor_spawned":[2,11,12,18,20,24,33],"killed_by":"Transient","ascension_level":0}}