{"host":"6dypmz777xraikqf","time":1609751291,"event":{"mods":["AchievementEnabler","BaseMod","BetterRewards","Colored Map","Colored Powertips","Downfall","Highlight Path","Hubris","Infinite Spire","Minty Spire (QoL Compilation)","Replay The Spire","StSLib"],"gold_per_floor":[109,127,127,142,16,16,49,49,74,88,88,88,102,130,130,226,226,238,238,138,148,180,194,194,206,206,206,237,237,112,129,129,226,226,237,285,135,135,185,217,232,232,232,277,103,103,113,133,133,133],"floor_reached":51,"playtime":3457,"items_purged":["Strike_R","Strike_R","Strike_R","Searing Blow"],"score":1249,"play_id":"ee738e91-5045-44cb-8b2f-07d655e0fd70","local_time":"20210104090811","is_ascension_mode":true,"campfire_choices":[{"data":"ReplayTheSpireMod:Limb From Limb","floor":6.0,"key":"SMITH"},{"data":"Dark Embrace","floor":15.0,"key":"SMITH"},{"floor":24.0,"key":"REST"},{"floor":27.0,"key":"REST"},{"floor":29.0,"key":"REST"},{"floor":32.0,"key":"REST"},{"floor":42,"key":"REST"},{"floor":46,"key":"REST"},{"data":"ReplayTheSpireMod:Book of Names","floor":49,"key":"SMITH"}],"circlet_count":0,"master_deck":["Defend_R","Defend_R","Defend_R","Bash","Dark Embrace+1","ReplayTheSpireMod:Limb From Limb+1","Armaments","Corruption","Shrug It Off","Offering","Bloodletting","Infernal Blade","Impervious","Havoc","Barricade","Pommel Strike","ReplayTheSpireMod:Strike From Hell+1","Anger","hubris:ReadiedAction+1","Battle Trance","Seeing Red","Fiend Fire","True Grit","ReplayTheSpireMod:Book of Names+1","Juggernaut","hubris:Wrath","hubris:Wrath","Midas Touch","Bloodletting+1","Armaments+1"],"relics":["Replay:M_SmolderingBlood","ReplayTheSpireMod:TigerMarble","Replay:Ringing Soul","hubris:TinFlute","infinitespire:Cubic Diamond","ReplayFunnel","infinitespire:Broken Mirror","Black Star","Red Mask","Dead Branch","Tiny Chest","Replay:Kaleidoscope","Cursed Key","Mango","Pocketwatch","Snack Pack","Thread and Needle","Meat on the Bone","Pen Nib"],"acts_visited":["Exordium","TheCity","TheBeyond"],"potions_floor_usage":[50],"damage_taken":[{"damage":0.0,"enemies":"Jaw Worm","floor":1.0,"turns":3.0},{"damage":0.0,"enemies":"Small Slimes","floor":2.0,"turns":3.0},{"damage":0.0,"enemies":"2 Louse","floor":4.0,"turns":2.0},{"damage":6.0,"enemies":"Gremlin Nob","floor":7.0,"turns":3.0},{"damage":6.0,"enemies":"Looter","floor":10.0,"turns":4.0},{"damage":6.0,"enemies":"2 Fungi Beasts","floor":13.0,"turns":2.0},{"damage":19.0,"enemies":"3 Sentries","floor":14.0,"turns":5.0},{"damage":46.0,"enemies":"Hexaghost","floor":16.0,"turns":6.0},{"damage":20.0,"enemies":"Shell Parasite","floor":18.0,"turns":3.0},{"damage":12.0,"enemies":"Chosen","floor":21.0,"turns":3.0},{"damage":32.0,"enemies":"Masked Bandits","floor":22.0,"turns":5.0},{"damage":9.0,"enemies":"3 Cultists","floor":23.0,"turns":2.0},{"damage":36.0,"enemies":"Sentry and Sphere","floor":25.0,"turns":6.0},{"damage":21.0,"enemies":"Slavers","floor":28.0,"turns":5.0},{"damage":9.0,"enemies":"Snake Plant","floor":31.0,"turns":3.0},{"damage":62.0,"enemies":"Collector","floor":33.0,"turns":7.0},{"damage":20.0,"enemies":"Orb Walker","floor":35.0,"turns":2.0},{"damage":11.0,"enemies":"2 Orb Walkers","floor":36.0,"turns":2.0},{"damage":12.0,"enemies":"Mind Bloom Boss Battle","floor":39.0,"turns":2.0},{"damage":9,"enemies":"Nightmare","floor":40,"turns":3},{"damage":3,"enemies":"3 Shapes","floor":41,"turns":3},{"damage":0,"enemies":"Sphere and 2 Shapes","floor":47,"turns":3},{"damage":20,"enemies":"Maw","floor":48,"turns":3},{"damage":17,"enemies":"Donu and Deca","floor":50,"turns":3}],"seed_played":"8577538454896858267","potions_obtained":[{"floor":1.0,"key":"Ancient Potion"},{"floor":7.0,"key":"DistilledChaos"},{"floor":10.0,"key":"EntropicBrew"},{"floor":16.0,"key":"infinitespire:BlackPotion"},{"floor":22.0,"key":"SneckoOil"},{"floor":31.0,"key":"FearPotion"},{"floor":36.0,"key":"BloodPotion"},{"floor":41,"key":"champ:CounterPotion"}],"is_trial":false,"path_per_floor":["M","M","?","M","$","R","E","?","T","M","?","$","M","E","R","B",null,"M","?","$","M","?","M","R","M","T","R","E","R","$","M","R","B",null,"M","?","$","?","?","NM","M","R","T","T","$","R","M","M","R","B",null],"character_chosen":"IRONCLAD","items_purchased":["ReplayTheSpireMod:TigerMarble","Dark Embrace","Shrug It Off","Midas Touch"],"campfire_rested":6,"item_purchase_floors":[0,0,5,45],"current_hp_per_floor":[73,79,67,76,79,79,82,82,82,79,79,79,76,60,60,17,80,60,63,63,54,25,19,52,19,19,53,35,70,70,64,100,41,104,87,90,90,58,46,40,39,83,86,89,92,139,142,133,133,122],"gold":133,"neow_bonus":"","is_daily":false,"chose_seed":false,"campfire_upgraded":3,"win_rate":0.0,"timestamp":1609751291,"path_taken":["M","M","?","M","$","R","E","?","T","M","?","$","M","E","R","BOSS","M","?","$","M","?","M","R","M","T","R","E","R","$","M","R","BOSS","M","?","$","?","?","NM","M","R","T","?","?","R","M","M","R","BOSS"],"items_purchased_type":["Relic","Card","Card","Card"],"build_version":"2020-12-22","purchased_purges":4,"victory":true,"max_hp_per_floor":[80,80,80,83,86,86,89,89,89,92,92,92,95,98,98,101,101,101,104,104,107,110,113,113,116,116,116,119,119,119,122,122,125,125,128,142,142,145,145,148,148,148,151,154,157,157,160,163,163,163],"card_choices":[{"not_picked":["Replay:Undeath\u0027s Touch","Cleave"],"picked":"ReplayTheSpireMod:Limb From Limb","floor":1.0},{"not_picked":["Iron Wave","Warcry"],"picked":"Armaments","floor":2.0},{"not_picked":["Sword Boomerang","Wild Strike"],"picked":"Corruption","floor":4.0},{"not_picked":["Havoc","hubris:SharpeningStone"],"picked":"Offering","floor":7.0},{"not_picked":["Iron Wave","Thunderclap"],"picked":"Bloodletting","floor":10.0},{"not_picked":["Disarm","Havoc"],"picked":"Searing Blow","floor":13.0},{"not_picked":["Massacre","ReplayTheSpireMod:LeadingStrike"],"picked":"Infernal Blade","floor":14.0},{"not_picked":["Ragnarok","Demonic Infusion"],"picked":"Impervious","floor":16.0},{"not_picked":["Anger","Carnage","Clothesline"],"picked":"SKIP","floor":18.0},{"not_picked":["Warcry","Flex"],"picked":"Pommel Strike","floor":21.0},{"not_picked":["Bloodletting","Headbutt+1"],"picked":"ReplayTheSpireMod:Strike From Hell+1","floor":22.0},{"not_picked":["Inflame","hubris:ReadiedAction"],"picked":"Anger","floor":23.0},{"not_picked":["Perfected Strike+1","Sword Boomerang"],"picked":"hubris:ReadiedAction+1","floor":25.0},{"not_picked":["Fire Breathing","Dual Wield"],"picked":"Battle Trance","floor":28.0},{"not_picked":["Demonic Infusion","Hemokinesis+1"],"picked":"Seeing Red","floor":31.0},{"not_picked":["Reaper","Corruption"],"picked":"Fiend Fire","floor":33.0},{"not_picked":["Bloodletting+1","ReplayTheSpireMod:LeadingStrike"],"picked":"True Grit","floor":35.0},{"not_picked":["infinitespire:DeathsTouch","ReplayTheSpireMod:Echoes of Time"],"picked":"ReplayTheSpireMod:Book of Names","floor":38.0},{"not_picked":["Pummel+1","Armaments+1"],"picked":"Juggernaut","floor":40},{"not_picked":["ReplayTheSpireMod:Corrosion Curse","Replay:Undeath\u0027s Touch+1","Havoc"],"picked":"SKIP","floor":41},{"not_picked":["Havoc+1","Halt"],"picked":"Bloodletting+1","floor":47},{"not_picked":["ReplayTheSpireMod:Limb From Limb","Havoc"],"picked":"Armaments+1","floor":48}],"player_experience":97926,"relics_obtained":[{"floor":7.0,"key":"hubris:TinFlute"},{"floor":9.0,"key":"ReplayFunnel"},{"floor":14.0,"key":"infinitespire:Broken Mirror"},{"floor":22.0,"key":"Red Mask"},{"floor":26.0,"key":"Dead Branch"},{"floor":28.0,"key":"Tiny Chest"},{"floor":28.0,"key":"Replay:Kaleidoscope"},{"floor":36.0,"key":"Mango"},{"floor":39.0,"key":"Pocketwatch"},{"floor":40,"key":"Snack Pack"},{"floor":40,"key":"Thread and Needle"},{"floor":43,"key":"Meat on the Bone"},{"floor":44,"key":"Pen Nib"}],"event_choices":[{"damage_healed":0.0,"max_hp_gain":0.0,"max_hp_loss":0.0,"gold_gain":0.0,"event_name":"Scrap Ooze","player_choice":"Success","floor":3.0,"gold_loss":0.0,"damage_taken":12.0,"relics_obtained":["Replay:Ringing Soul"]},{"damage_healed":0.0,"max_hp_gain":0.0,"max_hp_loss":0.0,"gold_gain":0.0,"cards_transformed":["Strike_R","Strike_R"],"event_name":"Drug Dealer","player_choice":"Became Test Subject","floor":19.0,"gold_loss":0.0,"damage_taken":0.0,"cards_obtained":["Havoc","Barricade"]},{"damage_healed":0.0,"max_hp_gain":0.0,"max_hp_loss":0.0,"gold_gain":0.0,"event_name":"Masked Bandits","player_choice":"Fought Bandits","floor":22.0,"gold_loss":0.0,"damage_taken":0.0},{"damage_healed":0.0,"max_hp_gain":0.0,"max_hp_loss":0.0,"gold_gain":0.0,"event_name":"Mysterious Sphere","player_choice":"Fight","floor":36.0,"gold_loss":0.0,"damage_taken":0.0},{"damage_healed":0.0,"max_hp_gain":0.0,"max_hp_loss":0.0,"gold_gain":0.0,"event_name":"MindBloom","player_choice":"Fight","floor":39.0,"gold_loss":0.0,"damage_taken":0.0}],"is_beta":false,"boss_relics":[{"not_picked":["Replay:Drink Me","Kintsugi"],"picked":"Black Star"},{"not_picked":["Velvet Choker","hubris:HollowSoul"],"picked":"Cursed Key"}],"items_purged_floors":[5,20,30,37],"is_endless":false,"potions_floor_spawned":[1,7,10,16,22,31,36,41],"ascension_level":6}}