{"host":"vex7walpoxzv48nx","time":1609726973,"event":{"mods":["BaseMod","Highlight Path","Minty Spire (QoL Compilation)","Permanent Neow","Quick Restart","Relic Stats"],"gold_per_floor":[111,81,46,64,83,83,60,60,83,99,119,194,194,214,214,310,360,379,6,25,25,36,71,71,97,97,97,116,148,163,175,175,175,175],"floor_reached":33,"playtime":4009,"items_purged":["Defend_B"],"score":301,"play_id":"d56f3058-66b8-4b6f-9bac-9b7372e1073a","local_time":"20210104032253","is_ascension_mode":false,"campfire_choices":[{"data":"Loop","floor":6.0,"key":"SMITH"},{"data":"Static Discharge","floor":8.0,"key":"SMITH"},{"data":"Glacier","floor":15.0,"key":"SMITH"},{"floor":27.0,"key":"REST"},{"floor":32,"key":"REST"}],"circlet_count":0,"master_deck":["Strike_B","Strike_B","Strike_B","Strike_B+1","Defend_B+1","Defend_B","Defend_B","Zap+1","Dualcast","Genetic Algorithm+1","Static Discharge+1","Loop+1","Coolheaded+1","Doom and Gloom","Glacier+1","Reboot","BootSequence","Sweeping Beam","Capacitor","Streamline","Conserve Battery","Ball Lightning","Melter","Compile Driver+1"],"relics":["War Paint","Tiny House","Frozen Eye","Vajra","Nloth\u0027s Gift","Calipers","Ancient Tea Set","Eternal Feather","White Beast Statue"],"acts_visited":["Exordium","TheCity"],"potions_floor_usage":[30,30,31,33],"damage_taken":[{"damage":0.0,"enemies":"2 Louse","floor":1.0,"turns":2.0},{"damage":0.0,"enemies":"Cultist","floor":4.0,"turns":3.0},{"damage":0.0,"enemies":"Small Slimes","floor":5.0,"turns":3.0},{"damage":0.0,"enemies":"Exordium Thugs","floor":10.0,"turns":4.0},{"damage":14.0,"enemies":"Lots of Slimes","floor":11.0,"turns":3.0},{"damage":3.0,"enemies":"Looter","floor":14.0,"turns":3.0},{"damage":13.0,"enemies":"Slime Boss","floor":16.0,"turns":10.0},{"damage":2.0,"enemies":"Spheric Guardian","floor":18.0,"turns":5.0},{"damage":11.0,"enemies":"2 Thieves","floor":20.0,"turns":4.0},{"damage":6.0,"enemies":"Centurion and Healer","floor":22.0,"turns":7.0},{"damage":13.0,"enemies":"Book of Stabbing","floor":23.0,"turns":6.0},{"damage":0.0,"enemies":"Chosen and Byrds","floor":24.0,"turns":1.0},{"damage":24.0,"enemies":"Gremlin Leader","floor":25.0,"turns":6.0},{"damage":16.0,"enemies":"Shelled Parasite and Fungi","floor":28.0,"turns":6.0},{"damage":41.0,"enemies":"Slavers","floor":29.0,"turns":6.0},{"damage":1,"enemies":"Cultist and Chosen","floor":30,"turns":7},{"damage":5,"enemies":"Snecko","floor":31,"turns":5},{"damage":61,"enemies":"Champ","floor":33,"turns":12}],"seed_played":"1767336106385130094","potions_obtained":[{"floor":1.0,"key":"SmokeBomb"},{"floor":2.0,"key":"PotionOfCapacity"},{"floor":2.0,"key":"Energy Potion"},{"floor":16.0,"key":"Energy Potion"},{"floor":17.0,"key":"Dexterity Potion"},{"floor":22.0,"key":"EntropicBrew"},{"floor":23.0,"key":"LiquidMemories"},{"floor":25.0,"key":"Fruit Juice"},{"floor":28.0,"key":"Dexterity Potion"},{"floor":29.0,"key":"Ancient Potion"},{"floor":30,"key":"Ancient Potion"},{"floor":31,"key":"DistilledChaos"}],"is_trial":false,"path_per_floor":["M","?","$","M","M","R","$","R","T","M","M","?","?","M","R","B",null,"M","$","M","?","M","E","M","E","T","R","M","E","M","M","R","B"],"character_chosen":"DEFECT","items_purchased":["Static Discharge","Coolheaded","Frozen Eye","Vajra"],"campfire_rested":2,"item_purchase_floors":[3,7,19,19],"current_hp_per_floor":[75,75,75,75,75,75,75,75,75,75,61,50,50,47,47,34,80,78,78,67,67,61,48,48,29,29,66,50,9,8,3,40,0,0],"gold":175,"neow_bonus":"UPGRADE_CARD","is_daily":false,"chose_seed":false,"campfire_upgraded":3,"win_rate":0.0,"timestamp":1609726973,"path_taken":["M","?","?","M","M","R","$","R","T","M","M","?","?","?","R","BOSS","M","?","M","?","M","E","M","E","T","R","M","E","?","M","R","BOSS"],"items_purchased_type":["Card","Card","Relic","Relic"],"build_version":"2020-12-22","purchased_purges":1,"victory":false,"max_hp_per_floor":[75,75,75,75,75,75,75,75,75,75,75,75,75,75,75,75,80,80,80,80,80,80,80,80,85,85,85,85,85,85,85,85,85,85],"relic_stats":{"counters":[18,91],"Eternal Feather":24,"Nloth\u0027s Gift":3,"War Paint":["Defend_B","Genetic Algorithm"],"obtain_stats":[{"Frozen Eye":19,"Tiny House":17,"Calipers":23,"Vajra":19,"Eternal Feather":26,"Nloth\u0027s Gift":21,"War Paint":9,"Cracked Core":0,"Ancient Tea Set":25,"White Beast Statue":29},{"Frozen Eye":8,"Tiny House":7,"Calipers":11,"Vajra":8,"Eternal Feather":13,"Nloth\u0027s Gift":9,"War Paint":3,"Cracked Core":0,"Ancient Tea Set":13,"White Beast Statue":15},{"Frozen Eye":33,"Tiny House":28,"Calipers":50,"Vajra":33,"Eternal Feather":57,"Nloth\u0027s Gift":37,"War Paint":8,"Cracked Core":0,"Ancient Tea Set":57,"White Beast Statue":68}]},"card_choices":[{"not_picked":["Heatsinks","Hologram"],"picked":"Genetic Algorithm","floor":1.0},{"not_picked":["Hologram","Barrage"],"picked":"Loop","floor":4.0},{"not_picked":["Rebound","Redo","Storm"],"picked":"SKIP","floor":5.0},{"not_picked":["Cold Snap","Hologram","Gash"],"picked":"SKIP","floor":10.0},{"not_picked":["Chill","Double Energy"],"picked":"Doom and Gloom","floor":11.0},{"not_picked":["Ball Lightning","Loop"],"picked":"Glacier","floor":14.0},{"not_picked":["Rainbow","Multi-Cast"],"picked":"Reboot","floor":16.0},{"not_picked":["Ball Lightning","Stack"],"picked":"BootSequence","floor":17.0},{"not_picked":["Turbo","BootSequence","Redo+1"],"picked":"SKIP","floor":18.0},{"not_picked":["Loop","Gash+1"],"picked":"Sweeping Beam","floor":20.0},{"not_picked":["Gash","Stack+1"],"picked":"Capacitor","floor":22.0},{"not_picked":["Thunder Strike","Barrage+1"],"picked":"Streamline","floor":23.0},{"not_picked":["Beam Cell","Streamline"],"picked":"Conserve Battery","floor":25.0},{"not_picked":["Sweeping Beam","Gash"],"picked":"Ball Lightning","floor":28.0},{"not_picked":["Rainbow","Redo"],"picked":"Melter","floor":29.0},{"not_picked":["Rainbow","Stack","Rebound"],"picked":"SKIP","floor":30},{"not_picked":["Streamline+1","Fusion"],"picked":"Compile Driver+1","floor":31}],"player_experience":75005,"relics_obtained":[{"floor":9.0,"key":"War Paint"},{"floor":23.0,"key":"Calipers"},{"floor":25.0,"key":"Ancient Tea Set"},{"floor":26.0,"key":"Eternal Feather"},{"floor":29.0,"key":"White Beast Statue"}],"event_choices":[{"damage_healed":0.0,"max_hp_gain":0.0,"max_hp_loss":0.0,"gold_gain":0.0,"event_name":"The Woman in Blue","player_choice":"Bought 2 Potions","floor":2.0,"gold_loss":0.0,"damage_taken":0.0},{"damage_healed":0.0,"max_hp_gain":0.0,"max_hp_loss":0.0,"gold_gain":75.0,"event_name":"World of Goop","player_choice":"Gather Gold","floor":12.0,"gold_loss":0.0,"damage_taken":11.0},{"damage_healed":0.0,"max_hp_gain":0.0,"max_hp_loss":0.0,"gold_gain":0.0,"event_name":"Living Wall","player_choice":"Grow","floor":13.0,"gold_loss":0.0,"damage_taken":0.0,"cards_upgraded":["Coolheaded"]},{"damage_healed":0.0,"max_hp_gain":0.0,"max_hp_loss":0.0,"gold_gain":0.0,"event_name":"N\u0027loth","player_choice":"Traded Relic","floor":21.0,"relics_lost":["Cracked Core"],"gold_loss":0.0,"damage_taken":0.0,"relics_obtained":["Nloth\u0027s Gift"]}],"is_beta":false,"boss_relics":[{"not_picked":["Runic Dome","Philosopher\u0027s Stone"],"picked":"Tiny House"}],"items_purged_floors":[19],"is_endless":false,"potions_floor_spawned":[1,16,22,23,25,28,29,30,31],"killed_by":"Champ","ascension_level":0}}