{"host":"y9cfhv0nasly8qeh","time":1609757662,"event":{"mods":["BaseMod","Minty Spire (QoL Compilation)","Relic Stats","StSLib","[IsaacMod]ÒÔÈö¼âËþ"],"gold_per_floor":[115,40,57,57,57,88,103,123,150,178,188,220,251,275,287,400,412,434,446,477,389,488,488,121,156,156,156,156],"floor_reached":27,"playtime":746,"items_purged":["Strike_R","BloodyBrimstone+1","Strike_R"],"score":303,"play_id":"93e473b9-3fba-4b57-8acc-94c653c65f8a","local_time":"20210104185422","is_ascension_mode":false,"campfire_choices":[{"data":"Limit Break","floor":15.0,"key":"SMITH"},{"data":"Limit Break","floor":23.0,"key":"SMITH"}],"circlet_count":0,"master_deck":["Strike_R","Strike_R+1","Strike_R","Defend_R","Defend_R","Defend_R+1","Defend_R","Bash","Havoc+1","Entrench","Battle Trance","Limit Break+1","Power Through","Shockwave","Burning Pact","Inflame","Limit Break+1","Power Through+1","Intimidate","Armaments+1"],"relics":["Burning Blood","HushsDoor","DoctorsRemote","NeowsBlessing","War Paint","Regal Pillow","Red Skull","MawBank","MagicMushroom","Omamori","Toxic Egg 2","Shuriken"],"acts_visited":["Exordium","TheCity"],"potions_floor_usage":[],"damage_taken":[{"damage":0.0,"enemies":"Cultist","floor":1.0,"turns":1.0},{"damage":0.0,"enemies":"Small Slimes","floor":3.0,"turns":1.0},{"damage":0.0,"enemies":"3 Sentries","floor":6.0,"turns":2.0},{"damage":0.0,"enemies":"2 Louse","floor":7.0,"turns":1.0},{"damage":2.0,"enemies":"2 Fungi Beasts","floor":8.0,"turns":4.0},{"damage":10.0,"enemies":"Lagavulin","floor":10.0,"turns":8.0},{"damage":5.0,"enemies":"Lots of Slimes","floor":11.0,"turns":2.0},{"damage":0.0,"enemies":"3 Sentries","floor":12.0,"turns":1.0},{"damage":0.0,"enemies":"3 Louse","floor":13.0,"turns":1.0},{"damage":2.0,"enemies":"Blue Slaver","floor":14.0,"turns":6.0},{"damage":26.0,"enemies":"Slime Boss","floor":16.0,"turns":6.0},{"damage":21.0,"enemies":"Spheric Guardian","floor":18.0,"turns":5.0},{"damage":0.0,"enemies":"Chosen","floor":20.0,"turns":6.0},{"damage":37,"enemies":"Slavers","floor":25,"turns":5},{"damage":20,"enemies":"3 Cultists","floor":27,"turns":4}],"seed_played":"-6702472467145051332","potions_obtained":[{"floor":7.0,"key":"GamblersBrew"},{"floor":11.0,"key":"Ancient Potion"},{"floor":12.0,"key":"FearPotion"},{"floor":13.0,"key":"BlessingOfTheForge"},{"floor":25,"key":"DuplicationPotion"}],"is_trial":false,"path_per_floor":["M","$","M","?","?","E","M","M","T","E","M","E","M","M","R","B",null,"M","?","M","$","?","R","$","E","T","M"],"character_chosen":"IRONCLAD","items_purchased":["Omamori","Fruit Juice"],"campfire_rested":0,"item_purchase_floors":[24,24],"current_hp_per_floor":[80,80,80,80,64,70,76,80,80,76,74,71,71,68,68,48,72,57,44,51,51,51,51,56,26,26,7,7],"gold":156,"neow_bonus":"THREE_ENEMY_KILL","is_daily":false,"chose_seed":false,"campfire_upgraded":2,"win_rate":0.0,"timestamp":1609757662,"path_taken":["M","?","M","?","?","E","?","M","T","E","M","E","M","M","R","BOSS","M","?","M","$","?","R","$","E","T","?"],"items_purchased_type":["Relic","Potion"],"build_version":"2020-12-22","purchased_purges":3,"victory":false,"max_hp_per_floor":[80,80,80,80,80,80,80,80,80,77,74,71,71,68,68,65,72,72,77,77,77,77,77,82,82,82,82,82],"relic_stats":{"Regal Pillow":0,"counters":[15,53],"Shuriken":[0],"War Paint":["Defend_R","Havoc"],"MawBank":108,"obtain_stats":[{"KeepersGift":0,"DoctorsRemote":0,"Regal Pillow":9,"NeowsBlessing":0,"Omamori":24,"War Paint":6,"MawBank":12,"Burning Blood":0,"Shuriken":26,"MagicMushroom":17,"Toxic Egg 2":25,"HushsDoor":0,"Red Skull":10},{"KeepersGift":0,"DoctorsRemote":0,"Regal Pillow":5,"NeowsBlessing":0,"Omamori":13,"War Paint":3,"MawBank":8,"Burning Blood":0,"Shuriken":14,"MagicMushroom":11,"Toxic Egg 2":14,"HushsDoor":0,"Red Skull":6},{"KeepersGift":0,"DoctorsRemote":0,"Regal Pillow":9,"NeowsBlessing":0,"Omamori":44,"War Paint":4,"MawBank":20,"Burning Blood":0,"Shuriken":49,"MagicMushroom":33,"Toxic Egg 2":49,"HushsDoor":0,"Red Skull":17}],"Burning Blood":51},"card_choices":[{"not_picked":[],"picked":"BloodyBrimstone","floor":0.0},{"not_picked":["Wild Strike","Clash"],"picked":"Havoc","floor":1.0},{"not_picked":["Battle Trance","Headbutt"],"picked":"Entrench","floor":3.0},{"not_picked":["Pummel","Sever Soul"],"picked":"Battle Trance","floor":6.0},{"not_picked":["Iron Wave","True Grit"],"picked":"Limit Break","floor":7.0},{"not_picked":["Rage","Warcry"],"picked":"Power Through","floor":8.0},{"not_picked":["Pommel Strike","Ghostly Armor","Flex"],"picked":"SKIP","floor":10.0},{"not_picked":["Shrug It Off","Wild Strike"],"picked":"Shockwave","floor":11.0},{"not_picked":["Perfected Strike","Headbutt","Bloodletting"],"picked":"SKIP","floor":12.0},{"not_picked":["Sword Boomerang","Anger"],"picked":"Burning Pact","floor":13.0},{"not_picked":["Spot Weakness","Body Slam"],"picked":"Inflame","floor":14.0},{"not_picked":["Brutality","Fiend Fire"],"picked":"Limit Break","floor":16.0},{"not_picked":["Havoc","Anger"],"picked":"Power Through+1","floor":18.0},{"not_picked":["Shrug It Off","Whirlwind"],"picked":"Intimidate","floor":20.0},{"not_picked":["Clash","Sword Boomerang+1"],"picked":"Armaments+1","floor":25}],"player_experience":530202,"relics_obtained":[{"floor":6.0,"key":"War Paint"},{"floor":9.0,"key":"Regal Pillow"},{"floor":10.0,"key":"Red Skull"},{"floor":12.0,"key":"MawBank"},{"floor":25,"key":"Toxic Egg 2"},{"floor":26,"key":"Shuriken"}],"event_choices":[{"damage_healed":0.0,"max_hp_gain":0.0,"max_hp_loss":0.0,"gold_gain":0.0,"event_name":"Match and Keep!","player_choice":"0 cards matched","floor":4.0,"gold_loss":0.0,"damage_taken":0.0,"cards_obtained":[]},{"damage_healed":0.0,"max_hp_gain":0.0,"max_hp_loss":0.0,"gold_gain":0.0,"event_name":"Shining Light","player_choice":"Entered Light","floor":5.0,"gold_loss":0.0,"damage_taken":16.0,"cards_upgraded":["BloodyBrimstone","Strike_R"]},{"damage_healed":0.0,"max_hp_gain":5.0,"max_hp_loss":0.0,"gold_gain":0.0,"event_name":"Forgotten Altar","player_choice":"Shed Blood","floor":19.0,"gold_loss":0.0,"damage_taken":18.0},{"damage_healed":0.0,"max_hp_gain":0.0,"max_hp_loss":0.0,"gold_gain":99.0,"event_name":"Nest","player_choice":"Stole From Cult","floor":22.0,"gold_loss":0.0,"damage_taken":0.0}],"is_beta":false,"boss_relics":[{"not_picked":["Astrolabe","Busted Crown"],"picked":"MagicMushroom"},{"not_picked":[]}],"items_purged_floors":[2,21,24],"is_endless":false,"potions_floor_spawned":[7,11,12,13,25],"killed_by":"3 Cultists","ascension_level":0}}