{"host":"rgcz6yx3duq0lh14","time":1609774158,"event":{"mods":["ATMod(à¢‡ıMod)","AchievementEnabler","Act Like it!","Aspiration","Astrologer","BaseMod","CapriCore","Chen","Colored Map","Decade(â§è¨ñæ)","Friendly Minions","Gensokyo","GungeonMod","Hallownest","Hermit","Jedi Mod","KinomotoSakuraMod(ñÿîVñ{?)","Koishi","Mari Mod (Legacy)","Mari\u0027s V1 Patch","MarisaÅiñ∂âJÅ@ñÇóùçπÅj","Minty Spire (QoL Compilation)","MostiFishMod","Pale of the Ancients","Permanent Neow","Potionbrewer","Prisma Mod","Quick Restart","ReimuÅiîé??öÎÅj","Replay The Spire","Robot Space Explorer","RumiaBox-òIïƒ?ìIê_îÈ·¥éq","Spicy Shops","StSLib","The Alterego","The Animator","The Bug Knight","The Cursed","The Dragon Tamer","The Forsaken","The Gatherer","The Immortal","The Marked","The Mystic","The Poker Player","The Runesmith","The Servant 0.9.4","TheWitcher","Yakumo Yukari mod","YoumuÅiç∞ÈÆódöÎÅj","Åy?ï®?îvÅzREMEMod"],"gold_per_floor":[110,110,110,126,206,206,206,206],"floor_reached":7,"playtime":306,"items_purged":[],"score":41,"play_id":"b44e2116-bee9-468e-84b4-80637340ad72","local_time":"20210104232918","is_ascension_mode":true,"campfire_choices":[{"data":"alterego_mod:AlterEgo","floor":6,"key":"SMITH"}],"circlet_count":0,"master_deck":["alterego_mod:Strike","alterego_mod:Strike","alterego_mod:Strike","alterego_mod:Strike","alterego_mod:Defend","alterego_mod:Defend","alterego_mod:Defend","alterego_mod:Defend","alterego_mod:Impale+1","alterego_mod:BigMeatyClaws","alterego_mod:BrynhildrsRune","alterego_mod:SuperDuperMasochism","alterego_mod:AlterEgo+1","alterego_mod:Birthday"],"relics":["alterego_mod:MasochisticConstitution","AT_ATBox","DaveBox","REME_ComplimentaryCards","SynthV:TestCard","HereWithMe"],"acts_visited":["Gensokyo:Gensokyo"],"potions_floor_usage":[],"damage_taken":[{"damage":4,"enemies":"Gensokyo:Python","floor":1,"turns":3},{"damage":0,"enemies":"Gensokyo:3_Fairies","floor":4,"turns":3},{"damage":17,"enemies":"Gensokyo:Aya","floor":7,"turns":7}],"seed_played":"8719798269985893038","potions_obtained":[],"is_trial":false,"path_per_floor":["M","?","?","M","?","R","E"],"character_chosen":"The_Alterego","items_purchased":[],"campfire_rested":0,"item_purchase_floors":[],"current_hp_per_floor":[67,67,67,67,67,67,52,52],"gold":206,"neow_bonus":"UPGRADE_CARD","is_daily":false,"chose_seed":false,"campfire_upgraded":1,"win_rate":0.0,"timestamp":1609774158,"path_taken":["M","?","?","M","?","R","E"],"items_purchased_type":[],"build_version":"2020-12-22","purchased_purges":0,"victory":false,"max_hp_per_floor":[71,71,71,71,71,71,71,71],"card_choices":[{"not_picked":["alterego_mod:MagicResistance","alterego_mod:DeftHands"],"picked":"alterego_mod:SuperDuperMasochism","floor":1},{"not_picked":["alterego_mod:RocketPunch","alterego_mod:1TonWallop","alterego_mod:Table","alterego_mod:SakuraFive"],"picked":"alterego_mod:AlterEgo","floor":3},{"not_picked":["alterego_mod:GoddessCore","alterego_mod:Collar","alterego_mod:Cooking","alterego_mod:Clap"],"picked":"alterego_mod:Birthday","floor":4}],"player_experience":933917,"relics_obtained":[{"floor":1,"key":"SynthV:TestCard"}],"event_choices":[],"is_beta":false,"boss_relics":[],"items_purged_floors":[],"is_endless":false,"potions_floor_spawned":[],"killed_by":"Gensokyo:Aya","ascension_level":1}}