{"host":"088jo5vb400xciyq","time":1609731688,"event":{"mods":["BaseMod","Infinite Spire","Minty Spire (QoL Compilation)","Rare Cards Sparkle","Shop Mod","StSLib"],"gold_per_floor":[109,128,53,66,85,117,117,172,172,188,363,363,363,117,117,216,216,236,236,236,236,249,279,279,279,279,279,10,10,26,55,55,160,160,176,176,26,26,26],"floor_reached":38,"playtime":1550,"items_purged":["infinitespire:Pacifist","Doubt","Strike_B","Strike_B","Strike_B"],"score":458,"play_id":"6872b2a3-48dc-4c96-90ad-86273c102dbe","local_time":"20210103204128","is_ascension_mode":false,"campfire_choices":[{"data":"Loop","floor":7,"key":"SMITH"},{"floor":12,"key":"REST"},{"data":"Thunder Strike","floor":13,"key":"SMITH"},{"data":"Hologram","floor":15,"key":"SMITH"},{"data":"Loop","floor":25,"key":"SMITH"},{"data":"Hologram","floor":27,"key":"SMITH"},{"data":"Zap","floor":32,"key":"SMITH"}],"circlet_count":0,"master_deck":["Strike_B","Defend_B","Defend_B","Defend_B","Defend_B","Zap+1","Dualcast","Thunder Strike+1","Leap","Loop+1","Ball Lightning","Ball Lightning","Hologram+1","Rainbow","Hologram+1","infinitespire:Collect","Ghostly","Ghostly","Ghostly","Ghostly","Ghostly","Conserve Battery","Heatsinks","Loop+1","infinitespire:Collect","Capacitor+1","Tempest+1","Buffer"],"relics":["Cracked Core","infinitespire:ShieldingShard","Emotion Chip","WingedGreaves","Blood Vial","Sozu","infinitespire:Beetle Shell","Inserter","infinitespire:PuzzleCube","DollysMirror","infinitespire:SolderingIron","Toy Ornithopter","Coffee Dripper"],"acts_visited":["Exordium","TheCity","TheBeyond"],"potions_floor_usage":[8,38],"damage_taken":[{"damage":0,"enemies":"Small Slimes","floor":1,"turns":2},{"damage":10,"enemies":"Jaw Worm","floor":2,"turns":6},{"damage":0,"enemies":"2 Louse","floor":4,"turns":2},{"damage":5,"enemies":"Looter","floor":5,"turns":3},{"damage":17,"enemies":"Lagavulin","floor":6,"turns":6},{"damage":23,"enemies":"3 Sentries","floor":8,"turns":5},{"damage":8,"enemies":"Large Slime","floor":10,"turns":3},{"damage":30,"enemies":"The Guardian","floor":16,"turns":11},{"damage":14,"enemies":"2 Thieves","floor":18,"turns":4},{"damage":0,"enemies":"Spheric Guardian","floor":22,"turns":1},{"damage":8,"enemies":"Slavers","floor":23,"turns":7},{"damage":0,"enemies":"Centurion and Healer","floor":30,"turns":5},{"damage":0,"enemies":"Book of Stabbing","floor":31,"turns":6},{"damage":5,"enemies":"Collector","floor":33,"turns":10},{"damage":0,"enemies":"Orb Walker","floor":35,"turns":5},{"damage":69,"enemies":"2 Orb Walkers","floor":38,"turns":7}],"seed_played":"4316106474788205630","potions_obtained":[{"floor":1,"key":"DuplicationPotion"},{"floor":4,"key":"PotionOfCapacity"},{"floor":5,"key":"Dexterity Potion"},{"floor":16,"key":"Regen Potion"}],"is_trial":false,"path_per_floor":["M","M","$","M","M","E","R","?","T","M","?","R","R","$","R","B",null,"M","?","?","AVR","M","E","?","R","T","R","$","T","M","E","R","B",null,"M","?","$","?"],"character_chosen":"DEFECT","items_purchased":["Blood Vial","DollysMirror"],"campfire_rested":1,"item_purchase_floors":[14,28],"current_hp_per_floor":[75,65,65,65,60,43,43,20,20,12,12,34,34,34,34,6,75,61,42,37,37,37,29,29,29,29,29,29,29,31,33,33,30,37,37,37,37,0,0],"gold":26,"neow_bonus":"THREE_RARE_CARDS","is_daily":false,"chose_seed":false,"campfire_upgraded":6,"win_rate":0.0,"timestamp":1609731688,"path_taken":["M","M","$","M","M","E","R","?","T","M","?","R","R","$","R","BOSS","M","?","?","AVR","M","E","?","R","T","R","$","?","M","E","R","BOSS","M","?","$","?"],"items_purchased_type":["Relic","Relic"],"build_version":"2020-12-22","purchased_purges":5,"victory":false,"max_hp_per_floor":[75,75,75,75,75,75,75,75,75,75,75,75,75,75,75,75,75,75,75,37,37,37,37,37,37,37,37,37,37,37,37,37,37,37,37,37,37,37,37],"card_choices":[{"not_picked":["Reboot","Echo Form"],"picked":"Thunder Strike","floor":0},{"not_picked":["Steam","Scrape","Sweeping Beam"],"picked":"SKIP","floor":1},{"not_picked":["Cold Snap","Rebound"],"picked":"Leap","floor":2},{"not_picked":["Conserve Battery","Gash"],"picked":"Loop","floor":4},{"not_picked":["Leap","Amplify"],"picked":"Ball Lightning","floor":5},{"not_picked":["Double Energy","Hyperbeam","Streamline"],"picked":"SKIP","floor":6},{"not_picked":["Stack","Sunder"],"picked":"Ball Lightning","floor":8},{"not_picked":["Streamline","Rebound"],"picked":"Hologram","floor":10},{"not_picked":["Meteor Strike","Fission"],"picked":"Rainbow","floor":16},{"not_picked":["Steam+1","Turbo"],"picked":"Hologram","floor":18},{"not_picked":["infinitespire:Gouge","infinitespire:SevenWalls"],"picked":"infinitespire:Collect","floor":19},{"not_picked":["Compile Driver+1","Core Surge"],"picked":"Conserve Battery","floor":22},{"not_picked":["Consume+1","Redo"],"picked":"Heatsinks","floor":23},{"not_picked":["Fusion","Barrage"],"picked":"Capacitor+1","floor":30},{"not_picked":["Steam Power","Core Surge"],"picked":"Tempest+1","floor":31},{"not_picked":["Multi-Cast","Hyperbeam"],"picked":"Buffer","floor":33},{"not_picked":["Double Energy+1","Cold Snap","Darkness+1"],"picked":"SKIP","floor":35}],"player_experience":372195,"relics_obtained":[{"floor":6,"key":"infinitespire:ShieldingShard"},{"floor":8,"key":"Emotion Chip"},{"floor":9,"key":"WingedGreaves"},{"floor":23,"key":"infinitespire:PuzzleCube"},{"floor":29,"key":"infinitespire:SolderingIron"},{"floor":31,"key":"Toy Ornithopter"}],"event_choices":[{"damage_healed":0,"gold_gain":0,"player_choice":"Searched \u00272\u0027 times","damage_taken":0,"max_hp_gain":0,"max_hp_loss":0,"event_name":"Dead Adventurer","floor":8,"gold_loss":0},{"damage_healed":0,"gold_gain":175,"player_choice":"AGREE","damage_taken":0,"max_hp_gain":0,"max_hp_loss":0,"event_name":"Liars Game","floor":11,"gold_loss":0,"cards_obtained":["Doubt"]},{"damage_healed":0,"gold_gain":0,"player_choice":"Became a Ghost","damage_taken":0,"max_hp_gain":0,"max_hp_loss":38,"event_name":"Ghosts","floor":20,"gold_loss":0,"cards_obtained":["Ghostly","Ghostly","Ghostly","Ghostly","Ghostly"]},{"damage_healed":0,"gold_gain":0,"player_choice":"Read","damage_taken":0,"max_hp_gain":0,"max_hp_loss":0,"event_name":"The Library","floor":24,"gold_loss":0,"cards_obtained":["Loop"]},{"damage_healed":0,"gold_gain":0,"player_choice":"Ignored","damage_taken":0,"max_hp_gain":0,"max_hp_loss":0,"event_name":"Tomb of Lord Red Mask","floor":36,"gold_loss":0},{"damage_healed":0,"gold_gain":0,"player_choice":"Fight","damage_taken":0,"max_hp_gain":0,"max_hp_loss":0,"event_name":"Mysterious Sphere","floor":38,"gold_loss":0}],"is_beta":false,"boss_relics":[{"not_picked":["Nuclear Battery","FrozenCore"],"picked":"Sozu"},{"not_picked":["Fusion Hammer","Black Star"],"picked":"Coffee Dripper"}],"items_purged_floors":[3,14,21,28,37],"is_endless":false,"potions_floor_spawned":[1,4,5,16,22,31,33,35],"killed_by":"2 Orb Walkers","ascension_level":0}}