{"host":"mzp3pvw1g1kyjyte","time":1609755746,"event":{"mods":["AchievementEnabler","Arknights The Spire","BaseMod","Colored Powertips","Highlight Path","Minty Spire (QoL Compilation)","Quick Restart","Relic Stats","Remilia£®¿Ÿ√◊¿Ú—«£©","Shop Mod","StSLib","SuperFastMode","TestMod","[IsaacMod]“‘»ˆº‚À˛"],"gold_per_floor":[115,115,115,128,144,144,159,170,170,170,181,208,220,269,281,293,293],"floor_reached":16,"playtime":552,"items_purged":[],"score":96,"play_id":"599eee8d-dafb-4ace-b4d8-3b70afda3bd1","local_time":"20210104182226","is_ascension_mode":false,"campfire_choices":[{"floor":6,"key":"RECALL"},{"floor":10,"key":"REST"},{"floor":13,"key":"REST"},{"floor":15,"key":"REST"}],"circlet_count":0,"master_deck":["Strike_RM+1","Strike_RM+1","Strike_RM","Defend_RM+1","Defend_RM","Defend_RM","Defend_RM+1","RedMoon","ScarletShoot","VampirishNight","ScarletDream","StarOfDavid","BombardNight","ScarletDevilSign","EquivalentExchange","UnstableMagic","ChainGang","DiffusionOfMisfortune","FavorOfDestiny","LeisurelyOfLord","MiserableFate"],"relics":["ScarletHat","HushsDoor","testmod-TestBox","Damocles","testmod-TimeTraveler","NeowsBlessing","Whetstone","testmod-ObsoleteBoomerang","Ornamental Fan","Bag of Preparation","Dream Catcher","MawBank","Omamori","GuppysPaw"],"acts_visited":["Exordium"],"potions_floor_usage":[],"damage_taken":[{"damage":0,"enemies":"Jaw Worm","floor":1,"turns":1},{"damage":0,"enemies":"2 Louse","floor":4,"turns":2},{"damage":0,"enemies":"Cultist","floor":5,"turns":1},{"damage":0,"enemies":"Exordium Wildlife","floor":7,"turns":3},{"damage":0,"enemies":"Looter","floor":8,"turns":2},{"damage":0,"enemies":"Lots of Slimes","floor":11,"turns":2},{"damage":0,"enemies":"Gremlin Gang","floor":12,"turns":1},{"damage":0,"enemies":"2 Fungi Beasts","floor":14,"turns":2},{"damage":15,"enemies":"Hexaghost","floor":16,"turns":2}],"seed_played":"-6138693292236594877","potions_obtained":[{"floor":7,"key":"Dexterity Potion"},{"floor":11,"key":"SpeedPotion"},{"floor":14,"key":"AttackPotion"}],"is_trial":false,"path_per_floor":["M","?","?","M","M","R","M","M","T","R","M","M","R","M","R","B"],"character_chosen":"REMILIA","items_purchased":[],"campfire_rested":3,"item_purchase_floors":[],"current_hp_per_floor":[75,75,60,60,62,62,64,68,68,75,75,75,75,75,75,0,0],"gold":293,"neow_bonus":"THREE_ENEMY_KILL","is_daily":false,"chose_seed":false,"campfire_upgraded":0,"win_rate":0.0,"timestamp":1609755746,"path_taken":["M","?","?","M","M","R","?","M","T","R","M","M","R","M","R","BOSS"],"items_purchased_type":[],"build_version":"2020-12-22","purchased_purges":0,"victory":false,"max_hp_per_floor":[75,75,75,75,75,75,75,75,75,75,75,75,75,75,75,75,75],"relic_stats":{"Dream Catcher":3,"counters":[9,16],"Ornamental Fan":[20],"Bag of Preparation":[10],"Whetstone":["Strike_RM","Strike_RM"],"MawBank":60,"obtain_stats":[{"KeepersGift":0,"Damocles":0,"testmod-TestBox":0,"testmod-TimeTraveler":0,"NeowsBlessing":0,"GuppysPaw":14,"Bag of Preparation":7,"Omamori":12,"Whetstone":1,"MawBank":11,"ScarletHat":0,"Dream Catcher":8,"Ornamental Fan":5,"testmod-ObsoleteBoomerang":4,"HushsDoor":0},{"KeepersGift":0,"Damocles":0,"testmod-TestBox":0,"testmod-TimeTraveler":0,"NeowsBlessing":0,"GuppysPaw":8,"Bag of Preparation":4,"Omamori":7,"Whetstone":1,"MawBank":6,"ScarletHat":0,"Dream Catcher":5,"Ornamental Fan":3,"testmod-ObsoleteBoomerang":2,"HushsDoor":0},{"KeepersGift":0,"Damocles":0,"testmod-TestBox":0,"testmod-TimeTraveler":0,"NeowsBlessing":0,"GuppysPaw":14,"Bag of Preparation":7,"Omamori":12,"Whetstone":1,"MawBank":11,"ScarletHat":0,"Dream Catcher":9,"Ornamental Fan":4,"testmod-ObsoleteBoomerang":3,"HushsDoor":0}]},"card_choices":[{"not_picked":[],"picked":"ChaosCard","floor":0},{"not_picked":["RedRainbow","DiffusionOfMisfortune"],"picked":"VampirishNight","floor":1},{"not_picked":["MastersStateliness","Bomb"],"picked":"StarOfDavid","floor":4},{"not_picked":["Bomb","FitfulNightmare"],"picked":"BombardNight","floor":5},{"not_picked":["UnderTheZenith","MastersStateliness"],"picked":"ScarletDevilSign","floor":7},{"not_picked":["EndlessAdversity","StarOfDavid"],"picked":"EquivalentExchange","floor":8},{"not_picked":["CharismaGuard","Bomb"],"picked":"UnstableMagic","floor":10},{"not_picked":["VampireClaw","ScarletDevil"],"picked":"ChainGang","floor":11},{"not_picked":["MastersStateliness","EndlessAdversity"],"picked":"DiffusionOfMisfortune","floor":12},{"not_picked":["EndlessAdversity","Bomb"],"picked":"FavorOfDestiny","floor":13},{"not_picked":["DiffusionOfMisfortune","VampireKiss"],"picked":"LeisurelyOfLord","floor":14},{"not_picked":["BloodHunter","ChainGang"],"picked":"MiserableFate","floor":15}],"player_experience":21087,"relics_obtained":[{"floor":1,"key":"Whetstone"},{"floor":4,"key":"testmod-ObsoleteBoomerang"},{"floor":5,"key":"Ornamental Fan"},{"floor":7,"key":"Bag of Preparation"},{"floor":8,"key":"Dream Catcher"},{"floor":11,"key":"MawBank"},{"floor":12,"key":"Omamori"},{"floor":14,"key":"GuppysPaw"}],"event_choices":[{"damage_healed":0,"gold_gain":0,"cards_transformed":["Strike_RM"],"player_choice":"Change","damage_taken":0,"max_hp_gain":0,"max_hp_loss":0,"event_name":"Living Wall","floor":2,"gold_loss":0,"cards_obtained":["ScarletDream"]},{"damage_healed":0,"gold_gain":0,"player_choice":"Entered Light","damage_taken":15,"max_hp_gain":0,"max_hp_loss":0,"event_name":"Shining Light","floor":3,"gold_loss":0,"cards_upgraded":["Defend_RM","Defend_RM"]}],"is_beta":false,"boss_relics":[],"items_purged_floors":[],"is_endless":false,"potions_floor_spawned":[7,11,14],"killed_by":"Hexaghost","ascension_level":0}}