{"host":"5wznv0010959mrmz","time":1609792147,"event":{"mods":["BaseMod","Highlight Path","Minty Spire (QoL Compilation)","Relic Stats"],"gold_per_floor":[110,80,98,116,132,132,142,142,142,142,169,169,201,201,201,272,272,287,287,287,287,307,307,332,332,332,47,79,79,95,109,109,109,109],"floor_reached":33,"playtime":1289,"items_purged":["Strike_G"],"score":566,"play_id":"c45836a0-9872-4007-a4be-d15095cfcc99","local_time":"20210104142907","is_ascension_mode":true,"campfire_choices":[{"floor":6,"key":"DIG"},{"floor":8,"key":"DIG"},{"floor":10,"key":"DIG"},{"floor":12,"key":"DIG"},{"floor":15,"key":"REST"},{"floor":23,"key":"REST"},{"floor":25,"key":"DIG"},{"floor":29,"key":"REST"},{"floor":32,"key":"DIG"}],"circlet_count":0,"master_deck":["AscendersBane","Strike_G+1","Strike_G","Strike_G","Strike_G+1","Defend_G","Defend_G","Defend_G","Defend_G","Defend_G","Survivor","Neutralize","Underhanded Strike","Backflip","Deadly Poison+1","Eviscerate","Unload","Escape Plan+1","Dagger Throw+1","Sucker Punch+1","Glass Knife+1","Terror","All Out Attack+1","Endless Agony+1","Leg Sweep"],"relics":["Ring of the Snake","Shovel","Matryoshka","Whetstone","Orichalcum","HornCleat","Molten Egg 2","Odd Mushroom","War Paint","Gremlin Horn","Runic Pyramid","Nilry\u0027s Codex","Snake Skull","Letter Opener","Vajra","Bottled Flame","TwistedFunnel","MealTicket","Bag of Marbles"],"acts_visited":["Exordium","TheCity"],"potions_floor_usage":[11,13,22,28,30,31],"damage_taken":[{"damage":5,"enemies":"Cultist","floor":1,"turns":5},{"damage":3,"enemies":"Small Slimes","floor":3,"turns":5},{"damage":0,"enemies":"2 Louse","floor":4,"turns":2},{"damage":4,"enemies":"Blue Slaver","floor":5,"turns":5},{"damage":8,"enemies":"Exordium Wildlife","floor":7,"turns":4},{"damage":0,"enemies":"The Mushroom Lair","floor":11,"turns":3},{"damage":24,"enemies":"Lagavulin","floor":13,"turns":6},{"damage":13,"enemies":"The Guardian","floor":16,"turns":12},{"damage":0,"enemies":"Spheric Guardian","floor":18,"turns":3},{"damage":14,"enemies":"2 Thieves","floor":22,"turns":2},{"damage":12,"enemies":"Gremlin Leader","floor":24,"turns":5},{"damage":11,"enemies":"Book of Stabbing","floor":28,"turns":4},{"damage":5,"enemies":"Centurion and Healer","floor":30,"turns":3},{"damage":0,"enemies":"Shelled Parasite and Fungi","floor":31,"turns":3},{"damage":37,"enemies":"Collector","floor":33,"turns":6}],"seed_played":"2932049973913733592","potions_obtained":[{"floor":3,"key":"Ancient Potion"},{"floor":7,"key":"CunningPotion"},{"floor":11,"key":"SteroidPotion"},{"floor":18,"key":"Regen Potion"},{"floor":28,"key":"AttackPotion"}],"is_trial":false,"path_per_floor":["M","$","M","M","M","R","M","R","T","R","?","R","E","?","R","B",null,"M","?","?","?","M","R","E","R","T","$","E","R","M","M","R","B"],"character_chosen":"THE_SILENT","items_purchased":["Backflip","TwistedFunnel","SkillPotion"],"campfire_rested":3,"item_purchase_floors":[2,27,27],"current_hp_per_floor":[54,54,51,51,47,47,39,39,39,39,39,39,15,4,22,9,47,47,47,47,26,21,39,27,27,27,27,16,34,29,29,29,0,0],"gold":109,"neow_bonus":"ONE_RARE_RELIC","is_daily":false,"chose_seed":false,"campfire_upgraded":0,"win_rate":0.0,"timestamp":1609792147,"path_taken":["M","$","M","M","M","R","M","R","T","R","?","R","E","?","R","BOSS","M","?","?","?","M","R","E","R","T","$","E","R","M","M","R","BOSS"],"items_purchased_type":["Card","Relic","Potion"],"build_version":"2020-12-22","purchased_purges":1,"victory":false,"max_hp_per_floor":[60,60,60,60,60,60,60,60,60,60,60,60,60,60,60,60,60,60,60,60,60,60,60,60,60,60,60,60,60,60,60,60,60,60],"relic_stats":{"Shovel":6,"Gremlin Horn":[9,9],"counters":[15,68],"MealTicket":0,"Snake Skull":[11],"Whetstone":["Strike_G","Strike_G"],"Letter Opener":[5],"Orichalcum":[66],"War Paint":["Deadly Poison","Escape Plan"],"obtain_stats":[{"TwistedFunnel":27,"Gremlin Horn":13,"Nilry\u0027s Codex":21,"Vajra":26,"Snake Skull":24,"Whetstone":8,"Letter Opener":25,"Orichalcum":9,"Odd Mushroom":11,"War Paint":12,"Bottled Flame":26,"Shovel":0,"Matryoshka":6,"HornCleat":9,"Molten Egg 2":10,"MealTicket":28,"Bag of Marbles":32,"Ring of the Snake":0,"Runic Pyramid":17},{"TwistedFunnel":11,"Gremlin Horn":7,"Nilry\u0027s Codex":9,"Vajra":11,"Snake Skull":11,"Whetstone":5,"Letter Opener":11,"Orichalcum":5,"Odd Mushroom":6,"War Paint":6,"Bottled Flame":11,"Shovel":0,"Matryoshka":4,"HornCleat":5,"Molten Egg 2":5,"MealTicket":12,"Bag of Marbles":14,"Ring of the Snake":0,"Runic Pyramid":8},{"TwistedFunnel":52,"Gremlin Horn":30,"Nilry\u0027s Codex":45,"Vajra":52,"Snake Skull":52,"Whetstone":21,"Letter Opener":52,"Orichalcum":21,"Odd Mushroom":24,"War Paint":24,"Bottled Flame":52,"Shovel":0,"Matryoshka":17,"HornCleat":21,"Molten Egg 2":21,"MealTicket":56,"Bag of Marbles":62,"Ring of the Snake":0,"Runic Pyramid":42}],"Ring of the Snake":[31]},"card_choices":[{"not_picked":["Flying Knee","Cloak And Dagger"],"picked":"Underhanded Strike","floor":1},{"not_picked":["Flying Knee","Well Laid Plans"],"picked":"Deadly Poison","floor":3},{"not_picked":["Deflect","Poisoned Stab"],"picked":"Eviscerate","floor":4},{"not_picked":["Flying Knee","PiercingWail"],"picked":"Unload","floor":5},{"not_picked":["Deflect","Prepared"],"picked":"Escape Plan","floor":7},{"not_picked":["Underhanded Strike+1","Sucker Punch+1"],"picked":"Dagger Throw+1","floor":11},{"not_picked":["Grand Finale+1","Poisoned Stab+1"],"picked":"Sucker Punch+1","floor":13},{"not_picked":["Venomology","Night Terror"],"picked":"Glass Knife+1","floor":16},{"not_picked":["Bane+1","Sucker Punch+1","PiercingWail"],"picked":"SKIP","floor":18},{"not_picked":["Deadly Poison","Caltrops+1"],"picked":"All Out Attack+1","floor":22},{"not_picked":["Well Laid Plans+1","Bane+1"],"picked":"Endless Agony+1","floor":24},{"not_picked":["Night Terror","Dodge and Roll"],"picked":"Leg Sweep","floor":28},{"not_picked":["Noxious Fumes","Caltrops","Poisoned Stab+1"],"picked":"SKIP","floor":30},{"not_picked":["Masterful Stab+1","Deflect","Sucker Punch+1"],"picked":"SKIP","floor":31}],"player_experience":400969,"relics_obtained":[{"floor":6,"key":"Matryoshka"},{"floor":8,"key":"Whetstone"},{"floor":9,"key":"Orichalcum"},{"floor":9,"key":"HornCleat"},{"floor":10,"key":"Molten Egg 2"},{"floor":11,"key":"Odd Mushroom"},{"floor":12,"key":"War Paint"},{"floor":13,"key":"Gremlin Horn"},{"floor":21,"key":"Nilry\u0027s Codex"},{"floor":24,"key":"Snake Skull"},{"floor":25,"key":"Letter Opener"},{"floor":26,"key":"Vajra"},{"floor":26,"key":"Bottled Flame"},{"floor":28,"key":"MealTicket"},{"floor":32,"key":"Bag of Marbles"}],"event_choices":[{"damage_healed":0,"gold_gain":0,"player_choice":"Fought Mushrooms","damage_taken":0,"max_hp_gain":0,"max_hp_loss":0,"event_name":"Mushrooms","floor":11,"gold_loss":0},{"damage_healed":0,"gold_gain":0,"player_choice":"Fled","damage_taken":11,"max_hp_gain":0,"max_hp_loss":0,"event_name":"Scrap Ooze","floor":14,"gold_loss":0},{"damage_healed":0,"gold_gain":0,"player_choice":"Read","damage_taken":0,"max_hp_gain":0,"max_hp_loss":0,"event_name":"The Library","floor":19,"gold_loss":0,"cards_obtained":["Terror"]},{"damage_healed":0,"gold_gain":0,"player_choice":"Ignored","damage_taken":0,"max_hp_gain":0,"max_hp_loss":0,"event_name":"Vampires","floor":20,"gold_loss":0},{"damage_healed":0,"gold_gain":0,"player_choice":"Obtained Book","damage_taken":21,"max_hp_gain":0,"max_hp_loss":0,"event_name":"Cursed Tome","floor":21,"gold_loss":0}],"is_beta":false,"boss_relics":[{"not_picked":["Philosopher\u0027s Stone","Busted Crown"],"picked":"Runic Pyramid"}],"items_purged_floors":[27],"is_endless":false,"potions_floor_spawned":[3,7,11,18,28],"killed_by":"Collector","ascension_level":20}}