{"host":"kdt6w7ix8lwe69i9","time":1609771794,"event":{"mods":["Bartender","BaseMod","ChefMod","Downfall","Fiend Mod","Jorbs\u0027s Wanderer Trilogy","Minty Spire (QoL Compilation)","Reimu（博丽灵梦）","Robot Space Explorer","StSLib","The Caster","The Cursed","The Disciple","The Dragon Tamer","The Druid","The Elementalist","The Forsaken","The Gatherer","The Marked","TheBandit"],"gold_per_floor":[116,130,130,90,107,107,135,135,209,224,243,270,270,287,287,392,392,408,408,425,435,453,453,15,42,108,120,44,44,44,62,62,62,62],"floor_reached":33,"playtime":6074,"items_purged":[],"score":277,"play_id":"1ad02229-98f9-457e-b12c-3567990f3e56","local_time":"20210104094954","is_ascension_mode":false,"campfire_choices":[{"data":"caster:WallOfMirrors","floor":6,"key":"SMITH"},{"floor":13,"key":"REST"},{"floor":15,"key":"RECALL"},{"floor":23,"key":"REST"},{"floor":27,"key":"REST"},{"floor":32,"key":"REST"}],"circlet_count":0,"master_deck":["caster:Meteor","caster:DivertFocus","caster:strike","caster:strike","caster:strike","caster:strike","caster:defend","caster:defend+1","caster:defend+1","caster:defend","caster:defend","caster:DiablosFlame+1","caster:MagicBarrier","caster:WallOfMirrors+1","caster:WallOfSwords","caster:Heavy+1","caster:LightningBolt","caster:Tundra","caster:Sleet","caster:Fireball","caster:Focusyn","caster:Incantation","caster:Barbroot","caster:FrostDriver+1","caster:MagicAttunement+1","caster:GaiasBlessing","caster:MagicAttunement","caster:Surge+1","caster:JupitelThunder","caster:MagicAttunement","caster:Fireball","caster:MagicResonance"],"relics":["caster:MagicBook","NeowsBlessing","PaintedHorse:ReiMu","War Paint","Toxic Egg 2","Centennial Puzzle","Silver_Glasses","Bronze Scales","MawBank"],"acts_visited":["Exordium","TheCity"],"potions_floor_usage":[11,12,16,25,25,25,33],"damage_taken":[{"damage":0,"enemies":"Cultist","floor":1,"turns":1},{"damage":0,"enemies":"Jaw Worm","floor":2,"turns":2},{"damage":0,"enemies":"Small Slimes","floor":5,"turns":2},{"damage":36,"enemies":"Gremlin Nob","floor":7,"turns":6},{"damage":0,"enemies":"Blue Slaver","floor":10,"turns":4},{"damage":0,"enemies":"Exordium Wildlife","floor":11,"turns":5},{"damage":3,"enemies":"3 Sentries","floor":12,"turns":10},{"damage":0,"enemies":"Large Slime","floor":14,"turns":4},{"damage":13,"enemies":"Hexaghost","floor":16,"turns":9},{"damage":0,"enemies":"Chosen","floor":18,"turns":5},{"damage":10,"enemies":"Shell Parasite","floor":20,"turns":6},{"damage":37,"enemies":"Shelled Parasite and Fungi","floor":21,"turns":7},{"damage":21,"enemies":"Centurion and Healer","floor":22,"turns":6},{"damage":12,"enemies":"Book of Stabbing","floor":25,"turns":5},{"damage":8,"enemies":"Snake Plant","floor":31,"turns":4},{"damage":67,"enemies":"Automaton","floor":33,"turns":8}],"seed_played":"741146276613280603","potions_obtained":[{"floor":2,"key":"Swift Potion"},{"floor":7,"key":"Swift Potion"},{"floor":10,"key":"SteroidPotion"},{"floor":21,"key":"ZuzhouPotion:ReiMu"},{"floor":22,"key":"Weak Potion"},{"floor":31,"key":"AttackPotion"}],"is_trial":false,"path_per_floor":["M","M","?","?","M","R","E","?","T","M","M","E","R","M","R","B",null,"M","?","M","M","M","R","$","E","T","R","$","$","?","M","R","B"],"character_chosen":"THE_CASTER","items_purchased":["Bronze Scales","caster:GaiasBlessing","caster:MagicAttunement","caster:Surge+1","Block Potion","ColorlessPotion","caster:MagicAttunement","caster:Fireball"],"campfire_rested":4,"item_purchase_floors":[24,24,24,24,24,24,28,28],"current_hp_per_floor":[64,64,64,64,64,64,28,28,28,28,28,25,44,44,44,31,64,64,64,54,21,8,27,27,25,25,44,44,44,44,36,55,0,0],"gold":62,"neow_bonus":"THREE_ENEMY_KILL","is_daily":false,"chose_seed":false,"campfire_upgraded":1,"win_rate":0.0,"timestamp":1609771794,"path_taken":["M","M","?","?","M","R","E","?","T","M","M","E","R","M","R","BOSS","M","?","M","M","M","R","$","E","T","R","?","$","?","M","R","BOSS"],"items_purchased_type":["Relic","Card","Card","Card","Potion","Potion","Card","Card"],"build_version":"2020-12-22","purchased_purges":0,"victory":false,"max_hp_per_floor":[64,64,64,64,64,64,64,64,64,64,64,64,64,64,64,64,64,64,64,64,64,64,64,64,64,64,64,64,64,64,64,64,64,64],"card_choices":[{"not_picked":["caster:FrigidBeam","caster:FrostDriver"],"picked":"caster:DiablosFlame","floor":1},{"not_picked":["caster:Charge","caster:DiablosFlame"],"picked":"caster:MagicBarrier","floor":2},{"not_picked":["caster:MagicBarrier","caster:GlacialShield"],"picked":"caster:WallOfMirrors","floor":5},{"not_picked":["caster:Cryogenesis","caster:FrigidBeam"],"picked":"caster:WallOfSwords","floor":7},{"not_picked":["caster:JupitelThunder","caster:GlacialShield"],"picked":"caster:LightningBolt","floor":10},{"not_picked":["caster:GlacialShield","caster:Sleet"],"picked":"caster:Tundra","floor":11},{"not_picked":["caster:PyroclasticTide","caster:StaticField"],"picked":"caster:Sleet","floor":12},{"not_picked":["caster:IzanagisObdurance","caster:Enfeeble+1"],"picked":"caster:Fireball","floor":14},{"not_picked":["caster:ShortenedChant","caster:ManaOverflow"],"picked":"caster:Focusyn","floor":16},{"not_picked":["caster:AlternatingCurrent","caster:Elementalize+1"],"picked":"caster:Incantation","floor":18},{"not_picked":["caster:BloodRitual+1","caster:Sandstorm+1"],"picked":"caster:Barbroot","floor":20},{"not_picked":["caster:Conflagrate","caster:FlashSpeed"],"picked":"caster:FrostDriver+1","floor":21},{"not_picked":["caster:Charge+1","caster:FrostDriver"],"picked":"caster:MagicAttunement+1","floor":22},{"not_picked":["caster:FlashFrost+1","caster:MagicWeapon"],"picked":"caster:JupitelThunder","floor":25},{"not_picked":["caster:LAZER","caster:Charge+1"],"picked":"caster:MagicResonance","floor":31}],"player_experience":1669353,"relics_obtained":[{"floor":7,"key":"War Paint"},{"floor":9,"key":"Toxic Egg 2"},{"floor":12,"key":"Centennial Puzzle"},{"floor":25,"key":"MawBank"}],"event_choices":[{"damage_healed":0,"gold_gain":0,"player_choice":"Grow","damage_taken":0,"max_hp_gain":0,"max_hp_loss":0,"event_name":"Living Wall","floor":3,"gold_loss":0,"cards_upgraded":["caster:DiablosFlame"]},{"damage_healed":0,"gold_gain":0,"player_choice":"Donate","damage_taken":0,"relics_obtained":["PaintedHorse:ReiMu"],"max_hp_gain":0,"max_hp_loss":0,"event_name":"yidonshenshe","floor":4,"gold_loss":40},{"damage_healed":0,"gold_gain":0,"player_choice":"Ignored","damage_taken":0,"max_hp_gain":0,"max_hp_loss":0,"event_name":"NoteForYourself","floor":19,"gold_loss":0}],"is_beta":false,"boss_relics":[{"not_picked":["Ectoplasm","theForsaken:PaleLantern"],"picked":"Silver_Glasses"}],"items_purged_floors":[],"is_endless":false,"potions_floor_spawned":[2,7,10,21,22,31],"killed_by":"Automaton","ascension_level":0}}