{"host":"v0dnu0zs4qo0v13s","time":1609742658,"event":{"mods":["BaseMod","Colored Map","Colored Powertips","Minty Spire (QoL Compilation)","Relic Stats","StSLib","SuperFastMode","everything is the same but u backflip on backflip"],"gold_per_floor":[119,132,57,67,78,109,121,150,150,170,14,45,45,320,320,394,394,405,420,433,239,250,250,250],"floor_reached":23,"playtime":1123,"items_purged":["Strike_R","Strike_R"],"score":376,"play_id":"ed45f1af-d54b-4cfd-94c4-c169815f2331","local_time":"20210104014418","is_ascension_mode":true,"campfire_choices":[{"floor":13.0,"key":"REST"},{"floor":15.0,"key":"REST"}],"circlet_count":0,"master_deck":["AscendersBane","Strike_R","Strike_R","Strike_R","Defend_R","Defend_R","Defend_R","Defend_R","Bash","Second Wind","Pummel","Shockwave","Wild Strike","Demon Form","Heavy Blade","Limit Break","Warcry","Regret","Feed+1","Sever Soul+1","Shockwave","Armaments+1","Carnage+1"],"relics":["Burning Blood","NeowsBlessing","Champion Belt","Frozen Egg 2","Molten Egg 2","PreservedInsect","Shovel","Snecko Eye","Membership Card"],"acts_visited":["Exordium","TheCity"],"potions_floor_usage":[23],"damage_taken":[{"damage":0.0,"enemies":"Cultist","floor":1.0,"turns":1.0},{"damage":0.0,"enemies":"Jaw Worm","floor":2.0,"turns":1.0},{"damage":0.0,"enemies":"Small Slimes","floor":4.0,"turns":1.0},{"damage":8.0,"enemies":"Looter","floor":5.0,"turns":4.0},{"damage":30.0,"enemies":"3 Sentries","floor":6.0,"turns":10.0},{"damage":16.0,"enemies":"Blue Slaver","floor":7.0,"turns":4.0},{"damage":20.0,"enemies":"Lagavulin","floor":8.0,"turns":5.0},{"damage":15.0,"enemies":"Exordium Wildlife","floor":10.0,"turns":4.0},{"damage":23.0,"enemies":"Gremlin Nob","floor":12.0,"turns":4.0},{"damage":28.0,"enemies":"Slime Boss","floor":16.0,"turns":8.0},{"damage":28.0,"enemies":"Chosen","floor":18.0,"turns":6.0},{"damage":21.0,"enemies":"Shell Parasite","floor":19.0,"turns":4.0},{"damage":30.0,"enemies":"Snake Plant","floor":20.0,"turns":4.0},{"damage":33.0,"enemies":"Cultist and Chosen","floor":22.0,"turns":5.0},{"damage":8,"enemies":"Snecko","floor":23,"turns":2}],"seed_played":"-7120383715168642872","potions_obtained":[{"floor":2.0,"key":"AttackPotion"},{"floor":5.0,"key":"Block Potion"},{"floor":6.0,"key":"FairyPotion"},{"floor":7.0,"key":"Regen Potion"},{"floor":12.0,"key":"SteroidPotion"},{"floor":18.0,"key":"Strength Potion"}],"is_trial":false,"path_per_floor":["M","M","$","M","M","E","M","E","T","M","$","E","R","?","R","B",null,"M","M","M","$","M","M"],"character_chosen":"IRONCLAD","items_purchased":["PreservedInsect","Membership Card"],"campfire_rested":2,"item_purchase_floors":[11,21],"current_hp_per_floor":[74,75,75,75,73,49,39,39,39,30,30,13,35,35,57,35,65,43,32,8,8,8,0,0],"gold":250,"neow_bonus":"THREE_ENEMY_KILL","is_daily":false,"chose_seed":false,"campfire_upgraded":0,"win_rate":0.0,"timestamp":1609742658,"path_taken":["M","M","$","M","?","E","M","E","T","M","$","E","R","?","R","BOSS","M","M","M","$","M","M"],"items_purchased_type":["Relic","Relic"],"build_version":"2020-12-22","purchased_purges":2,"victory":false,"max_hp_per_floor":[75,75,75,75,75,75,75,75,75,75,75,75,75,75,75,75,75,75,79,79,79,79,79,79],"relic_stats":{"Shovel":0,"counters":[15,63],"Snecko Eye":[46,27,28,29],"PreservedInsect":22,"Champion Belt":[17],"obtain_stats":[{"Shovel":12,"NeowsBlessing":0,"Snecko Eye":17,"Molten Egg 2":9,"PreservedInsect":11,"Champion Belt":6,"Membership Card":21,"Frozen Egg 2":8,"Burning Blood":0},{"Shovel":9,"NeowsBlessing":0,"Snecko Eye":10,"Molten Egg 2":7,"PreservedInsect":8,"Champion Belt":5,"Membership Card":13,"Frozen Egg 2":7,"Burning Blood":0},{"Shovel":34,"NeowsBlessing":0,"Snecko Eye":42,"Molten Egg 2":26,"PreservedInsect":30,"Champion Belt":17,"Membership Card":56,"Frozen Egg 2":26,"Burning Blood":0}],"Burning Blood":73},"card_choices":[{"not_picked":["Thunderclap","Shockwave"],"picked":"Second Wind","floor":1.0},{"not_picked":["Bloodletting","Clash"],"picked":"Pummel","floor":2.0},{"not_picked":["Warcry","Anger"],"picked":"Shockwave","floor":4.0},{"not_picked":["Sword Boomerang","Body Slam"],"picked":"Wild Strike","floor":5.0},{"not_picked":["Immolate","Havoc"],"picked":"Demon Form","floor":6.0},{"not_picked":["Flame Barrier","Shrug It Off","True Grit"],"picked":"SKIP","floor":7.0},{"not_picked":["Headbutt","Combust+1"],"picked":"Heavy Blade","floor":8.0},{"not_picked":["Sever Soul+1","Sword Boomerang+1"],"picked":"Limit Break","floor":10.0},{"not_picked":["Body Slam+1","Bloodletting"],"picked":"Warcry","floor":12.0},{"not_picked":["Brutality+1","Impervious"],"picked":"Feed+1","floor":16.0},{"not_picked":["Flex","Sword Boomerang+1"],"picked":"Sever Soul+1","floor":18.0},{"not_picked":["Cleave+1","Carnage+1"],"picked":"Shockwave","floor":19.0},{"not_picked":["Clash+1","Havoc"],"picked":"Armaments+1","floor":20.0},{"not_picked":["Body Slam+1","Seeing Red+1"],"picked":"Carnage+1","floor":22}],"player_experience":646416,"relics_obtained":[{"floor":6.0,"key":"Champion Belt"},{"floor":8.0,"key":"Frozen Egg 2"},{"floor":9.0,"key":"Molten Egg 2"},{"floor":12.0,"key":"Shovel"}],"event_choices":[{"damage_healed":0.0,"max_hp_gain":0.0,"max_hp_loss":0.0,"gold_gain":275.0,"event_name":"Golden Shrine","player_choice":"Desecrate","floor":14.0,"gold_loss":0.0,"damage_taken":0.0,"cards_obtained":["Regret"]}],"is_beta":false,"boss_relics":[{"not_picked":["SacredBark","Black Blood"],"picked":"Snecko Eye"}],"items_purged_floors":[3,21],"is_endless":false,"potions_floor_spawned":[2,5,6,7,12,18],"killed_by":"Snecko","ascension_level":15}}