{"host":"rolltorest","time":1609720736,"event":{"mods":["BaseMod","Minty Spire (QoL Compilation)","Relic Stats","Slay the Relics Exporter","StSLib","The Servant 0.9.4"],"gold_per_floor":[110,110,110,18,93,122,122,141,168,185,185,202,229,286,286,286,286],"floor_reached":16,"playtime":404,"items_purged":[],"score":266,"play_id":"58b56d86-deb8-4661-976c-52691d159866","local_time":"20210103163856","is_ascension_mode":true,"campfire_choices":[{"data":"Moonlight","floor":7,"key":"SMITH"},{"data":"Gouge","floor":11,"key":"SMITH"},{"floor":15,"key":"REST"}],"circlet_count":0,"master_deck":["AscendersBane","Strike_S","Strike_S","Strike_S","Strike_S","Defend_S","Defend_S","Defend_S","Defend_S","KidneyShot+1","Exchange","Deadline","Moonlight+1","Rearm","BottledTime","Gouge+1","Luminosity","Defy","DoubleEdge","DoubleEdge"],"relics":["Uniform","NeowsBlessing","Blood Vial","Boot","Happy Flower","Peace Pipe"],"acts_visited":["Exordium"],"potions_floor_usage":[14,16],"damage_taken":[{"damage":0,"enemies":"Jaw Worm","floor":1,"turns":1},{"damage":0,"enemies":"Lagavulin","floor":6,"turns":1},{"damage":0,"enemies":"2 Louse","floor":8,"turns":1},{"damage":7,"enemies":"Small Slimes","floor":10,"turns":3},{"damage":4,"enemies":"Red Slaver","floor":12,"turns":4},{"damage":24,"enemies":"3 Sentries","floor":13,"turns":9},{"damage":18,"enemies":"Lagavulin Event","floor":14,"turns":5},{"damage":25,"enemies":"Slime Boss","floor":16,"turns":7}],"seed_played":"-688405692150527673","potions_obtained":[{"floor":1,"key":"EssenceOfSteel"},{"floor":6,"key":"Strength Potion"}],"is_trial":false,"path_per_floor":["M","?","?","$","?","E","R","M","T","M","R","M","E","?","R","B"],"character_chosen":"THE_SERVANT","items_purchased":["Moonlight","Rearm"],"campfire_rested":1,"item_purchase_floors":[4,4],"current_hp_per_floor":[54,59,59,59,48,48,48,50,50,45,45,43,21,5,24,1,1],"gold":286,"neow_bonus":"THREE_ENEMY_KILL","is_daily":false,"chose_seed":false,"campfire_upgraded":2,"win_rate":0.0,"timestamp":1609720736,"path_taken":["M","?","?","$","?","E","R","M","T","M","R","?","E","?","R","BOSS"],"items_purchased_type":["Card","Card"],"build_version":"2020-12-18","purchased_purges":0,"victory":false,"max_hp_per_floor":[60,65,65,65,65,65,65,65,65,65,65,65,65,65,65,65,65],"relic_stats":{"Blood Vial":12,"Peace Pipe":0,"Happy Flower":[4],"counters":[8,31],"Boot":[8],"obtain_stats":[{"Blood Vial":6,"Peace Pipe":14,"NeowsBlessing":0,"Happy Flower":13,"Uniform":0,"Boot":9},{"Blood Vial":2,"Peace Pipe":7,"NeowsBlessing":0,"Happy Flower":6,"Uniform":0,"Boot":3},{"Blood Vial":2,"Peace Pipe":24,"NeowsBlessing":0,"Happy Flower":19,"Uniform":0,"Boot":3}]},"card_choices":[{"not_picked":["ReturningBlade","Unruled"],"picked":"Deadline","floor":1},{"not_picked":["Potential","Comet"],"picked":"BottledTime","floor":6},{"not_picked":["BottledTime","Ricochet"],"picked":"Gouge","floor":8},{"not_picked":["Starlight","DualDimension"],"picked":"Luminosity","floor":10},{"not_picked":["Orbit","SpecialFormula"],"picked":"Defy","floor":12},{"not_picked":["SurpressingFire","Comet"],"picked":"DoubleEdge","floor":13},{"not_picked":["Replace","Spin"],"picked":"DoubleEdge","floor":14}],"player_experience":1912236,"relics_obtained":[{"floor":6,"key":"Blood Vial"},{"floor":9,"key":"Boot"},{"floor":13,"key":"Happy Flower"},{"floor":14,"key":"Peace Pipe"}],"event_choices":[{"damage_healed":0,"gold_gain":0,"player_choice":"Donut","damage_taken":0,"max_hp_gain":5,"max_hp_loss":0,"event_name":"Big Fish","floor":2,"gold_loss":0},{"damage_healed":0,"gold_gain":0,"player_choice":"Grow","damage_taken":0,"max_hp_gain":0,"max_hp_loss":0,"event_name":"Living Wall","floor":3,"gold_loss":0,"cards_upgraded":["KidneyShot"]},{"damage_healed":0,"gold_gain":75,"player_choice":"Gather Gold","damage_taken":11,"max_hp_gain":0,"max_hp_loss":0,"event_name":"World of Goop","floor":5,"gold_loss":0},{"damage_healed":0,"gold_gain":0,"player_choice":"Searched \u00272\u0027 times","damage_taken":0,"max_hp_gain":0,"max_hp_loss":0,"event_name":"Dead Adventurer","floor":14,"gold_loss":0}],"is_beta":true,"boss_relics":[],"items_purged_floors":[],"is_endless":false,"potions_floor_spawned":[1,6,8,13],"killed_by":"Slime Boss","ascension_level":20}}