{"host":"5wznv0010959mrmz","time":1609719967,"event":{"mods":["BaseMod","Highlight Path","Minty Spire (QoL Compilation)"],"gold_per_floor":[115,126,146,158,158,190,212,212,235,49,64,81,81,111,111,188,188,205,224,234,284,297,297,297],"floor_reached":23,"playtime":870,"items_purged":[],"score":415,"play_id":"f5c98e45-3c8f-4c93-b850-fdf8d322a269","local_time":"20210103182607","is_ascension_mode":true,"campfire_choices":[{"data":"Terror","floor":13,"key":"SMITH"},{"data":"Sucker Punch","floor":15,"key":"SMITH"}],"circlet_count":0,"master_deck":["AscendersBane","Strike_G","Strike_G","Strike_G","Strike_G","Strike_G","Defend_G","Defend_G","Defend_G","Defend_G","Defend_G","Survivor","Neutralize","Underhanded Strike","Sucker Punch+1","Flying Knee","Dagger Throw","Terror+1","Blade Dance","Dagger Spray","Backflip","Malaise","Eviscerate","Blade Dance"],"relics":["Ring of the Snake","Dream Catcher","Odd Mushroom","Art of War","Lee\u0027s Waffle","Centennial Puzzle","WristBlade"],"acts_visited":["Exordium","TheCity"],"potions_floor_usage":[6,6,16,19,20,20],"damage_taken":[{"damage":15,"enemies":"Jaw Worm","floor":1,"turns":8},{"damage":2,"enemies":"Small Slimes","floor":2,"turns":4},{"damage":0,"enemies":"Cultist","floor":3,"turns":3},{"damage":4,"enemies":"Lots of Slimes","floor":4,"turns":5},{"damage":24,"enemies":"Gremlin Nob","floor":6,"turns":4},{"damage":35,"enemies":"The Mushroom Lair","floor":7,"turns":5},{"damage":4,"enemies":"3 Louse","floor":11,"turns":3},{"damage":3,"enemies":"Blue Slaver","floor":12,"turns":3},{"damage":34,"enemies":"The Guardian","floor":16,"turns":8},{"damage":13,"enemies":"Chosen","floor":18,"turns":4},{"damage":18,"enemies":"2 Thieves","floor":19,"turns":5},{"damage":7,"enemies":"3 Cultists","floor":20,"turns":4},{"damage":16,"enemies":"Snake Plant","floor":22,"turns":5},{"damage":23,"enemies":"Slavers","floor":23,"turns":2}],"seed_played":"2967701159357626100","potions_obtained":[{"floor":2,"key":"Fire Potion"},{"floor":3,"key":"Energy Potion"},{"floor":6,"key":"LiquidBronze"},{"floor":12,"key":"CultistPotion"},{"floor":16,"key":"LiquidBronze"},{"floor":18,"key":"ColorlessPotion"},{"floor":19,"key":"SteroidPotion"}],"is_trial":false,"path_per_floor":["M","M","M","M","?","E","?","?","T","$","M","M","R","?","R","B",null,"M","M","M","?","M","E"],"character_chosen":"THE_SILENT","items_purchased":["Lee\u0027s Waffle","Blade Dance"],"campfire_rested":0,"item_purchase_floors":[10,10],"current_hp_per_floor":[41,39,39,35,61,37,2,2,2,85,81,78,78,78,78,44,75,62,44,37,37,21,0,0],"gold":297,"neow_bonus":"TWENTY_PERCENT_HP_BONUS","is_daily":false,"chose_seed":false,"campfire_upgraded":2,"win_rate":0.0,"timestamp":1609719967,"path_taken":["M","M","M","M","?","E","?","?","T","?","M","?","R","?","R","BOSS","M","M","M","?","M","E"],"items_purchased_type":["Relic","Card"],"build_version":"2020-12-22","purchased_purges":0,"victory":false,"max_hp_per_floor":[78,78,78,78,78,78,78,78,78,85,85,85,85,85,85,85,85,85,85,85,85,85,85,85],"card_choices":[{"not_picked":["Bane","Catalyst"],"picked":"Underhanded Strike","floor":1},{"not_picked":["Outmaneuver","Bane"],"picked":"Sucker Punch","floor":2},{"not_picked":["Prepared","Backflip"],"picked":"Flying Knee","floor":3},{"not_picked":["Caltrops","Distraction","Setup"],"picked":"SKIP","floor":4},{"not_picked":["Doppelganger","Sucker Punch"],"picked":"Dagger Throw","floor":6},{"not_picked":["Poisoned Stab","Outmaneuver"],"picked":"Terror","floor":7},{"not_picked":["Skewer","Flechettes"],"picked":"Dagger Spray","floor":11},{"not_picked":["Dagger Spray","Quick Slash"],"picked":"Backflip","floor":12},{"not_picked":["Adrenaline","Burst"],"picked":"Malaise","floor":16},{"not_picked":["Sucker Punch","Predator","Finisher"],"picked":"SKIP","floor":18},{"not_picked":["Flying Knee","Bane","Dagger Spray"],"picked":"SKIP","floor":19},{"not_picked":["Deadly Poison","Dash"],"picked":"Eviscerate","floor":20},{"not_picked":["Escape Plan","All Out Attack+1"],"picked":"Blade Dance","floor":22}],"player_experience":387292,"relics_obtained":[{"floor":6,"key":"Dream Catcher"},{"floor":7,"key":"Odd Mushroom"},{"floor":9,"key":"Art of War"}],"event_choices":[{"damage_healed":26,"gold_gain":0,"player_choice":"Banana","damage_taken":0,"max_hp_gain":0,"max_hp_loss":0,"event_name":"Big Fish","floor":5,"gold_loss":0},{"damage_healed":0,"gold_gain":0,"player_choice":"Fought Mushrooms","damage_taken":0,"max_hp_gain":0,"max_hp_loss":0,"event_name":"Mushrooms","floor":7,"gold_loss":0},{"damage_healed":0,"gold_gain":0,"player_choice":"Fled","damage_taken":0,"max_hp_gain":0,"max_hp_loss":0,"event_name":"Scrap Ooze","floor":8,"gold_loss":0},{"damage_healed":0,"gold_gain":30,"player_choice":"Searched \u00273\u0027 times","damage_taken":0,"relics_obtained":["Centennial Puzzle"],"max_hp_gain":0,"max_hp_loss":0,"event_name":"Dead Adventurer","floor":14,"gold_loss":0},{"damage_healed":0,"gold_gain":50,"player_choice":"Pray","damage_taken":0,"max_hp_gain":0,"max_hp_loss":0,"event_name":"Golden Shrine","floor":21,"gold_loss":0}],"is_beta":false,"boss_relics":[{"not_picked":["Black Star","Busted Crown"],"picked":"WristBlade"}],"items_purged_floors":[],"is_endless":false,"potions_floor_spawned":[2,3,6,12,16,18,19],"killed_by":"Slavers","ascension_level":20}}