{"host":"b995t17pt6d05w8c","time":1609782961,"event":{"mods":["AchievementEnabler","BaseMod","Colored Map","Minty Spire (QoL Compilation)","SuperFastMode"],"gold_per_floor":[113,113,126,153,153,184,197,214,214,289,303,303,303,322,322,422,422,438,438,458,475,143,143,143,163,240,266,266,166,201,201,201,306,306,325,325,344,390,390,390,265,315,389,407,180,262,292,47,47,47],"floor_reached":51,"playtime":1551,"items_purged":["Strike_G","Strike_G","Strike_G","Defend_G"],"score":811,"play_id":"81964b2e-d81e-4e2b-8710-822f853940d3","local_time":"20210105025601","is_ascension_mode":false,"campfire_choices":[{"floor":13.0,"key":"REST"},{"data":"Phantasmal Killer","floor":15.0,"key":"SMITH"},{"data":"Apotheosis","floor":23.0,"key":"SMITH"},{"data":"Malaise","floor":32.0,"key":"SMITH"},{"data":"Finisher","floor":40.0,"key":"SMITH"},{"data":"Masterful Stab","floor":49.0,"key":"SMITH"}],"circlet_count":0,"master_deck":["Strike_G+1","Defend_G","Defend_G","Defend_G","Survivor+1","Neutralize","Leg Sweep","Dagger Spray","Masterful Stab+1","Finisher+1","Reflex","Blade Dance","Phantasmal Killer+1","Malaise+1","Deflect+1","Blade Dance+1","Flash of Steel","Apotheosis+1","Deflect+1","Well Laid Plans+1","Tools of the Trade+1","Acrobatics"],"relics":["Ring of the Snake","Omamori","Kunai","Juzu Bracelet","Calling Bell","PreservedInsect","Sundial","Nloth\u0027s Gift","Pantograph","Frozen Egg 2","WingedGreaves","Snake Skull","Busted Crown","FossilizedHelix","The Specimen","InkBottle","Ninja Scroll","Pear","Vajra"],"acts_visited":["Exordium","TheCity","TheBeyond"],"potions_floor_usage":[50,50,50],"damage_taken":[{"damage":0.0,"enemies":"2 Louse","floor":1.0,"turns":3.0},{"damage":9.0,"enemies":"Jaw Worm","floor":3.0,"turns":5.0},{"damage":17.0,"enemies":"Lagavulin","floor":6.0,"turns":7.0},{"damage":0.0,"enemies":"Cultist","floor":7.0,"turns":2.0},{"damage":7.0,"enemies":"2 Fungi Beasts","floor":8.0,"turns":4.0},{"damage":0.0,"enemies":"Blue Slaver","floor":11.0,"turns":4.0},{"damage":6.0,"enemies":"Exordium Thugs","floor":14.0,"turns":4.0},{"damage":14.0,"enemies":"Hexaghost","floor":16.0,"turns":5.0},{"damage":3.0,"enemies":"Shell Parasite","floor":18.0,"turns":7.0},{"damage":0.0,"enemies":"3 Byrds","floor":20.0,"turns":7.0},{"damage":3.0,"enemies":"Snake Plant","floor":21.0,"turns":6.0},{"damage":8.0,"enemies":"Centurion and Healer","floor":25.0,"turns":3.0},{"damage":5.0,"enemies":"Book of Stabbing","floor":27.0,"turns":4.0},{"damage":0.0,"enemies":"Gremlin Leader","floor":30.0,"turns":4.0},{"damage":22.0,"enemies":"Automaton","floor":33.0,"turns":13.0},{"damage":15.0,"enemies":"3 Shapes","floor":35.0,"turns":6.0},{"damage":0.0,"enemies":"Orb Walker","floor":37.0,"turns":2.0},{"damage":8.0,"enemies":"2 Orb Walkers","floor":38.0,"turns":6.0},{"damage":0.0,"enemies":"Mind Bloom Boss Battle","floor":42.0,"turns":8.0},{"damage":0.0,"enemies":"Transient","floor":44.0,"turns":5.0},{"damage":0.0,"enemies":"Reptomancer","floor":47.0,"turns":4.0},{"damage":39,"enemies":"Time Eater","floor":50,"turns":10}],"seed_played":"3614016485964801319","potions_obtained":[{"floor":3.0,"key":"PowerPotion"},{"floor":5.0,"key":"Fruit Juice"},{"floor":5.0,"key":"DistilledChaos"},{"floor":5.0,"key":"PowerPotion"},{"floor":7.0,"key":"Dexterity Potion"},{"floor":8.0,"key":"LiquidBronze"},{"floor":14.0,"key":"Weak Potion"},{"floor":18.0,"key":"FairyPotion"},{"floor":21.0,"key":"Energy Potion"},{"floor":30.0,"key":"Dexterity Potion"},{"floor":33.0,"key":"DistilledChaos"},{"floor":38.0,"key":"FearPotion"},{"floor":42.0,"key":"SkillPotion"},{"floor":47.0,"key":"AttackPotion"}],"is_trial":false,"path_per_floor":["M","?","M","T","?","E","M","M","T","?","M","?","R","M","R","B",null,"M","?","M","M","$","R","?","M","T","E","?","$","E","?","R","B",null,"M","?","M","?","?","R","$","?","T","M","$","T","E","$","R","B",null],"character_chosen":"THE_SILENT","items_purchased":["Flash of Steel","Apotheosis","Well Laid Plans+1","Vajra","Acrobatics","Poison Potion"],"campfire_rested":1,"item_purchase_floors":[22,22,45,48,48,48],"current_hp_per_floor":[70,63,54,54,59,42,42,35,35,24,24,9,31,25,25,11,75,72,72,72,69,69,69,69,61,61,56,56,56,56,56,56,53,75,60,60,60,52,52,52,52,75,75,75,75,75,85,85,85,46],"gold":47,"neow_bonus":"TRANSFORM_CARD","is_daily":false,"chose_seed":false,"campfire_upgraded":5,"win_rate":0.0,"timestamp":1609782961,"path_taken":["M","?","M","?","?","E","M","M","T","?","M","?","R","M","R","BOSS","M","?","M","M","$","R","?","M","T","E","?","$","E","?","R","BOSS","M","?","M","?","?","R","$","?","T","M","?","?","E","$","R","BOSS"],"items_purchased_type":["Card","Card","Card","Relic","Card","Potion"],"build_version":"2020-12-22","purchased_purges":4,"victory":true,"max_hp_per_floor":[70,70,70,70,75,75,75,75,75,75,75,75,75,75,75,75,75,75,75,75,75,75,75,75,75,75,75,75,75,75,75,75,75,75,75,75,75,75,75,75,75,75,75,75,75,75,85,85,85,85],"card_choices":[{"not_picked":["Poisoned Stab","Underhanded Strike"],"picked":"Dagger Spray","floor":1.0},{"not_picked":["Underhanded Strike","Finisher"],"picked":"Masterful Stab","floor":3.0},{"not_picked":["Reflex","Dash"],"picked":"Finisher","floor":6.0},{"not_picked":["Poisoned Stab","Noxious Fumes"],"picked":"Reflex","floor":7.0},{"not_picked":["Sucker Punch","Riddle With Holes","Outmaneuver"],"picked":"SKIP","floor":8.0},{"not_picked":["Deadly Poison","Blur"],"picked":"Blade Dance","floor":11.0},{"not_picked":["Flechettes","Heel Hook"],"picked":"Phantasmal Killer","floor":14.0},{"not_picked":["Wraith Form v2","Tools of the Trade"],"picked":"Malaise","floor":16.0},{"not_picked":["Dagger Spray","Reflex+1"],"picked":"Deflect+1","floor":18.0},{"not_picked":["Quick Slash+1","Dagger Spray","Predator"],"picked":"SKIP","floor":20.0},{"not_picked":["Sucker Punch","Endless Agony+1"],"picked":"Blade Dance+1","floor":21.0},{"not_picked":["Dagger Throw+1","Predator+1","Reflex"],"picked":"SKIP","floor":25.0},{"not_picked":["Reflex","Flying Knee","Skewer"],"picked":"SKIP","floor":27.0},{"not_picked":["Skewer+1","Doppelganger","Dagger Throw+1"],"picked":"SKIP","floor":30.0},{"not_picked":["Dagger Throw+1"],"picked":"SKIP","floor":35.0},{"not_picked":["Deflect+1"],"picked":"SKIP","floor":37.0},{"not_picked":[],"picked":"Deflect+1","floor":37.0},{"not_picked":["Flying Knee"],"picked":"SKIP","floor":44.0},{"not_picked":[],"picked":"Tools of the Trade+1","floor":47.0}],"player_experience":5984,"relics_obtained":[{"floor":4.0,"key":"Omamori"},{"floor":6.0,"key":"Kunai"},{"floor":9.0,"key":"Juzu Bracelet"},{"floor":17.0,"key":"PreservedInsect"},{"floor":17.0,"key":"StoneCalendar"},{"floor":17.0,"key":"Sundial"},{"floor":26.0,"key":"Frozen Egg 2"},{"floor":27.0,"key":"WingedGreaves"},{"floor":30.0,"key":"Snake Skull"},{"floor":38.0,"key":"FossilizedHelix"},{"floor":42.0,"key":"The Specimen"},{"floor":43.0,"key":"InkBottle"},{"floor":46.0,"key":"Ninja Scroll"},{"floor":47.0,"key":"Pear"}],"event_choices":[{"cards_removed":["Defend_G"],"damage_healed":0.0,"max_hp_gain":0.0,"max_hp_loss":0.0,"gold_gain":0.0,"event_name":"Golden Wing","player_choice":"Card Removal","floor":2.0,"gold_loss":0.0,"damage_taken":7.0},{"damage_healed":0.0,"max_hp_gain":0.0,"max_hp_loss":0.0,"gold_gain":0.0,"event_name":"Lab","player_choice":"Got Potions","floor":5.0,"gold_loss":0.0,"damage_taken":0.0},{"damage_healed":0.0,"max_hp_gain":0.0,"max_hp_loss":0.0,"gold_gain":75.0,"event_name":"World of Goop","player_choice":"Gather Gold","floor":10.0,"gold_loss":0.0,"damage_taken":11.0},{"damage_healed":0.0,"max_hp_gain":0.0,"max_hp_loss":0.0,"gold_gain":0.0,"event_name":"Shining Light","player_choice":"Entered Light","floor":12.0,"gold_loss":0.0,"damage_taken":15.0,"cards_upgraded":["Survivor","Strike_G"]},{"damage_healed":0.0,"max_hp_gain":0.0,"max_hp_loss":0.0,"gold_gain":0.0,"event_name":"N\u0027loth","player_choice":"Traded Relic","floor":19.0,"relics_lost":["StoneCalendar"],"gold_loss":0.0,"damage_taken":0.0,"relics_obtained":["Nloth\u0027s Gift"]},{"damage_healed":0.0,"max_hp_gain":0.0,"max_hp_loss":0.0,"gold_gain":0.0,"event_name":"The Mausoleum","player_choice":"Opened","floor":24.0,"gold_loss":0.0,"damage_taken":0.0,"relics_obtained":["Pantograph"]},{"damage_healed":0.0,"max_hp_gain":0.0,"max_hp_loss":0.0,"gold_gain":0.0,"event_name":"Match and Keep!","player_choice":"0 cards matched","floor":28.0,"gold_loss":0.0,"damage_taken":0.0,"cards_obtained":[]},{"damage_healed":0.0,"max_hp_gain":0.0,"max_hp_loss":0.0,"gold_gain":0.0,"event_name":"The Woman in Blue","player_choice":"Bought 0 Potions","floor":31.0,"gold_loss":0.0,"damage_taken":0.0},{"damage_healed":0.0,"max_hp_gain":0.0,"max_hp_loss":0.0,"gold_gain":0.0,"event_name":"Tomb of Lord Red Mask","player_choice":"Ignored","floor":36.0,"gold_loss":0.0,"damage_taken":0.0},{"damage_healed":0.0,"max_hp_gain":0.0,"max_hp_loss":0.0,"gold_gain":0.0,"event_name":"Mysterious Sphere","player_choice":"Fight","floor":38.0,"gold_loss":0.0,"damage_taken":0.0},{"damage_healed":0.0,"max_hp_gain":0.0,"max_hp_loss":0.0,"gold_gain":0.0,"event_name":"SensoryStone","player_choice":"Memory 1","floor":39.0,"gold_loss":0.0,"damage_taken":0.0},{"damage_healed":0.0,"max_hp_gain":0.0,"max_hp_loss":0.0,"gold_gain":0.0,"event_name":"MindBloom","player_choice":"Fight","floor":42.0,"gold_loss":0.0,"damage_taken":0.0}],"is_beta":false,"boss_relics":[{"not_picked":["Philosopher\u0027s Stone","Astrolabe"],"picked":"Calling Bell"},{"not_picked":["Runic Dome","Coffee Dripper"],"picked":"Busted Crown"}],"items_purged_floors":[22,29,41,45],"is_endless":false,"potions_floor_spawned":[3,7,8,14,18,21,30,33,37,38,42,47],"ascension_level":0}}