{"host":"novohdx135h0xyrr","time":1609784472,"event":{"mods":["BaseMod","Colored Map","Colored Powertips","Highlight Path","Minty Spire (QoL Compilation)"],"gold_per_floor":[116,116,66,81,81,81,108,122,148,148,166,166,41,57,57,176,176,190,208,54,54,68,68,82,116,142,163,163,14,14,113,113,243,243,267,117,136,161,224,224,240,240,240,264,264,282,282,296,296,296,296],"floor_reached":50,"playtime":5224,"items_purged":["Injury","Strike_R","Strike_R","Strike_R"],"score":647,"play_id":"b62ede96-6faa-4836-be1f-34f71855f7e4","local_time":"20210104102112","is_ascension_mode":true,"campfire_choices":[{"data":"Body Slam","floor":6.0,"key":"SMITH"},{"floor":10.0,"key":"REST"},{"data":"True Grit","floor":15.0,"key":"SMITH"},{"floor":23.0,"key":"REST"},{"floor":28.0,"key":"REST"},{"data":"Body Slam","floor":30.0,"key":"SMITH"},{"floor":32.0,"key":"REST"},{"floor":40.0,"key":"REST"},{"floor":42.0,"key":"REST"},{"floor":47,"key":"REST"},{"floor":49,"key":"REST"}],"circlet_count":0,"master_deck":["Defend_R","Defend_R","Defend_R","Defend_R","Bash","Heavy Blade","Body Slam+1","Shrug It Off","Inflame","True Grit+1","Pommel Strike","Body Slam+1","Shrug It Off","Whirlwind+1","True Grit","Fiend Fire","Flex+1","Shrug It Off+1"],"relics":["Runic Pyramid","Boot","Vajra","Golden Idol","Busted Crown","Eternal Feather","Pen Nib","Black Star","Prayer Wheel","Self Forming Clay"],"acts_visited":["Exordium","TheCity","TheBeyond"],"potions_floor_usage":[46,50],"damage_taken":[{"damage":1.0,"enemies":"Cultist","floor":1.0,"turns":3.0},{"damage":7.0,"enemies":"Jaw Worm","floor":4.0,"turns":3.0},{"damage":39.0,"enemies":"3 Sentries","floor":7.0,"turns":9.0},{"damage":0.0,"enemies":"2 Louse","floor":8.0,"turns":2.0},{"damage":3.0,"enemies":"Blue Slaver","floor":11.0,"turns":4.0},{"damage":0.0,"enemies":"Large Slime","floor":14.0,"turns":6.0},{"damage":0.0,"enemies":"Slime Boss","floor":16.0,"turns":7.0},{"damage":11.0,"enemies":"Shell Parasite","floor":18.0,"turns":6.0},{"damage":18.0,"enemies":"2 Thieves","floor":19.0,"turns":5.0},{"damage":15.0,"enemies":"Shelled Parasite and Fungi","floor":22.0,"turns":6.0},{"damage":5.0,"enemies":"Centurion and Healer","floor":24.0,"turns":7.0},{"damage":42.0,"enemies":"Slavers","floor":25.0,"turns":5.0},{"damage":0.0,"enemies":"Chosen and Byrds","floor":27.0,"turns":5.0},{"damage":39.0,"enemies":"Champ","floor":33.0,"turns":11.0},{"damage":5.0,"enemies":"Orb Walker","floor":35.0,"turns":4.0},{"damage":13.0,"enemies":"3 Darklings","floor":37.0,"turns":4.0},{"damage":46.0,"enemies":"4 Shapes","floor":38.0,"turns":3.0},{"damage":0.0,"enemies":"Mind Bloom Boss Battle","floor":39.0,"turns":4.0},{"damage":16.0,"enemies":"Maw","floor":41.0,"turns":8.0},{"damage":45.0,"enemies":"Transient","floor":44.0,"turns":5.0},{"damage":16,"enemies":"Jaw Worm Horde","floor":46,"turns":4},{"damage":11,"enemies":"Maw","floor":48,"turns":8},{"damage":74,"enemies":"Time Eater","floor":50,"turns":7}],"seed_played":"-8781591580708526823","potions_obtained":[{"floor":7.0,"key":"Weak Potion"},{"floor":8.0,"key":"ColorlessPotion"},{"floor":14.0,"key":"BlessingOfTheForge"},{"floor":18.0,"key":"DuplicationPotion"},{"floor":22.0,"key":"Strength Potion"},{"floor":25.0,"key":"Block Potion"},{"floor":39.0,"key":"Strength Potion"},{"floor":41.0,"key":"Fruit Juice"},{"floor":44.0,"key":"GamblersBrew"},{"floor":46,"key":"Block Potion"}],"is_trial":false,"path_per_floor":["M","?","?","M","?","R","E","M","T","R","M","?","$","M","R","B",null,"M","M","$","?","M","R","M","E","T","M","R","$","R","?","R","B",null,"M","$","M","M","?","R","M","R","T","M","?","M","R","M","R","B"],"character_chosen":"IRONCLAD","items_purchased":["True Grit","Shrug It Off","True Grit"],"campfire_rested":8,"item_purchase_floors":[13,20,29],"current_hp_per_floor":[79,79,79,72,65,65,26,26,26,50,47,47,47,47,47,47,80,69,51,51,51,36,60,55,13,13,13,46,46,55,55,80,41,80,75,75,62,16,16,49,38,72,72,27,27,11,45,34,68,0,0],"gold":296,"neow_bonus":"BOSS_RELIC","is_daily":false,"chose_seed":false,"campfire_upgraded":3,"win_rate":0.0,"timestamp":1609784472,"path_taken":["M","?","?","M","?","R","E","M","T","R","M","?","$","M","R","BOSS","M","M","$","?","M","R","M","E","T","M","R","$","R","?","R","BOSS","M","$","M","M","?","R","M","R","T","M","?","M","R","?","R","BOSS"],"items_purchased_type":["Card","Card","Card"],"build_version":"2020-12-22","purchased_purges":4,"victory":false,"max_hp_per_floor":[80,80,80,80,80,80,80,80,80,80,80,80,80,80,80,80,80,80,80,80,80,80,80,80,80,80,80,80,80,80,80,80,80,80,80,80,80,80,80,80,85,85,85,85,85,85,85,85,85,85,85],"card_choices":[{"not_picked":["Armaments","Power Through"],"picked":"Heavy Blade","floor":1.0},{"not_picked":["Armaments","Havoc"],"picked":"Body Slam","floor":4.0},{"not_picked":["Body Slam","Cleave"],"picked":"Shrug It Off","floor":7.0},{"not_picked":["Metallicize","Warcry","Feel No Pain"],"picked":"SKIP","floor":8.0},{"not_picked":["Dropkick","Burning Pact"],"picked":"Inflame","floor":11.0},{"not_picked":["Combust","Fire Breathing"],"picked":"Pommel Strike","floor":14.0},{"not_picked":["Headbutt"],"picked":"SKIP","floor":18.0},{"not_picked":[],"picked":"Body Slam","floor":19.0},{"not_picked":["Headbutt"],"picked":"SKIP","floor":22.0},{"not_picked":["Perfected Strike"],"picked":"SKIP","floor":24.0},{"not_picked":["Dark Embrace"],"picked":"SKIP","floor":25.0},{"not_picked":[],"picked":"Whirlwind+1","floor":27.0},{"not_picked":[],"picked":"Fiend Fire","floor":33.0},{"not_picked":["Burning Pact"],"picked":"SKIP","floor":35.0},{"not_picked":["Cleave"],"picked":"SKIP","floor":37.0},{"not_picked":["Feel No Pain"],"picked":"SKIP","floor":38.0},{"not_picked":[],"picked":"Flex+1","floor":41.0},{"not_picked":["Thunderclap"],"picked":"SKIP","floor":41.0},{"not_picked":["Perfected Strike"],"picked":"SKIP","floor":44.0},{"not_picked":["Clothesline+1"],"picked":"SKIP","floor":44.0},{"not_picked":[],"picked":"Shrug It Off+1","floor":46},{"not_picked":["Evolve+1"],"picked":"SKIP","floor":46},{"not_picked":["Pummel"],"picked":"SKIP","floor":48},{"not_picked":["Anger+1"],"picked":"SKIP","floor":48}],"player_experience":200835,"relics_obtained":[{"floor":7.0,"key":"Boot"},{"floor":9.0,"key":"Vajra"},{"floor":25.0,"key":"Eternal Feather"},{"floor":26.0,"key":"Pen Nib"},{"floor":39.0,"key":"Prayer Wheel"},{"floor":43.0,"key":"Self Forming Clay"}],"event_choices":[{"damage_healed":0.0,"max_hp_gain":0.0,"max_hp_loss":0.0,"gold_gain":0.0,"event_name":"Liars Game","player_choice":"Ignored","floor":2.0,"gold_loss":0.0,"damage_taken":0.0},{"cards_removed":["Strike_R"],"damage_healed":0.0,"max_hp_gain":0.0,"max_hp_loss":0.0,"gold_gain":0.0,"event_name":"The Cleric","player_choice":"Card Removal","floor":3.0,"gold_loss":50.0,"damage_taken":0.0},{"cards_removed":["Strike_R"],"damage_healed":0.0,"max_hp_gain":0.0,"max_hp_loss":0.0,"gold_gain":0.0,"event_name":"Golden Wing","player_choice":"Card Removal","floor":5.0,"gold_loss":0.0,"damage_taken":7.0},{"damage_healed":0.0,"max_hp_gain":0.0,"max_hp_loss":0.0,"gold_gain":0.0,"event_name":"Golden Idol","player_choice":"Take Wound","floor":12.0,"gold_loss":0.0,"damage_taken":0.0,"relics_obtained":["Golden Idol"],"cards_obtained":["Injury"]},{"damage_healed":0.0,"max_hp_gain":0.0,"max_hp_loss":0.0,"gold_gain":0.0,"event_name":"Vampires","player_choice":"Ignored","floor":21.0,"gold_loss":0.0,"damage_taken":0.0},{"damage_healed":0.0,"max_hp_gain":0.0,"max_hp_loss":0.0,"gold_gain":99.0,"event_name":"Nest","player_choice":"Stole From Cult","floor":31.0,"gold_loss":0.0,"damage_taken":0.0},{"damage_healed":0.0,"max_hp_gain":0.0,"max_hp_loss":0.0,"gold_gain":0.0,"event_name":"MindBloom","player_choice":"Fight","floor":39.0,"gold_loss":0.0,"damage_taken":0.0},{"damage_healed":0.0,"max_hp_gain":0.0,"max_hp_loss":0.0,"gold_gain":0.0,"event_name":"Mysterious Sphere","player_choice":"Ignored","floor":45.0,"gold_loss":0.0,"damage_taken":0.0}],"is_beta":false,"boss_relics":[{"not_picked":["Ectoplasm","Astrolabe"],"picked":"Busted Crown"},{"not_picked":["Coffee Dripper","Pandora\u0027s Box"],"picked":"Black Star"}],"items_purged_floors":[13,20,29,36],"is_endless":false,"potions_floor_spawned":[7,8,14,18,22,25,39,41,44,46],"killed_by":"Time Eater","ascension_level":4}}