{"host":"qn3py9t0m14v0dc6","time":1609725894,"event":{"mods":["AchievementEnabler","BaseMod","Colored Map","Evolution","Minty Spire (QoL Compilation)","Spicy Shops","StSLib"],"gold_per_floor":[118,135,135,135,154,154,179,198,223,251,251,267,267,278,278,375,375,389,389,66,78,98,98,98,98],"floor_reached":24,"playtime":2089,"items_purged":[],"score":233,"play_id":"f0629f9c-a3c4-47cc-8201-f7ad8cc1f086","local_time":"20210103200454","is_ascension_mode":false,"campfire_choices":[{"data":"Hello World","floor":6.0,"key":"SMITH"},{"floor":11,"key":"REST"},{"floor":15,"key":"REST"},{"data":"Chaos","floor":23,"key":"SMITH"}],"circlet_count":0,"master_deck":["Zap","Dualcast","Aggregate","Stack","Hello World+1","Stack","Meteor Strike","Chill","Go for the Eyes","Doom and Gloom","Fusion","Blizzard","Multi-Cast","Creative AI","Conserve Battery","Capacitor","Recycle","Magnetism","Pride","Redo+1","Chaos+1"],"relics":["Cracked Core","EVO:Axolotl","NeowsBlessing","Strawberry","Orichalcum","Art of War","Shuriken","Pandora\u0027s Box","Centennial Puzzle"],"acts_visited":["Exordium","TheCity"],"potions_floor_usage":[10,16],"damage_taken":[{"damage":0.0,"enemies":"Small Slimes","floor":1.0,"turns":1.0},{"damage":0.0,"enemies":"Cultist","floor":2.0,"turns":1.0},{"damage":0.0,"enemies":"Jaw Worm","floor":5.0,"turns":1.0},{"damage":32.0,"enemies":"Gremlin Nob","floor":7.0,"turns":4.0},{"damage":28.0,"enemies":"Lots of Slimes","floor":8.0,"turns":3.0},{"damage":0,"enemies":"Lagavulin","floor":10,"turns":4},{"damage":14,"enemies":"Exordium Wildlife","floor":12,"turns":5},{"damage":14,"enemies":"Gremlin Gang","floor":14,"turns":4},{"damage":7,"enemies":"The Guardian","floor":16,"turns":11},{"damage":4,"enemies":"Chosen","floor":18,"turns":4},{"damage":20,"enemies":"Shell Parasite","floor":21,"turns":6},{"damage":33,"enemies":"Shelled Parasite and Fungi","floor":22,"turns":5},{"damage":25,"enemies":"Book of Stabbing","floor":24,"turns":3}],"seed_played":"4142164545314957591","potions_obtained":[{"floor":2.0,"key":"FocusPotion"},{"floor":5.0,"key":"FearPotion"},{"floor":7.0,"key":"EssenceOfDarkness"},{"floor":14,"key":"FocusPotion"},{"floor":22,"key":"FocusPotion"}],"is_trial":false,"path_per_floor":["M","M","?","?","M","R","E","M","T","E","R","M","T","M","R","B",null,"M","$","$","M","M","R","E"],"character_chosen":"DEFECT","items_purchased":["Recycle","Magnetism","Centennial Puzzle"],"campfire_rested":2,"item_purchase_floors":[20,20,20],"current_hp_per_floor":[75,75,68,68,68,68,43,15,15,15,39,25,25,11,35,28,82,78,78,78,58,25,25,0,0],"gold":98,"neow_bonus":"THREE_ENEMY_KILL","is_daily":false,"chose_seed":false,"campfire_upgraded":2,"win_rate":0.0,"timestamp":1609725894,"path_taken":["M","M","?","?","M","R","E","M","T","E","R","?","?","M","R","BOSS","M","?","$","M","M","R","E"],"items_purchased_type":["Card","Card","Relic"],"build_version":"2020-12-22","purchased_purges":0,"victory":false,"max_hp_per_floor":[75,75,75,75,75,75,82,82,82,82,82,82,82,82,82,82,82,82,82,82,82,82,82,82,82],"card_choices":[{"not_picked":["Rebound","Tempest"],"picked":"Aggregate","floor":1.0},{"not_picked":["Streamline","Heatsinks"],"picked":"Stack","floor":2.0},{"not_picked":["Recycle","Barrage"],"picked":"Hello World","floor":5.0},{"not_picked":["Tempest","Steam Power"],"picked":"Stack","floor":7.0},{"not_picked":["Gash","Streamline"],"picked":"Meteor Strike","floor":8.0},{"not_picked":["Streamline","Doom and Gloom"],"picked":"Chill","floor":10},{"not_picked":["Melter","Ball Lightning","Hologram"],"picked":"SKIP","floor":12},{"not_picked":["Lockon","Rebound"],"picked":"Go for the Eyes","floor":14},{"not_picked":["Glacier","Gash"],"picked":"Capacitor","floor":18},{"not_picked":["Sweeping Beam","Chaos"],"picked":"Redo+1","floor":21},{"not_picked":["Redo","Recycle"],"picked":"Chaos","floor":22}],"player_experience":239682,"relics_obtained":[{"floor":7.0,"key":"Strawberry"},{"floor":9.0,"key":"Orichalcum"},{"floor":10,"key":"Art of War"},{"floor":13,"key":"Shuriken"}],"event_choices":[{"cards_removed":["Defend_B"],"damage_healed":0.0,"max_hp_gain":0.0,"max_hp_loss":0.0,"gold_gain":0.0,"event_name":"Golden Wing","player_choice":"Card Removal","floor":3.0,"gold_loss":0.0,"damage_taken":7.0},{"cards_removed":["Defend_B"],"damage_healed":0.0,"max_hp_gain":0.0,"max_hp_loss":0.0,"gold_gain":0.0,"event_name":"Purifier","player_choice":"Purged","floor":4.0,"gold_loss":0.0,"damage_taken":0.0}],"is_beta":false,"boss_relics":[{"not_picked":["Velvet Choker","Tiny House"],"picked":"Pandora\u0027s Box"}],"items_purged_floors":[],"is_endless":false,"potions_floor_spawned":[2,5,7,14,22],"killed_by":"Book of Stabbing","ascension_level":0}}