{"host":"lpogke4cwz8zw1ju","time":1609734941,"event":{"mods":["Always Whale","BaseMod","Minty Spire (QoL Compilation)","Permanent Neow"],"gold_per_floor":[113,132,207,227,238,258,258,289,289,299,299,299,318,335,335,430,430,440,452,465,465,476,508,166,166,190,200,231,241,259,275,275,374,374,390,25,25,35,35,35,47,47,70,80,80,112,112,131,131,131],"floor_reached":51,"playtime":3619,"items_purged":["Strike_G","Strike_G"],"score":727,"play_id":"e109f81d-76a1-4f73-aa52-b2e821dc423c","local_time":"20210104053541","is_ascension_mode":false,"campfire_choices":[{"floor":7,"key":"REST"},{"data":"Poisoned Stab","floor":12,"key":"SMITH"},{"data":"Bouncing Flask","floor":15,"key":"SMITH"},{"floor":32,"key":"REST"},{"data":"Catalyst","floor":40,"key":"SMITH"},{"floor":42,"key":"REST"},{"data":"Catalyst","floor":45,"key":"SMITH"},{"floor":47,"key":"REST"},{"data":"Wraith Form v2","floor":49,"key":"SMITH"}],"circlet_count":0,"master_deck":["Strike_G+1","Strike_G+1","Strike_G","Defend_G","Defend_G","Defend_G","Defend_G","Defend_G","Survivor","Neutralize","Enlightenment","Cloak And Dagger","Poisoned Stab+1","Bouncing Flask+1","Adrenaline","Backflip","Sucker Punch","Flying Knee","Malaise","Deadly Poison+1","Crippling Poison","Deflect+1","Blur+1","Corpse Explosion","Bouncing Flask","Backflip","Prepared+1","Flying Knee+1","Catalyst+1","Acrobatics+1","Adrenaline","Wraith Form v2+1","Apotheosis","Madness","Poisoned Stab","Catalyst+1","Bullet Time","Poisoned Stab+1"],"relics":["Ring of the Snake","Whetstone","Meat on the Bone","Sozu","MutagenicStrength","Question Card","Membership Card","HornCleat","Nunchaku","Bottled Lightning","Snecko Eye","Anchor","Omamori","Centennial Puzzle","Pantograph"],"acts_visited":["Exordium","TheCity","TheBeyond"],"potions_floor_usage":[8,16,33,50],"damage_taken":[{"damage":4,"enemies":"Cultist","floor":1,"turns":5},{"damage":0,"enemies":"Small Slimes","floor":2,"turns":3},{"damage":0,"enemies":"2 Louse","floor":4,"turns":2},{"damage":11,"enemies":"Exordium Wildlife","floor":5,"turns":5},{"damage":5,"enemies":"Red Slaver","floor":6,"turns":4},{"damage":3,"enemies":"Gremlin Nob","floor":8,"turns":3},{"damage":2,"enemies":"2 Fungi Beasts","floor":10,"turns":3},{"damage":12,"enemies":"Lots of Slimes","floor":13,"turns":4},{"damage":1,"enemies":"Red Slaver","floor":14,"turns":3},{"damage":29,"enemies":"The Guardian","floor":16,"turns":10},{"damage":0,"enemies":"Spheric Guardian","floor":18,"turns":3},{"damage":0,"enemies":"Chosen","floor":19,"turns":3},{"damage":5,"enemies":"Sentry and Sphere","floor":20,"turns":3},{"damage":13,"enemies":"3 Cultists","floor":22,"turns":6},{"damage":3,"enemies":"Book of Stabbing","floor":23,"turns":5},{"damage":11,"enemies":"Snecko","floor":27,"turns":4},{"damage":25,"enemies":"Gremlin Leader","floor":28,"turns":7},{"damage":0,"enemies":"Sentry and Sphere","floor":29,"turns":4},{"damage":0,"enemies":"Chosen and Byrds","floor":30,"turns":4},{"damage":20,"enemies":"Shelled Parasite and Fungi","floor":31,"turns":5},{"damage":45,"enemies":"Automaton","floor":33,"turns":7},{"damage":25,"enemies":"3 Darklings","floor":35,"turns":2},{"damage":0,"enemies":"3 Shapes","floor":38,"turns":3},{"damage":8,"enemies":"Spire Growth","floor":41,"turns":4},{"damage":5,"enemies":"Transient","floor":44,"turns":5},{"damage":20,"enemies":"Nemesis","floor":46,"turns":3},{"damage":0,"enemies":"4 Shapes","floor":48,"turns":1},{"damage":50,"enemies":"Donu and Deca","floor":50,"turns":6}],"seed_played":"5671080336048807863","potions_obtained":[{"floor":2,"key":"Weak Potion"},{"floor":6,"key":"Fire Potion"},{"floor":10,"key":"SpeedPotion"},{"floor":16,"key":"Explosive Potion"}],"is_trial":false,"path_per_floor":["M","M","?","M","M","M","R","E","T","M","?","R","M","M","R","B",null,"M","M","M","?","M","E","$","?","T","M","E","M","M","M","R","B",null,"M","$","?","M","?","R","M","R","T","M","R","E","R","M","R","B",null],"character_chosen":"THE_SILENT","items_purchased":["Bouncing Flask","Membership Card","HornCleat","Wraith Form v2","Anchor","Apotheosis","Omamori"],"campfire_rested":4,"item_purchase_floors":[24,24,24,36,36,36,36],"current_hp_per_floor":[66,66,55,55,44,39,60,57,57,55,55,55,43,42,42,25,70,70,70,65,65,52,49,49,49,49,38,25,37,37,29,50,17,70,45,45,45,45,45,45,37,58,58,53,53,45,66,66,66,32],"gold":131,"neow_bonus":"RANDOM_COLORLESS","is_daily":false,"chose_seed":false,"campfire_upgraded":5,"win_rate":0.0,"timestamp":1609734941,"path_taken":["M","M","?","M","M","M","R","E","T","M","?","R","M","M","R","BOSS","M","M","M","?","M","E","$","?","T","M","E","M","M","?","R","BOSS","M","$","?","M","?","R","?","R","T","M","R","E","R","M","R","BOSS"],"items_purchased_type":["Card","Relic","Relic","Card","Relic","Card","Relic"],"build_version":"2020-12-22","purchased_purges":2,"victory":true,"max_hp_per_floor":[70,70,70,70,70,70,70,70,70,70,70,70,70,70,70,70,70,70,70,70,70,70,70,70,70,70,70,70,70,70,70,70,70,70,70,70,70,70,70,70,70,70,70,70,70,70,70,70,70,70],"card_choices":[{"not_picked":["Deep Breath","Good Instincts"],"picked":"Enlightenment","floor":0},{"not_picked":["Riddle With Holes","Acrobatics"],"picked":"Cloak And Dagger","floor":1},{"not_picked":["Finisher","Deadly Poison"],"picked":"Poisoned Stab","floor":2},{"not_picked":["Setup","Dagger Throw"],"picked":"Bouncing Flask","floor":4},{"not_picked":["Deflect","Acrobatics"],"picked":"Adrenaline","floor":5},{"not_picked":["Bane","Deflect"],"picked":"Backflip","floor":6},{"not_picked":["Flechettes","Flying Knee"],"picked":"Sucker Punch","floor":8},{"not_picked":["Concentrate","Underhanded Strike"],"picked":"Flying Knee","floor":10},{"not_picked":["Dagger Spray","Dagger Throw","Flying Knee"],"picked":"SKIP","floor":13},{"not_picked":["Concentrate","Outmaneuver","Flechettes"],"picked":"SKIP","floor":14},{"not_picked":["Phantasmal Killer","Night Terror"],"picked":"Malaise","floor":16},{"not_picked":["Poisoned Stab+1","Outmaneuver"],"picked":"Deadly Poison+1","floor":18},{"not_picked":["Caltrops","PiercingWail"],"picked":"Crippling Poison","floor":19},{"not_picked":["Backstab+1","Dagger Spray+1"],"picked":"Deflect+1","floor":20},{"not_picked":["Sucker Punch","Concentrate+1"],"picked":"Blur+1","floor":22},{"not_picked":["Outmaneuver","Infinite Blades+1"],"picked":"Corpse Explosion","floor":23},{"not_picked":["Dagger Throw+1","PiercingWail","Blade Dance"],"picked":"Backflip","floor":27},{"not_picked":["Blade Dance","Dodge and Roll","Bane+1"],"picked":"Prepared+1","floor":28},{"not_picked":["Deflect+1","Outmaneuver","Cloak And Dagger"],"picked":"Flying Knee+1","floor":29},{"not_picked":["Accuracy","Quick Slash","Storm of Steel"],"picked":"Catalyst","floor":30},{"not_picked":["Quick Slash","Deadly Poison","Cloak And Dagger"],"picked":"Acrobatics+1","floor":31},{"not_picked":["Venomology","After Image","Die Die Die"],"picked":"Adrenaline","floor":33},{"not_picked":["Blade Dance","Backflip","Dagger Spray","Dagger Throw+1"],"picked":"SKIP","floor":35},{"not_picked":["Mind Blast","Magnetism","Jack Of All Trades"],"picked":"Madness","floor":37},{"not_picked":["Dagger Throw+1","Outmaneuver+1","Choke"],"picked":"Poisoned Stab","floor":38},{"not_picked":["Quick Slash+1","Bane","Setup+1"],"picked":"Catalyst","floor":41},{"not_picked":["Terror","Flying Knee+1","Cloak And Dagger"],"picked":"Bullet Time","floor":44},{"not_picked":["Deflect+1","Dodge and Roll","Setup"],"picked":"Poisoned Stab+1","floor":46},{"not_picked":["Dagger Spray+1","Underhanded Strike+1","Bane+1","Leg Sweep"],"picked":"SKIP","floor":48}],"player_experience":153011,"relics_obtained":[{"floor":8,"key":"Whetstone"},{"floor":9,"key":"Meat on the Bone"},{"floor":23,"key":"Question Card"},{"floor":26,"key":"Nunchaku"},{"floor":28,"key":"Bottled Lightning"},{"floor":43,"key":"Centennial Puzzle"},{"floor":46,"key":"Pantograph"}],"event_choices":[{"damage_healed":0,"gold_gain":75,"player_choice":"Gather Gold","damage_taken":11,"max_hp_gain":0,"max_hp_loss":0,"event_name":"World of Goop","floor":3,"gold_loss":0},{"damage_healed":0,"gold_gain":0,"player_choice":"Ignored","damage_taken":0,"max_hp_gain":0,"max_hp_loss":0,"event_name":"Liars Game","floor":11,"gold_loss":0},{"damage_healed":0,"gold_gain":0,"player_choice":"Inject Mutagens","damage_taken":0,"relics_obtained":["MutagenicStrength"],"max_hp_gain":0,"max_hp_loss":0,"event_name":"Drug Dealer","floor":21,"gold_loss":0},{"damage_healed":0,"gold_gain":0,"player_choice":"Leave","damage_taken":0,"max_hp_gain":0,"max_hp_loss":0,"event_name":"FaceTrader","floor":25,"gold_loss":0},{"damage_healed":0,"gold_gain":0,"player_choice":"Memory 1","damage_taken":0,"max_hp_gain":0,"max_hp_loss":0,"event_name":"SensoryStone","floor":37,"gold_loss":0},{"damage_healed":0,"gold_gain":0,"player_choice":"Ignored","damage_taken":0,"max_hp_gain":0,"max_hp_loss":0,"event_name":"SecretPortal","floor":39,"gold_loss":0}],"is_beta":false,"boss_relics":[{"not_picked":["Astrolabe","Empty Cage"],"picked":"Sozu"},{"not_picked":["WristBlade","Pandora\u0027s Box"],"picked":"Snecko Eye"}],"items_purged_floors":[24,36],"is_endless":false,"potions_floor_spawned":[2,6,10,16,19,20,22,23,28,31,35,38,46],"ascension_level":0}}