{"host":"o6rpelx2jpc8yies","time":1609741608,"event":{"mods":["BaseMod","Downfall","Minty Spire (QoL Compilation)","StSLib"],"gold_per_floor":[99,99,99,99,99,119,119,133,58,85,10,36,48,48,68,172,172,172,189,204,2,12,0,0,17,2,13,114,39,39,89,139,283,283,283,337,387,387,176,176,201,89,141,215,272,327,327,399,456,496,496,562,377,377,417],"floor_reached":56,"playtime":6671,"items_purged":["champ:Defend","champ:Strike","champ:Defend","champ:Strike"],"score":1269,"play_id":"9e502546-0507-4195-bec2-565e2a7e745d","local_time":"20210103232648","is_ascension_mode":false,"campfire_choices":[{"floor":1,"key":"RECALL"},{"data":"champ:Encircle","floor":9,"key":"SMITH"},{"data":"champ:ViciousMockery","floor":11,"key":"SMITH"},{"floor":18,"key":"REST"},{"floor":29,"key":"REST"},{"floor":35,"key":"REST"},{"floor":40,"key":"REST"},{"floor":47,"key":"REST"},{"floor":54,"key":"REST"}],"circlet_count":0,"master_deck":["champ:Strike","champ:Strike","champ:Defend","champ:Execute","champ:Taunt","champ:BerserkersShout","champ:AdrenalArmor","champ:AdrenalArmor","champ:Encircle+1","champ:ViciousMockery+1","champ:FanOfKnives+1","champ:Lariat","champ:VampiricStrike","champ:GladiatorsShout+1","champ:Duel+1","champ:ShieldWall","champ:RecklessLeap","champ:HoldFirm","champ:HeartStrike","champ:StrikeOfGenius","champ:EndlessRage","champ:BerserkerStyle","champ:LastStand","champ:LastStand","champ:IronFortress","champ:ArenaPreparation"],"relics":["champ:ChampionCrown","downfall:HeartsMalice","InkBottle","downfall:HeartBlessingRed","Guardian:PocketSentry","downfall:HeartBlessingGreen","CaptainsWheel","Fusion Hammer","Membership Card","PreservedInsect","Medical Kit","downfall:HeartBlessingBlue","downfall:KnowingSkull","sneckomod:SneckoTalon","Molten Egg 2","Dream Catcher","Oddly Smooth Stone","Strawberry","hexamod:BolsterEngine","FossilizedHelix","champ:FightingForDummies"],"acts_visited":["Exordium","TheCity","TheBeyond","TheEnding"],"potions_floor_usage":[10,16,55],"damage_taken":[{"damage":0,"enemies":"2 Louse","floor":2,"turns":1},{"damage":0,"enemies":"Cultist","floor":3,"turns":1},{"damage":0,"enemies":"Small Slimes","floor":4,"turns":1},{"damage":49,"enemies":"Exordium Thugs","floor":6,"turns":8},{"damage":47,"enemies":"Red Slaver","floor":8,"turns":7},{"damage":62,"enemies":"3 Sentries","floor":10,"turns":8},{"damage":8,"enemies":"Gremlin Nob","floor":12,"turns":3},{"damage":7,"enemies":"Blue Slaver","floor":13,"turns":3},{"damage":14,"enemies":"Large Slime","floor":15,"turns":3},{"damage":17,"enemies":"downfall:Ironclad","floor":16,"turns":4},{"damage":34,"enemies":"Shell Parasite","floor":19,"turns":7},{"damage":25,"enemies":"Cultist and Chosen","floor":20,"turns":5},{"damage":18,"enemies":"downfall:FleeingMerchant","floor":21,"turns":4},{"damage":41,"enemies":"Sentry and Sphere","floor":22,"turns":6},{"damage":28,"enemies":"downfall:FleeingMerchant","floor":23,"turns":4},{"damage":36,"enemies":"Centurion and Healer","floor":25,"turns":5},{"damage":37,"enemies":"downfall:FleeingMerchant","floor":26,"turns":4},{"damage":18,"enemies":"Cultist and Chosen","floor":27,"turns":5},{"damage":46,"enemies":"downfall:FleeingMerchant","floor":28,"turns":4},{"damage":31,"enemies":"Sentry and Sphere","floor":31,"turns":5},{"damage":41,"enemies":"Snake Plant","floor":32,"turns":4},{"damage":79,"enemies":"downfall:Silent","floor":33,"turns":8},{"damage":49,"enemies":"3 Darklings","floor":36,"turns":6},{"damage":19,"enemies":"Orb Walker","floor":37,"turns":4},{"damage":52,"enemies":"Transient","floor":43,"turns":5},{"damage":35,"enemies":"Reptomancer","floor":44,"turns":6},{"damage":69,"enemies":"Maw","floor":45,"turns":7},{"damage":69,"enemies":"3 Darklings","floor":46,"turns":4},{"damage":42,"enemies":"Giant Head","floor":48,"turns":7},{"damage":30,"enemies":"Sphere and 2 Shapes","floor":49,"turns":4},{"damage":77,"enemies":"downfall:Defect","floor":50,"turns":8},{"damage":101,"enemies":"downfall:CharBossMerchant","floor":52,"turns":7},{"damage":215,"enemies":"downfall:NeowBoss","floor":55,"turns":20}],"seed_played":"2183735807134288491","potions_obtained":[{"floor":6,"key":"AttackPotion"},{"floor":10,"key":"Weak Potion"},{"floor":13,"key":"hexamod:EctoCoolerPotion"},{"floor":15,"key":"AttackPotion"},{"floor":16,"key":"SkillPotion"},{"floor":27,"key":"champ:CounterPotion"},{"floor":32,"key":"Energy Potion"},{"floor":33,"key":"champ:UltimateStancePotion"},{"floor":44,"key":"DuplicationPotion"}],"is_trial":false,"path_per_floor":["R","M","M","M","?","M","T","M","R","E","R","E","M","?","M","B",null,"R","M","M","$","M","$","T","M","$","M","$","R","?","M","M","B",null,"R","M","M","?","$","R","T","$","M","E","M","M","R","E","M","B",null,"E","$","R","B",null],"character_chosen":"THE_CHAMP","items_purchased":["Membership Card","champ:FightOn","PreservedInsect","Medical Kit","champ:EndlessRage","Molten Egg 2","Oddly Smooth Stone","champ:BerserkerStyle","champ:FightingForDummies","champ:IronFortress"],"campfire_rested":6,"item_purchase_floors":[21,28,28,28,39,39,42,42,53,53],"current_hp_per_floor":[90,90,90,90,90,73,73,63,63,38,38,38,35,35,35,35,90,90,87,83,83,88,90,90,90,84,89,86,100,91,88,88,77,105,105,105,105,105,105,105,105,105,105,96,87,103,112,108,104,81,112,67,67,100,108],"gold":417,"neow_bonus":"THREE_ENEMY_KILL","is_daily":false,"chose_seed":false,"campfire_upgraded":2,"win_rate":0.0,"timestamp":1609741608,"path_taken":["R","M","M","M","?","M","T","?","R","E","R","E","M","?","M","BOSS","R","M","M","$","?","?","T","?","$","M","$","R","?","M","M","BOSS","R","M","M","?","$","R","T","$","M","E","M","?","R","E","M","BOSS","E","$","R","BOSS"],"items_purchased_type":["Relic","Card","Relic","Relic","Card","Relic","Relic","Card","Relic","Card"],"build_version":"2020-12-22","purchased_purges":4,"victory":true,"max_hp_per_floor":[90,90,90,90,90,90,90,90,90,90,90,90,90,90,90,90,90,90,90,90,90,90,90,90,90,90,90,90,100,100,100,105,105,105,105,105,105,105,105,105,105,105,105,112,112,112,112,112,112,112,112,112,112,112,112],"card_choices":[{"not_picked":["champ:Backstep","champ:DefensiveShout"],"picked":"champ:BerserkersShout","floor":2},{"not_picked":["champ:FocusedBerserking","champ:FanOfKnives"],"picked":"champ:AdrenalArmor","floor":3},{"not_picked":["champ:GladiatorsShout","champ:FightOn"],"picked":"champ:AdrenalArmor","floor":4},{"not_picked":["champ:DefensiveShout","champ:AdrenalArmor"],"picked":"champ:Encircle","floor":6},{"not_picked":["champ:BladeFlurry","champ:PerfectedStrike"],"picked":"champ:ViciousMockery","floor":8},{"not_picked":["champ:HeavySlash","champ:Haymaker"],"picked":"champ:FanOfKnives","floor":10},{"not_picked":["champ:ViciousMockery","champ:Encircle","champ:DefensiveShout"],"picked":"SKIP","floor":12},{"not_picked":["champ:Encircle","champ:PreciseThrust","champ:BladeFlurry"],"picked":"SKIP","floor":13},{"not_picked":["champ:FanOfKnives","champ:ShieldWall"],"picked":"champ:Lariat","floor":15},{"not_picked":["champ:HeavySlash","champ:ShieldSlam"],"picked":"champ:VampiricStrike","floor":16},{"not_picked":["champ:DefensiveShout","champ:Riposte+1"],"picked":"champ:GladiatorsShout+1","floor":19},{"not_picked":["champ:BerserkersShout","champ:PerfectedStrike","champ:SkillfulDodge"],"picked":"SKIP","floor":20},{"not_picked":["champ:PerfectedStrike","champ:Haymaker","champ:RisingSlash"],"picked":"SKIP","floor":21},{"not_picked":["champ:Encircle+1","champ:PerfectedStrike","champ:ViciousMockery+1"],"picked":"SKIP","floor":22},{"not_picked":["champ:PerfectForm","champ:GutPunch"],"picked":"champ:Duel+1","floor":23},{"not_picked":["champ:GladiatorsShout","champ:DeathBlow+1"],"picked":"champ:ShieldWall","floor":25},{"not_picked":["champ:SkillfulDodge","champ:BerserkersShout","champ:RisingSlash"],"picked":"SKIP","floor":26},{"not_picked":["champ:Haymaker","champ:DefensiveShout"],"picked":"champ:RecklessLeap","floor":27},{"not_picked":["champ:Encircle","champ:FocusedDefense"],"picked":"champ:HoldFirm","floor":28},{"not_picked":["champ:FlashCut+1","champ:FalseCounter","champ:DefensiveStyle"],"picked":"SKIP","floor":31},{"not_picked":["champ:BladeFlurry","champ:GladiatorsShout"],"picked":"champ:HeartStrike","floor":32},{"not_picked":["champ:CrownThrow","champ:ShieldSlam"],"picked":"champ:StrikeOfGenius","floor":33},{"not_picked":["champ:Circumvent+1","champ:BladeFlurry+1","champ:FocusedDefense"],"picked":"SKIP","floor":36},{"not_picked":["champ:FanOfKnives","champ:GladiatorsShout","champ:DefensiveShout"],"picked":"SKIP","floor":37},{"not_picked":["champ:BringItOn+1","champ:AdrenalArmor"],"picked":"champ:LastStand","floor":43},{"not_picked":["champ:HeartStrike+1","champ:EnGarde+1"],"picked":"champ:LastStand","floor":44},{"not_picked":["champ:RapidStrikes+1","champ:Circumvent","champ:ViciousMockery"],"picked":"SKIP","floor":45},{"not_picked":["champ:FaceSlap+1","champ:EnGarde+1","champ:Backstep"],"picked":"SKIP","floor":46},{"not_picked":["champ:StanceDance+1","champ:StrikeOfGenius","champ:GladiatorsShout+1"],"picked":"SKIP","floor":48},{"not_picked":["champ:TornadoPunch+1","champ:FalseCounter","champ:GladiatorsShout+1"],"picked":"SKIP","floor":49},{"not_picked":["champ:DeathBlow+1","champ:FocusedDefense+1","champ:GutPunch+1"],"picked":"SKIP","floor":52},{"not_picked":["champ:EnGarde","champ:BerserkerStyle+1"],"picked":"champ:ArenaPreparation","floor":54}],"player_experience":1720071,"relics_obtained":[{"floor":7,"key":"InkBottle"},{"floor":10,"key":"Guardian:PocketSentry"},{"floor":12,"key":"CaptainsWheel"},{"floor":41,"key":"Dream Catcher"},{"floor":44,"key":"Strawberry"},{"floor":48,"key":"hexamod:BolsterEngine"},{"floor":52,"key":"FossilizedHelix"}],"event_choices":[{"cards_removed":["champ:Defend"],"damage_healed":0,"gold_gain":0,"player_choice":"Offered Basic","damage_taken":0,"max_hp_gain":0,"max_hp_loss":0,"event_name":"Bonfire Elementals","floor":5,"gold_loss":0},{"damage_healed":0,"gold_gain":0,"player_choice":"Upgraded","damage_taken":0,"max_hp_gain":0,"max_hp_loss":0,"event_name":"Upgrade Shrine","floor":14,"gold_loss":0,"cards_upgraded":["champ:FanOfKnives"]},{"damage_healed":0,"gold_gain":0,"player_choice":"Full Heal","damage_taken":0,"max_hp_gain":0,"max_hp_loss":0,"event_name":"Wheel of Change","floor":38,"gold_loss":0}],"is_beta":false,"boss_relics":[{"not_picked":["Empty Cage","Black Star"],"picked":"Fusion Hammer"},{"not_picked":["Snecko Eye","Sozu"],"picked":"sneckomod:SneckoTalon"}],"items_purged_floors":[21,28,39,53],"is_endless":false,"potions_floor_spawned":[6,10,13,15,16,20,27,31,32,33,36,43,44,46,48],"ascension_level":0}}