{"host":"yck2t2q3ro7hf56e","time":1609729031,"event":{"mods":["AchievementEnabler","Act Like it!","Arknights The Spire","BaseMod","Custom Start","DNKmod","Friendly Minions","Hubris","Minty Spire (QoL Compilation)","Quick Restart","Rare Cards Sparkle","Replay The Spire","Slay the Relics Exporter","StSLib","The Construct","The Marked","Virulent Crown"],"gold_per_floor":[10015,9353,9428,9439,9614,9614,9614,9614,9639,9657,9712,9712,9722,9722,9734,9751,9751,9847,9847,9866,9880,9535,9535,9535,9562,9562,9562,9589,9589,9605,9622,9649,9649,9649,9751,9801,9814,9283,9283,9303,9303,9303],"floor_reached":41,"playtime":4228,"items_purged":[],"score":579,"play_id":"57dcd7de-e8d9-4f92-95d0-f9e2fe1aadb7","local_time":"20210104025711","is_ascension_mode":false,"campfire_choices":[{"floor":8,"key":"RECALL"},{"data":"Entrench","floor":14,"key":"SMITH"},{"data":"Metallicize","floor":17,"key":"SMITH"},{"data":"Armaments","floor":29,"key":"SMITH"}],"circlet_count":0,"master_deck":["Defend_R+1","Defend_R+1","Defend_R","Defend_R+1","Bash","Metallicize+1","Entrench+1","Terror","Berserk+1","Armaments+1","Ghostly","Ghostly","Ghostly","Ghostly","Ghostly","Bite","Bite","Bite","Bite","Bite","Shrug It Off","ReplayTheSpireMod:Corrosion Curse+1","Ghostly Armor","Whirlwind","The Bomb+1","Transmutation+1","Madness","Madness","Parasite"],"relics":["Burning Blood","Toolbox","Pantograph","Paper Frog","Pear","SlaversCollar","HandDrill","Happy Flower","MealTicket","hubris:Towel","War Paint","StoneCalendar","Tiny House","Art of War","Golden Egg","ReplayTheSpireMod:ShopPack"],"acts_visited":["Exordium","TheCity","TheBeyond"],"potions_floor_usage":[18,36,40,40],"damage_taken":[{"damage":0,"enemies":"Jaw Worm","floor":1,"turns":2},{"damage":0,"enemies":"2 Louse","floor":4,"turns":3},{"damage":25,"enemies":"Lagavulin","floor":9,"turns":8},{"damage":0,"enemies":"Cultist","floor":10,"turns":4},{"damage":9,"enemies":"Blue Slaver","floor":13,"turns":3},{"damage":2,"enemies":"2 Fungi Beasts","floor":15,"turns":3},{"damage":0,"enemies":"Looter","floor":16,"turns":3},{"damage":388,"enemies":"Hexaghost","floor":18,"turns":13},{"damage":33,"enemies":"Spheric Guardian","floor":20,"turns":8},{"damage":32,"enemies":"3 Byrds","floor":21,"turns":6},{"damage":113,"enemies":"Gremlin Leader","floor":25,"turns":17},{"damage":0,"enemies":"Shelled Parasite and Fungi","floor":30,"turns":6},{"damage":0,"enemies":"Snake Plant","floor":31,"turns":6},{"damage":48,"enemies":"Slavers","floor":32,"turns":13},{"damage":6,"enemies":"Champ","floor":35,"turns":10},{"damage":13,"enemies":"3 Darklings","floor":37,"turns":7},{"damage":62,"enemies":"3 Shapes","floor":40,"turns":4},{"damage":0,"enemies":"Writhing Mass","floor":41,"turns":2}],"seed_played":"1421627088825032067","potions_obtained":[{"floor":16,"key":"Weak Potion"},{"floor":30,"key":"BloodPotion"},{"floor":32,"key":"HeartOfIron"},{"floor":36,"key":"Fruit Juice"}],"is_trial":false,"path_per_floor":["M","$","?","M","?","PTL","PTL","R","E","M","T","?","M","R","M","M","R","B",null,"M","M","$","?","?","E","?","?","T","R","M","M","E","?","R","B",null,"M","$","?","M","M"],"character_chosen":"IRONCLAD","items_purchased":["Toolbox","Pantograph","Paper Frog","HandDrill","Happy Flower","Armaments","Art of War","Golden Egg","ReplayTheSpireMod:ShopPack"],"campfire_rested":0,"item_purchase_floors":[2,2,2,22,22,22,38,38,38],"current_hp_per_floor":[1000,1000,989,995,995,995,995,995,986,992,992,992,989,989,993,999,999,628,1010,983,957,957,505,353,303,303,303,303,303,328,353,344,344,261,317,368,362,368,322,346,346,346],"gold":9303,"neow_bonus":"RANDOM_EVENT","is_daily":false,"chose_seed":false,"campfire_upgraded":3,"win_rate":0.0,"timestamp":1609729031,"path_taken":["M","$","?","M","?","PTL","PTL","R","E","M","T","?","M","R","M","M","R","BOSS","M","M","$","?","?","E","?","?","T","R","M","M","E","?","R","BOSS","M","$","?","M","M"],"items_purchased_type":["Relic","Relic","Relic","Relic","Relic","Card","Relic","Relic","Relic"],"build_version":"2020-12-22","purchased_purges":0,"victory":false,"max_hp_per_floor":[1000,1000,1000,1000,1000,1000,1000,1000,1010,1010,1010,1010,1010,1010,1010,1010,1010,1010,1010,1010,1010,1010,505,353,353,353,353,353,353,353,353,353,353,358,358,368,368,368,368,368,368,368],"card_choices":[{"not_picked":["Run Through","Shrug It Off"],"picked":"Metallicize","floor":1},{"not_picked":["Dual Wield","Clash","Warcry"],"picked":"SKIP","floor":4},{"not_picked":["Wild Strike","Eclipse"],"picked":"Entrench","floor":9},{"not_picked":["Headbutt","Blood for Blood","Carnage"],"picked":"SKIP","floor":10},{"not_picked":["Cleave","Anger","Entrench"],"picked":"SKIP","floor":13},{"not_picked":["Anger","hubris:ReadiedAction","Thunderclap"],"picked":"SKIP","floor":15},{"not_picked":["Armaments","Power Through","Thunderclap"],"picked":"SKIP","floor":16},{"not_picked":["Demonic Infusion","Hemogenesis"],"picked":"Berserk","floor":18},{"not_picked":["Burning Pact","hubris:ReadiedAction","True Grit"],"picked":"SKIP","floor":20},{"not_picked":["Thunderclap","Rupture+1","Perfected Strike+1"],"picked":"SKIP","floor":21},{"not_picked":["Perfected Strike+1","Armaments","hubris:ReadiedAction"],"picked":"SKIP","floor":25},{"not_picked":["Bludgeon","Cleave"],"picked":"Shrug It Off","floor":30},{"not_picked":["Rupture+1","Clash","Seeing Red+1"],"picked":"SKIP","floor":31},{"not_picked":["Perfected Strike","Corruption"],"picked":"ReplayTheSpireMod:Corrosion Curse","floor":32},{"not_picked":["Armaments","Combust+1"],"picked":"Whirlwind","floor":37},{"not_picked":["Master of Strategy","Violence"],"picked":"The Bomb","floor":38},{"not_picked":["Jack Of All Trades","Mind Blast"],"picked":"Transmutation","floor":38},{"not_picked":["Replay:Many Hands","Entrench+1","ReplayTheSpireMod:Strike From Hell"],"picked":"SKIP","floor":40}],"player_experience":151983,"relics_obtained":[{"floor":9,"key":"Pear"},{"floor":25,"key":"MealTicket"},{"floor":28,"key":"War Paint"},{"floor":32,"key":"StoneCalendar"}],"event_choices":[{"damage_healed":0,"gold_gain":0,"player_choice":"Grow","damage_taken":0,"max_hp_gain":0,"max_hp_loss":0,"event_name":"Living Wall","floor":0,"gold_loss":0,"cards_upgraded":["Defend_R"]},{"damage_healed":0,"gold_gain":75,"player_choice":"Gather Gold","damage_taken":11,"max_hp_gain":0,"max_hp_loss":0,"event_name":"World of Goop","floor":3,"gold_loss":0},{"damage_healed":0,"gold_gain":175,"player_choice":"AGREE","damage_taken":0,"max_hp_gain":0,"max_hp_loss":0,"event_name":"Liars Game","floor":5,"gold_loss":0,"cards_obtained":["Doubt"]},{"cards_removed":["Doubt"],"damage_healed":0,"gold_gain":0,"player_choice":"Took Card","damage_taken":0,"max_hp_gain":0,"max_hp_loss":0,"event_name":"NoteForYourself","floor":12,"gold_loss":0,"cards_obtained":["Terror"]},{"damage_healed":0,"gold_gain":0,"player_choice":"Became a Ghost","damage_taken":0,"max_hp_gain":0,"max_hp_loss":505,"event_name":"Ghosts","floor":23,"gold_loss":0,"cards_obtained":["Ghostly","Ghostly","Ghostly","Ghostly","Ghostly"]},{"damage_healed":0,"gold_gain":0,"player_choice":"Became a vampire","damage_taken":0,"max_hp_gain":0,"max_hp_loss":152,"event_name":"Vampires","floor":24,"gold_loss":0,"cards_obtained":["Bite","Bite","Bite","Bite","Bite"]},{"damage_healed":0,"gold_gain":0,"player_choice":"Read","damage_taken":0,"max_hp_gain":0,"max_hp_loss":0,"event_name":"The Library","floor":33,"gold_loss":0,"cards_obtained":["Ghostly Armor"]},{"damage_healed":0,"gold_gain":0,"player_choice":"Shed Blood","damage_taken":88,"max_hp_gain":5,"max_hp_loss":0,"event_name":"Forgotten Altar","floor":34,"gold_loss":0},{"damage_healed":0,"gold_gain":0,"player_choice":"Embrace Madness","damage_taken":46,"max_hp_gain":0,"max_hp_loss":0,"event_name":"Winding Halls","floor":39,"gold_loss":0,"cards_obtained":["Madness","Madness"]}],"is_beta":false,"boss_relics":[{"not_picked":["Runic Cube","hubris:CrackedHourglass"],"picked":"SlaversCollar"},{"not_picked":["Empty Cage","Sozu"],"picked":"Tiny House"}],"items_purged_floors":[],"is_endless":false,"potions_floor_spawned":[1,16,18,25,30,32],"killed_by":"Writhing Mass","ascension_level":0}}