{"host":"kg61lsvem4dxoat8","time":1609768109,"event":{"mods":["BaseMod","Colored Powertips","Minty Spire (QoL Compilation)","Rare Cards Sparkle","Relic Stats"],"gold_per_floor":[110,185,360,41,41,41,41,41,41,41,87,99,131,143,155,262,274,302,326,353,365,390,402,428,451,463,494,506,532,564,241,241,341,341,356,408,424,424,424,424,424,16,90,90,90,90,90],"floor_reached":46,"playtime":1528,"items_purged":["Doubt","Defend_P"],"score":491,"play_id":"61fd8c16-ccff-4a0a-98ff-b9382e66b1e3","local_time":"20210104214828","is_ascension_mode":false,"campfire_choices":[{"data":"Eruption","floor":6,"key":"SMITH"},{"data":"FlurryOfBlows","floor":8,"key":"SMITH"},{"data":"Vigilance","floor":12,"key":"SMITH"},{"data":"Halt","floor":15,"key":"SMITH"},{"floor":23,"key":"REST"},{"data":"Bite","floor":32,"key":"SMITH"},{"floor":41,"key":"REST"},{"floor":44,"key":"DIG"}],"circlet_count":0,"master_deck":["Defend_P","Defend_P","Defend_P","Eruption+1","Vigilance+1","FlurryOfBlows+1","Halt+1","DeusExMachina","ClearTheMind+1","Tantrum+1","EmptyFist+1","Bite+1","Bite","Bite","Bite","EmptyFist+1","Bandage Up+1","SpiritShield","Wallop+1"],"relics":["Black Star","Bronze Scales","Sundial","Yang","MawBank","Blue Candle","Pantograph","Sozu","Mummified Hand","Regal Pillow","VioletLotus","Shovel","Singing Bowl","ClockworkSouvenir","Eternal Feather","War Paint"],"acts_visited":["Exordium","TheCity","TheBeyond"],"potions_floor_usage":[11,16],"damage_taken":[{"damage":3,"enemies":"Jaw Worm","floor":1,"turns":3},{"damage":15,"enemies":"3 Sentries","floor":11,"turns":6},{"damage":0,"enemies":"2 Louse","floor":13,"turns":2},{"damage":16,"enemies":"The Guardian","floor":16,"turns":13},{"damage":6,"enemies":"Spheric Guardian","floor":18,"turns":3},{"damage":4,"enemies":"2 Thieves","floor":19,"turns":4},{"damage":21,"enemies":"Cultist and Chosen","floor":20,"turns":10},{"damage":3,"enemies":"Snake Plant","floor":22,"turns":5},{"damage":50,"enemies":"Centurion and Healer","floor":24,"turns":11},{"damage":1,"enemies":"3 Cultists","floor":25,"turns":7},{"damage":0,"enemies":"Chosen and Byrds","floor":27,"turns":3},{"damage":0,"enemies":"Cultist and Chosen","floor":29,"turns":4},{"damage":6,"enemies":"Snake Plant","floor":30,"turns":2},{"damage":46,"enemies":"Automaton","floor":33,"turns":8},{"damage":0,"enemies":"Orb Walker","floor":35,"turns":3},{"damage":61,"enemies":"2 Orb Walkers","floor":36,"turns":5},{"damage":12,"enemies":"3 Darklings","floor":37,"turns":7},{"damage":55,"enemies":"4 Shapes","floor":46,"turns":3}],"seed_played":"6008668049133694895","potions_obtained":[{"floor":1,"key":"StancePotion"},{"floor":13,"key":"LiquidBronze"}],"is_trial":false,"path_per_floor":["M","?","?","$","?","R","T","R","T","?","E","R","M","$","R","B",null,"M","M","M","?","M","R","M","M","T","M","?","M","M","$","R","B",null,"M","?","M","?","$","?","R","$","T","R","$","M"],"character_chosen":"WATCHER","items_purchased":["Bronze Scales","FlurryOfBlows","Explosive Potion","Bandage Up","Regal Pillow","Singing Bowl","ClockworkSouvenir"],"campfire_rested":2,"item_purchase_floors":[4,4,4,31,31,42,42],"current_hp_per_floor":[69,58,58,58,63,63,63,63,63,63,48,48,48,48,48,57,77,71,67,46,46,43,66,16,15,15,15,15,21,21,21,21,22,53,53,5,19,19,19,19,49,49,49,50,50,0,0],"gold":90,"neow_bonus":"BOSS_RELIC","is_daily":false,"chose_seed":false,"campfire_upgraded":5,"win_rate":0.0,"timestamp":1609768108,"path_taken":["M","?","?","$","?","R","?","R","T","?","E","R","?","?","R","BOSS","M","?","M","?","?","R","M","M","T","M","?","M","M","$","R","BOSS","M","?","M","?","?","?","R","$","T","R","$","M"],"items_purchased_type":["Relic","Card","Potion","Card","Relic","Relic","Relic"],"build_version":"2020-12-22","purchased_purges":2,"victory":false,"max_hp_per_floor":[72,72,72,72,77,77,77,77,77,77,77,77,77,77,77,77,77,77,77,77,77,77,77,77,77,77,77,53,53,53,53,53,53,53,53,53,53,53,53,50,50,50,50,50,50,50,50],"relic_stats":{"Regal Pillow":15,"Singing Bowl":0,"counters":[18,99],"Blue Candle":[0],"Yang":[254],"Eternal Feather":1,"War Paint":["Bandage Up","ClearTheMind"],"MawBank":252,"Sozu":4,"Shovel":1,"Sundial":[18],"Mummified Hand":[0],"Bronze Scales":[298],"Pantograph":50,"VioletLotus":[5],"Black Star":1,"obtain_stats":[{"Regal Pillow":31,"Singing Bowl":42,"Blue Candle":11,"Yang":9,"Eternal Feather":43,"War Paint":44,"MawBank":10,"ClockworkSouvenir":42,"Sozu":17,"Shovel":36,"Sundial":7,"Mummified Hand":26,"Bronze Scales":4,"Pantograph":11,"VioletLotus":34,"Black Star":0,"PureWater":0},{"Regal Pillow":13,"Singing Bowl":17,"Blue Candle":2,"Yang":1,"Eternal Feather":17,"War Paint":17,"MawBank":1,"ClockworkSouvenir":17,"Sozu":4,"Shovel":16,"Sundial":1,"Mummified Hand":10,"Bronze Scales":1,"Pantograph":2,"VioletLotus":14,"Black Star":0,"PureWater":0},{"Regal Pillow":73,"Singing Bowl":96,"Blue Candle":9,"Yang":3,"Eternal Feather":96,"War Paint":96,"MawBank":3,"ClockworkSouvenir":96,"Sozu":24,"Shovel":89,"Sundial":3,"Mummified Hand":64,"Bronze Scales":3,"Pantograph":9,"VioletLotus":81,"Black Star":0,"PureWater":0}]},"card_choices":[{"not_picked":["Pray","ClearTheMind","Consecrate"],"picked":"SKIP","floor":1},{"not_picked":["WaveOfTheHand","Evaluate","FollowUp"],"picked":"SKIP","floor":11},{"not_picked":["SashWhip","WindmillStrike"],"picked":"Halt","floor":13},{"not_picked":["Alpha","ConjureBlade"],"picked":"DeusExMachina","floor":16},{"not_picked":["FollowUp+1","Consecrate","BowlingBash"],"picked":"SKIP","floor":18},{"not_picked":["CrushJoints","Prostrate+1"],"picked":"ClearTheMind","floor":19},{"not_picked":["WaveOfTheHand","Adaptation+1","SashWhip"],"picked":"SKIP","floor":20},{"not_picked":["Pray+1","Consecrate","PathToVictory"],"picked":"SKIP","floor":22},{"not_picked":["SashWhip+1","LikeWater","Wireheading"],"picked":"SKIP","floor":24},{"not_picked":["CutThroughFate","SashWhip+1"],"picked":"Tantrum+1","floor":25},{"not_picked":["SpiritShield","Nirvana"],"picked":"EmptyFist+1","floor":27},{"not_picked":["FlyingSleeves","CrushJoints","WreathOfFlame"],"picked":"SKIP","floor":29},{"not_picked":["WreathOfFlame+1","CarveReality"],"picked":"EmptyFist+1","floor":30},{"not_picked":["DeusExMachina","Omniscience"],"picked":"SpiritShield","floor":33},{"not_picked":["JustLucky","Halt","Protect+1"],"picked":"SKIP","floor":35},{"not_picked":["WreathOfFlame","Protect+1"],"picked":"Wallop+1","floor":37}],"player_experience":1292436,"relics_obtained":[{"floor":7,"key":"Sundial"},{"floor":9,"key":"Yang"},{"floor":11,"key":"Blue Candle"},{"floor":11,"key":"Pantograph"},{"floor":26,"key":"Mummified Hand"},{"floor":36,"key":"Shovel"},{"floor":43,"key":"Eternal Feather"},{"floor":44,"key":"War Paint"}],"event_choices":[{"damage_healed":0,"gold_gain":75,"player_choice":"Gather Gold","damage_taken":11,"max_hp_gain":0,"max_hp_loss":0,"event_name":"World of Goop","floor":2,"gold_loss":0},{"damage_healed":0,"gold_gain":175,"player_choice":"AGREE","damage_taken":0,"max_hp_gain":0,"max_hp_loss":0,"event_name":"Liars Game","floor":3,"gold_loss":0,"cards_obtained":["Doubt"]},{"damage_healed":0,"gold_gain":0,"player_choice":"Donut","damage_taken":0,"max_hp_gain":5,"max_hp_loss":0,"event_name":"Big Fish","floor":5,"gold_loss":0},{"damage_healed":0,"gold_gain":0,"player_choice":"Gave Potion","damage_taken":0,"relics_obtained":["MawBank"],"max_hp_gain":0,"max_hp_loss":0,"event_name":"WeMeetAgain","floor":10,"gold_loss":0},{"damage_healed":0,"gold_gain":0,"player_choice":"Ignored","damage_taken":0,"max_hp_gain":0,"max_hp_loss":0,"event_name":"NoteForYourself","floor":21,"gold_loss":0},{"damage_healed":0,"gold_gain":0,"player_choice":"Became a vampire","damage_taken":0,"max_hp_gain":0,"max_hp_loss":24,"event_name":"Vampires","floor":28,"gold_loss":0,"cards_obtained":["Bite","Bite","Bite","Bite","Bite"]},{"damage_healed":0,"gold_gain":0,"player_choice":"Fight","damage_taken":0,"max_hp_gain":0,"max_hp_loss":0,"event_name":"Mysterious Sphere","floor":36,"gold_loss":0},{"cards_removed":["Bite"],"damage_healed":0,"gold_gain":0,"player_choice":"Removed Attack","damage_taken":0,"max_hp_gain":0,"max_hp_loss":0,"event_name":"Falling","floor":38,"gold_loss":0},{"damage_healed":0,"gold_gain":0,"player_choice":"Max HP","damage_taken":0,"max_hp_gain":0,"max_hp_loss":3,"event_name":"Winding Halls","floor":40,"gold_loss":0}],"is_beta":false,"boss_relics":[{"not_picked":["Pandora\u0027s Box","Runic Dome"],"picked":"Sozu"},{"not_picked":["Runic Pyramid","Snecko Eye"],"picked":"VioletLotus"}],"items_purged_floors":[4,31],"is_endless":false,"potions_floor_spawned":[1,13,20,24,27,37],"killed_by":"4 Shapes","ascension_level":0}}