{"host":"vuriy6uyozwp3u0s","time":1609753067,"event":{"mods":["BaseMod","BetterRewards","Hermit","Minty Spire (QoL Compilation)","Permanent Neow","Quick Restart","StSLib","The Wild Card"],"gold_per_floor":[115,115,290,172,189,216,216,216,216,229,229,96,108,122,122,226,226,240,240,259,270,285,285,295,295,295],"floor_reached":25,"playtime":2395,"items_purged":[],"score":205,"play_id":"37d1fcac-94dd-4a26-b0a8-a8c3418ee33a","local_time":"20210104183747","is_ascension_mode":false,"campfire_choices":[{"floor":7,"key":"REST"},{"floor":15,"key":"REST"},{"floor":23,"key":"REST"}],"circlet_count":0,"master_deck":["hermit:Strike_Hermit","hermit:Strike_Hermit","hermit:Strike_Hermit+1","hermit:Strike_Hermit","hermit:Defend_Hermit","hermit:Defend_Hermit+1","hermit:Defend_Hermit+1","hermit:Defend_Hermit","hermit:Covet","hermit:BlackWind","hermit:Ricochet","Doubt","hermit:Grudge","hermit:Deadeye+1","hermit:Midnight","hermit:Spite","hermit:TrackingShot","Swift Strike","hermit:ItchyTrigger","hermit:Glare","hermit:Desperado","hermit:FinalCanter","hermit:Manifest","Swift Strike","hermit:Scavenge","hermit:NoHoldsBarred","hermit:Glare","hermit:LowProfile"],"relics":["hermit:Momento","War Paint","Kunai","Potion Belt","Anchor","Velvet Choker"],"acts_visited":["Exordium","TheCity"],"potions_floor_usage":[16,16,16,16],"damage_taken":[{"damage":5,"enemies":"Small Slimes","floor":1,"turns":4},{"damage":0,"enemies":"2 Louse","floor":5,"turns":3},{"damage":36,"enemies":"Gremlin Nob","floor":6,"turns":5},{"damage":1,"enemies":"Jaw Worm","floor":10,"turns":2},{"damage":15,"enemies":"Gremlin Gang","floor":13,"turns":3},{"damage":0,"enemies":"Looter","floor":14,"turns":1},{"damage":19,"enemies":"Hexaghost","floor":16,"turns":6},{"damage":0,"enemies":"Spheric Guardian","floor":18,"turns":3},{"damage":5,"enemies":"Chosen","floor":20,"turns":6},{"damage":23,"enemies":"Snecko","floor":21,"turns":7},{"damage":22,"enemies":"Centurion and Healer","floor":22,"turns":4},{"damage":34,"enemies":"Snake Plant","floor":24,"turns":4},{"damage":19,"enemies":"Shelled Parasite and Fungi","floor":25,"turns":2}],"seed_played":"-4582524671210497191","potions_obtained":[{"floor":5,"key":"Strength Potion"},{"floor":6,"key":"FearPotion"},{"floor":13,"key":"Weak Potion"},{"floor":14,"key":"ColorlessPotion"},{"floor":20,"key":"LiquidMemories"}],"is_trial":false,"path_per_floor":["M","?","?","$","M","E","R","T","T","M","?","$","M","M","R","B",null,"M","?","M","M","M","R","M","M"],"character_chosen":"HERMIT","items_purchased":["hermit:Grudge","hermit:Deadeye","Swift Strike","hermit:ItchyTrigger"],"campfire_rested":3,"item_purchase_floors":[4,4,12,12],"current_hp_per_floor":[70,63,63,63,63,27,49,49,49,48,33,33,18,18,40,21,75,75,75,70,47,25,47,13,0,0],"gold":295,"neow_bonus":"TRANSFORM_CARD","is_daily":false,"chose_seed":false,"campfire_upgraded":0,"win_rate":0.0,"timestamp":1609753067,"path_taken":["M","?","?","$","M","E","R","?","T","?","?","$","M","M","R","BOSS","M","?","M","M","M","R","?","M"],"items_purchased_type":["Card","Card","Card","Card"],"build_version":"2020-12-22","purchased_purges":0,"victory":false,"max_hp_per_floor":[75,75,75,75,75,75,75,75,75,75,75,75,75,75,75,75,75,75,75,75,75,75,75,75,75,75],"card_choices":[{"not_picked":["hermit:BodyArmor","hermit:Roulette"],"picked":"hermit:Ricochet","floor":1},{"not_picked":["hermit:Snipe","hermit:GhostlyPresence"],"picked":"hermit:Midnight","floor":5},{"not_picked":["hermit:Maintenance","hermit:GoldenBullet"],"picked":"hermit:Spite","floor":6},{"not_picked":["hermit:Grudge","hermit:Coalescence"],"picked":"hermit:TrackingShot","floor":10},{"not_picked":["hermit:EyeOfTheStorm","hermit:Feint"],"picked":"hermit:Glare","floor":13},{"not_picked":["hermit:SprayPray","hermit:FromBeyond"],"picked":"hermit:Desperado","floor":14},{"not_picked":["hermit:Roughhouse","hermit:RoundhouseKick"],"picked":"hermit:FinalCanter","floor":16},{"not_picked":["hermit:Coalescence","hermit:Feint"],"picked":"hermit:Manifest","floor":18},{"not_picked":["hermit:Maintenance","hermit:Grudge"],"picked":"hermit:Scavenge","floor":20},{"not_picked":["hermit:Snipe","hermit:Horror"],"picked":"hermit:NoHoldsBarred","floor":21},{"not_picked":["hermit:Grudge+1","hermit:Scavenge"],"picked":"hermit:Glare","floor":22},{"not_picked":["hermit:GhostlyPresence+1","hermit:Enervate"],"picked":"hermit:LowProfile","floor":24}],"player_experience":58074,"relics_obtained":[{"floor":6,"key":"Kunai"},{"floor":8,"key":"Potion Belt"},{"floor":9,"key":"Anchor"}],"event_choices":[{"damage_healed":0,"gold_gain":0,"player_choice":"Success","damage_taken":7,"relics_obtained":["War Paint"],"max_hp_gain":0,"max_hp_loss":0,"event_name":"Scrap Ooze","floor":2,"gold_loss":0},{"damage_healed":0,"gold_gain":175,"player_choice":"AGREE","damage_taken":0,"max_hp_gain":0,"max_hp_loss":0,"event_name":"Liars Game","floor":3,"gold_loss":0,"cards_obtained":["Doubt"]},{"damage_healed":0,"gold_gain":0,"player_choice":"Entered Light","damage_taken":15,"max_hp_gain":0,"max_hp_loss":0,"event_name":"Shining Light","floor":11,"gold_loss":0,"cards_upgraded":["hermit:Deadeye","hermit:Strike_Hermit"]},{"damage_healed":0,"gold_gain":0,"player_choice":"Copied","damage_taken":0,"max_hp_gain":0,"max_hp_loss":0,"event_name":"Duplicator","floor":19,"gold_loss":0,"cards_obtained":["Swift Strike"]}],"is_beta":false,"boss_relics":[{"not_picked":["hermit:DentedPlate","SacredBark"],"picked":"Velvet Choker"}],"items_purged_floors":[],"is_endless":false,"potions_floor_spawned":[5,6,13,14,20],"killed_by":"Shelled Parasite and Fungi","ascension_level":0}}