{"host":"9v3x998ddbx8o276","time":1609741677,"event":{"mods":["AchievementEnabler","BaseMod","Colored Map","Colored Powertips","Highlight Path","Minty Spire (QoL Compilation)","Quick Restart","Rare Cards Sparkle"],"gold_per_floor":[111,111,126,126,42,69,69,69,96,96,129,159,159,3,3,81,81,91,91,6,24,42,42,74,91,91,161,188,22,42,53,53,130,130,140,140,1,1,0,0,18,43,43,43,43,61,61,78,78,78,78,78],"floor_reached":51,"playtime":1958,"items_purged":["Decay","Strike_B"],"score":1307,"play_id":"4d148bfe-cc36-4f82-9b42-03d318789fcf","local_time":"20210104165757","is_ascension_mode":true,"campfire_choices":[{"floor":8,"key":"REST"},{"data":"Sweeping Beam","floor":10,"key":"SMITH"},{"floor":13,"key":"REST"},{"data":"Lockon","floor":15,"key":"SMITH"},{"floor":23,"key":"REST"},{"floor":32,"key":"REST"},{"floor":40,"key":"REST"},{"floor":44,"key":"RECALL"},{"data":"Apotheosis","floor":47,"key":"SMITH"},{"floor":49,"key":"REST"}],"circlet_count":0,"master_deck":["AscendersBane","Strike_B","Strike_B","Strike_B+1","Defend_B+1","Defend_B","Defend_B","Defend_B","Zap","Dualcast","Sweeping Beam+1","Redo","Gash","Ball Lightning","Coolheaded","Lockon+1","Buffer+1","Biased Cognition+1","Ball Lightning","Redo+1","Glacier","Static Discharge+1","Glacier","Capacitor+1","Self Repair+1","Turbo","Creative AI+1","Apotheosis+1","Reinforced Body"],"relics":["Cracked Core","Regal Pillow","HornCleat","Frozen Egg 2","Anchor","Strawberry","Odd Mushroom","Nuclear Battery","Pen Nib","Question Card","Singing Bowl","Symbiotic Virus","Bird Faced Urn","Velvet Choker","Red Mask","Calipers"],"acts_visited":["Exordium","TheCity","TheBeyond"],"potions_floor_usage":[16,21,28,33,45],"damage_taken":[{"damage":2,"enemies":"2 Louse","floor":1,"turns":3},{"damage":5,"enemies":"Small Slimes","floor":3,"turns":2},{"damage":24,"enemies":"Gremlin Nob","floor":6,"turns":4},{"damage":13,"enemies":"3 Sentries","floor":11,"turns":6},{"damage":6,"enemies":"The Mushroom Lair","floor":12,"turns":3},{"damage":39,"enemies":"The Guardian","floor":16,"turns":11},{"damage":6,"enemies":"Shell Parasite","floor":18,"turns":3},{"damage":0,"enemies":"Spheric Guardian","floor":21,"turns":4},{"damage":7,"enemies":"Snecko","floor":22,"turns":4},{"damage":56,"enemies":"Book of Stabbing","floor":24,"turns":5},{"damage":0,"enemies":"3 Cultists","floor":25,"turns":5},{"damage":26,"enemies":"Slavers","floor":28,"turns":4},{"damage":0,"enemies":"Centurion and Healer","floor":30,"turns":5},{"damage":0,"enemies":"Cultist and Chosen","floor":31,"turns":8},{"damage":89,"enemies":"Collector","floor":33,"turns":11},{"damage":34,"enemies":"3 Shapes","floor":35,"turns":5},{"damage":24,"enemies":"Orb Walker","floor":41,"turns":5},{"damage":0,"enemies":"Mind Bloom Boss Battle","floor":42,"turns":10},{"damage":13,"enemies":"Transient","floor":45,"turns":4},{"damage":13,"enemies":"3 Darklings","floor":46,"turns":7},{"damage":48,"enemies":"Sphere and 2 Shapes","floor":48,"turns":5},{"damage":89,"enemies":"Time Eater","floor":50,"turns":19},{"damage":80,"enemies":"Awakened One","floor":51,"turns":4}],"seed_played":"-6807626876651948153","potions_obtained":[{"floor":18,"key":"GamblersBrew"},{"floor":25,"key":"PotionOfCapacity"},{"floor":28,"key":"EssenceOfSteel"},{"floor":35,"key":"SmokeBomb"}],"is_trial":false,"path_per_floor":["M","?","M","?","$","E","?","R","T","R","E","?","R","$","R","B",null,"M","?","?","M","M","R","E","M","T","T","E","$","M","M","R","B",null,"M","?","$","?","?","R","M","?","T","R","M","M","R","M","R","B","B"],"character_chosen":"DEFECT","items_purchased":["Gash","Strength Potion","Buffer+1","Self Repair+1","Turbo","Reinforced Body"],"campfire_rested":6,"item_purchase_floors":[5,5,14,29,29,37],"current_hp_per_floor":[62,41,36,25,25,1,6,43,43,43,37,31,70,70,70,31,70,64,64,64,64,57,83,27,27,27,27,1,1,21,43,84,13,69,55,55,55,55,55,89,83,93,93,93,82,91,91,67,97,64,0,0],"gold":78,"neow_bonus":"RANDOM_COMMON_RELIC","is_daily":false,"chose_seed":false,"campfire_upgraded":3,"win_rate":0.0,"timestamp":1609741677,"path_taken":["M","?","M","?","$","E","?","R","T","R","E","?","R","$","R","BOSS","M","?","?","M","?","R","E","M","T","?","E","$","M","M","R","BOSS","M","?","$","?","?","R","M","?","T","R","M","M","R","M","R","BOSS","BOSS"],"items_purchased_type":["Card","Potion","Card","Card","Card","Card"],"build_version":"2020-12-22","purchased_purges":2,"victory":false,"max_hp_per_floor":[71,71,71,71,71,71,76,76,76,76,83,83,83,83,83,83,83,83,83,83,83,83,83,83,83,83,83,83,83,85,87,87,87,87,89,89,89,89,89,89,91,93,93,93,93,95,95,97,97,97,97,97],"card_choices":[{"not_picked":["Darkness","Hello World"],"picked":"Sweeping Beam","floor":1},{"not_picked":["Compile Driver","Steam Power"],"picked":"Redo","floor":3},{"not_picked":["Darkness","FTL"],"picked":"Ball Lightning","floor":6},{"not_picked":["Heatsinks+1","Tempest"],"picked":"Coolheaded","floor":11},{"not_picked":["Steam","Aggregate"],"picked":"Lockon","floor":12},{"not_picked":["Seek","Electrodynamics+1"],"picked":"Biased Cognition+1","floor":16},{"not_picked":["Stack","Cold Snap"],"picked":"Ball Lightning","floor":18},{"not_picked":["Hologram","Darkness"],"picked":"Redo+1","floor":21},{"not_picked":["Hologram","Steam"],"picked":"Glacier","floor":22},{"not_picked":["Glacier","Sweeping Beam"],"picked":"Static Discharge+1","floor":24},{"not_picked":["Scrape","Hello World+1","Stack"],"picked":"Glacier","floor":25},{"not_picked":["Rebound","Gash","Aggregate"],"picked":"Capacitor+1","floor":28},{"not_picked":["Cold Snap","Thunder Strike","Redo","Reprogram"],"picked":"Singing Bowl","floor":30},{"not_picked":["Gash","Go for the Eyes","Redo","Coolheaded"],"picked":"Singing Bowl","floor":31},{"not_picked":["Meteor Strike","Reboot","Thunder Strike"],"picked":"Creative AI+1","floor":33},{"not_picked":["Turbo","Static Discharge+1","Blizzard","Hologram"],"picked":"Singing Bowl","floor":35},{"not_picked":["Mind Blast","Madness","Bandage Up"],"picked":"Apotheosis","floor":36},{"not_picked":["Gash","BootSequence+1","Turbo","Hologram"],"picked":"Singing Bowl","floor":41},{"not_picked":["Scrape","Chaos+1","Compile Driver","Leap"],"picked":"Singing Bowl","floor":42},{"not_picked":["White Noise","Go for the Eyes+1","Streamline","Hologram"],"picked":"Singing Bowl","floor":46},{"not_picked":["Cold Snap+1","Darkness","Beam Cell","Hello World+1"],"picked":"Singing Bowl","floor":48}],"player_experience":2082988,"relics_obtained":[{"floor":6,"key":"Frozen Egg 2"},{"floor":9,"key":"Anchor"},{"floor":11,"key":"Strawberry"},{"floor":12,"key":"Odd Mushroom"},{"floor":24,"key":"Question Card"},{"floor":26,"key":"Singing Bowl"},{"floor":27,"key":"Symbiotic Virus"},{"floor":28,"key":"Bird Faced Urn"},{"floor":42,"key":"Calipers"}],"event_choices":[{"damage_healed":0,"gold_gain":0,"player_choice":"Entered Light","damage_taken":21,"max_hp_gain":0,"max_hp_loss":0,"event_name":"Shining Light","floor":2,"gold_loss":0,"cards_upgraded":["Strike_B","Defend_B"]},{"damage_healed":0,"gold_gain":0,"player_choice":"Success","damage_taken":11,"relics_obtained":["HornCleat"],"max_hp_gain":0,"max_hp_loss":0,"event_name":"Scrap Ooze","floor":4,"gold_loss":0},{"damage_healed":0,"gold_gain":0,"player_choice":"Donut","damage_taken":0,"max_hp_gain":5,"max_hp_loss":0,"event_name":"Big Fish","floor":7,"gold_loss":0},{"damage_healed":0,"gold_gain":0,"player_choice":"Fought Mushrooms","damage_taken":0,"max_hp_gain":0,"max_hp_loss":0,"event_name":"Mushrooms","floor":12,"gold_loss":0},{"damage_healed":0,"gold_gain":0,"player_choice":"Smashed Altar","damage_taken":0,"max_hp_gain":0,"max_hp_loss":0,"event_name":"Forgotten Altar","floor":19,"gold_loss":0,"cards_obtained":["Decay"]},{"damage_healed":0,"gold_gain":0,"player_choice":"Obtained Relic","damage_taken":0,"relics_obtained":["Pen Nib"],"max_hp_gain":0,"max_hp_loss":0,"event_name":"Addict","floor":20,"gold_loss":85},{"damage_healed":0,"gold_gain":0,"player_choice":"Memory 1","damage_taken":0,"max_hp_gain":0,"max_hp_loss":0,"event_name":"SensoryStone","floor":36,"gold_loss":0},{"damage_healed":0,"gold_gain":0,"player_choice":"Ignored","damage_taken":0,"max_hp_gain":0,"max_hp_loss":0,"event_name":"Mysterious Sphere","floor":38,"gold_loss":0},{"damage_healed":0,"gold_gain":0,"player_choice":"Paid","damage_taken":0,"relics_obtained":["Red Mask"],"max_hp_gain":0,"max_hp_loss":0,"event_name":"Tomb of Lord Red Mask","floor":39,"gold_loss":1},{"damage_healed":0,"gold_gain":0,"player_choice":"Fight","damage_taken":0,"max_hp_gain":0,"max_hp_loss":0,"event_name":"MindBloom","floor":42,"gold_loss":0}],"is_beta":false,"boss_relics":[{"not_picked":["Snecko Eye","Black Star"],"picked":"Nuclear Battery"},{"not_picked":["Coffee Dripper","SacredBark"],"picked":"Velvet Choker"}],"items_purged_floors":[29,37],"is_endless":false,"potions_floor_spawned":[18,25,28,35],"killed_by":"Awakened One","ascension_level":20}}