{"host":"by3dnjj711vo194a","time":1609749369,"event":{"mods":["2.2 Compatiblity","AchievementEnabler","BaseMod","Colored Map","DeckTracker","KOR Keyword Fix","Keyboard Shortcuts","Minty Spire (QoL Compilation)","Permanent Neow","Quick Restart","StSLib","SuperFastMode","everything is the same but u backflip on backflip"],"gold_per_floor":[113,131,141,155,330,330,347,347,370,389,389,389,389,399,399,399,399],"floor_reached":16,"playtime":415,"items_purged":[],"score":148,"play_id":"1b50fed1-e9bb-4af1-bcfc-cd8e9d96f999","local_time":"20210104173609","is_ascension_mode":true,"campfire_choices":[{"data":"Searing Blow","floor":6,"key":"SMITH"},{"floor":12,"key":"REST"},{"data":"Searing Blow+1","floor":15,"key":"SMITH"}],"circlet_count":0,"master_deck":["Strike_R","Strike_R","Strike_R","Strike_R","Strike_R","Defend_R","Defend_R","Defend_R","Defend_R","Bash","Wild Strike","Battle Trance","Searing Blow+2","Doubt","Dual Wield","Clothesline"],"relics":["Burning Blood","Nunchaku","Oddly Smooth Stone","Ornamental Fan"],"acts_visited":["Exordium"],"potions_floor_usage":[8,11,11],"damage_taken":[{"damage":20,"enemies":"Cultist","floor":1,"turns":5},{"damage":7,"enemies":"Jaw Worm","floor":2,"turns":3},{"damage":9,"enemies":"2 Louse","floor":3,"turns":2},{"damage":11,"enemies":"Blue Slaver","floor":4,"turns":3},{"damage":23,"enemies":"Lots of Slimes","floor":7,"turns":5},{"damage":20,"enemies":"Lagavulin","floor":8,"turns":5},{"damage":4,"enemies":"3 Louse","floor":10,"turns":3},{"damage":10,"enemies":"Gremlin Gang","floor":11,"turns":3},{"damage":9,"enemies":"Looter","floor":14,"turns":3},{"damage":36,"enemies":"Hexaghost","floor":16,"turns":7}],"seed_played":"-6977577827455795896","potions_obtained":[{"floor":3,"key":"SmokeBomb"},{"floor":7,"key":"SmokeBomb"},{"floor":10,"key":"FearPotion"},{"floor":14,"key":"Explosive Potion"}],"is_trial":false,"path_per_floor":["M","M","M","M","?","R","M","E","T","M","M","R","T","M","R","B"],"character_chosen":"IRONCLAD","items_purchased":[],"campfire_rested":1,"item_purchase_floors":[],"current_hp_per_floor":[58,57,54,49,49,49,32,18,18,20,16,40,40,37,37,1,1],"gold":399,"neow_bonus":"RANDOM_COMMON_RELIC","is_daily":false,"chose_seed":false,"campfire_upgraded":2,"win_rate":0.0,"timestamp":1609749369,"path_taken":["M","M","M","?","?","R","M","E","T","M","M","R","?","?","R","BOSS"],"items_purchased_type":[],"build_version":"2020-12-22","purchased_purges":0,"victory":false,"max_hp_per_floor":[80,80,80,80,80,80,80,80,80,80,80,80,80,80,80,80,80],"card_choices":[{"not_picked":["Twin Strike","Sever Soul"],"picked":"Wild Strike","floor":1},{"not_picked":["Sever Soul","Shrug It Off"],"picked":"Battle Trance","floor":2},{"not_picked":["Twin Strike","Hemokinesis"],"picked":"Searing Blow","floor":3},{"not_picked":["Searing Blow","Twin Strike","Clash"],"picked":"SKIP","floor":4},{"not_picked":["Wild Strike","Shrug It Off"],"picked":"Dual Wield","floor":7},{"not_picked":["Heavy Blade","Twin Strike"],"picked":"Clothesline","floor":10},{"not_picked":["Body Slam","Cleave","Whirlwind"],"picked":"SKIP","floor":14}],"player_experience":149089,"relics_obtained":[{"floor":9,"key":"Oddly Smooth Stone"},{"floor":13,"key":"Ornamental Fan"}],"event_choices":[{"damage_healed":0,"gold_gain":175,"player_choice":"AGREE","damage_taken":0,"max_hp_gain":0,"max_hp_loss":0,"event_name":"Liars Game","floor":5,"gold_loss":0,"cards_obtained":["Doubt"]}],"is_beta":false,"boss_relics":[],"items_purged_floors":[],"is_endless":false,"potions_floor_spawned":[3,7,8,10,14],"killed_by":"Hexaghost","ascension_level":8}}