{"host":"w3q5ijqu8eoknil3","time":1609725885,"event":{"mods":["AchievementEnabler","BaseMod","Block Reminder","Colored Powertips","Minty Spire (QoL Compilation)","Quick Restart","Relic Stats","ojb\u0027s Better Paths Mod","ojb\u0027s Info Mod","slay the spire mod where everything is the same but ironclad has a cowboy hat"],"gold_per_floor":[164,164,180,180,51,81,81,81,81],"floor_reached":8,"playtime":314,"items_purged":[],"score":97,"play_id":"f51e99f1-536d-4625-8d09-1853bbf0c46f","local_time":"20210104020445","is_ascension_mode":true,"campfire_choices":[{"data":"Bouncing Flask","floor":7,"key":"SMITH"}],"circlet_count":0,"master_deck":["AscendersBane","Strike_G","Strike_G+1","Strike_G","Strike_G","Defend_G","Defend_G","Defend_G","Defend_G","Defend_G","Survivor","Neutralize","Noxious Fumes","Sucker Punch","Distraction","Blade Dance","Backstab","Footwork","Bouncing Flask+1"],"relics":["Tiny House","Anchor"],"acts_visited":["Exordium"],"potions_floor_usage":[8],"damage_taken":[{"damage":6,"enemies":"2 Louse","floor":1,"turns":3},{"damage":4,"enemies":"Jaw Worm","floor":3,"turns":5},{"damage":35,"enemies":"Gremlin Nob","floor":6,"turns":5},{"damage":15,"enemies":"3 Sentries","floor":8,"turns":4}],"seed_played":"8689932580383375516","potions_obtained":[{"floor":0,"key":"CultistPotion"},{"floor":1,"key":"LiquidBronze"}],"is_trial":false,"path_per_floor":["M","?","M","?","$","E","R","E"],"character_chosen":"THE_SILENT","items_purchased":["Backstab","Footwork"],"campfire_rested":0,"item_purchase_floors":[5,5],"current_hp_per_floor":[58,58,54,59,59,24,24,9,9],"gold":81,"neow_bonus":"BOSS_RELIC","is_daily":false,"chose_seed":false,"campfire_upgraded":1,"win_rate":0.0,"timestamp":1609725885,"path_taken":["M","?","M","?","$","E","R","E"],"items_purchased_type":["Card","Card"],"build_version":"2020-12-22","purchased_purges":0,"victory":false,"max_hp_per_floor":[71,71,71,76,76,76,76,76,76],"relic_stats":{"counters":[4,17],"obtain_stats":[{"Anchor":6,"Tiny House":0,"Ring of the Snake":0},{"Anchor":3,"Tiny House":0,"Ring of the Snake":0},{"Anchor":13,"Tiny House":0,"Ring of the Snake":0}]},"card_choices":[{"not_picked":["PiercingWail","Backflip"],"picked":"Noxious Fumes","floor":0},{"not_picked":["Slice","Infinite Blades"],"picked":"Sucker Punch","floor":1},{"not_picked":["Distraction","Cloak And Dagger"],"picked":"Blade Dance","floor":3},{"not_picked":["Dodge and Roll","Cloak And Dagger"],"picked":"Bouncing Flask","floor":6}],"player_experience":990936,"relics_obtained":[{"floor":6,"key":"Anchor"}],"event_choices":[{"damage_healed":0,"gold_gain":0,"cards_transformed":["Strike_G"],"player_choice":"Change","damage_taken":0,"max_hp_gain":0,"max_hp_loss":0,"event_name":"Living Wall","floor":2,"gold_loss":0,"cards_obtained":["Distraction"]},{"damage_healed":0,"gold_gain":0,"player_choice":"Donut","damage_taken":0,"max_hp_gain":5,"max_hp_loss":0,"event_name":"Big Fish","floor":4,"gold_loss":0}],"is_beta":false,"boss_relics":[],"items_purged_floors":[],"is_endless":false,"potions_floor_spawned":[1,3],"killed_by":"3 Sentries","ascension_level":16}}