{"host":"t7mx8yfj1no5p62f","time":1609727299,"event":{"mods":["BaseMod","Colored Map","Colored Powertips","Minty Spire (QoL Compilation)","Relic Stats","StSLib"],"gold_per_floor":[109,109,121,194,207,207,222,222,268,298,298,298,329,342,342,417,417,428,490,573,584,634,634,659,659,710,710,774,805,260,279,279,357,357,367,417,101,119,130,130,141,170,170,184,184,217,217,281,281,281,281],"floor_reached":50,"playtime":1783,"items_purged":["Strike_R","Injury"],"score":1129,"play_id":"3ce5eccf-bcc8-4b55-91e5-8c285763fc73","local_time":"20210103212819","is_ascension_mode":true,"campfire_choices":[{"data":"Carnage","floor":6.0,"key":"SMITH"},{"data":"Pommel Strike","floor":8.0,"key":"SMITH"},{"data":"Rage","floor":12,"key":"SMITH"},{"data":"Uppercut","floor":15,"key":"SMITH"},{"data":"Immolate","floor":23,"key":"SMITH"},{"data":"Metallicize","floor":25,"key":"SMITH"},{"data":"Shrug It Off","floor":27,"key":"SMITH"},{"data":"Inflame","floor":32,"key":"SMITH"},{"data":"Shockwave","floor":40,"key":"SMITH"},{"data":"Burning Pact","floor":45,"key":"SMITH"},{"data":"Disarm","floor":47,"key":"SMITH"},{"floor":49,"key":"RECALL"}],"circlet_count":0,"master_deck":["AscendersBane","Strike_R","Strike_R","Defend_R","Defend_R","Defend_R","Defend_R","Bash","Rage+1","Metallicize+1","Pommel Strike+1","Carnage+1","Cleave","Headbutt","Iron Wave","Uppercut+1","Immolate+1","Ghostly Armor","Shrug It Off+1","Inflame+1","Shockwave+1","Offering","Inflame+1","Inflame+1","True Grit+1","Rage","Disarm+1","Burning Pact+1","Battle Trance"],"relics":["Black Blood","Centennial Puzzle","Strawberry","Letter Opener","SsserpentHead","Lantern","Cursed Key","Red Mask","Akabeko","Oddly Smooth Stone","Vajra","ClockworkSouvenir","Bag of Marbles","Dream Catcher","Orichalcum"],"acts_visited":["Exordium","TheCity","TheBeyond"],"potions_floor_usage":[10,16,20,24,33,33,41,50],"damage_taken":[{"damage":10.0,"enemies":"Small Slimes","floor":1.0,"turns":6.0},{"damage":5.0,"enemies":"2 Louse","floor":3.0,"turns":3.0},{"damage":0.0,"enemies":"Cultist","floor":5.0,"turns":3.0},{"damage":5.0,"enemies":"Exordium Wildlife","floor":7.0,"turns":3.0},{"damage":2,"enemies":"Gremlin Nob","floor":10,"turns":3},{"damage":19,"enemies":"Lagavulin","floor":13,"turns":5},{"damage":3,"enemies":"Looter","floor":14,"turns":3},{"damage":43,"enemies":"The Guardian","floor":16,"turns":11},{"damage":1,"enemies":"Spheric Guardian","floor":18,"turns":3},{"damage":1,"enemies":"Chosen","floor":19,"turns":4},{"damage":0,"enemies":"Masked Bandits","floor":20,"turns":3},{"damage":5,"enemies":"Centurion and Healer","floor":21,"turns":4},{"damage":7,"enemies":"Gremlin Leader","floor":24,"turns":6},{"damage":6,"enemies":"Snecko","floor":28,"turns":5},{"damage":6,"enemies":"Book of Stabbing","floor":29,"turns":5},{"damage":0,"enemies":"Chosen and Byrds","floor":31,"turns":3},{"damage":28,"enemies":"Champ","floor":33,"turns":26},{"damage":2,"enemies":"3 Shapes","floor":35,"turns":3},{"damage":19,"enemies":"3 Darklings","floor":38,"turns":3},{"damage":15,"enemies":"Maw","floor":39,"turns":6},{"damage":18,"enemies":"Jaw Worm Horde","floor":41,"turns":4},{"damage":19,"enemies":"Reptomancer","floor":42,"turns":7},{"damage":10,"enemies":"Writhing Mass","floor":44,"turns":6},{"damage":16,"enemies":"Nemesis","floor":46,"turns":7},{"damage":7,"enemies":"4 Shapes","floor":48,"turns":5},{"damage":71,"enemies":"Donu and Deca","floor":50,"turns":5}],"seed_played":"4210303228715650846","potions_obtained":[{"floor":7.0,"key":"BlessingOfTheForge"},{"floor":13,"key":"PowerPotion"},{"floor":14,"key":"BloodPotion"},{"floor":18,"key":"SpeedPotion"},{"floor":19,"key":"AttackPotion"},{"floor":20,"key":"DistilledChaos"},{"floor":39,"key":"ColorlessPotion"},{"floor":41,"key":"PowerPotion"}],"is_trial":false,"path_per_floor":["M","?","M","?","M","R","M","R","T","E","?","R","E","M","R","B",null,"M","M","?","M","?","R","E","R","T","R","M","E","$","M","R","B",null,"M","?","$","M","M","R","M","E","T","M","R","E","R","M","R","B"],"character_chosen":"IRONCLAD","items_purchased":["Shockwave","Vajra","ClockworkSouvenir","PowerPotion","Bag of Marbles","AttackPotion"],"campfire_rested":0,"item_purchase_floors":[30,30,30,30,37,37],"current_hp_per_floor":[64,29,30,30,36,36,37,37,44,48,48,48,35,38,38,16,60,65,70,75,75,75,75,74,74,74,74,74,74,74,75,75,53,70,75,75,75,68,65,65,59,52,52,54,54,50,50,55,55,0,0],"gold":281,"neow_bonus":"TRANSFORM_TWO_CARDS","is_daily":false,"chose_seed":false,"campfire_upgraded":11,"win_rate":0.0,"timestamp":1609727299,"path_taken":["M","?","M","?","M","R","M","R","T","E","?","R","E","M","R","BOSS","M","?","?","M","?","R","E","R","T","R","?","E","$","M","R","BOSS","M","?","$","M","M","R","M","E","T","M","R","E","R","?","R","BOSS"],"items_purchased_type":["Card","Relic","Relic","Potion","Relic","Potion"],"build_version":"2020-12-22","purchased_purges":2,"victory":false,"max_hp_per_floor":[68,68,68,68,68,68,68,68,75,75,75,75,75,75,75,75,75,75,75,75,75,75,75,75,75,75,75,75,75,75,75,75,75,75,75,75,75,75,75,75,75,75,75,75,75,75,75,75,75,75,75],"relic_stats":{"SsserpentHead":300,"Centennial Puzzle":[66],"Dream Catcher":0,"counters":[26,142],"Black Blood":186,"Letter Opener":[107],"Orichalcum":[12],"Cursed Key":1,"obtain_stats":[{"Lantern":13,"Oddly Smooth Stone":29,"Vajra":30,"Black Blood":34,"Letter Opener":10,"Orichalcum":46,"Cursed Key":17,"Burning Blood":0,"Akabeko":24,"ClockworkSouvenir":30,"SsserpentHead":11,"Centennial Puzzle":2,"Dream Catcher":42,"Strawberry":9,"Red Mask":20,"Bag of Marbles":37},{"Lantern":6,"Oddly Smooth Stone":15,"Vajra":15,"Black Blood":17,"Letter Opener":5,"Orichalcum":24,"Cursed Key":8,"Burning Blood":0,"Akabeko":13,"ClockworkSouvenir":15,"SsserpentHead":5,"Centennial Puzzle":1,"Dream Catcher":22,"Strawberry":4,"Red Mask":11,"Bag of Marbles":18},{"Lantern":23,"Oddly Smooth Stone":67,"Vajra":67,"Black Blood":96,"Letter Opener":18,"Orichalcum":132,"Cursed Key":37,"Burning Blood":0,"Akabeko":57,"ClockworkSouvenir":67,"SsserpentHead":18,"Centennial Puzzle":6,"Dream Catcher":119,"Strawberry":15,"Red Mask":47,"Bag of Marbles":99}]},"card_choices":[{"not_picked":["Flex","Heavy Blade"],"picked":"Pommel Strike","floor":1.0},{"not_picked":["Uppercut","Dropkick"],"picked":"Carnage","floor":3.0},{"not_picked":["Wild Strike","Metallicize","True Grit"],"picked":"SKIP","floor":5.0},{"not_picked":["Heavy Blade","Clothesline"],"picked":"Cleave","floor":7.0},{"not_picked":["Iron Wave","Perfected Strike"],"picked":"Headbutt","floor":10},{"not_picked":["Whirlwind","Demon Form"],"picked":"Iron Wave","floor":13},{"not_picked":["Clothesline","Evolve"],"picked":"Uppercut","floor":14},{"not_picked":["Fiend Fire","Limit Break"],"picked":"Immolate","floor":16},{"not_picked":["Cleave","Sword Boomerang"],"picked":"Ghostly Armor","floor":18},{"not_picked":["Clash","Warcry","Thunderclap"],"picked":"SKIP","floor":19},{"not_picked":["Reckless Charge","Bludgeon"],"picked":"Shrug It Off","floor":21},{"not_picked":["Reckless Charge","Bludgeon","True Grit"],"picked":"SKIP","floor":24},{"not_picked":["Thunderclap","Havoc","Headbutt"],"picked":"SKIP","floor":28},{"not_picked":["Iron Wave","Evolve"],"picked":"Inflame","floor":29},{"not_picked":["Clothesline","Shockwave","Cleave"],"picked":"SKIP","floor":31},{"not_picked":["Berserk","Exhume"],"picked":"Offering","floor":33},{"not_picked":["Metallicize","Twin Strike"],"picked":"Inflame+1","floor":35},{"not_picked":["Carnage","Clash"],"picked":"True Grit+1","floor":38},{"not_picked":["Flex+1","Infernal Blade+1"],"picked":"Rage","floor":39},{"not_picked":["Body Slam","True Grit","Wild Strike"],"picked":"SKIP","floor":41},{"not_picked":["Headbutt+1","Dual Wield"],"picked":"Disarm","floor":42},{"not_picked":["Dual Wield","Brutality"],"picked":"Burning Pact","floor":44},{"not_picked":["Searing Blow","Dual Wield"],"picked":"Battle Trance","floor":46},{"not_picked":["Havoc","Headbutt","Cleave"],"picked":"SKIP","floor":48}],"player_experience":1655120,"relics_obtained":[{"floor":9.0,"key":"Strawberry"},{"floor":10,"key":"Letter Opener"},{"floor":13,"key":"Lantern"},{"floor":20,"key":"Red Mask"},{"floor":24,"key":"Akabeko"},{"floor":29,"key":"Oddly Smooth Stone"},{"floor":42,"key":"Dream Catcher"},{"floor":46,"key":"Orichalcum"}],"event_choices":[{"damage_healed":0.0,"max_hp_gain":0.0,"max_hp_loss":0.0,"gold_gain":0.0,"event_name":"Scrap Ooze","player_choice":"Success","floor":2.0,"gold_loss":0.0,"damage_taken":35.0,"relics_obtained":["Centennial Puzzle"]},{"damage_healed":0.0,"max_hp_gain":0.0,"max_hp_loss":0.0,"gold_gain":73.0,"event_name":"Golden Wing","player_choice":"Gained Gold","floor":4.0,"gold_loss":0.0,"damage_taken":0.0},{"damage_healed":0,"gold_gain":0,"player_choice":"Trade","damage_taken":0,"relics_obtained":["SsserpentHead"],"max_hp_gain":0,"max_hp_loss":0,"event_name":"FaceTrader","floor":11,"gold_loss":0},{"damage_healed":0,"gold_gain":0,"player_choice":"Fought Bandits","damage_taken":0,"max_hp_gain":0,"max_hp_loss":0,"event_name":"Masked Bandits","floor":20,"gold_loss":0},{"damage_healed":0,"gold_gain":0,"player_choice":"Got Potions","damage_taken":0,"max_hp_gain":0,"max_hp_loss":0,"event_name":"Lab","floor":22,"gold_loss":0},{"damage_healed":0,"gold_gain":0,"player_choice":"Copied","damage_taken":0,"max_hp_gain":0,"max_hp_loss":0,"event_name":"Duplicator","floor":36,"gold_loss":0,"cards_obtained":["Inflame"]}],"is_beta":false,"boss_relics":[{"not_picked":["Tiny House","Velvet Choker"],"picked":"Cursed Key"},{"not_picked":["Busted Crown","Runic Dome"],"picked":"Black Blood"}],"items_purged_floors":[30,37],"is_endless":false,"potions_floor_spawned":[7,13,14,18,19,20,39,41,46],"killed_by":"Donu and Deca","ascension_level":20}}