{"host":"2he95iptrbxkejc1","time":1609776416,"event":{"mods":["AchievementEnabler","BaseMod","Minty Spire (QoL Compilation)"],"gold_per_floor":[110,129,148,165,177,177,207,224,248,263,277,277,277,295,295,392,392,404,50,69,45,45,45,78,98,98,113,113,148,248,260,260,260,260],"floor_reached":33,"playtime":1450,"items_purged":["Dualcast"],"score":320,"play_id":"b36b1637-cbd4-4a48-a4ed-2a50213fba03","local_time":"20210104160656","is_ascension_mode":false,"campfire_choices":[{"floor":6,"key":"REST"},{"floor":12,"key":"REST"},{"floor":15,"key":"REST"},{"floor":23,"key":"REST"},{"floor":28,"key":"REST"},{"floor":32,"key":"REST"}],"circlet_count":0,"master_deck":["Strike_B","Strike_B","Strike_B","Strike_B","Defend_B","Defend_B","Defend_B","Defend_B","Zap+1","Conserve Battery","Gash","Gash","Gash","Capacitor","Steam","Rebound","Gash","Seek","Scrape","Violence","Gash","Beam Cell","Hologram","Beam Cell","Gash+1","Conserve Battery","Gash"],"relics":["Fusion Hammer","Nunchaku","Lantern","Black Star","Kunai","Potion Belt","Bottled Tornado","Pen Nib","TungstenRod"],"acts_visited":["Exordium","TheCity"],"potions_floor_usage":[4,4,16,20,22,24,29,29,33],"damage_taken":[{"damage":7,"enemies":"Jaw Worm","floor":1,"turns":4},{"damage":1,"enemies":"Cultist","floor":2,"turns":4},{"damage":0,"enemies":"Small Slimes","floor":3,"turns":3},{"damage":0,"enemies":"3 Louse","floor":4,"turns":3},{"damage":0,"enemies":"Looter","floor":5,"turns":2},{"damage":44,"enemies":"Lagavulin","floor":7,"turns":7},{"damage":14,"enemies":"Blue Slaver","floor":8,"turns":4},{"damage":10,"enemies":"Red Slaver","floor":10,"turns":4},{"damage":0,"enemies":"3 Louse","floor":11,"turns":5},{"damage":13,"enemies":"2 Fungi Beasts","floor":14,"turns":3},{"damage":33,"enemies":"Slime Boss","floor":16,"turns":10},{"damage":11,"enemies":"Chosen","floor":18,"turns":6},{"damage":21,"enemies":"Spheric Guardian","floor":20,"turns":4},{"damage":0,"enemies":"Snake Plant","floor":22,"turns":1},{"damage":11,"enemies":"Slavers","floor":24,"turns":4},{"damage":25,"enemies":"Snecko","floor":25,"turns":5},{"damage":14,"enemies":"Sentry and Sphere","floor":27,"turns":5},{"damage":10,"enemies":"Book of Stabbing","floor":29,"turns":3},{"damage":23,"enemies":"Snake Plant","floor":31,"turns":3},{"damage":26,"enemies":"Champ","floor":33,"turns":5}],"seed_played":"5630274192778672644","potions_obtained":[{"floor":1,"key":"Swift Potion"},{"floor":3,"key":"BlessingOfTheForge"},{"floor":5,"key":"SmokeBomb"},{"floor":14,"key":"LiquidBronze"},{"floor":16,"key":"BlessingOfTheForge"},{"floor":18,"key":"Weak Potion"},{"floor":24,"key":"FocusPotion"},{"floor":27,"key":"PowerPotion"},{"floor":31,"key":"Fire Potion"}],"is_trial":false,"path_per_floor":["M","M","M","M","M","R","E","M","T","M","M","R","?","M","R","B",null,"M","$","M","$","M","R","E","M","T","M","R","E","?","M","R","B"],"character_chosen":"DEFECT","items_purchased":["Violence","Gash","Beam Cell","Hologram"],"campfire_rested":6,"item_purchase_floors":[19,19,19,21],"current_hp_per_floor":[68,67,67,67,67,75,31,17,17,7,7,29,29,16,38,5,75,64,64,43,43,43,65,54,29,29,15,37,27,27,4,26,0,0],"gold":260,"neow_bonus":"BOSS_RELIC","is_daily":false,"chose_seed":false,"campfire_upgraded":0,"win_rate":0.0,"timestamp":1609776416,"path_taken":["M","M","M","M","M","R","E","M","T","M","M","R","?","M","R","BOSS","M","$","M","$","M","R","E","M","T","M","R","E","?","M","R","BOSS"],"items_purchased_type":["Card","Card","Card","Card"],"build_version":"2020-12-22","purchased_purges":1,"victory":false,"max_hp_per_floor":[75,75,75,75,75,75,75,75,75,75,75,75,75,75,75,75,75,75,75,75,75,75,75,75,75,75,75,75,75,75,75,75,75,75],"card_choices":[{"not_picked":["Fusion","Heatsinks","Tempest"],"picked":"SKIP","floor":1},{"not_picked":["Steam","Coolheaded"],"picked":"Conserve Battery","floor":2},{"not_picked":["Go for the Eyes","Ball Lightning"],"picked":"Gash","floor":3},{"not_picked":["Capacitor","Tempest"],"picked":"Gash","floor":4},{"not_picked":["Chill","Heatsinks"],"picked":"Gash","floor":5},{"not_picked":["Stack","White Noise"],"picked":"Capacitor","floor":7},{"not_picked":["All For One","Aggregate"],"picked":"Steam","floor":8},{"not_picked":["Compile Driver","Barrage"],"picked":"Rebound","floor":10},{"not_picked":["Cold Snap","Streamline"],"picked":"Gash","floor":11},{"not_picked":["Coolheaded","Cold Snap","Steam Power"],"picked":"SKIP","floor":14},{"not_picked":["Biased Cognition","Thunder Strike"],"picked":"Seek","floor":16},{"not_picked":["Hologram","Loop"],"picked":"Scrape","floor":18},{"not_picked":["Heatsinks","Rip and Tear","Double Energy"],"picked":"SKIP","floor":20},{"not_picked":["Redo+1","Aggregate","Doom and Gloom"],"picked":"SKIP","floor":24},{"not_picked":["Aggregate","Redo"],"picked":"Beam Cell","floor":25},{"not_picked":["Storm","Sweeping Beam+1"],"picked":"Gash+1","floor":27},{"not_picked":["Thunder Strike","Loop"],"picked":"Conserve Battery","floor":29},{"not_picked":["Go for the Eyes","Steam Power"],"picked":"Gash","floor":31}],"player_experience":44552,"relics_obtained":[{"floor":7,"key":"Nunchaku"},{"floor":9,"key":"Lantern"},{"floor":24,"key":"Kunai"},{"floor":24,"key":"Potion Belt"},{"floor":26,"key":"Bottled Tornado"},{"floor":29,"key":"Pen Nib"},{"floor":29,"key":"TungstenRod"}],"event_choices":[{"damage_healed":0,"gold_gain":0,"player_choice":"Upgraded","damage_taken":0,"max_hp_gain":0,"max_hp_loss":0,"event_name":"Upgrade Shrine","floor":13,"gold_loss":0,"cards_upgraded":["Zap"]},{"damage_healed":0,"gold_gain":100,"player_choice":"Pray","damage_taken":0,"max_hp_gain":0,"max_hp_loss":0,"event_name":"Golden Shrine","floor":30,"gold_loss":0}],"is_beta":false,"boss_relics":[{"not_picked":["Velvet Choker","Cursed Key"],"picked":"Black Star"}],"items_purged_floors":[19],"is_endless":false,"potions_floor_spawned":[1,3,5,14,16,18,22,24,27,31],"killed_by":"Champ","ascension_level":0}}