{"host":"5f3w3xqo483bhjcu","time":1609760911,"event":{"mods":["Act Like it!","BaseMod","Koishi","Marisa£®ÏF”Í°°ƒß¿Ì…≥£©","Minty Spire (QoL Compilation)","Reimu£®≤©¿ˆ¡È√Œ£©","Remilia£®¿Ÿ√◊¿Ú—«£©","StSLib","Waifu the Spire","WarShipGirlsR/’ΩΩ¢…Ÿ≈ÆR mod","Yakumo Yukari mod","Youmu£®ªÍ∆«—˝√Œ£©","Yuyuko","°æ“≈ŒÔø®≈∆°øREMEMod"],"gold_per_floor":[214,66,78,96,111,139,139,139,139,469,419,419,438,456,456,561,561,574,574,440,440,453,453,328,346,346,346,357,369,369,388,388,485,535,545,565,259,259,273,273,302,319,319,619,633,633,645,658,658,658],"floor_reached":51,"playtime":2864,"items_purged":["Strike_RM","Defend_RM","Strike_RM","Defend_RM"],"score":818,"play_id":"eab49b05-ca39-4932-a862-3adecfb6d2d1","local_time":"20210104194831","is_ascension_mode":false,"campfire_choices":[{"data":"Koishi:SilentAndRestless","floor":12.0,"key":"SMITH"},{"data":"MastersStateliness","floor":15.0,"key":"SMITH"},{"data":"BatForm","floor":23.0,"key":"SMITH"},{"data":"BloodAndWine","floor":30,"key":"SMITH"},{"data":"FitfulNightmare","floor":32,"key":"SMITH"},{"data":"BloodRain","floor":40,"key":"SMITH"},{"data":"Deep Breath","floor":46,"key":"SMITH"},{"floor":49,"key":"REST"}],"circlet_count":0,"master_deck":["Strike_RM+1","Strike_RM+1","Defend_RM+1","RedMoon+1","ScarletShoot+1","Koishi:SilentAndRestless+1","AfternoonTea","HunterOfTheNight","MastersStateliness+1","BloodAndWine+1","DemonKingCradle+1","LeisurelyOfLord+1","FitfulNightmare+1","BatForm+1","EternalNight","BloodRain+1","BlasphemousPunishment+1","Deep Breath+1"],"relics":["ScarletHat","REME_ComplimentaryCards","Whetstone","Darkstone Periapt","Akabeko","Old Coin","ScarletEmblem","Question Card","Pocketwatch","PureWhite:ReiMu","Tiny House","Pen Nib","Mastiff:ReiMu","StoneCalendar"],"acts_visited":["Exordium","TheCity","TheBeyond"],"potions_floor_usage":[41,50,50],"damage_taken":[{"damage":0.0,"enemies":"Cultist","floor":1.0,"turns":3.0},{"damage":0.0,"enemies":"Jaw Worm","floor":3.0,"turns":6.0},{"damage":0.0,"enemies":"Small Slimes","floor":4.0,"turns":3.0},{"damage":0.0,"enemies":"Looter","floor":5.0,"turns":3.0},{"damage":2.0,"enemies":"Lagavulin","floor":6.0,"turns":8.0},{"damage":2.0,"enemies":"3 Sentries","floor":10.0,"turns":8.0},{"damage":0.0,"enemies":"Exordium Thugs","floor":13.0,"turns":2.0},{"damage":0.0,"enemies":"Lots of Slimes","floor":14.0,"turns":4.0},{"damage":6.0,"enemies":"Hexaghost","floor":16.0,"turns":11.0},{"damage":1.0,"enemies":"3 Byrds","floor":18.0,"turns":5.0},{"damage":0.0,"enemies":"Shell Parasite","floor":22.0,"turns":3.0},{"damage":5,"enemies":"Shelled Parasite and Fungi","floor":25,"turns":4},{"damage":0,"enemies":"Snecko","floor":28,"turns":4},{"damage":4,"enemies":"Sentry and Sphere","floor":29,"turns":4},{"damage":0,"enemies":"Cultist and Chosen","floor":31,"turns":3},{"damage":15,"enemies":"Collector","floor":33,"turns":7},{"damage":6,"enemies":"3 Shapes","floor":35,"turns":1},{"damage":6,"enemies":"Orb Walker","floor":36,"turns":2},{"damage":0,"enemies":"Spire Growth","floor":39,"turns":2},{"damage":63,"enemies":"Nemesis","floor":41,"turns":7},{"damage":21,"enemies":"Maw","floor":42,"turns":3},{"damage":15,"enemies":"Sphere and 2 Shapes","floor":45,"turns":4},{"damage":2,"enemies":"4 Shapes","floor":47,"turns":3},{"damage":33,"enemies":"Writhing Mass","floor":48,"turns":4},{"damage":27,"enemies":"Time Eater","floor":50,"turns":6}],"seed_played":"-2293142178544762485","potions_obtained":[{"floor":4.0,"key":"Explosive Potion"},{"floor":10.0,"key":"Regen Potion"},{"floor":13.0,"key":"GamblersBrew"},{"floor":14.0,"key":"SkillPotion"},{"floor":22.0,"key":"ColorlessPotion"},{"floor":31,"key":"ZuzhouPotion:ReiMu"},{"floor":41,"key":"Energy Potion"},{"floor":45,"key":"SteroidPotion"}],"is_trial":false,"path_per_floor":["M","$","M","M","M","E","?","?","T","E","?","R","M","M","R","B",null,"M","?","$","T","M","R","$","M","T","?","M","M","R","M","R","B",null,"M","M","$","?","M","R","E","M","T","?","M","R","M","M","R","B",null],"character_chosen":"REMILIA","items_purchased":["AfternoonTea","FitfulNightmare","Pen Nib"],"campfire_rested":1,"item_purchase_floors":[2,20,37],"current_hp_per_floor":[75,75,75,75,75,75,60,60,60,59,59,59,62,68,68,67,75,75,75,75,75,75,75,75,70,70,70,70,70,70,75,75,72,80,77,71,71,71,80,80,33,47,47,47,35,35,38,7,31,7],"gold":658,"neow_bonus":"HUNDRED_GOLD","is_daily":false,"chose_seed":false,"campfire_upgraded":7,"win_rate":0.0,"timestamp":1609760911,"path_taken":["M","$","M","M","?","E","?","?","T","E","?","R","M","M","R","BOSS","M","?","$","?","?","R","$","M","T","?","M","?","R","M","R","BOSS","M","M","$","?","M","R","E","M","T","?","M","R","?","M","R","BOSS"],"items_purchased_type":["Card","Card","Relic"],"build_version":"2020-12-22","purchased_purges":4,"victory":true,"max_hp_per_floor":[75,75,75,75,75,75,75,75,75,75,75,75,75,75,75,75,75,75,75,75,75,75,75,75,75,75,75,75,75,75,75,75,75,80,80,80,80,80,80,80,80,80,80,80,80,80,80,80,80,80],"card_choices":[{"not_picked":["VampireKiss","UnderTheZenith","ScarletDevil"],"picked":"SKIP","floor":1.0},{"not_picked":["Stigmanizer","EndlessAdversity"],"picked":"HunterOfTheNight","floor":3.0},{"not_picked":["Stigmanizer","DiffusionOfMisfortune"],"picked":"MastersStateliness","floor":4.0},{"not_picked":["NightLord","ScarletDevil","BloodHunter"],"picked":"SKIP","floor":5.0},{"not_picked":["CeilingFear","Ultimatum","BombardNight"],"picked":"SKIP","floor":6.0},{"not_picked":["RedNightlessCastle","EndlessAdversity"],"picked":"BloodAndWine","floor":10.0},{"not_picked":["RedRainbow","ReincarnationDial","BombardNight"],"picked":"SKIP","floor":13.0},{"not_picked":["HunterOfTheNight","ScarletDevil","FavorOfDestiny"],"picked":"SKIP","floor":14.0},{"not_picked":["BatForm","ScarletCoffin"],"picked":"DemonKingCradle","floor":16.0},{"not_picked":["StarOfDavid","BloodHunter+1"],"picked":"LeisurelyOfLord+1","floor":18.0},{"not_picked":["BombardNight","FavorOfDestiny","BadLadyScramble"],"picked":"BatForm","floor":22.0},{"not_picked":["UnstableMagic+1","DiffusionOfMisfortune","BadLadyScramble+1","UnderTheZenith"],"picked":"SKIP","floor":25},{"not_picked":["TwelveNightmare","SuperhumanBloodyKnife+1","MillenniumVampire","GlobalNightmare"],"picked":"SKIP","floor":28},{"not_picked":["ChainGang","VampireSweep","BloodyTrap"],"picked":"EternalNight","floor":29},{"not_picked":["ScarletImprint","Septette","VampireSweep","BloodySeventeenLaser"],"picked":"SKIP","floor":31},{"not_picked":["TransientEternity","ScarletMeister","BloodySeventeenLaser"],"picked":"BloodRain","floor":33},{"not_picked":["FavorOfDestiny+1","UnderTheZenith+1","ScarletDevil","EternalNight"],"picked":"SKIP","floor":35},{"not_picked":["BombardNight","VampireKiss","FitfulNightmare"],"picked":"BlasphemousPunishment+1","floor":36},{"not_picked":["REME_BodyOfCthun","Secret Weapon","Swift Strike"],"picked":"Deep Breath","floor":38},{"not_picked":["VampireSweep","Stigmanizer+1","EndlessAdversity","NightLord+1"],"picked":"SKIP","floor":39},{"not_picked":["BloodHunter+1","UnderTheZenith","StarOfDavid","TwelveNightmare+1"],"picked":"SKIP","floor":41},{"not_picked":["VampireFantasy","BloodHunter","BloodAndWine+1","MillenniumVampire+1"],"picked":"SKIP","floor":42},{"not_picked":["NightDance","MastersStateliness+1","FitfulNightmare","ChainGang+1"],"picked":"SKIP","floor":45},{"not_picked":["UnderTheZenith+1","CharismaGuard","ScarletDevilSign+1","MastersStateliness"],"picked":"SKIP","floor":47},{"not_picked":["UnderTheZenith","FavorOfDestiny","EquivalentExchange","ScarletImprint"],"picked":"SKIP","floor":48}],"player_experience":366318,"relics_obtained":[{"floor":6.0,"key":"Whetstone"},{"floor":9.0,"key":"Akabeko"},{"floor":10.0,"key":"Old Coin"},{"floor":21.0,"key":"Question Card"},{"floor":26,"key":"Pocketwatch"},{"floor":41,"key":"Mastiff:ReiMu"},{"floor":43,"key":"StoneCalendar"}],"event_choices":[{"damage_healed":0.0,"max_hp_gain":0.0,"max_hp_loss":0.0,"gold_gain":0.0,"event_name":"Shining Light","player_choice":"Entered Light","floor":7.0,"gold_loss":0.0,"damage_taken":15.0,"cards_upgraded":["Defend_RM","RedMoon"]},{"damage_healed":0.0,"max_hp_gain":0.0,"max_hp_loss":0.0,"gold_gain":0.0,"event_name":"Dead Adventurer","player_choice":"Searched \u00272\u0027 times","floor":8.0,"gold_loss":0.0,"damage_taken":0.0,"relics_obtained":["Darkstone Periapt"]},{"cards_removed":["Defend_RM"],"damage_healed":0.0,"max_hp_gain":0.0,"max_hp_loss":0.0,"gold_gain":0.0,"event_name":"The Cleric","player_choice":"Card Removal","floor":11.0,"gold_loss":50.0,"damage_taken":0.0},{"damage_healed":0.0,"max_hp_gain":0.0,"max_hp_loss":0.0,"gold_gain":0.0,"event_name":"Accursed Blacksmith","player_choice":"Forge","floor":19.0,"gold_loss":0.0,"damage_taken":0.0,"cards_upgraded":["DemonKingCradle"]},{"damage_healed":0,"gold_gain":0,"player_choice":"Gave Potion","damage_taken":0,"relics_obtained":["PureWhite:ReiMu"],"max_hp_gain":0,"max_hp_loss":0,"event_name":"WeMeetAgain","floor":27,"gold_loss":0},{"damage_healed":0,"gold_gain":0,"player_choice":"Memory 1","damage_taken":0,"max_hp_gain":0,"max_hp_loss":0,"event_name":"SensoryStone","floor":38,"gold_loss":0},{"damage_healed":0,"gold_gain":300,"player_choice":"Gold","damage_taken":0,"max_hp_gain":0,"max_hp_loss":0,"event_name":"Wheel of Change","floor":44,"gold_loss":0}],"is_beta":false,"boss_relics":[{"not_picked":["Black Star","REME_ChargedStone"],"picked":"ScarletEmblem"},{"not_picked":["Astrolabe","Snecko Eye"],"picked":"Tiny House"}],"items_purged_floors":[2,20,24,37],"is_endless":false,"potions_floor_spawned":[4,10,13,14,16,22,31,41,42,45],"ascension_level":0}}