{"host":"armnliea5o2aqs4b","time":1609733004,"event":{"mods":["BaseMod","Hubris","Infinite Spire","Minty Spire (QoL Compilation)","Quick Restart","StSLib"],"gold_per_floor":[117,133,133,148,148,173,173,173,199,124,135,135,135,146,146,246,246,256,256,7,18,28,61,76,76,99,99,118,118,135,167,167,271,271,293,348,372,372,395,433,433,143,143,163,163,163,163,184,184,186],"floor_reached":51,"playtime":1112,"items_purged":["hubris:Wrath","Strike_G"],"score":842,"play_id":"1263b320-98e1-466e-9319-640a8ed924c5","local_time":"20210104150324","is_ascension_mode":false,"campfire_choices":[{"floor":7.0,"key":"REST"},{"data":"Survivor","floor":15.0,"key":"SMITH"},{"floor":25.0,"key":"REST"},{"floor":27.0,"key":"REST"},{"data":"Defend_G","floor":29.0,"key":"SMITH"},{"data":"After Image","floor":32.0,"key":"SMITH"},{"data":"Strike_G","floor":41.0,"key":"SMITH"},{"floor":45.0,"key":"DIG"},{"floor":47.0,"key":"DIG"},{"floor":49,"key":"DIG"}],"circlet_count":0,"master_deck":["infinitespire:Neurotoxin+1","Strike_G+1","Defend_G+1","Defend_G","Defend_G","Defend_G","Defend_G","Survivor+1","Neutralize+1","Catalyst+1","Phantasmal Killer+1","infinitespire:Neurotoxin+1","After Image+1","Escape Plan+1","Quick Slash+1","hubris:Greed","Quick Slash+1","Outmaneuver+1","Injury","hubris:Greed"],"relics":["Cursed Key","infinitespire:Bottled Soul","hubris:Icosahedron","hubris:OldNail","Black Star","DollysMirror","hubris:TenFootPole","infinitespire:BottledMercury","Lantern","infinitespire:ShieldingShard","Torii","Astrolabe","TungstenRod","Bronze Scales","Bag of Marbles","Shovel","Toxic Egg 2","Oddly Smooth Stone","hubris:EmptyBottle","Toy Ornithopter","infinitespire:Midas Blood"],"acts_visited":["Exordium","TheCity","TheBeyond"],"potions_floor_usage":[],"damage_taken":[{"damage":0.0,"enemies":"Jaw Worm","floor":1.0,"turns":1.0},{"damage":0.0,"enemies":"Cultist","floor":2.0,"turns":1.0},{"damage":0.0,"enemies":"Small Slimes","floor":4.0,"turns":1.0},{"damage":39.0,"enemies":"3 Sentries","floor":6.0,"turns":10.0},{"damage":0.0,"enemies":"3 Louse","floor":11.0,"turns":4.0},{"damage":0.0,"enemies":"Large Slime","floor":14.0,"turns":3.0},{"damage":25.0,"enemies":"Slime Boss","floor":16.0,"turns":5.0},{"damage":9.0,"enemies":"2 Thieves","floor":18.0,"turns":5.0},{"damage":0.0,"enemies":"Chosen","floor":21.0,"turns":2.0},{"damage":0.0,"enemies":"Snake Plant","floor":22.0,"turns":1.0},{"damage":2.0,"enemies":"Book of Stabbing","floor":23.0,"turns":3.0},{"damage":15.0,"enemies":"Snecko","floor":24.0,"turns":3.0},{"damage":0.0,"enemies":"Centurion and Healer","floor":28.0,"turns":3.0},{"damage":11.0,"enemies":"Snake Plant","floor":30.0,"turns":3.0},{"damage":0.0,"enemies":"Nightmare","floor":31.0,"turns":1.0},{"damage":0.0,"enemies":"Collector","floor":33.0,"turns":2.0},{"damage":0.0,"enemies":"3 Darklings","floor":35.0,"turns":7.0},{"damage":0.0,"enemies":"Mind Bloom Boss Battle","floor":36.0,"turns":2.0},{"damage":0.0,"enemies":"3 Shapes","floor":37.0,"turns":3.0},{"damage":0.0,"enemies":"Writhing Mass","floor":39.0,"turns":2.0},{"damage":0.0,"enemies":"Nightmare","floor":40.0,"turns":3.0},{"damage":0.0,"enemies":"Maw","floor":44.0,"turns":4.0},{"damage":0,"enemies":"3 Darklings","floor":48,"turns":4},{"damage":9,"enemies":"infinitespire:MassOfShapes","floor":50,"turns":2}],"seed_played":"-1913446054176954275","potions_obtained":[{"floor":2.0,"key":"ColorlessPotion"},{"floor":4.0,"key":"Poison Potion"},{"floor":21.0,"key":"GhostInAJar"},{"floor":23.0,"key":"SkillPotion"},{"floor":24.0,"key":"infinitespire:BlackPotion"},{"floor":36.0,"key":"Weak Potion"},{"floor":44.0,"key":"ColorlessPotion"}],"is_trial":false,"path_per_floor":["M","M","?","M","?","E","R","?","T","$","M","?","$","M","R","B",null,"M","?","$","M","M","E","M","R","T","R","M","R","M","NM","R","B",null,"M","?","M","?","M","NM","R","$","T","M","R","AVR","R","M","R","B",null],"character_chosen":"THE_SILENT","items_purchased":["DollysMirror","Shovel"],"campfire_rested":3,"item_purchase_floors":[20,42],"current_hp_per_floor":[70,70,70,70,70,31,52,52,52,52,52,52,52,52,52,27,70,61,61,61,61,61,59,44,65,65,70,70,70,59,59,59,59,70,70,70,70,70,70,70,70,70,70,70,70,70,70,70,70,61],"gold":186,"neow_bonus":"BOSS_RELIC","is_daily":false,"chose_seed":false,"campfire_upgraded":4,"win_rate":0.0,"timestamp":1609733004,"path_taken":["M","M","?","?","?","E","R","?","T","$","M","?","$","?","R","BOSS","M","?","$","M","M","E","M","R","T","R","?","R","M","NM","R","BOSS","M","?","M","?","M","NM","R","?","T","M","R","AVR","R","?","R","BOSS"],"items_purchased_type":["Relic","Relic"],"build_version":"2020-12-22","purchased_purges":2,"victory":true,"max_hp_per_floor":[70,70,70,70,70,70,70,70,70,70,70,70,70,70,70,70,70,70,70,70,70,70,70,70,70,70,70,70,70,70,70,70,70,70,70,70,70,70,70,70,70,70,70,70,70,70,70,70,70,70],"card_choices":[{"not_picked":["Skewer","Quick Slash","Flying Knee"],"picked":"SKIP","floor":1.0},{"not_picked":["Dodge and Roll","Quick Slash","Prepared"],"picked":"SKIP","floor":2.0},{"not_picked":["PiercingWail","Unload"],"picked":"Catalyst","floor":4.0},{"not_picked":["Outmaneuver","Reflex","Heel Hook"],"picked":"SKIP","floor":6.0},{"not_picked":["Footwork","Deflect","Underhanded Strike"],"picked":"SKIP","floor":11.0},{"not_picked":["PiercingWail","Dagger Throw","Prepared"],"picked":"SKIP","floor":14.0},{"not_picked":["Unload","Glass Knife"],"picked":"Phantasmal Killer","floor":16.0},{"not_picked":["Poisoned Stab","Backflip","Eviscerate+1"],"picked":"SKIP","floor":18.0},{"not_picked":["hubris:SlightOfHand","Expertise","Quick Slash+1"],"picked":"SKIP","floor":21.0},{"not_picked":["Deadly Poison","Dash","Backflip"],"picked":"SKIP","floor":22.0},{"not_picked":["Tactician","Blur+1","Bane"],"picked":"SKIP","floor":23.0},{"not_picked":["Dagger Spray","Acrobatics","Noxious Fumes"],"picked":"SKIP","floor":24.0},{"not_picked":["hubris:SlightOfHand","hubris:Sniper","Heel Hook+1"],"picked":"SKIP","floor":28.0},{"not_picked":["Predator","Dagger Throw"],"picked":"After Image","floor":30.0},{"not_picked":["Flechettes","Slice"],"picked":"Escape Plan+1","floor":31.0},{"not_picked":["Deflect","Catalyst","Blade Dance"],"picked":"SKIP","floor":35.0},{"not_picked":["hubris:TrickCloak","Tactician","Backflip+1"],"picked":"SKIP","floor":37.0},{"not_picked":["Blade Dance","Dagger Spray"],"picked":"Outmaneuver+1","floor":39.0},{"not_picked":["Sucker Punch","Deadly Poison","Dash+1"],"picked":"SKIP","floor":40.0},{"not_picked":["Expertise+1","Bane+1","Wraith Form v2"],"picked":"SKIP","floor":44.0},{"not_picked":["Heel Hook+1","Deadly Poison+1","Deflect+1"],"picked":"SKIP","floor":48}],"player_experience":180988,"relics_obtained":[{"floor":6.0,"key":"infinitespire:Bottled Soul"},{"floor":9.0,"key":"hubris:OldNail"},{"floor":23.0,"key":"hubris:TenFootPole"},{"floor":23.0,"key":"infinitespire:BottledMercury"},{"floor":26.0,"key":"Lantern"},{"floor":31.0,"key":"infinitespire:ShieldingShard"},{"floor":31.0,"key":"Torii"},{"floor":36.0,"key":"TungstenRod"},{"floor":40.0,"key":"Bronze Scales"},{"floor":40.0,"key":"Bag of Marbles"},{"floor":43.0,"key":"Toxic Egg 2"},{"floor":45.0,"key":"Oddly Smooth Stone"},{"floor":47.0,"key":"Toy Ornithopter"},{"floor":49,"key":"infinitespire:Midas Blood"}],"event_choices":[{"damage_healed":0.0,"max_hp_gain":0.0,"max_hp_loss":0.0,"gold_gain":0.0,"event_name":"Upgrade Shrine","player_choice":"Upgraded","floor":3.0,"gold_loss":0.0,"damage_taken":0.0,"cards_upgraded":["Neutralize"]},{"damage_healed":0.0,"max_hp_gain":0.0,"max_hp_loss":0.0,"gold_gain":0.0,"event_name":"Living Wall","player_choice":"Grow","floor":5.0,"gold_loss":0.0,"damage_taken":0.0,"cards_upgraded":["Catalyst"]},{"cards_removed":["Strike_G"],"damage_healed":0.0,"max_hp_gain":0.0,"max_hp_loss":0.0,"gold_gain":0.0,"event_name":"Bonfire Elementals","player_choice":"Offered Basic","floor":12.0,"gold_loss":0.0,"damage_taken":0.0},{"damage_healed":0.0,"max_hp_gain":0.0,"max_hp_loss":0.0,"gold_gain":0.0,"event_name":"Upgrade Shrine","player_choice":"Upgraded","floor":19.0,"gold_loss":0.0,"damage_taken":0.0,"cards_upgraded":["Phantasmal Killer"]},{"damage_healed":0.0,"max_hp_gain":0.0,"max_hp_loss":0.0,"gold_gain":0.0,"event_name":"MindBloom","player_choice":"Fight","floor":36.0,"gold_loss":0.0,"damage_taken":0.0},{"damage_healed":0.0,"max_hp_gain":0.0,"max_hp_loss":0.0,"gold_gain":0.0,"event_name":"Tomb of Lord Red Mask","player_choice":"Ignored","floor":38.0,"gold_loss":0.0,"damage_taken":0.0}],"is_beta":false,"boss_relics":[{"not_picked":["hubris:GrandSneckoEye","hubris:RunicObelisk"],"picked":"Black Star"},{"not_picked":["Runic Dome","Philosopher\u0027s Stone"],"picked":"Astrolabe"}],"items_purged_floors":[10,20],"is_endless":false,"potions_floor_spawned":[2,4,21,23,24,36,44,48],"ascension_level":0}}