{"host":"m4gez01cdgxblqzl","time":1609791879,"event":{"mods":["2.2 Compatiblity","AchievementEnabler","Act Like it!","Aspiration","BaseMod","Better Altar","Better Match","Better Note","Better Sensory Stone","Better Skull","Better Third Choice","Better Vampires","BetterRewards","Block Reminder","CCEM","Challenge The Spire","Clawfect","Colored Powertips","Conspire","Curses Come First","Downfall","Energized Spire","Friendly Minions","GifTheSpireLib","Glutton Mod","Halation","Hermit","Hubris","Infinite Spire","Jedi Mod","Marked Mod","Minty Spire (QoL Compilation)","Permanent Neow","Practice Mode","Quick Restart","READ ME - Guardian Mod","Rare Cards Sparkle","RatMod","Relic Sorter","Relic Stats","Replay The Spire","Reworked Bosses","Shade Mod","Shop Mod","Spicy Shops","Spikes Relics","StSLib","Stuff the Spire","SuperFastMode","Synergy Search","The Blue Laboratory","The Construct","The Jungle","The Problem Sleuth","The Runesmith","The Spell Scribe","Thieving Mod","Trackpad","Unceasing Turn Reminder","Unknown Chances","everything is the same but u backflip on backflip","vexMod","??????REMEMod"],"gold_per_floor":[118,118,118,6,16,49,49,61,61,61,76,109,109,137,137,241,241,222,72,282,282,294,294,294,294,294,312,312,328,342,558,558,558,558],"floor_reached":33,"playtime":2628,"items_purged":[],"score":267,"play_id":"d5a59fc9-e1b9-4b09-bd20-24874b8e4de3","local_time":"20210104142439","is_ascension_mode":false,"campfire_choices":[{"floor":10.0,"key":"REST"},{"data":"jedi:nirvanicrebirth","floor":13.0,"key":"SMITH"},{"floor":23.0,"key":"REST"},{"floor":25.0,"key":"REST"},{"floor":32,"key":"REST"}],"circlet_count":0,"master_deck":["Strike_P","Strike_P","Strike_P","Strike_P","Defend_P","Defend_P","Defend_P","Defend_P","Eruption","Vigilance","Protect","Replay:Battleflow","BattleHymn","ReachHeaven","SashWhip","FollowUp","MarkedMod:OneThousandNeedles","Replay:ManipulateFuture","DevaForm","Replay:ManipulateFuture","Parasite","Crescendo","Replay:AtTheReady","ClearTheMind","REME_HeartOfCthun","Hemogenesis","ReplayTheSpireMod:Whispers of Evil"],"relics":["StuffTheSpire:OccultApparatus","REME_ComplimentaryCards","aspiration:Nostalgia","m_BurningSludge","halation:EternalFortune","aspiration:AnachronicSnailShell","infinitespire:Lucky Rock","Ornamental Fan","Anchor","CCEMRelics:DissonantTune","REME_DemonsWealth","CCEMRelics:SpiritsEdge","hubris:Towel","trackpad:WondrousWand"],"acts_visited":["Exordium","TheCity"],"potions_floor_usage":[30,30,31],"damage_taken":[{"damage":0.0,"enemies":"Small Slimes","floor":1.0,"turns":5.0},{"damage":2.0,"enemies":"2 Louse","floor":5.0,"turns":3.0},{"damage":12.0,"enemies":"3 Sentries","floor":6.0,"turns":6.0},{"damage":1.0,"enemies":"Cultist","floor":8.0,"turns":3.0},{"damage":0.0,"enemies":"Exordium Wildlife","floor":11.0,"turns":3.0},{"damage":11.0,"enemies":"Lagavulin","floor":12.0,"turns":4.0},{"damage":32.0,"enemies":"Gremlin Nob","floor":14.0,"turns":5.0},{"damage":49.0,"enemies":"The Guardian","floor":16.0,"turns":6.0},{"damage":14.0,"enemies":"2 Thieves","floor":18.0,"turns":5.0},{"damage":12.0,"enemies":"conspire:FuzzyDice","floor":20.0,"turns":6.0},{"damage":37.0,"enemies":"Shelled Parasite and Fungi","floor":22.0,"turns":6.0},{"damage":2.0,"enemies":"conspire:HollyBat","floor":27.0,"turns":5.0},{"damage":12,"enemies":"Centurion and Healer","floor":29,"turns":5},{"damage":29,"enemies":"Sentry and Sphere","floor":30,"turns":5},{"damage":9,"enemies":"3 Cultists","floor":31,"turns":4},{"damage":33,"enemies":"hubris:MusketHawk","floor":33,"turns":7}],"seed_played":"5330911722252137581","potions_obtained":[{"floor":1.0,"key":"blueLaboratory:NullPotion"},{"floor":11.0,"key":"conspire:TimeTravelPotion"},{"floor":12.0,"key":"Weak Potion"},{"floor":15.0,"key":"blueLaboratory:EpiphanyPotion"},{"floor":15.0,"key":"SteroidPotion"},{"floor":18.0,"key":"Swift Potion"},{"floor":20.0,"key":"blueLaboratory:BottledHope"},{"floor":22.0,"key":"Explosive Potion"},{"floor":27.0,"key":"Swift Potion"}],"is_trial":false,"path_per_floor":["M","?","?","$","M","E","$","M","T","R","M","E","R","E","R","B",null,"M","$","M","?","M","R","?","R","T","M","?","M","M","M","R","B"],"character_chosen":"WATCHER","items_purchased":["Replay:Battleflow","BattleHymn","CCEMRelics:SpiritsEdge"],"campfire_rested":4,"item_purchase_floors":[4,4,19],"current_hp_per_floor":[72,75,75,75,73,61,61,60,60,75,75,64,64,45,45,1,75,61,61,49,49,12,34,34,56,56,54,54,42,13,4,26,0,0],"gold":558,"neow_bonus":"NOSTALGIA","is_daily":false,"chose_seed":false,"campfire_upgraded":1,"win_rate":0.0,"timestamp":1609791879,"path_taken":["M","?","?","$","?","E","$","M","T","R","M","E","R","E","R","BOSS","M","$","M","?","M","R","?","R","T","?","?","M","M","M","R","BOSS"],"items_purchased_type":["Card","Card","Relic"],"build_version":"2020-12-22","purchased_purges":0,"victory":false,"max_hp_per_floor":[72,75,75,75,75,75,75,75,75,75,75,75,75,75,75,75,75,75,75,75,75,75,75,75,75,75,75,75,75,75,75,75,75,75],"relic_stats":{"counters":[16,78],"Ornamental Fan":[60],"obtain_stats":[{"aspiration:Nostalgia":0,"trackpad:WondrousWand":26,"infinitespire:Lucky Rock":6,"hubris:Towel":24,"CCEMRelics:SpiritsEdge":19,"StuffTheSpire:OccultApparatus":28,"Anchor":12,"REME_DemonsWealth":17,"Ornamental Fan":9,"aspiration:AnachronicSnailShell":3,"halation:EternalFortune":2,"CCEMRelics:DissonantTune":14,"PureWater":0,"REME_ComplimentaryCards":0,"m_BurningSludge":0},{"aspiration:Nostalgia":0,"trackpad:WondrousWand":11,"infinitespire:Lucky Rock":3,"hubris:Towel":11,"CCEMRelics:SpiritsEdge":9,"StuffTheSpire:OccultApparatus":12,"Anchor":6,"REME_DemonsWealth":8,"Ornamental Fan":4,"aspiration:AnachronicSnailShell":1,"halation:EternalFortune":1,"CCEMRelics:DissonantTune":7,"PureWater":0,"REME_ComplimentaryCards":0,"m_BurningSludge":0},{"aspiration:Nostalgia":0,"trackpad:WondrousWand":52,"infinitespire:Lucky Rock":14,"hubris:Towel":52,"CCEMRelics:SpiritsEdge":40,"StuffTheSpire:OccultApparatus":57,"Anchor":24,"REME_DemonsWealth":35,"Ornamental Fan":17,"aspiration:AnachronicSnailShell":5,"halation:EternalFortune":5,"CCEMRelics:DissonantTune":29,"PureWater":0,"REME_ComplimentaryCards":0,"m_BurningSludge":0}]},"card_choices":[{"not_picked":["Evaluate","EmptyBody"],"picked":"Protect","floor":1.0},{"not_picked":["MarkedMod:OneThousandNeedles","Slimebound:HungryTackle"],"picked":"ReachHeaven","floor":5.0},{"not_picked":["Slimebound:HungryTackle","Slimebound:ViciousTackle"],"picked":"SashWhip","floor":6.0},{"not_picked":["Wallop","EmptyFist"],"picked":"jedi:nirvanicrebirth","floor":8.0},{"not_picked":["Protect","SashWhip"],"picked":"FollowUp","floor":11.0},{"not_picked":["REME_CRH","EmptyFist"],"picked":"MarkedMod:OneThousandNeedles","floor":12.0},{"not_picked":["WaveOfTheHand","FlyingSleeves"],"picked":"Replay:ManipulateFuture","floor":14.0},{"not_picked":["jedi:nirvanicrebirth","MarkedMod:ChiBlock"],"picked":"DevaForm","floor":16.0},{"not_picked":["Replay:AtTheReady+1","WindmillStrike","hubris:Disease"],"picked":"Replay:ManipulateFuture","floor":18.0},{"not_picked":["MarkedMod:FirstStrike","Sanctity","PathToVictory"],"picked":"Parasite","floor":20.0},{"not_picked":["CutThroughFate","FlyingSleeves+1","hubris:Disease"],"picked":"Crescendo","floor":22.0},{"not_picked":["MarkedMod:NorthStar","Evaluate","Looming Evil"],"picked":"Replay:AtTheReady","floor":27.0},{"not_picked":["PathToVictory","REME_Repentance+1","Decay"],"picked":"ClearTheMind","floor":29},{"not_picked":["Slimebound:FlameTackle+1","Crescendo","ReplayTheSpireMod:IOU"],"picked":"Hemogenesis","floor":30},{"not_picked":["Replay:Anticipation","Fasting2+1","EmptyFist+1"],"picked":"ReplayTheSpireMod:Whispers of Evil","floor":31}],"player_experience":71243,"relics_obtained":[{"floor":6.0,"key":"infinitespire:Lucky Rock"},{"floor":9.0,"key":"Ornamental Fan"},{"floor":12.0,"key":"Anchor"},{"floor":14.0,"key":"CCEMRelics:DissonantTune"},{"floor":26.0,"key":"trackpad:WondrousWand"}],"event_choices":[{"damage_healed":0.0,"max_hp_gain":0.0,"max_hp_loss":0.0,"gold_gain":0.0,"event_name":"WeMeetAgain","player_choice":"Gave Potion","floor":3.0,"gold_loss":0.0,"damage_taken":0.0,"relics_obtained":["aspiration:AnachronicSnailShell"]},{"cards_removed":["Parasite"],"damage_healed":0.0,"max_hp_gain":0.0,"max_hp_loss":0.0,"gold_gain":0.0,"event_name":"betterNote:BetterNote","player_choice":"Give","floor":21.0,"gold_loss":0.0,"damage_taken":0.0,"cards_obtained":["Strike_G"]}],"is_beta":false,"boss_relics":[{"not_picked":["Ring of Chaos","Runesmith:UraniumAnvil"],"picked":"REME_DemonsWealth"}],"items_purged_floors":[],"is_endless":false,"potions_floor_spawned":[1,11,12,18,20,22,27],"killed_by":"hubris:MusketHawk","ascension_level":0}}