{"host":"j25kpsdysct9h495","time":1609725498,"event":{"mods":["BaseMod","Bestiary","Minty Spire (QoL Compilation)"],"gold_per_floor":[113,113,213,228,74,104,52,71,119,119,119,146,146,166,166,268,268,253,253,263,263,275,275,305,485,485,498,498,513,513,530,530,530,530],"floor_reached":33,"playtime":2183,"items_purged":[],"score":302,"play_id":"a7e1abf6-a691-44c9-bfa2-c2738a7709cd","local_time":"20210103235818","is_ascension_mode":false,"campfire_choices":[{"floor":10,"key":"REST"},{"floor":13,"key":"REST"},{"floor":15,"key":"REST"},{"floor":23,"key":"REST"},{"floor":30,"key":"REST"},{"floor":32,"key":"REST"}],"circlet_count":0,"master_deck":["Strike_B+1","Strike_B+1","Strike_B+1","Strike_B+1","Defend_B+1","Defend_B+1","Defend_B+1","Defend_B+1","Zap","Dualcast","Seek","BootSequence","Double Energy","Barrage","Heatsinks","Hologram","Darkness","FTL","Defragment","Machine Learning","CurseOfTheBell","Steam+1","Gash","Gash+1","Hologram","Loop","Streamline"],"relics":["Cracked Core","Strawberry","Matryoshka","Regal Pillow","Blood Vial","Bird Faced Urn","Calling Bell","Lantern","HornCleat","Ice Cream","Potion Belt","Bronze Scales","Pear"],"acts_visited":["Exordium","TheCity"],"potions_floor_usage":[6,12,24,27,27,28,33],"damage_taken":[{"damage":1,"enemies":"Cultist","floor":1,"turns":3},{"damage":2,"enemies":"Jaw Worm","floor":2,"turns":3},{"damage":0,"enemies":"Small Slimes","floor":4,"turns":3},{"damage":34,"enemies":"3 Sentries","floor":6,"turns":7},{"damage":36,"enemies":"Exordium Thugs","floor":8,"turns":5},{"damage":35,"enemies":"Lagavulin","floor":12,"turns":8},{"damage":6,"enemies":"Large Slime","floor":14,"turns":5},{"damage":65,"enemies":"The Guardian","floor":16,"turns":10},{"damage":15,"enemies":"2 Thieves","floor":18,"turns":5},{"damage":19,"enemies":"3 Byrds","floor":20,"turns":6},{"damage":31,"enemies":"Centurion and Healer","floor":22,"turns":9},{"damage":29,"enemies":"Book of Stabbing","floor":24,"turns":7},{"damage":20,"enemies":"Snecko","floor":27,"turns":6},{"damage":25,"enemies":"Colosseum Slavers","floor":28,"turns":4},{"damage":16,"enemies":"Shelled Parasite and Fungi","floor":29,"turns":7},{"damage":8,"enemies":"Snake Plant","floor":31,"turns":3},{"damage":99,"enemies":"Automaton","floor":33,"turns":10}],"seed_played":"-2560846971668743865","potions_obtained":[{"floor":1,"key":"Swift Potion"},{"floor":4,"key":"LiquidBronze"},{"floor":12,"key":"EssenceOfSteel"},{"floor":20,"key":"CultistPotion"},{"floor":24,"key":"PowerPotion"},{"floor":27,"key":"Fruit Juice"},{"floor":31,"key":"EssenceOfDarkness"}],"is_trial":false,"path_per_floor":["M","M","?","M","$","E","$","M","T","R","$","E","R","M","R","B",null,"M","?","M","$","M","R","E","?","T","M","?","M","R","M","R","B"],"character_chosen":"DEFECT","items_purchased":["Strawberry","Hologram"],"campfire_rested":6,"item_purchase_floors":[5,7],"current_hp_per_floor":[74,72,72,72,79,45,45,9,9,48,48,15,54,52,82,19,82,70,70,59,59,34,73,50,31,41,31,19,11,55,53,97,0,0],"gold":530,"neow_bonus":"ONE_RANDOM_RARE_CARD","is_daily":false,"chose_seed":false,"campfire_upgraded":0,"win_rate":0.0,"timestamp":1609725498,"path_taken":["M","M","?","?","$","E","$","M","T","R","$","E","R","?","R","BOSS","M","?","M","$","M","R","E","?","T","?","?","M","R","M","R","BOSS"],"items_purchased_type":["Relic","Card"],"build_version":"2020-12-22","purchased_purges":0,"victory":false,"max_hp_per_floor":[75,75,75,75,82,82,82,82,82,82,82,82,82,82,82,82,82,82,82,82,82,82,82,82,82,92,92,97,97,97,97,97,97,97],"card_choices":[{"not_picked":["Leap","Rebound"],"picked":"BootSequence","floor":1},{"not_picked":["Beam Cell","Compile Driver"],"picked":"Double Energy","floor":2},{"not_picked":["Beam Cell","Stack"],"picked":"Barrage","floor":4},{"not_picked":["Rebound","Chill"],"picked":"Heatsinks","floor":6},{"not_picked":["Sunder","Barrage"],"picked":"Darkness","floor":8},{"not_picked":["Defragment","Rip and Tear"],"picked":"FTL","floor":12},{"not_picked":["Redo","Reinforced Body"],"picked":"Defragment","floor":14},{"not_picked":["Multi-Cast","Amplify"],"picked":"Machine Learning","floor":16},{"not_picked":["Go for the Eyes","White Noise"],"picked":"Steam+1","floor":18},{"not_picked":["Defragment","Steam Power"],"picked":"Gash","floor":20},{"not_picked":["Blizzard","Coolheaded"],"picked":"Gash+1","floor":22},{"not_picked":["Tempest","Ball Lightning+1"],"picked":"Hologram","floor":24},{"not_picked":["Cold Snap","Sweeping Beam"],"picked":"Loop","floor":27},{"not_picked":["Loop","Coolheaded"],"picked":"Streamline","floor":29},{"not_picked":["Skim","Ball Lightning","Coolheaded"],"picked":"SKIP","floor":31}],"player_experience":7580,"relics_obtained":[{"floor":6,"key":"Matryoshka"},{"floor":9,"key":"Regal Pillow"},{"floor":9,"key":"Blood Vial"},{"floor":12,"key":"Bird Faced Urn"},{"floor":17,"key":"Lantern"},{"floor":17,"key":"HornCleat"},{"floor":17,"key":"Ice Cream"},{"floor":24,"key":"Potion Belt"},{"floor":26,"key":"Bronze Scales"},{"floor":26,"key":"Pear"}],"event_choices":[{"damage_healed":0,"gold_gain":100,"player_choice":"Pray","damage_taken":0,"max_hp_gain":0,"max_hp_loss":0,"event_name":"Golden Shrine","floor":3,"gold_loss":0},{"damage_healed":0,"gold_gain":0,"player_choice":"Simplicity","damage_taken":0,"max_hp_gain":0,"max_hp_loss":0,"event_name":"Back to Basics","floor":19,"gold_loss":0,"cards_upgraded":["Strike_B","Strike_B","Strike_B","Strike_B","Defend_B","Defend_B","Defend_B","Defend_B"]},{"damage_healed":0,"gold_gain":180,"player_choice":"GOLD GOLD ","damage_taken":19,"max_hp_gain":0,"max_hp_loss":0,"event_name":"Knowing Skull","floor":25,"potions_obtained":[],"gold_loss":0,"cards_obtained":[]},{"damage_healed":0,"gold_gain":0,"player_choice":"Fight","damage_taken":0,"max_hp_gain":0,"max_hp_loss":0,"event_name":"Colosseum","floor":28,"gold_loss":0},{"damage_healed":0,"gold_gain":0,"player_choice":"Fled From Nobs","damage_taken":0,"max_hp_gain":0,"max_hp_loss":0,"event_name":"Colosseum","floor":28,"gold_loss":0}],"is_beta":false,"boss_relics":[{"not_picked":["Velvet Choker","Cursed Key"],"picked":"Calling Bell"}],"items_purged_floors":[],"is_endless":false,"potions_floor_spawned":[1,4,12,20,24,27,31],"killed_by":"Automaton","ascension_level":0}}