{"host":"ny8d3l8bgdsotmhm","time":1609744933,"event":{"mods":["BaseMod","Downfall","Minty Spire (QoL Compilation)","StSLib"],"gold_per_floor":[99,99,99,99,99,24,24,24,38,49,34,64,84,110,121,121,121,121],"floor_reached":16,"playtime":1012,"items_purged":[],"score":108,"play_id":"09c3fb57-0c43-4015-a4a9-b958710f11d2","local_time":"20210104022213","is_ascension_mode":false,"campfire_choices":[{"floor":1,"key":"RECALL"},{"data":"champ:TornadoPunch","floor":6,"key":"SMITH"}],"circlet_count":0,"master_deck":["champ:Strike","champ:Strike","champ:Strike","champ:Strike","champ:Defend","champ:Defend","champ:Defend","champ:Defend","champ:Execute","champ:Taunt","champ:IronFortress","champ:TornadoPunch+1","champ:DancingMaster","champ:StanceDance","champ:BerserkersShout","champ:DeathBlow","champ:Shatter","champ:FocusedDefense","champ:BringItOn+1","champ:Backstep+1"],"relics":["champ:ChampionCrown","downfall:HeartsMalice","downfall:BrokenWingStatue","champ:LiftRelic","downfall:HeartBlessingRed","Bag of Preparation","MealTicket","Toxic Egg 2"],"acts_visited":["Exordium"],"potions_floor_usage":[13,14,16],"damage_taken":[{"damage":0,"enemies":"Small Slimes","floor":2,"turns":1},{"damage":0,"enemies":"Jaw Worm","floor":5,"turns":1},{"damage":0,"enemies":"downfall:FleeingMerchant","floor":8,"turns":1},{"damage":0,"enemies":"2 Louse","floor":9,"turns":1},{"damage":8,"enemies":"Large Slime","floor":10,"turns":4},{"damage":11,"enemies":"downfall:FleeingMerchant","floor":11,"turns":4},{"damage":87,"enemies":"Lagavulin","floor":12,"turns":7},{"damage":16,"enemies":"Gremlin Gang","floor":13,"turns":3},{"damage":35,"enemies":"Gremlin Nob","floor":14,"turns":4},{"damage":0,"enemies":"Blue Slaver","floor":15,"turns":4},{"damage":27,"enemies":"downfall:Defect","floor":16,"turns":5}],"seed_played":"1985740547423125095","potions_obtained":[{"floor":12,"key":"AttackPotion"},{"floor":13,"key":"sneckomod:MuddlingPotion"},{"floor":15,"key":"ColorlessPotion"}],"is_trial":false,"path_per_floor":["R","M","?","?","M","R","T","$","M","M","$","E","M","E","M","B"],"character_chosen":"THE_CHAMP","items_purchased":[],"campfire_rested":0,"item_purchase_floors":[],"current_hp_per_floor":[90,90,90,90,90,90,90,90,90,90,90,40,40,21,21,0,0,0],"gold":121,"neow_bonus":"THREE_ENEMY_KILL","is_daily":false,"chose_seed":false,"campfire_upgraded":1,"win_rate":0.0,"timestamp":1609744933,"path_taken":["R","M","?","?","M","R","T","$","?","M","$","E","M","E","M","BOSS"],"items_purchased_type":[],"build_version":"2020-12-22","purchased_purges":0,"victory":false,"max_hp_per_floor":[90,90,90,90,90,90,90,90,90,90,90,90,90,90,90,90,90,90],"card_choices":[{"not_picked":["champ:FightOn","champ:AdrenalArmor"],"picked":"champ:IronFortress","floor":2},{"not_picked":["champ:PerfectedStrike","champ:Lariat"],"picked":"champ:TornadoPunch","floor":5},{"not_picked":["champ:FaceSlap","champ:BladeFlurry"],"picked":"champ:DancingMaster","floor":8},{"not_picked":["champ:Duel","champ:BladeFlurry"],"picked":"champ:StanceDance","floor":9},{"not_picked":["champ:PerfectedStrike","champ:FlashCut"],"picked":"champ:BerserkersShout","floor":10},{"not_picked":["champ:FlashCut","champ:FocusedBerserking"],"picked":"champ:DeathBlow","floor":11},{"not_picked":["champ:GutPunch","champ:BringItOn"],"picked":"champ:Shatter","floor":12},{"not_picked":["champ:AdrenalArmor","champ:CalledShot"],"picked":"champ:FocusedDefense","floor":13},{"not_picked":["champ:LastStand","champ:EnragedBash"],"picked":"champ:BringItOn+1","floor":14},{"not_picked":["champ:TornadoPunch","champ:FanOfKnives"],"picked":"champ:Backstep+1","floor":15}],"player_experience":740854,"relics_obtained":[{"floor":7,"key":"Bag of Preparation"},{"floor":12,"key":"MealTicket"},{"floor":14,"key":"Toxic Egg 2"}],"event_choices":[],"is_beta":false,"boss_relics":[],"items_purged_floors":[],"is_endless":false,"potions_floor_spawned":[12,13,15],"killed_by":"downfall:Defect","ascension_level":0}}