{"host":"2i1pijcp2h7bc3zy","time":1609743484,"event":{"mods":["2.2 Compatiblity","Abigail Mod","Aspiration","Bartender","BaseMod","Beaked The Cultist","BetterRewards","CapriCore","Colored Map","Defuse TimeMaze Blight","Friendly Minions","Gold Saver","Hubris","Infinite Spire","Koishi","Magitek Elite","Minty Spire (QoL Compilation)","Permanent Neow","Random Character Button","Relic Filter","Relic Sorter","Remilia??????","Reorder Act Four","Replay The Spire","Shade Mod","Shop Mod","StSLib","The Administrix","The Immortal","The Necromancer","The Senshi","The Servant 0.9.4","The Witch","TheSwordswoman","????"],"gold_per_floor":[684,684,684,703,719,750,762,762,788,788,813,768,800,700,700,795,795,810,81,95,105,5,5,33,33,33,64,64,64,89,188,188,287,387,425,425,471,514,563,563,613,613,613,613,691,591,591,661,718,718,718,718],"floor_reached":53,"playtime":3202,"items_purged":["AdministrixMod:Strike_Administrix","AdministrixMod:FaithfulFlames","AdministrixMod:Defend_Administrix"],"score":1998,"play_id":"7959744f-9da6-4c2f-83e6-4bec00db8460","local_time":"20210103235804","is_ascension_mode":true,"campfire_choices":[{"data":"AdministrixMod:XianArts","floor":8,"key":"SMITH"},{"data":"AdministrixMod:RebukeDesires","floor":10,"key":"SMITH"},{"data":"AdministrixMod:ShadowPlay","floor":15,"key":"SMITH"},{"floor":23,"key":"REST"},{"data":"AdministrixMod:RedCloak","floor":25,"key":"SMITH"},{"floor":29,"key":"REST"},{"data":"AdministrixMod:PassageOfAges","floor":32,"key":"SMITH"},{"data":"infinitespire:Fortify","floor":40,"key":"SMITH"},{"data":"AdministrixMod:Strike_Administrix","floor":44,"key":"SMITH"},{"data":"AdministrixMod:WifeLightning","floor":47,"key":"SMITH"},{"data":"AdministrixMod:JustRewards","floor":51,"key":"SMITH"}],"circlet_count":0,"master_deck":["AscendersBane","AdministrixMod:RedCloak+1","AdministrixMod:Defend_Administrix","AdministrixMod:Defend_Administrix","AdministrixMod:BlueCloak+1","AdministrixMod:XianArts+1","AdministrixMod:ExtolVirtue","AdministrixMod:RebukeDesires+1","AdministrixMod:XianArts+1","AdministrixMod:ShadowPlay+1","AdministrixMod:DreamsMausoleum+1","AdministrixMod:ShadowPlay+1","AdministrixMod:JustRewards+1","infinitespire:Fortify+1","AdministrixMod:PassageOfAges+1","AdministrixMod:WifeLightning+1","AdministrixMod:ChooseYourEnd+1","AdministrixMod:BegetEternity+1"],"relics":["AdministrixMod:ConductorRitualBaton","Replay:PocketPolymizer","AdministrixMod:CrackedTaijitu","TungstenRod","Happy Flower","Replay:Kaleidoscope","hubris:OldNail","PreservedInsect","infinitespire:Satchel","Ancient Tea Set","Pantograph","Golden_Hairpin","Turnip","MerchantsRug","Whetstone","Tintinnabulum","hubris:Reverence","Lantern","Gremlin Food","theSenshi:FeatherClipsRelic","infinitespire:EvilPickle","Replay:Wanted Poster","Replay:Bottled Eggs","Gremlin Food","Centennial Puzzle"],"acts_visited":["Exordium","TheCity","TheBeyond"],"potions_floor_usage":[11,13,16,52,52],"damage_taken":[{"damage":0,"enemies":"Cultist","floor":1,"turns":4},{"damage":3,"enemies":"Jaw Worm","floor":4,"turns":3},{"damage":0,"enemies":"2 Louse","floor":5,"turns":2},{"damage":5,"enemies":"Lagavulin","floor":6,"turns":6},{"damage":7,"enemies":"Large Slime","floor":7,"turns":6},{"damage":9,"enemies":"3 Sentries","floor":11,"turns":5},{"damage":7,"enemies":"Looter","floor":12,"turns":5},{"damage":14,"enemies":"Gremlin Nob","floor":13,"turns":5},{"damage":8,"enemies":"Slime Boss","floor":16,"turns":7},{"damage":18,"enemies":"Chosen","floor":18,"turns":7},{"damage":0,"enemies":"3 Byrds","floor":20,"turns":3},{"damage":21,"enemies":"Sentry and Sphere","floor":21,"turns":5},{"damage":9,"enemies":"Slavers","floor":24,"turns":4},{"damage":6,"enemies":"Gremlin Leader","floor":27,"turns":5},{"damage":0,"enemies":"Slavers","floor":30,"turns":4},{"damage":25,"enemies":"Pondfish","floor":33,"turns":7},{"damage":6,"enemies":"Orb Walker","floor":35,"turns":4},{"damage":5,"enemies":"3 Darklings","floor":37,"turns":4},{"damage":22,"enemies":"4 Shapes","floor":38,"turns":3},{"damage":0,"enemies":"Transient","floor":39,"turns":5},{"damage":0,"enemies":"Sphere and 2 Shapes","floor":41,"turns":4},{"damage":30,"enemies":"Nemesis","floor":48,"turns":4},{"damage":0,"enemies":"Maw","floor":49,"turns":4},{"damage":19,"enemies":"infinitespire:MassOfShapes","floor":52,"turns":6}],"seed_played":"-4463004211900990312","potions_obtained":[{"floor":4,"key":"LifebloodPotion"},{"floor":13,"key":"Block Potion"},{"floor":18,"key":"SteroidPotion"},{"floor":20,"key":"Strength Potion"}],"is_trial":false,"path_per_floor":["M","?","?","M","M","E","M","R","T","R","E","M","E","$","R","B",null,"M","$","M","M","?","R","E","R","T","E","AVR","R","E","?","R","B",null,"M","?","M","M","M","R","M","PTL","PTL","R","T","NS","R","E","M","AVR","R","B",null],"character_chosen":"TheAdministrix","items_purchased":["AdministrixMod:XianArts","AdministrixMod:CrackedTaijitu","AdministrixMod:ExtolVirtue","Happy Flower","AdministrixMod:RebukeDesires","hubris:OldNail","Fire Potion","Turnip","Guide Book","MerchantsRug","Whetstone"],"campfire_rested":2,"item_purchase_floors":[0,0,0,0,0,0,0,19,19,19,19],"current_hp_per_floor":[59,59,65,62,62,57,50,50,50,50,41,34,20,20,20,37,58,40,40,40,19,19,38,29,30,31,26,27,47,48,49,50,46,61,62,47,49,34,41,42,49,50,51,52,53,54,55,32,39,40,41,52],"gold":718,"neow_bonus":"","is_daily":false,"chose_seed":false,"campfire_upgraded":9,"win_rate":0.0,"timestamp":1609743484,"path_taken":["M","?","?","M","M","E","M","R","T","R","E","M","E","$","R","BOSS","M","$","M","M","?","R","E","R","T","E","AVR","R","E","?","R","BOSS","M","?","M","M","M","R","M","PTL","PTL","R","T","NS","R","E","M","AVR","R","BOSS"],"items_purchased_type":["Card","Relic","Card","Relic","Card","Relic","Potion","Relic","Relic","Relic","Relic"],"build_version":"2020-12-22","purchased_purges":3,"victory":true,"max_hp_per_floor":[65,65,65,65,65,65,65,65,65,65,65,65,65,65,65,65,65,65,65,65,65,65,65,65,65,65,65,65,65,65,65,65,65,65,65,65,65,65,65,65,65,65,65,65,65,65,65,65,65,65,65,65],"card_choices":[{"not_picked":["AdministrixMod:Overdrive","AdministrixMod:PlateOfAntiquity"],"picked":"AdministrixMod:XianArts","floor":1},{"not_picked":["AdministrixMod:ImmortalGrace","AdministrixMod:LightOfYourLife","AdministrixMod:SipOfSparks"],"picked":"SKIP","floor":4},{"not_picked":["AdministrixMod:Transition","AdministrixMod:FalseDeath","AdministrixMod:CrackingPangu"],"picked":"SKIP","floor":5},{"not_picked":["AdministrixMod:SyncreticPlunge","AdministrixMod:ReachToHeaven","AdministrixMod:FuneraryRites"],"picked":"SKIP","floor":6},{"not_picked":["AdministrixMod:RebukeDesires","AdministrixMod:FuneraryRites","AdministrixMod:ArmillarySphere"],"picked":"SKIP","floor":7},{"not_picked":["AdministrixMod:CrackingPangu","AdministrixMod:DiversionaryTactic","AdministrixMod:Transition"],"picked":"SKIP","floor":11},{"not_picked":["AdministrixMod:TrickOfTheLight","AdministrixMod:CrackingPangu"],"picked":"AdministrixMod:ShadowPlay","floor":12},{"not_picked":["AdministrixMod:BloodBargain","AdministrixMod:CrackingPangu"],"picked":"AdministrixMod:DreamsMausoleum","floor":13},{"not_picked":["AdministrixMod:CrackingPangu","AdministrixMod:BegetEternity"],"picked":"AdministrixMod:ShadowPlay","floor":18},{"not_picked":["AdministrixMod:PlateOfAntiquity","AdministrixMod:Wuji","AdministrixMod:ImmortalGrace"],"picked":"SKIP","floor":20},{"not_picked":["AdministrixMod:SyncreticSurge","AdministrixMod:CenturiesAscent","AdministrixMod:LightOfYourLife+1"],"picked":"SKIP","floor":21},{"not_picked":["AdministrixMod:NoblePath","AdministrixMod:DiversionaryTactic","AdministrixMod:BattleforgedBonds"],"picked":"SKIP","floor":24},{"not_picked":["AdministrixMod:Transcension","AdministrixMod:SyncreticSurge","AdministrixMod:BrewingCloister"],"picked":"SKIP","floor":27},{"not_picked":["AdministrixMod:Transition","AdministrixMod:TrickOfTheLight"],"picked":"AdministrixMod:PassageOfAges","floor":30},{"not_picked":["AdministrixMod:HopeInTheDark","AdministrixMod:Schism"],"picked":"AdministrixMod:WifeLightning","floor":33},{"not_picked":["AdministrixMod:ArmillarySphere+1","AdministrixMod:Transition","AdministrixMod:ReachToHeaven"],"picked":"SKIP","floor":35},{"not_picked":["AdministrixMod:ShadowPlay+1","AdministrixMod:CenturiesAscent+1","AdministrixMod:PassageOfAges"],"picked":"SKIP","floor":37},{"not_picked":["AdministrixMod:RegentEdict","AdministrixMod:PlateOfAntiquity","AdministrixMod:ExtolVirtue"],"picked":"SKIP","floor":38},{"not_picked":["AdministrixMod:PassageOfAges","AdministrixMod:WickedPunishment","AdministrixMod:ShadowPlay"],"picked":"SKIP","floor":39},{"not_picked":["AdministrixMod:NoblePath+1","AdministrixMod:FeastOfDew"],"picked":"AdministrixMod:ChooseYourEnd","floor":41},{"not_picked":["AdministrixMod:SeventeenArticleLaser","AdministrixMod:FearOfDeath","AdministrixMod:DreamsMausoleum"],"picked":"SKIP","floor":48},{"not_picked":["AdministrixMod:CrackingPangu","AdministrixMod:FuneraryRites"],"picked":"AdministrixMod:BegetEternity+1","floor":49}],"player_experience":1716666,"relics_obtained":[{"floor":6,"key":"PreservedInsect"},{"floor":9,"key":"infinitespire:Satchel"},{"floor":11,"key":"Ancient Tea Set"},{"floor":13,"key":"Pantograph"},{"floor":24,"key":"Tintinnabulum"},{"floor":26,"key":"hubris:Reverence"},{"floor":27,"key":"Lantern"},{"floor":30,"key":"theSenshi:FeatherClipsRelic"},{"floor":45,"key":"Replay:Bottled Eggs"},{"floor":48,"key":"Gremlin Food"}],"event_choices":[{"damage_healed":0,"gold_gain":0,"player_choice":"Grow","damage_taken":0,"max_hp_gain":0,"max_hp_loss":0,"event_name":"Living Wall","floor":2,"gold_loss":0,"cards_upgraded":["AdministrixMod:XianArts"]},{"damage_healed":0,"gold_gain":99,"player_choice":"Stole From Cult","damage_taken":0,"max_hp_gain":0,"max_hp_loss":0,"event_name":"Nest","floor":31,"gold_loss":0}],"is_beta":false,"boss_relics":[{"not_picked":["Pandora\u0027s Box","aspiration:RitualDagger"],"picked":"Golden_Hairpin"},{"not_picked":["hubris:RunicObelisk","theSenshi:MoonKaleidoScopeRelic"],"picked":"Replay:Wanted Poster"}],"items_purged_floors":[0,14,28],"is_endless":false,"potions_floor_spawned":[4,6,7,13,18,20,27,35,37,41,48,49],"ascension_level":12}}