{"host":"2he95iptrbxkejc1","time":1609771061,"event":{"mods":["AchievementEnabler","BaseMod","Minty Spire (QoL Compilation)"],"gold_per_floor":[115,126,139,139,155,155,183,183,183,215,235,235,251,261,261,363,363,378,95,112,16,69,19,29,59,84,118,135,152,152,181,181,279,279,296,312,312,141,155,184,195,211,211,229,229,263,283,298,298,298],"floor_reached":51,"playtime":4256,"items_purged":["Defend_G","Defend_G","Defend_G"],"score":910,"play_id":"0fbdc74c-7490-4339-8b82-1bf075225042","local_time":"20210104143741","is_ascension_mode":false,"campfire_choices":[{"data":"Prepared","floor":6,"key":"SMITH"},{"data":"Prepared","floor":8,"key":"SMITH"},{"data":"Skewer","floor":15,"key":"SMITH"},{"data":"After Image","floor":30,"key":"SMITH"},{"data":"Prepared","floor":32,"key":"SMITH"},{"data":"Footwork","floor":45,"key":"SMITH"},{"data":"Infinite Blades","floor":49,"key":"SMITH"}],"circlet_count":0,"master_deck":["Strike_G","Strike_G","Strike_G","Strike_G","Strike_G","Defend_G","Defend_G","Survivor","Neutralize+1","Skewer+1","Endless Agony","Blur","Prepared+1","Prepared+1","Blur","PiercingWail","Backflip","After Image+1","Blade Dance+1","Infinite Blades+1","Slice+1","Finesse","Escape Plan+1","Prepared+1","Finisher+1","Dodge and Roll+1","Adrenaline+1","Footwork+1","Bandage Up+1","Blade Dance+1","PiercingWail+1","Blade Dance+1","Well Laid Plans+1","Escape Plan+1","Tactician+1","Calculated Gamble+1"],"relics":["Ring of the Snake","NeowsBlessing","Smiling Mask","Kunai","InkBottle","Bag of Marbles","HoveringKite","HandDrill","Blood Vial","Bronze Scales","PreservedInsect","Oddly Smooth Stone","Toxic Egg 2","SlaversCollar","Strawberry","Question Card","Calipers"],"acts_visited":["Exordium","TheCity","TheBeyond"],"potions_floor_usage":[10,10,16,25,25,29,31,40,40,50,50],"damage_taken":[{"damage":0,"enemies":"Small Slimes","floor":1,"turns":1},{"damage":0,"enemies":"2 Louse","floor":2,"turns":1},{"damage":0,"enemies":"Cultist","floor":3,"turns":1},{"damage":5,"enemies":"2 Fungi Beasts","floor":5,"turns":6},{"damage":14,"enemies":"Lagavulin","floor":7,"turns":9},{"damage":8,"enemies":"3 Sentries","floor":10,"turns":7},{"damage":0,"enemies":"3 Louse","floor":11,"turns":4},{"damage":0,"enemies":"Exordium Wildlife","floor":13,"turns":2},{"damage":1,"enemies":"Blue Slaver","floor":14,"turns":4},{"damage":13,"enemies":"Hexaghost","floor":16,"turns":15},{"damage":0,"enemies":"Shell Parasite","floor":18,"turns":7},{"damage":0,"enemies":"3 Byrds","floor":20,"turns":5},{"damage":2,"enemies":"Snake Plant","floor":24,"turns":4},{"damage":29,"enemies":"Gremlin Leader","floor":25,"turns":5},{"damage":2,"enemies":"Book of Stabbing","floor":27,"turns":4},{"damage":0,"enemies":"Cultist and Chosen","floor":28,"turns":4},{"damage":0,"enemies":"Centurion and Healer","floor":29,"turns":5},{"damage":0,"enemies":"Slavers","floor":31,"turns":1},{"damage":3,"enemies":"Automaton","floor":33,"turns":8},{"damage":5,"enemies":"3 Shapes","floor":35,"turns":4},{"damage":0,"enemies":"Orb Walker","floor":36,"turns":3},{"damage":20,"enemies":"4 Shapes","floor":39,"turns":7},{"damage":77,"enemies":"Reptomancer","floor":40,"turns":4},{"damage":0,"enemies":"Maw","floor":41,"turns":8},{"damage":2,"enemies":"Spire Growth","floor":42,"turns":4},{"damage":0,"enemies":"Transient","floor":44,"turns":5},{"damage":0,"enemies":"Giant Head","floor":46,"turns":5},{"damage":1,"enemies":"Maw","floor":47,"turns":7},{"damage":0,"enemies":"3 Darklings","floor":48,"turns":6},{"damage":0,"enemies":"Donu and Deca","floor":50,"turns":5}],"seed_played":"-7567770518583965946","potions_obtained":[{"floor":1,"key":"CultistPotion"},{"floor":5,"key":"CunningPotion"},{"floor":7,"key":"Regen Potion"},{"floor":13,"key":"GhostInAJar"},{"floor":16,"key":"DuplicationPotion"},{"floor":18,"key":"LiquidMemories"},{"floor":25,"key":"FairyPotion"},{"floor":27,"key":"SteroidPotion"},{"floor":28,"key":"SteroidPotion"},{"floor":31,"key":"Swift Potion"},{"floor":35,"key":"EssenceOfSteel"},{"floor":41,"key":"GhostInAJar"},{"floor":46,"key":"PowerPotion"},{"floor":48,"key":"SkillPotion"}],"is_trial":false,"path_per_floor":["M","M","M","?","M","R","E","R","T","E","M","?","M","M","R","B",null,"M","$","M","$","T","$","M","E","T","E","M","M","R","E","R","B",null,"M","M","?","$","M","E","M","M","T","M","R","E","M","M","R","B",null],"character_chosen":"THE_SILENT","items_purchased":["HandDrill","Infinite Blades","Finesse","Footwork","Bandage Up+1"],"campfire_rested":0,"item_purchase_floors":[19,19,21,38,38],"current_hp_per_floor":[70,70,70,70,65,65,51,51,51,58,58,58,58,57,57,44,70,70,70,70,70,70,70,68,41,41,41,43,45,45,47,47,46,70,65,67,67,67,55,28,36,42,42,50,50,58,65,73,73,75],"gold":298,"neow_bonus":"THREE_ENEMY_KILL","is_daily":false,"chose_seed":false,"campfire_upgraded":7,"win_rate":0.0,"timestamp":1609771061,"path_taken":["M","M","M","?","M","R","E","R","T","E","M","?","M","M","R","BOSS","M","$","M","$","?","$","M","E","T","E","M","M","R","E","R","BOSS","M","M","?","$","M","E","M","M","T","M","R","E","M","M","R","BOSS"],"items_purchased_type":["Relic","Card","Card","Card","Card"],"build_version":"2020-12-22","purchased_purges":3,"victory":true,"max_hp_per_floor":[70,70,70,70,70,70,70,70,70,70,70,70,70,70,70,70,70,70,70,70,70,70,70,70,70,70,70,70,70,70,70,70,70,70,70,70,70,70,70,77,77,77,77,77,77,77,77,77,77,77],"card_choices":[{"not_picked":["Bane","Acrobatics"],"picked":"Skewer","floor":1},{"not_picked":["Catalyst","Acrobatics"],"picked":"Endless Agony","floor":2},{"not_picked":["Skewer","Footwork"],"picked":"Blur","floor":3},{"not_picked":["Quick Slash","Acrobatics"],"picked":"Prepared","floor":5},{"not_picked":["Glass Knife","Deadly Poison"],"picked":"Prepared","floor":7},{"not_picked":["Heel Hook","Calculated Gamble"],"picked":"Blur","floor":10},{"not_picked":["Flying Knee","Expertise"],"picked":"PiercingWail","floor":11},{"not_picked":["Quick Slash","Flying Knee"],"picked":"Backflip","floor":13},{"not_picked":["Dagger Spray","Acrobatics","Catalyst"],"picked":"SKIP","floor":14},{"not_picked":["Venomology","A Thousand Cuts"],"picked":"After Image","floor":16},{"not_picked":["Underhanded Strike","Prepared"],"picked":"Blade Dance+1","floor":18},{"not_picked":["Dodge and Roll","Backflip+1"],"picked":"Slice+1","floor":20},{"not_picked":["Sucker Punch+1","Underhanded Strike","Dodge and Roll"],"picked":"SKIP","floor":24},{"not_picked":["Dagger Spray+1","Calculated Gamble"],"picked":"Escape Plan+1","floor":25},{"not_picked":["Masterful Stab","Blade Dance"],"picked":"Prepared","floor":27},{"not_picked":["Flying Knee","Eviscerate","Acrobatics"],"picked":"SKIP","floor":28},{"not_picked":["Blur","Deadly Poison"],"picked":"Finisher+1","floor":29},{"not_picked":["Unload","Flying Knee+1"],"picked":"Dodge and Roll+1","floor":31},{"not_picked":["After Image","Die Die Die"],"picked":"Adrenaline+1","floor":33},{"not_picked":["Heel Hook+1","Riddle With Holes+1","Flechettes+1"],"picked":"SKIP","floor":35},{"not_picked":["Leg Sweep+1","Bane","Sucker Punch+1"],"picked":"SKIP","floor":36},{"not_picked":["Dagger Spray","Eviscerate+1","Deadly Poison+1"],"picked":"SKIP","floor":39},{"not_picked":["Tools of the Trade","Dodge and Roll+1"],"picked":"Blade Dance+1","floor":40},{"not_picked":["Dash","All Out Attack+1"],"picked":"PiercingWail+1","floor":41},{"not_picked":["Quick Slash+1","Dagger Spray"],"picked":"Blade Dance+1","floor":42},{"not_picked":["Blur+1","Bane","Deflect+1"],"picked":"Well Laid Plans+1","floor":44},{"not_picked":["Bullet Time+1","PiercingWail+1","Prepared+1"],"picked":"Escape Plan+1","floor":46},{"not_picked":["Poisoned Stab","Masterful Stab+1","Dodge and Roll+1"],"picked":"Tactician+1","floor":47},{"not_picked":["Riddle With Holes+1","Bane","Dagger Spray"],"picked":"Calculated Gamble+1","floor":48}],"player_experience":36834,"relics_obtained":[{"floor":7,"key":"Smiling Mask"},{"floor":9,"key":"Kunai"},{"floor":10,"key":"InkBottle"},{"floor":22,"key":"Blood Vial"},{"floor":25,"key":"Bronze Scales"},{"floor":26,"key":"PreservedInsect"},{"floor":27,"key":"Oddly Smooth Stone"},{"floor":31,"key":"Toxic Egg 2"},{"floor":40,"key":"Strawberry"},{"floor":43,"key":"Question Card"},{"floor":46,"key":"Calipers"}],"event_choices":[{"damage_healed":0,"gold_gain":0,"player_choice":"Grow","damage_taken":0,"max_hp_gain":0,"max_hp_loss":0,"event_name":"Living Wall","floor":4,"gold_loss":0,"cards_upgraded":["Neutralize"]},{"damage_healed":0,"gold_gain":0,"player_choice":"Gave Potion","damage_taken":0,"relics_obtained":["Bag of Marbles"],"max_hp_gain":0,"max_hp_loss":0,"event_name":"WeMeetAgain","floor":12,"gold_loss":0},{"damage_healed":0,"gold_gain":0,"player_choice":"Ignored","damage_taken":0,"max_hp_gain":0,"max_hp_loss":0,"event_name":"Mysterious Sphere","floor":37,"gold_loss":0}],"is_beta":false,"boss_relics":[{"not_picked":["Ring of the Serpent","Calling Bell"],"picked":"HoveringKite"},{"not_picked":["Astrolabe","Tiny House"],"picked":"SlaversCollar"}],"items_purged_floors":[19,23,38],"is_endless":false,"potions_floor_spawned":[1,5,7,13,16,18,25,27,28,31,35,36,41,46,48],"ascension_level":0}}