{"host":"kh6fvhxn285ncg0o","time":1609760489,"event":{"mods":["Act Like it!","BaseMod","Colored Map","Friendly Minions","Keyboard Shortcuts","Minty Spire (QoL Compilation)","Quick Restart","Relic Stats","StSLib","SuperFastMode"],"gold_per_floor":[110,35,47,47,58,89,89,89,112,112,112,147,147,163,163,237,237,252,252,232,182,198,198,230,249,297,329,329,339,368,384,384,456,456,475,257,257,267,292,321,321,355,355,355,369,369,369,385,385,385,385,385,385,35,64,64],"floor_reached":57,"playtime":1991,"items_purged":["Strike_R","Pain","Strike_R"],"score":3031,"play_id":"d117eee1-993f-4260-aef3-a48e478070bf","local_time":"20210104204129","is_ascension_mode":true,"campfire_choices":[{"data":"Fire Breathing","floor":7,"key":"SMITH"},{"data":"Body Slam","floor":13,"key":"SMITH"},{"data":"Disarm","floor":15,"key":"SMITH"},{"data":"Exhume","floor":23,"key":"SMITH"},{"data":"Feed","floor":28,"key":"SMITH"},{"data":"Demon Form","floor":32,"key":"SMITH"},{"data":"Power Through","floor":41,"key":"SMITH"},{"data":"Second Wind","floor":44,"key":"SMITH"},{"floor":47,"key":"RECALL"},{"data":"Shrug It Off","floor":49,"key":"SMITH"},{"data":"Ghostly","floor":53,"key":"SMITH"}],"circlet_count":0,"master_deck":["AscendersBane","Strike_R","Defend_R","Defend_R","Defend_R","Defend_R","Bash","Fire Breathing+1","Disarm+1","Body Slam+1","Feed+1","Ghostly Armor","Exhume+1","Ghostly+1","Ghostly","Ghostly","True Grit+1","Flame Barrier+1","Shrug It Off+1","Demon Form+1","Power Through+1","Berserk","Second Wind+1","Exhume","Dark Embrace"],"relics":["Burning Blood","NeowsBlessing","WarpedTongs","Bronze Scales","Red Skull","Smiling Mask","Dream Catcher","Black Star","Orichalcum","Letter Opener","Pen Nib","Ancient Tea Set","Pear","CaptainsWheel","Calipers","Coffee Dripper","Centennial Puzzle","Unceasing Top","Oddly Smooth Stone","Juzu Bracelet","StoneCalendar","Darkstone Periapt","Art of War","ClockworkSouvenir","Toy Ornithopter","Boot"],"acts_visited":["Exordium","TheCity","TheBeyond","TheEnding"],"potions_floor_usage":[6,12,27,38,51,51,56],"damage_taken":[{"damage":0,"enemies":"Small Slimes","floor":1,"turns":1},{"damage":0,"enemies":"Cultist","floor":3,"turns":1},{"damage":1,"enemies":"Jaw Worm","floor":5,"turns":1},{"damage":24,"enemies":"3 Sentries","floor":6,"turns":4},{"damage":28,"enemies":"Gremlin Nob","floor":12,"turns":4},{"damage":5,"enemies":"Looter","floor":14,"turns":2},{"damage":34,"enemies":"The Guardian","floor":16,"turns":12},{"damage":39,"enemies":"Shell Parasite","floor":18,"turns":8},{"damage":2,"enemies":"2 Thieves","floor":20,"turns":4},{"damage":8,"enemies":"Centurion and Healer","floor":22,"turns":7},{"damage":26,"enemies":"Gremlin Leader","floor":24,"turns":7},{"damage":20,"enemies":"Snake Plant","floor":25,"turns":4},{"damage":1,"enemies":"Slavers","floor":27,"turns":5},{"damage":1,"enemies":"Chosen and Byrds","floor":29,"turns":3},{"damage":5,"enemies":"Book of Stabbing","floor":30,"turns":5},{"damage":5,"enemies":"Centurion and Healer","floor":31,"turns":9},{"damage":22,"enemies":"Champ","floor":33,"turns":16},{"damage":12,"enemies":"3 Darklings","floor":35,"turns":10},{"damage":0,"enemies":"Orb Walker","floor":38,"turns":4},{"damage":0,"enemies":"Mind Bloom Boss Battle","floor":39,"turns":9},{"damage":16,"enemies":"Giant Head","floor":40,"turns":8},{"damage":9,"enemies":"Nemesis","floor":42,"turns":12},{"damage":0,"enemies":"Maw","floor":45,"turns":9},{"damage":0,"enemies":"Transient","floor":48,"turns":6},{"damage":55,"enemies":"Time Eater","floor":50,"turns":14},{"damage":0,"enemies":"Awakened One","floor":51,"turns":17},{"damage":0,"enemies":"Shield and Spear","floor":55,"turns":6},{"damage":48,"enemies":"The Heart","floor":56,"turns":8}],"seed_played":"8956290591995854082","potions_obtained":[{"floor":3,"key":"Explosive Potion"},{"floor":5,"key":"Swift Potion"},{"floor":14,"key":"LiquidBronze"},{"floor":16,"key":"PowerPotion"},{"floor":20,"key":"LiquidMemories"},{"floor":22,"key":"DuplicationPotion"},{"floor":25,"key":"BloodPotion"},{"floor":29,"key":"AttackPotion"},{"floor":38,"key":"GamblersBrew"},{"floor":55,"key":"SteroidPotion"}],"is_trial":false,"path_per_floor":["M","?","M","?","M","E","R","?","T","?","T","E","R","M","R","B",null,"M","?","M","$","M","R","E","M","T","E","R","M","E","M","R","B",null,"M","$","?","M","?","E","R","E","T","R","M","T","R","M","R","B","B",null,"R","$","E","B",null],"character_chosen":"IRONCLAD","items_purchased":["Centennial Puzzle","Dark Embrace","SpeedPotion","ClockworkSouvenir"],"campfire_rested":0,"item_purchase_floors":[36,54,54,54],"current_hp_per_floor":[74,74,75,75,75,57,57,57,57,62,62,40,40,44,44,20,70,41,41,45,45,49,49,29,15,15,33,33,42,47,52,52,36,66,64,64,64,84,88,78,78,79,79,79,89,89,89,95,95,46,60,93,93,93,99,62],"gold":64,"neow_bonus":"THREE_ENEMY_KILL","is_daily":false,"chose_seed":false,"campfire_upgraded":10,"win_rate":0.0,"timestamp":1609760489,"path_taken":["M","?","M","?","?","E","R","?","T","?","?","E","R","?","R","BOSS","M","?","M","$","M","R","E","M","T","E","R","M","E","M","R","BOSS","M","$","?","M","?","E","R","E","T","R","M","?","R","M","R","BOSS","BOSS","R","$","E","BOSS"],"items_purchased_type":["Relic","Card","Potion","Relic"],"build_version":"2020-12-22","purchased_purges":3,"victory":true,"max_hp_per_floor":[75,75,75,75,75,75,75,75,75,80,80,80,80,83,83,87,87,91,45,45,45,51,51,51,51,51,64,64,68,72,76,76,76,76,80,80,80,84,88,88,88,92,92,92,96,96,96,96,96,96,104,104,104,104,104,104],"relic_stats":{"Darkstone Periapt":0,"counters":[28,196],"StoneCalendar":[151],"Pen Nib":[13],"Juzu Bracelet":0,"Letter Opener":[351],"Orichalcum":[132],"Smiling Mask":150,"Boot":[0],"Burning Blood":152,"WarpedTongs":[161],"Dream Catcher":0,"Centennial Puzzle":[12],"Bronze Scales":[739],"Black Star":6,"Art of War":[21],"obtain_stats":[{"Darkstone Periapt":42,"Calipers":30,"StoneCalendar":42,"Juzu Bracelet":40,"Smiling Mask":11,"Ancient Tea Set":27,"Boot":55,"Burning Blood":0,"ClockworkSouvenir":54,"Dream Catcher":12,"Centennial Puzzle":36,"Red Skull":9,"Pear":27,"NeowsBlessing":0,"Oddly Smooth Stone":40,"Pen Nib":26,"Letter Opener":24,"Orichalcum":24,"WarpedTongs":4,"CaptainsWheel":30,"Bronze Scales":6,"Black Star":17,"Coffee Dripper":34,"Art of War":46,"Unceasing Top":39,"Toy Ornithopter":55},{"Darkstone Periapt":22,"Calipers":15,"StoneCalendar":22,"Juzu Bracelet":21,"Smiling Mask":4,"Ancient Tea Set":13,"Boot":27,"Burning Blood":0,"ClockworkSouvenir":26,"Dream Catcher":5,"Centennial Puzzle":18,"Red Skull":4,"Pear":13,"NeowsBlessing":0,"Oddly Smooth Stone":21,"Pen Nib":12,"Letter Opener":11,"Orichalcum":11,"WarpedTongs":2,"CaptainsWheel":15,"Bronze Scales":4,"Black Star":7,"Coffee Dripper":17,"Art of War":23,"Unceasing Top":20,"Toy Ornithopter":27},{"Darkstone Periapt":136,"Calipers":68,"StoneCalendar":136,"Juzu Bracelet":124,"Smiling Mask":7,"Ancient Tea Set":60,"Boot":188,"Burning Blood":0,"ClockworkSouvenir":182,"Dream Catcher":11,"Centennial Puzzle":103,"Red Skull":7,"Pear":60,"NeowsBlessing":0,"Oddly Smooth Stone":124,"Pen Nib":55,"Letter Opener":51,"Orichalcum":51,"WarpedTongs":2,"CaptainsWheel":68,"Bronze Scales":7,"Black Star":25,"Coffee Dripper":93,"Art of War":145,"Unceasing Top":116,"Toy Ornithopter":188}],"Unceasing Top":[45],"Toy Ornithopter":5},"card_choices":[{"not_picked":["Clash","Dual Wield"],"picked":"Fire Breathing","floor":1},{"not_picked":["True Grit","Twin Strike"],"picked":"Disarm","floor":3},{"not_picked":["Bloodletting","Havoc"],"picked":"Body Slam","floor":6},{"not_picked":["Heavy Blade","Dual Wield"],"picked":"Feed","floor":12},{"not_picked":["Cleave","Whirlwind"],"picked":"Ghostly Armor","floor":14},{"not_picked":["Juggernaut","Feed"],"picked":"Exhume","floor":16},{"not_picked":["Clothesline","Feel No Pain"],"picked":"Carnage+1","floor":18},{"not_picked":["Thunderclap","Flex"],"picked":"True Grit+1","floor":20},{"not_picked":["Reckless Charge","Infernal Blade"],"picked":"Flame Barrier+1","floor":22},{"not_picked":["Inflame+1","Body Slam","Twin Strike"],"picked":"SKIP","floor":24},{"not_picked":["Pummel+1","Infernal Blade"],"picked":"Shrug It Off","floor":25},{"not_picked":["Anger","Havoc","Warcry"],"picked":"SKIP","floor":27},{"not_picked":["Clash","Sword Boomerang","Iron Wave"],"picked":"SKIP","floor":29},{"not_picked":["Anger","Intimidate","Demon Form"],"picked":"SKIP","floor":30},{"not_picked":["Anger","Intimidate"],"picked":"Demon Form","floor":30},{"not_picked":["Searing Blow","Headbutt"],"picked":"Power Through","floor":31},{"not_picked":["Juggernaut","Reaper"],"picked":"Berserk","floor":33},{"not_picked":["Heavy Blade","Armaments","Perfected Strike"],"picked":"SKIP","floor":35},{"not_picked":["Warcry","Body Slam"],"picked":"Second Wind","floor":38},{"not_picked":["Clothesline","Warcry"],"picked":"Exhume","floor":40},{"not_picked":["Armaments","Searing Blow+1","Pommel Strike"],"picked":"SKIP","floor":42},{"not_picked":["Reckless Charge+1","Body Slam","Shrug It Off"],"picked":"SKIP","floor":45},{"not_picked":["Sentinel","Sword Boomerang","Headbutt+1"],"picked":"SKIP","floor":48},{"not_picked":["Flex+1","Rupture+1","Twin Strike+1"],"picked":"SKIP","floor":55}],"player_experience":3362466,"relics_obtained":[{"floor":6,"key":"Bronze Scales"},{"floor":9,"key":"Red Skull"},{"floor":11,"key":"Smiling Mask"},{"floor":12,"key":"Dream Catcher"},{"floor":24,"key":"Orichalcum"},{"floor":24,"key":"Letter Opener"},{"floor":26,"key":"Pen Nib"},{"floor":27,"key":"Ancient Tea Set"},{"floor":27,"key":"Pear"},{"floor":30,"key":"CaptainsWheel"},{"floor":30,"key":"Calipers"},{"floor":39,"key":"Unceasing Top"},{"floor":40,"key":"Oddly Smooth Stone"},{"floor":40,"key":"Juzu Bracelet"},{"floor":42,"key":"StoneCalendar"},{"floor":42,"key":"Darkstone Periapt"},{"floor":46,"key":"Art of War"},{"floor":55,"key":"Toy Ornithopter"},{"floor":55,"key":"Boot"}],"event_choices":[{"cards_removed":["Strike_R"],"damage_healed":0,"gold_gain":0,"player_choice":"Card Removal","damage_taken":0,"max_hp_gain":0,"max_hp_loss":0,"event_name":"The Cleric","floor":2,"gold_loss":75},{"damage_healed":0,"gold_gain":0,"player_choice":"Rummage","damage_taken":0,"relics_obtained":["WarpedTongs"],"max_hp_gain":0,"max_hp_loss":0,"event_name":"Accursed Blacksmith","floor":4,"gold_loss":0,"cards_obtained":["Pain"]},{"cards_removed":["Strike_R"],"damage_healed":0,"gold_gain":0,"player_choice":"Forget","damage_taken":0,"max_hp_gain":0,"max_hp_loss":0,"event_name":"Living Wall","floor":8,"gold_loss":0},{"damage_healed":0,"gold_gain":0,"player_choice":"Donut","damage_taken":0,"max_hp_gain":5,"max_hp_loss":0,"event_name":"Big Fish","floor":10,"gold_loss":0},{"damage_healed":0,"gold_gain":0,"player_choice":"Became a Ghost","damage_taken":0,"max_hp_gain":0,"max_hp_loss":46,"event_name":"Ghosts","floor":19,"gold_loss":0,"cards_obtained":["Ghostly","Ghostly","Ghostly"]},{"cards_removed":["Carnage"],"damage_healed":0,"gold_gain":0,"player_choice":"Removed Attack","damage_taken":0,"max_hp_gain":0,"max_hp_loss":0,"event_name":"Falling","floor":37,"gold_loss":0},{"damage_healed":0,"gold_gain":0,"player_choice":"Fight","damage_taken":0,"max_hp_gain":0,"max_hp_loss":0,"event_name":"MindBloom","floor":39,"gold_loss":0}],"is_beta":false,"boss_relics":[{"not_picked":["Empty Cage","Black Blood"],"picked":"Black Star"},{"not_picked":["Runic Cube","Astrolabe"],"picked":"Coffee Dripper"}],"items_purged_floors":[21,36,54],"is_endless":false,"potions_floor_spawned":[3,5,14,16,20,22,25,29,38,39,48,55],"ascension_level":20}}