{"host":"wprg2kxo540uzszc","time":1609733488,"event":{"mods":["BaseMod","Bestiary","Better Third Choice","BetterRewards","CapriCore","Conspire","Custom Start","Emptier Cage","Energized Spire","JesterMod","Minty Spire (QoL Compilation)","Permanent Neow","Relic Stats","Shop Mod","Spicy Shops","StSLib","Thieving Mod","Transform Curses","Uncapped"],"gold_per_floor":[109,284,284,300,16,16,35,57,107,141,141,151,151,167,167,262,262,278,278,203,217,136,136,154,154,181,181,194,194,194,194,194,296,346,366,80,90,90,0,0,0,0,0,14,14,26,43,63,63,63],"floor_reached":51,"playtime":3958,"items_purged":["Doubt"],"score":645,"play_id":"c3e791ce-b81f-4a64-8d9e-cfba0185cb97","local_time":"20210103231128","is_ascension_mode":false,"campfire_choices":[{"data":"Flash of Steel","floor":6,"key":"SMITH"},{"floor":13,"key":"REST"},{"data":"jesterMod:Tinker","floor":15,"key":"SMITH"},{"floor":23,"key":"REST"},{"data":"jesterMod:Precipitation","floor":25,"key":"SMITH"},{"data":"jesterMod:Precipitation","floor":27,"key":"SMITH"},{"data":"jesterMod:Precipitation","floor":29,"key":"SMITH"},{"data":"jesterMod:Haste","floor":32,"key":"SMITH"},{"data":"jesterMod:SelfMockery","floor":40,"key":"SMITH"},{"data":"jesterMod:Sickle","floor":42,"key":"SMITH"},{"data":"jesterMod:Precipitation","floor":49,"key":"SMITH"}],"circlet_count":0,"master_deck":["conspire:GhostlyStrike+1","conspire:GhostlyStrike","jesterMod:Sickle+1","conspire:GhostlyDefend+1","conspire:GhostlyDefend+1","conspire:GhostlyDefend+1","jesterMod:Dodge","jesterMod:Prankster","jesterMod:Precipitation+1","Flash of Steel+1","jesterMod:Precipitation+1","jesterMod:Prankster","jesterMod:Squander+1","jesterMod:Tinker+1","jesterMod:SelfMockery+1","jesterMod:Precipitation+1","jesterMod:Haste+1","Writhe","jesterMod:Precipitation+1"],"relics":["jesterMod:JesterCap","Vajra","Boot","Odd Mushroom","War Paint","Girya","Empty Cage","MealTicket","Pantograph","Tiny House","Tingsha","Red Mask","Strawberry"],"acts_visited":["Exordium","TheCity","TheBeyond"],"potions_floor_usage":[21,37,44,44,50,50],"damage_taken":[{"damage":1.0,"enemies":"Cultist","floor":1.0,"turns":3.0},{"damage":3,"enemies":"Jaw Worm","floor":4,"turns":4},{"damage":0,"enemies":"2 Louse","floor":7,"turns":2},{"damage":18,"enemies":"The Mushroom Lair","floor":8,"turns":3},{"damage":3,"enemies":"3 Sentries","floor":10,"turns":5},{"damage":0,"enemies":"Large Slime","floor":12,"turns":3},{"damage":12,"enemies":"Exordium Wildlife","floor":14,"turns":3},{"damage":9,"enemies":"The Guardian","floor":16,"turns":7},{"damage":35,"enemies":"2 Thieves","floor":18,"turns":3},{"damage":2,"enemies":"conspire:FuzzyDice","floor":21,"turns":4},{"damage":0,"enemies":"conspire:HollyBat","floor":24,"turns":7},{"damage":10,"enemies":"Shelled Parasite and Fungi","floor":28,"turns":4},{"damage":35,"enemies":"conspire:MysteriousRune","floor":33,"turns":4},{"damage":28,"enemies":"Orb Walker","floor":35,"turns":5},{"damage":13,"enemies":"3 Darklings","floor":37,"turns":3},{"damage":8,"enemies":"Jaw Worm Horde","floor":44,"turns":3},{"damage":2,"enemies":"Sphere and 2 Shapes","floor":46,"turns":3},{"damage":0,"enemies":"Maw","floor":47,"turns":4},{"damage":0,"enemies":"Transient","floor":48,"turns":5},{"damage":74,"enemies":"conspire:OrnateMirror","floor":50,"turns":6}],"seed_played":"-3282973343462538562","potions_obtained":[{"floor":8,"key":"ColorlessPotion"},{"floor":12,"key":"SteroidPotion"},{"floor":14,"key":"Fire Potion"},{"floor":24,"key":"SneckoOil"},{"floor":33,"key":"Fire Potion"},{"floor":37,"key":"SkillPotion"},{"floor":46,"key":"FearPotion"}],"is_trial":false,"path_per_floor":["M","?","?","M","$","R","M","?","T","E","?","M","R","M","R","B",null,"M","?","?","M","$","R","M","R","T","R","M","R","?","?","R","B",null,"M","$","M","?","?","R","?","R","T","M","$","M","M","M","R","B",null],"character_chosen":"THE_JESTER","items_purchased":["jesterMod:Precipitation","jesterMod:Rebuff","Flash of Steel","jesterMod:Precipitation","jesterMod:Haste","Tingsha"],"campfire_rested":2,"item_purchase_floors":[5,5,5,22,22,36],"current_hp_per_floor":[69,69,55,52,52,52,52,34,34,31,31,31,52,40,40,31,70,35,35,35,33,33,54,54,54,54,54,44,44,44,44,44,9,75,47,62,49,49,49,49,49,49,56,48,63,61,61,61,61,8],"gold":63,"neow_bonus":"RANDOM_COMMON_RELIC","is_daily":false,"chose_seed":false,"campfire_upgraded":9,"win_rate":0.0,"timestamp":1609733488,"path_taken":["M","?","?","M","$","R","M","?","T","E","?","M","R","M","R","BOSS","M","?","?","M","$","R","M","R","T","R","M","R","?","?","R","BOSS","M","$","M","?","?","R","?","R","T","M","?","M","M","?","R","BOSS"],"items_purchased_type":["Card","Card","Card","Card","Card","Relic"],"build_version":"2020-12-22","purchased_purges":1,"victory":true,"max_hp_per_floor":[70,70,70,70,70,70,70,70,70,70,70,70,70,70,70,70,70,70,70,70,70,70,70,70,70,70,70,70,70,70,70,70,70,75,75,75,75,75,75,75,75,75,82,82,82,82,82,82,82,82],"relic_stats":{"counters":[20,81],"Pantograph":21,"MealTicket":30,"Tingsha":[558],"War Paint":["jesterMod:Defend","jesterMod:Defend"],"Boot":[59],"obtain_stats":[{"Girya":10,"Tiny House":34,"Vajra":0,"Tingsha":36,"jesterMod:JesterCap":0,"Odd Mushroom":8,"War Paint":9,"Boot":5,"Empty Cage":17,"Pantograph":31,"Strawberry":43,"MealTicket":26,"Red Mask":39},{"Girya":5,"Tiny House":13,"Vajra":0,"Tingsha":14,"jesterMod:JesterCap":0,"Odd Mushroom":4,"War Paint":4,"Boot":2,"Empty Cage":8,"Pantograph":12,"Strawberry":15,"MealTicket":11,"Red Mask":15},{"Girya":17,"Tiny House":52,"Vajra":0,"Tingsha":57,"jesterMod:JesterCap":0,"Odd Mushroom":12,"War Paint":12,"Boot":7,"Empty Cage":30,"Pantograph":48,"Strawberry":60,"MealTicket":44,"Red Mask":60}]},"card_choices":[{"not_picked":["jesterMod:SmokeScreen","jesterMod:Taunt"],"picked":"jesterMod:Prankster","floor":1.0},{"not_picked":["jesterMod:Prankster","jesterMod:DancingMad"],"picked":"jesterMod:Feint","floor":4},{"not_picked":["jesterMod:Feint","jesterMod:Procrastination"],"picked":"jesterMod:Precipitation","floor":7},{"not_picked":["jesterMod:BouncingKnife","jesterMod:Feint"],"picked":"jesterMod:Prankster","floor":8},{"not_picked":["jesterMod:PerfectDodge","jesterMod:Prankster"],"picked":"jesterMod:Squander","floor":10},{"not_picked":["jesterMod:Anticipation","jesterMod:Loot"],"picked":"jesterMod:Tinker","floor":12},{"not_picked":["jesterMod:Frenzy","jesterMod:Disposophobia"],"picked":"jesterMod:SelfMockery","floor":14},{"not_picked":["jesterMod:Anticipation","jesterMod:Hide+1","jesterMod:DancingMad"],"picked":"SKIP","floor":18},{"not_picked":["jesterMod:Frenzy","jesterMod:Twirl","jesterMod:TrickyDodge"],"picked":"SKIP","floor":21},{"not_picked":["jesterMod:Rebuff","jesterMod:Inspiration","jesterMod:RecklessStrike+1"],"picked":"SKIP","floor":24},{"not_picked":["jesterMod:Talion","jesterMod:QuickStrike+1","jesterMod:Hide"],"picked":"SKIP","floor":28},{"not_picked":["jesterMod:Patience+1","jesterMod:Disposophobia","jesterMod:Rebuff+1"],"picked":"SKIP","floor":35},{"not_picked":["jesterMod:Schizophrenia+1","jesterMod:Illness+1","jesterMod:LaughingGas"],"picked":"SKIP","floor":37},{"not_picked":["jesterMod:Schizophrenia+1","jesterMod:Illness+1","jesterMod:LaughingGas"],"picked":"SKIP","floor":37},{"not_picked":["jesterMod:Disposophobia+1","jesterMod:Inspiration+1","jesterMod:Feint+1"],"picked":"SKIP","floor":44},{"not_picked":["jesterMod:Illness","jesterMod:DancingMad+1","jesterMod:DanceOfChaos+1"],"picked":"SKIP","floor":46},{"not_picked":["jesterMod:SelfMockery","jesterMod:ButterKnife+1","jesterMod:Hide"],"picked":"SKIP","floor":47},{"not_picked":["jesterMod:Feint+1","jesterMod:Hide+1"],"picked":"jesterMod:Precipitation","floor":48}],"player_experience":123621,"relics_obtained":[{"floor":8,"key":"Odd Mushroom"},{"floor":9,"key":"War Paint"},{"floor":10,"key":"Girya"},{"floor":26,"key":"MealTicket"},{"floor":43,"key":"Strawberry"}],"event_choices":[{"damage_healed":0.0,"max_hp_gain":0.0,"max_hp_loss":0.0,"gold_gain":175.0,"event_name":"betterThird:BetterSerpent","player_choice":"AGREE","floor":2.0,"gold_loss":0.0,"damage_taken":109.0},{"damage_healed":69,"gold_gain":0,"player_choice":"Upgrade","damage_taken":14,"max_hp_gain":0,"max_hp_loss":70,"event_name":"betterThird:BetterShining","floor":3,"gold_loss":0,"cards_upgraded":["jesterMod:Strike","jesterMod:Defend"]},{"damage_healed":0,"gold_gain":0,"player_choice":"Fought Mushrooms","damage_taken":0,"max_hp_gain":0,"max_hp_loss":0,"event_name":"Mushrooms","floor":8,"gold_loss":0},{"damage_healed":0,"gold_gain":0,"player_choice":"Agree","damage_taken":0,"max_hp_gain":0,"max_hp_loss":0,"event_name":"conspire:LoneGhost","floor":11,"gold_loss":0},{"damage_healed":0,"gold_gain":0,"player_choice":"Ignored","damage_taken":0,"max_hp_gain":0,"max_hp_loss":0,"event_name":"Ghosts","floor":19,"gold_loss":0},{"cards_removed":["conspire:GhostlyDefend"],"damage_healed":0,"gold_gain":0,"player_choice":"Gave Gold","damage_taken":0,"max_hp_gain":0,"max_hp_loss":0,"event_name":"Beggar","floor":20,"gold_loss":75},{"damage_healed":0,"gold_gain":0,"player_choice":"Ignored","damage_taken":0,"max_hp_gain":0,"max_hp_loss":0,"event_name":"Cursed Tome","floor":30,"gold_loss":0},{"damage_healed":0,"gold_gain":0,"player_choice":"Opened","damage_taken":0,"relics_obtained":["Pantograph"],"max_hp_gain":0,"max_hp_loss":0,"event_name":"The Mausoleum","floor":31,"gold_loss":0,"cards_obtained":["Writhe"]},{"cards_removed":["conspire:GhostlyStrike"],"damage_healed":0,"gold_gain":0,"player_choice":"Removed Attack","damage_taken":0,"max_hp_gain":0,"max_hp_loss":0,"event_name":"Falling","floor":38,"gold_loss":0},{"damage_healed":0,"gold_gain":0,"player_choice":"Paid","damage_taken":0,"relics_obtained":["Red Mask"],"max_hp_gain":0,"max_hp_loss":0,"event_name":"Tomb of Lord Red Mask","floor":39,"gold_loss":90},{"damage_healed":0,"gold_gain":0,"player_choice":"Ignored","damage_taken":0,"max_hp_gain":0,"max_hp_loss":0,"event_name":"Mysterious Sphere","floor":41,"gold_loss":0}],"is_beta":false,"boss_relics":[{"not_picked":["energizedSpire:DeadBattery","energizedSpire:EnergizedDie"],"picked":"Empty Cage"},{"not_picked":["Runic Dome","Calling Bell"],"picked":"Tiny House"}],"items_purged_floors":[5],"is_endless":false,"potions_floor_spawned":[8,12,14,24,33,37,46],"ascension_level":0}}