{"host":"tr12w2fixbnujl15","time":1609797460,"event":{"mods":["2.2 Compatiblity","BaseMod","Better Skull","BetterRewards","Colored Powertips","Evolution","Hubris","Infinite Spire","Minty Spire (QoL Compilation)","Quick Restart","Replay The Spire","Shop Mod","StSLib","SuperFastMode","The Necromancer","The Sage","The Senshi","The Servant 0.9.4","The Spell Scribe","TheFirefly","WarShipGirlsR/????R mod"],"gold_per_floor":[114,114,229,248,264,264,288,288,288,300,300,300,313,29,29,152,152,165,165,186,227,227,227],"floor_reached":22,"playtime":647,"items_purged":[],"score":174,"play_id":"c10f2521-4f71-4079-b47e-f7ddd3c491b9","local_time":"20210104165740","is_ascension_mode":false,"campfire_choices":[{"floor":6,"key":"REST"},{"floor":8,"key":"REST"},{"data":"rmod:saltedfish","floor":15,"key":"SMITH"}],"circlet_count":0,"master_deck":["rmod:strick","rmod:strick","rmod:strick","rmod:strick+1","rmod:defend","rmod:defend","rmod:defend","rmod:defend+1","rmod:basicallowance","rmod:maingunfire","rmod:unsinkable","hubris:Fate+1","rmod:combined","rmod:unsinkable","rmod:firesupport+1","rmod:luckystar","rmod:saltedfish+1","rmod:chargemoney","rmod:auspiciousomen","rmod:supportescort","Looming Evil","rmod:chargemoney","rmod:sl"],"relics":["rmod:firstchargereward","EVO:Axolotl","NeowsBlessing","Odd Mushroom","MealTicket","Golden Idol","Whetstone","hubris:ScarierMask","Turnip","Red Mask"],"acts_visited":["Exordium","TheCity"],"potions_floor_usage":[14,18,18],"damage_taken":[{"damage":0,"enemies":"Jaw Worm","floor":1,"turns":1},{"damage":0,"enemies":"2 Louse","floor":4,"turns":1},{"damage":0,"enemies":"Cultist","floor":5,"turns":1},{"damage":0,"enemies":"The Mushroom Lair","floor":7,"turns":1},{"damage":0,"enemies":"Large Slime","floor":10,"turns":4},{"damage":1,"enemies":"Looter","floor":13,"turns":2},{"damage":26,"enemies":"Fading Forest","floor":16,"turns":11},{"damage":0,"enemies":"2 Thieves","floor":18,"turns":2},{"damage":13,"enemies":"Spheric Guardian","floor":20,"turns":5},{"damage":30,"enemies":"Masked Bandits","floor":21,"turns":5},{"damage":41,"enemies":"Snake Plant","floor":22,"turns":6}],"seed_played":"-5078780165807868496","potions_obtained":[{"floor":1,"key":"Swift Potion"},{"floor":7,"key":"PowerPotion"},{"floor":16,"key":"LifebloodPotion"},{"floor":20,"key":"Adrenaline Potion"}],"is_trial":false,"path_per_floor":["M","?","?","M","M","R","?","R","T","M","?","?","M","$","R","B",null,"M","?","M","?","M"],"character_chosen":"PRAEFECT","items_purchased":["rmod:chargemoney","Fruit Juice","Whetstone"],"campfire_rested":2,"item_purchase_floors":[14,14,14],"current_hp_per_floor":[75,58,38,38,38,60,60,75,75,75,75,57,56,76,76,50,80,80,80,67,37,0,0],"gold":227,"neow_bonus":"THREE_ENEMY_KILL","is_daily":false,"chose_seed":false,"campfire_upgraded":1,"win_rate":0.0,"timestamp":1609797460,"path_taken":["M","?","?","M","?","R","?","R","T","M","?","?","M","?","R","BOSS","M","?","M","?","M"],"items_purchased_type":["Card","Potion","Relic"],"build_version":"2020-12-22","purchased_purges":0,"victory":false,"max_hp_per_floor":[75,75,75,75,75,75,75,75,75,75,75,75,75,80,80,80,80,80,80,80,80,80,80],"card_choices":[{"not_picked":["rmod:openingtorpedo","rmod:advancebysurprise"],"picked":"rmod:unsinkable","floor":1},{"not_picked":["infinitespire:Fortify","ReplayTheSpireMod:Black Plague"],"picked":"hubris:Fate","floor":2},{"not_picked":["rmod:steelsupply","rmod:ammunitionsupply"],"picked":"rmod:combined","floor":4},{"not_picked":["rmod:fuelsupply","rmod:steelsupply"],"picked":"rmod:unsinkable","floor":5},{"not_picked":["rmod:shuttlebombing","rmod:spoils"],"picked":"rmod:firesupport","floor":7},{"not_picked":["rmod:aluminumsupply","rmod:smokecover"],"picked":"rmod:luckystar","floor":10},{"not_picked":["rmod:generalist","rmod:spoils"],"picked":"rmod:saltedfish","floor":13},{"not_picked":["rmod:seals","rmod:stealaluminum"],"picked":"rmod:auspiciousomen","floor":16},{"not_picked":["rmod:tearstotiara","rmod:combined+1"],"picked":"rmod:supportescort","floor":18},{"not_picked":["rmod:combined","rmod:aluminumsupply+1"],"picked":"rmod:chargemoney","floor":20},{"not_picked":["rmod:wolves+1","rmod:fuelsupply"],"picked":"rmod:sl","floor":21}],"player_experience":25885,"relics_obtained":[{"floor":7,"key":"Odd Mushroom"},{"floor":9,"key":"MealTicket"},{"floor":21,"key":"Red Mask"}],"event_choices":[{"damage_healed":0,"gold_gain":115,"player_choice":"UP GO ","damage_taken":23,"relics_obtained":[],"max_hp_gain":0,"max_hp_loss":0,"event_name":"betterSkull:BetterSkull","floor":3,"gold_loss":0,"cards_upgraded":["rmod:defend"]},{"damage_healed":0,"gold_gain":0,"player_choice":"Fought Mushrooms","damage_taken":0,"max_hp_gain":0,"max_hp_loss":0,"event_name":"Mushrooms","floor":7,"gold_loss":0},{"damage_healed":0,"gold_gain":0,"player_choice":"Take Damage","damage_taken":18,"relics_obtained":["Golden Idol"],"max_hp_gain":0,"max_hp_loss":0,"event_name":"Golden Idol","floor":12,"gold_loss":0},{"damage_healed":0,"gold_gain":0,"player_choice":"Fought Bandits","damage_taken":0,"max_hp_gain":0,"max_hp_loss":0,"event_name":"Masked Bandits","floor":21,"gold_loss":0}],"is_beta":false,"boss_relics":[{"not_picked":["infinitespire:Cupcake","Coffee Dripper"],"picked":"hubris:ScarierMask"}],"items_purged_floors":[],"is_endless":false,"potions_floor_spawned":[1,7,16,20],"killed_by":"Snake Plant","ascension_level":0}}