{"host":"novohdx135h0xyrr","time":1609790151,"event":{"mods":["BaseMod","Colored Map","Colored Powertips","Highlight Path","Minty Spire (QoL Compilation)"],"gold_per_floor":[118,73,92,72,90,90,124,44,96,96,113,131,131,147,147,250,250,263,134,152,164,197,197,97,127,207,207,207,225,237,305,305,305,305],"floor_reached":33,"playtime":2097,"items_purged":["Strike_R","Strike_R"],"score":323,"play_id":"6781649c-a0b6-4076-bff3-f271c580c4e9","local_time":"20210104115551","is_ascension_mode":true,"campfire_choices":[{"data":"Pommel Strike","floor":6.0,"key":"SMITH"},{"data":"Inflame","floor":10.0,"key":"SMITH"},{"data":"Shrug It Off","floor":13.0,"key":"SMITH"},{"data":"Twin Strike","floor":15.0,"key":"SMITH"},{"data":"Heavy Blade","floor":23,"key":"SMITH"},{"data":"Heavy Blade","floor":28,"key":"SMITH"},{"floor":32,"key":"REST"}],"circlet_count":0,"master_deck":["Strike_R","Strike_R","Strike_R","Defend_R","Defend_R","Defend_R","Defend_R","Bash","Pommel Strike+1","Iron Wave","Iron Wave","Inflame+1","Twin Strike+1","Shrug It Off+1","Headbutt","Heavy Blade+1","Heavy Blade+1","Flame Barrier+1","Heavy Blade+1","Pommel Strike+1","Twin Strike+1"],"relics":["Burning Blood","NeowsBlessing","Vajra","Strawberry","Velvet Choker","Red Mask","Nunchaku","Molten Egg 2","SsserpentHead"],"acts_visited":["Exordium","TheCity"],"potions_floor_usage":[20,22,30,33],"damage_taken":[{"damage":0.0,"enemies":"Cultist","floor":1.0,"turns":1.0},{"damage":0.0,"enemies":"2 Louse","floor":3.0,"turns":1.0},{"damage":0.0,"enemies":"Jaw Worm","floor":5.0,"turns":1.0},{"damage":35.0,"enemies":"3 Sentries","floor":7.0,"turns":10.0},{"damage":6.0,"enemies":"2 Fungi Beasts","floor":11.0,"turns":4.0},{"damage":6.0,"enemies":"Looter","floor":12.0,"turns":2.0},{"damage":1.0,"enemies":"Exordium Wildlife","floor":14.0,"turns":2.0},{"damage":89.0,"enemies":"The Guardian","floor":16.0,"turns":10.0},{"damage":15.0,"enemies":"Shell Parasite","floor":18.0,"turns":5.0},{"damage":5,"enemies":"3 Byrds","floor":20,"turns":6},{"damage":4,"enemies":"Centurion and Healer","floor":21,"turns":5},{"damage":40,"enemies":"Masked Bandits","floor":22,"turns":5},{"damage":25,"enemies":"Book of Stabbing","floor":25,"turns":5},{"damage":27,"enemies":"Snake Plant","floor":29,"turns":4},{"damage":13,"enemies":"Snecko","floor":30,"turns":3},{"damage":0,"enemies":"Cultist and Chosen","floor":31,"turns":6},{"damage":75,"enemies":"Automaton","floor":33,"turns":6}],"seed_played":"6325725684146693308","potions_obtained":[{"floor":3.0,"key":"Block Potion"},{"floor":4.0,"key":"FairyPotion"},{"floor":7.0,"key":"FairyPotion"},{"floor":16.0,"key":"Dexterity Potion"},{"floor":20,"key":"SkillPotion"},{"floor":25,"key":"Strength Potion"},{"floor":31,"key":"SmokeBomb"}],"is_trial":false,"path_per_floor":["M","$","M","?","M","R","E","$","T","R","M","M","R","M","R","B",null,"M","$","M","M","?","R","$","E","T","?","R","M","M","M","R","B"],"character_chosen":"IRONCLAD","items_purchased":["Pommel Strike","Inflame","Heavy Blade"],"campfire_rested":1,"item_purchase_floors":[2,8,19],"current_hp_per_floor":[80,80,80,80,80,80,51,51,58,58,58,58,58,63,63,12,87,78,78,79,81,47,47,47,28,28,28,28,7,32,38,64,0,0],"gold":305,"neow_bonus":"THREE_ENEMY_KILL","is_daily":false,"chose_seed":false,"campfire_upgraded":6,"win_rate":0.0,"timestamp":1609790151,"path_taken":["M","$","M","?","?","R","E","?","T","R","M","M","R","M","R","BOSS","M","?","?","M","?","R","$","E","T","?","R","M","M","?","R","BOSS"],"items_purchased_type":["Card","Card","Card"],"build_version":"2020-12-22","purchased_purges":2,"victory":false,"max_hp_per_floor":[80,80,80,80,80,80,80,80,87,87,87,87,87,87,87,87,87,87,87,87,87,87,87,87,87,87,87,87,87,87,87,87,87,87],"card_choices":[{"not_picked":["Perfected Strike","Dual Wield","Cleave"],"picked":"SKIP","floor":1.0},{"not_picked":["Hemokinesis","Sentinel"],"picked":"Iron Wave","floor":3.0},{"not_picked":["Wild Strike","Clash"],"picked":"Iron Wave","floor":5.0},{"not_picked":["Shockwave","Juggernaut","Evolve"],"picked":"SKIP","floor":7.0},{"not_picked":["Reckless Charge","Disarm"],"picked":"Twin Strike","floor":11.0},{"not_picked":["Sword Boomerang","Thunderclap"],"picked":"Shrug It Off","floor":12.0},{"not_picked":["Bloodletting","Pummel"],"picked":"Headbutt","floor":14.0},{"not_picked":["Seeing Red","Clash+1","Armaments"],"picked":"SKIP","floor":18.0},{"not_picked":["Twin Strike","Sword Boomerang"],"picked":"Heavy Blade+1","floor":20},{"not_picked":["Juggernaut","Thunderclap"],"picked":"Flame Barrier+1","floor":21},{"not_picked":["Intimidate","Infernal Blade"],"picked":"Heavy Blade","floor":25},{"not_picked":["Seeing Red","Spot Weakness+1"],"picked":"Pommel Strike+1","floor":29},{"not_picked":["Cleave+1","Warcry","Anger+1"],"picked":"SKIP","floor":30},{"not_picked":["Clothesline+1","Perfected Strike+1"],"picked":"Twin Strike+1","floor":31}],"player_experience":206108,"relics_obtained":[{"floor":7.0,"key":"Vajra"},{"floor":9.0,"key":"Strawberry"},{"floor":22,"key":"Red Mask"},{"floor":25,"key":"Nunchaku"},{"floor":26,"key":"Molten Egg 2"}],"event_choices":[{"damage_healed":0.0,"max_hp_gain":0.0,"max_hp_loss":0.0,"gold_gain":0.0,"event_name":"The Woman in Blue","player_choice":"Bought 1 Potion","floor":4.0,"gold_loss":0.0,"damage_taken":0.0},{"damage_healed":0,"gold_gain":0,"player_choice":"Fought Bandits","damage_taken":0,"max_hp_gain":0,"max_hp_loss":0,"event_name":"Masked Bandits","floor":22,"gold_loss":0},{"damage_healed":0,"gold_gain":0,"player_choice":"Trade","damage_taken":0,"relics_obtained":["SsserpentHead"],"max_hp_gain":0,"max_hp_loss":0,"event_name":"FaceTrader","floor":27,"gold_loss":0}],"is_beta":false,"boss_relics":[{"not_picked":["Empty Cage","Black Star"],"picked":"Velvet Choker"}],"items_purged_floors":[19,24],"is_endless":false,"potions_floor_spawned":[3,7,11,16,20,21,25,31],"killed_by":"Automaton","ascension_level":4}}