{"host":"dh8vptmequbrae31","time":1609794870,"event":{"mods":["2.2 Compatiblity","AchievementEnabler","BaseMod","Colored Map","Evolution","Minty Spire (QoL Compilation)","Td1madao Mod"],"gold_per_floor":[113,82,32,32,42,42,60,60,60,88,108,123,123,157,157,256,256,276,293,208,227,227,260,260,260],"floor_reached":24,"playtime":2142,"items_purged":[],"score":262,"play_id":"28bdea44-22f1-4a0a-827c-5681503042ec","local_time":"20210104161430","is_ascension_mode":true,"campfire_choices":[{"data":"Eruption","floor":6,"key":"SMITH"},{"data":"ClearTheMind","floor":8,"key":"SMITH"},{"data":"1","floor":15,"key":"LIFT"}],"circlet_count":0,"master_deck":["SashWhip","SashWhip","Strike_P","Strike_P","Defend_P","Defend_P","Defend_P","Eruption+1","Vigilance","ClearTheMind+1","EmptyFist","FlyingSleeves","FollowUp","Indignation","Nirvana","Devotion","FlurryOfBlows","Ghostly","Ghostly","Ghostly","Ghostly","Ghostly"],"relics":["PureWater","EVO:Axolotl","Strawberry","Thread and Needle","Girya","InkBottle","Runic Pyramid","Matryoshka","Eternal Feather"],"acts_visited":["Exordium","TheCity"],"potions_floor_usage":[11,16,24],"damage_taken":[{"damage":2,"enemies":"2 Louse","floor":1,"turns":4},{"damage":1,"enemies":"Small Slimes","floor":5,"turns":3},{"damage":0,"enemies":"Jaw Worm","floor":7,"turns":2},{"damage":2,"enemies":"3 Sentries","floor":10,"turns":6},{"damage":0,"enemies":"Lots of Slimes","floor":11,"turns":4},{"damage":0,"enemies":"Exordium Wildlife","floor":12,"turns":3},{"damage":10,"enemies":"Gremlin Nob","floor":14,"turns":3},{"damage":14,"enemies":"Hexaghost","floor":16,"turns":7},{"damage":18,"enemies":"Spheric Guardian","floor":18,"turns":4},{"damage":12,"enemies":"2 Thieves","floor":19,"turns":3},{"damage":15,"enemies":"Chosen and Byrds","floor":21,"turns":3},{"damage":26,"enemies":"Book of Stabbing","floor":23,"turns":6},{"damage":8,"enemies":"Shelled Parasite and Fungi","floor":24,"turns":1}],"seed_played":"8969957017086866862","potions_obtained":[{"floor":5,"key":"Dexterity Potion"},{"floor":12,"key":"Ancient Potion"},{"floor":16,"key":"Strength Potion"},{"floor":23,"key":"Weak Potion"}],"is_trial":false,"path_per_floor":["M","?","?","?","M","R","M","R","T","E","M","M","?","E","R","B",null,"M","M","?","M","?","E","M"],"character_chosen":"WATCHER","items_purchased":[],"campfire_rested":0,"item_purchase_floors":[],"current_hp_per_floor":[77,77,77,70,69,69,69,69,69,67,67,67,67,57,57,43,79,61,49,49,34,34,8,0,0],"gold":260,"neow_bonus":"RANDOM_COMMON_RELIC","is_daily":false,"chose_seed":false,"campfire_upgraded":2,"win_rate":0.0,"timestamp":1609794870,"path_taken":["M","?","?","?","M","R","M","R","T","E","M","M","?","E","R","BOSS","M","M","?","M","?","E","M"],"items_purchased_type":[],"build_version":"2020-12-22","purchased_purges":0,"victory":false,"max_hp_per_floor":[79,79,79,79,79,79,79,79,79,79,79,79,79,79,79,79,79,79,79,79,79,39,39,39,39],"card_choices":[{"not_picked":["Crescendo","Pray"],"picked":"ClearTheMind","floor":1},{"not_picked":["Consecrate","PathToVictory"],"picked":"EmptyFist","floor":5},{"not_picked":["Meditate","Halt"],"picked":"FlyingSleeves","floor":7},{"not_picked":["DevaForm","EmptyFist","ClearTheMind"],"picked":"SKIP","floor":10},{"not_picked":["DevaForm","EmptyFist","ClearTheMind"],"picked":"SKIP","floor":10},{"not_picked":["Conclude","Swivel"],"picked":"FollowUp","floor":11},{"not_picked":["Prostrate","EmptyBody"],"picked":"Indignation","floor":12},{"not_picked":["Wish","Pray"],"picked":"Nirvana","floor":14},{"not_picked":["Brilliance","Omniscience"],"picked":"Devotion","floor":16},{"not_picked":["InnerPeace","Indignation"],"picked":"FlurryOfBlows","floor":18},{"not_picked":["WindmillStrike+1","EmptyBody","Consecrate"],"picked":"SKIP","floor":19},{"not_picked":["PathToVictory+1","WaveOfTheHand","EmptyBody+1"],"picked":"SKIP","floor":21},{"not_picked":["Ragnarok","Prostrate","WindmillStrike"],"picked":"SKIP","floor":23}],"player_experience":203095,"relics_obtained":[{"floor":10,"key":"Girya"},{"floor":14,"key":"InkBottle"},{"floor":23,"key":"Eternal Feather"}],"event_choices":[{"damage_healed":0,"gold_gain":0,"player_choice":"Left Gold","damage_taken":0,"max_hp_gain":0,"max_hp_loss":0,"event_name":"World of Goop","floor":2,"gold_loss":31},{"cards_removed":["Defend_P"],"damage_healed":0,"gold_gain":0,"player_choice":"Card Removal","damage_taken":0,"max_hp_gain":0,"max_hp_loss":0,"event_name":"The Cleric","floor":3,"gold_loss":50},{"damage_healed":0,"gold_gain":0,"player_choice":"Success","damage_taken":7,"relics_obtained":["Thread and Needle"],"max_hp_gain":0,"max_hp_loss":0,"event_name":"Scrap Ooze","floor":4,"gold_loss":0},{"damage_healed":0,"gold_gain":0,"player_choice":"Ignored","damage_taken":0,"max_hp_gain":0,"max_hp_loss":0,"event_name":"Liars Game","floor":13,"gold_loss":0},{"damage_healed":0,"gold_gain":0,"player_choice":"Obtained Relic","damage_taken":0,"relics_obtained":["Matryoshka"],"max_hp_gain":0,"max_hp_loss":0,"event_name":"Addict","floor":20,"gold_loss":85},{"damage_healed":0,"gold_gain":0,"player_choice":"Became a Ghost","damage_taken":0,"max_hp_gain":0,"max_hp_loss":40,"event_name":"Ghosts","floor":22,"gold_loss":0,"cards_obtained":["Ghostly","Ghostly","Ghostly","Ghostly","Ghostly"]}],"is_beta":false,"boss_relics":[{"not_picked":["HolyWater","Tiny House"],"picked":"Runic Pyramid"}],"items_purged_floors":[],"is_endless":false,"potions_floor_spawned":[5,12,16,23],"killed_by":"Shelled Parasite and Fungi","ascension_level":1}}