{"host":"61xbmbtf5zrn7rzc","time":1609751874,"event":{"mods":["BaseMod","Challenge The Spire","Hubris","Minty Spire (QoL Compilation)","Replay The Spire","StSLib","SuperFastMode","The Marked"],"gold_per_floor":[16,31,31,31,50,79,79,106,106,119,119,136,154,167,167,272,272,286,300,300,300,28,62,262,262,262,262,279,99,99,48,48,48,48],"floor_reached":33,"playtime":1305,"items_purged":["theMarked:Strike","theMarked:Strike"],"score":300,"play_id":"5a3f5fb5-4f8b-4927-80e4-90dcb966f09e","local_time":"20210104041754","is_ascension_mode":false,"campfire_choices":[{"data":"theMarked:BindingBlade","floor":7,"key":"SMITH"},{"data":"theMarked:SoldierOfQuellstein","floor":11,"key":"SMITH"},{"data":"theMarked:WardOff","floor":15,"key":"SMITH"},{"floor":25,"key":"REST"},{"data":"theMarked:AttractMetal","floor":27,"key":"SMITH"},{"data":"theMarked:ComboAttacks","floor":30,"key":"SMITH"},{"floor":32,"key":"DIG"}],"circlet_count":0,"master_deck":["theMarked:Strike","theMarked:Strike","theMarked:Strike","theMarked:Defend","theMarked:Defend","theMarked:Defend","theMarked:Defend","theMarked:SoldierOfQuellstein+1","theMarked:FavorableWinds","theMarked:GodGivenPower","theMarked:HeightenedSenses","theMarked:BindingBlade+1","theMarked:WardOff+1","theMarked:SuspiciousRaven","theMarked:EmpowerWeapon+1","theMarked:AttractMetal+1","theMarked:RogueSparks","theMarked:WardOff+1","theMarked:WardOff+1","theMarked:WardOff+1","theMarked:ComboAttacks+1","theMarked:Improvise"],"relics":["theMarked:ArtifactOfAir","NlothsMask","Unceasing Top","Oddly Smooth Stone","Sozu","BargainBundle","Tiny Chest","Replay:Bottled Eggs","Toxic Egg 2"],"acts_visited":["Exordium","TheCity"],"potions_floor_usage":[6,16,16,16,33],"damage_taken":[{"damage":0,"enemies":"2 Louse","floor":1,"turns":3},{"damage":0,"enemies":"Cultist","floor":2,"turns":4},{"damage":6,"enemies":"Jaw Worm","floor":5,"turns":4},{"damage":1,"enemies":"3 Sentries","floor":6,"turns":9},{"damage":21,"enemies":"Lagavulin","floor":8,"turns":7},{"damage":0,"enemies":"2 Fungi Beasts","floor":10,"turns":5},{"damage":1,"enemies":"Red Slaver","floor":12,"turns":4},{"damage":3,"enemies":"Exordium Wildlife","floor":13,"turns":5},{"damage":0,"enemies":"Blue Slaver","floor":14,"turns":3},{"damage":28,"enemies":"The Guardian","floor":16,"turns":12},{"damage":9,"enemies":"3 Byrds","floor":18,"turns":7},{"damage":2,"enemies":"Shell Parasite","floor":19,"turns":4},{"damage":49,"enemies":"Slavers","floor":23,"turns":8},{"damage":0,"enemies":"Centurion and Healer","floor":28,"turns":7},{"damage":64,"enemies":"Collector","floor":33,"turns":6}],"seed_played":"-8613933887661075222","potions_obtained":[{"floor":5,"key":"BlessingOfTheForge"},{"floor":8,"key":"Milkshake"},{"floor":10,"key":"PowerPotion"},{"floor":13,"key":"Venom Potion"},{"floor":16,"key":"SpeedPotion"}],"is_trial":false,"path_per_floor":["M","M","$","?","M","E","R","E","T","M","R","M","M","M","R","B",null,"M","M","?","?","$","E","?","R","T","R","M","$","R","$","R","B"],"character_chosen":"THE_DEFAULT","items_purchased":["BargainBundle","theMarked:AttractMetal","theMarked:RogueSparks","theMarked:WardOff","theMarked:ComboAttacks","theMarked:Improvise"],"campfire_rested":1,"item_purchase_floors":[22,22,22,22,29,31],"current_hp_per_floor":[70,70,70,70,64,63,63,42,42,42,42,41,38,38,38,10,70,61,59,59,59,59,10,10,31,31,31,31,31,31,31,31,0,0],"gold":48,"neow_bonus":"THREE_RARE_CARDS","is_daily":false,"chose_seed":false,"campfire_upgraded":5,"win_rate":0.0,"timestamp":1609751874,"path_taken":["M","M","$","?","M","E","R","E","T","?","R","M","M","M","R","BOSS","M","?","?","?","$","E","?","R","T","R","M","$","R","$","R","BOSS"],"items_purchased_type":["Relic","Card","Card","Card","Card","Card"],"build_version":"2020-12-22","purchased_purges":2,"victory":false,"max_hp_per_floor":[70,70,70,70,70,70,70,70,70,70,70,70,70,70,70,70,70,70,70,70,70,70,70,70,70,70,70,70,70,70,70,70,70,70],"card_choices":[{"not_picked":["theMarked:MuscleMemory","theMarked:Levitate"],"picked":"theMarked:FavorableWinds","floor":0},{"not_picked":["theMarked:WastefulAttack","theMarked:Parkour","theMarked:MysticalArsenal"],"picked":"SKIP","floor":1},{"not_picked":["theMarked:TwofoldDefense","theMarked:WastefulAttack"],"picked":"theMarked:GodGivenPower","floor":2},{"not_picked":["theMarked:EmpowerWeapon","theMarked:ResourceFulStrike"],"picked":"theMarked:HeightenedSenses","floor":5},{"not_picked":["theMarked:Aftermath","theMarked:SwordAndMagic"],"picked":"theMarked:BindingBlade","floor":6},{"not_picked":["theMarked:ContemptForTheProud","theMarked:Improvise","theMarked:KeepCalmAndFightOn"],"picked":"SKIP","floor":8},{"not_picked":["theMarked:ChainLightning","theMarked:TakeCover","theMarked:Parry"],"picked":"SKIP","floor":10},{"not_picked":["theMarked:Parkour","theMarked:BanishingStrike"],"picked":"theMarked:WardOff","floor":12},{"not_picked":["theMarked:Aftermath","theMarked:WastefulAttack","theMarked:Standoff"],"picked":"SKIP","floor":13},{"not_picked":["theMarked:CreepingChasm","theMarked:WastefulAttack","theMarked:RepellingDischarge"],"picked":"SKIP","floor":14},{"not_picked":["theMarked:TakeOffHeels","theMarked:Challenge"],"picked":"theMarked:SuspiciousRaven","floor":16},{"not_picked":["theMarked:RepellingDischarge+1","theMarked:RogueSparks"],"picked":"theMarked:EmpowerWeapon","floor":18},{"not_picked":["theMarked:BanishingWave","theMarked:ElectricStrings+1","theMarked:WastefulDefense"],"picked":"SKIP","floor":19},{"not_picked":["theMarked:RepellingDischarge","theMarked:Aftermath","theMarked:BanishingStrike"],"picked":"SKIP","floor":23},{"not_picked":["theMarked:Indomitable","theMarked:Improvise+1"],"picked":"theMarked:WardOff","floor":28}],"player_experience":91739,"relics_obtained":[{"floor":6,"key":"Unceasing Top"},{"floor":8,"key":"Oddly Smooth Stone"},{"floor":23,"key":"Tiny Chest"},{"floor":26,"key":"Replay:Bottled Eggs"},{"floor":32,"key":"Toxic Egg 2"}],"event_choices":[{"damage_healed":0,"gold_gain":0,"player_choice":"Trade","damage_taken":0,"relics_obtained":["NlothsMask"],"max_hp_gain":0,"max_hp_loss":0,"event_name":"FaceTrader","floor":4,"gold_loss":0},{"damage_healed":0,"gold_gain":0,"player_choice":"Ignored","damage_taken":0,"max_hp_gain":0,"max_hp_loss":0,"event_name":"Ghosts","floor":21,"gold_loss":0},{"damage_healed":0,"gold_gain":200,"player_choice":"Gold","damage_taken":0,"max_hp_gain":0,"max_hp_loss":0,"event_name":"Wheel of Change","floor":24,"gold_loss":0}],"is_beta":false,"boss_relics":[{"not_picked":["Honey Jar","SacredBark"],"picked":"Sozu"}],"items_purged_floors":[22,29],"is_endless":false,"potions_floor_spawned":[5,8,10,13,16,19,28],"killed_by":"Collector","ascension_level":0}}