{"host":"cv77zuuuekizn3ic","time":1609744754,"event":{"mods":["AchievementEnabler","BaseMod","Marisa£®ÏF”Í°°ƒß¿Ì…≥£©","Minty Spire (QoL Compilation)","StSLib","Waifu the Spire","everything is the same but u backflip on backflip","slay the spire mod where everything is the same but ironclad has a cowboy hat"],"gold_per_floor":[110,210,224,244,255,255,281,281,281,1,12,30,60,135,135,236,236,252,252,252,4,19,47,59,93,93,128,147,147,147,158,158,158,158],"floor_reached":33,"playtime":1461,"items_purged":["Strike_B"],"score":496,"play_id":"47277c52-0b58-48be-9e17-05d3106cd555","local_time":"20210104151914","is_ascension_mode":true,"campfire_choices":[{"data":"Defragment","floor":6.0,"key":"SMITH"},{"data":"Defragment","floor":8.0,"key":"SMITH"},{"data":"Fission","floor":15.0,"key":"SMITH"},{"data":"Fission","floor":30.0,"key":"SMITH"},{"data":"Buffer","floor":32.0,"key":"SMITH"}],"circlet_count":0,"master_deck":["Strike_B","Strike_B","Defend_B","Defend_B","Defend_B","Defend_B","Zap","Dualcast","Defragment+1","Force Field","Defragment+1","Tempest","Core Surge+1","Glacier","Coolheaded","White Noise","Fission+1","Buffer+1","Compile Driver+1","Sweeping Beam+1","Fission+1","Meteor Strike+1","Blizzard+1"],"relics":["Cracked Core","NeowsBlessing","Molten Egg 2","Sundial","Akabeko","Nuclear Battery","OrangePellets","Frozen Egg 2","Ginger","Eternal Feather","Ornamental Fan"],"acts_visited":["Exordium","TheCity"],"potions_floor_usage":[33],"damage_taken":[{"damage":0.0,"enemies":"Cultist","floor":1.0,"turns":1.0},{"damage":0.0,"enemies":"Small Slimes","floor":3.0,"turns":1.0},{"damage":0.0,"enemies":"2 Louse","floor":4.0,"turns":1.0},{"damage":9.0,"enemies":"Looter","floor":5.0,"turns":4.0},{"damage":18.0,"enemies":"Gremlin Nob","floor":7.0,"turns":4.0},{"damage":0.0,"enemies":"Large Slime","floor":11.0,"turns":5.0},{"damage":0.0,"enemies":"3 Louse","floor":12.0,"turns":3.0},{"damage":0.0,"enemies":"Lagavulin","floor":13.0,"turns":8.0},{"damage":11.0,"enemies":"Hexaghost","floor":16.0,"turns":9.0},{"damage":0.0,"enemies":"Shell Parasite","floor":18.0,"turns":5.0},{"damage":0.0,"enemies":"Chosen","floor":22.0,"turns":3.0},{"damage":8.0,"enemies":"Book of Stabbing","floor":23.0,"turns":7.0},{"damage":23.0,"enemies":"Centurion and Healer","floor":24.0,"turns":6.0},{"damage":10.0,"enemies":"Slavers","floor":25.0,"turns":2.0},{"damage":9.0,"enemies":"Book of Stabbing","floor":27.0,"turns":4.0},{"damage":0.0,"enemies":"Sentry and Sphere","floor":28.0,"turns":4.0},{"damage":6.0,"enemies":"Cultist and Chosen","floor":31.0,"turns":4.0},{"damage":33,"enemies":"Automaton","floor":33,"turns":6}],"seed_played":"-8789562084646962430","potions_obtained":[{"floor":1.0,"key":"EntropicBrew"},{"floor":3.0,"key":"Block Potion"},{"floor":7.0,"key":"FocusPotion"},{"floor":13.0,"key":"PowerPotion"},{"floor":16.0,"key":"LiquidBronze"},{"floor":22.0,"key":"SteroidPotion"},{"floor":28.0,"key":"Strength Potion"}],"is_trial":false,"path_per_floor":["M","?","M","M","M","R","E","R","T","$","M","M","E","?","R","B",null,"M","?","?","$","M","E","M","E","T","E","M","?","R","M","R","B"],"character_chosen":"DEFECT","items_purchased":["Glacier","Sundial","OrangePellets","Sweeping Beam+1"],"campfire_rested":0,"item_purchase_floors":[10,10,21,21],"current_hp_per_floor":[68,68,68,68,59,59,41,41,41,41,41,41,41,30,30,19,61,61,61,61,61,61,53,30,20,20,11,11,11,23,17,29,0,0],"gold":158,"neow_bonus":"THREE_ENEMY_KILL","is_daily":false,"chose_seed":false,"campfire_upgraded":5,"win_rate":0.0,"timestamp":1609744754,"path_taken":["M","?","M","?","?","R","E","R","T","$","M","M","E","?","R","BOSS","M","?","?","$","M","E","M","E","T","E","M","?","R","M","R","BOSS"],"items_purchased_type":["Card","Relic","Relic","Card"],"build_version":"2020-12-22","purchased_purges":1,"victory":false,"max_hp_per_floor":[75,75,75,75,75,75,75,75,75,75,75,75,75,75,75,75,75,75,75,75,75,75,75,75,75,75,75,75,75,75,75,75,75,75],"card_choices":[{"not_picked":["Genetic Algorithm","Static Discharge"],"picked":"Defragment","floor":1.0},{"not_picked":["Rebound","Darkness"],"picked":"Force Field","floor":3.0},{"not_picked":["Hologram","Rebound"],"picked":"Defragment","floor":4.0},{"not_picked":["Conserve Battery","Stack"],"picked":"Tempest","floor":5.0},{"not_picked":["Reinforced Body","Fusion"],"picked":"Core Surge+1","floor":7.0},{"not_picked":["Compile Driver+1","Force Field"],"picked":"Coolheaded","floor":11.0},{"not_picked":["Capacitor","Auto Shields"],"picked":"White Noise","floor":12.0},{"not_picked":["Hyperbeam+1","Ball Lightning+1"],"picked":"Fission","floor":13.0},{"not_picked":["Amplify","All For One+1"],"picked":"Buffer","floor":16.0},{"not_picked":["Static Discharge","Steam"],"picked":"Compile Driver+1","floor":18.0},{"not_picked":["Barrage+1","Leap+1","Conserve Battery"],"picked":"SKIP","floor":22.0},{"not_picked":["Streamline+1","Leap","Compile Driver+1"],"picked":"SKIP","floor":23.0},{"not_picked":["Stack+1","Leap","Steam"],"picked":"SKIP","floor":24.0},{"not_picked":["Rebound+1","Streamline+1"],"picked":"Fission","floor":25.0},{"not_picked":["Rip and Tear+1","Capacitor+1"],"picked":"Meteor Strike+1","floor":27.0},{"not_picked":["Go for the Eyes+1","Cold Snap+1","Hologram+1"],"picked":"SKIP","floor":28.0},{"not_picked":["Gash+1","Beam Cell+1","Sunder+1"],"picked":"SKIP","floor":31.0}],"player_experience":704484,"relics_obtained":[{"floor":7.0,"key":"Molten Egg 2"},{"floor":13.0,"key":"Akabeko"},{"floor":23.0,"key":"Frozen Egg 2"},{"floor":25.0,"key":"Ginger"},{"floor":26.0,"key":"Eternal Feather"},{"floor":27.0,"key":"Ornamental Fan"}],"event_choices":[{"damage_healed":0.0,"max_hp_gain":0.0,"max_hp_loss":0.0,"gold_gain":100.0,"event_name":"Wheel of Change","player_choice":"Gold","floor":2.0,"gold_loss":0.0,"damage_taken":0.0},{"damage_healed":0.0,"max_hp_gain":0.0,"max_hp_loss":0.0,"gold_gain":75.0,"event_name":"World of Goop","player_choice":"Gather Gold","floor":14.0,"gold_loss":0.0,"damage_taken":11.0},{"damage_healed":0.0,"max_hp_gain":0.0,"max_hp_loss":0.0,"gold_gain":0.0,"event_name":"Cursed Tome","player_choice":"Ignored","floor":19.0,"gold_loss":0.0,"damage_taken":0.0},{"cards_removed":["Strike_B"],"damage_healed":0.0,"max_hp_gain":0.0,"max_hp_loss":0.0,"gold_gain":0.0,"event_name":"Back to Basics","player_choice":"Elegance","floor":20.0,"gold_loss":0.0,"damage_taken":0.0},{"damage_healed":0.0,"max_hp_gain":0.0,"max_hp_loss":0.0,"gold_gain":0.0,"event_name":"The Library","player_choice":"Read","floor":29.0,"gold_loss":0.0,"damage_taken":0.0,"cards_obtained":["Blizzard"]}],"is_beta":false,"boss_relics":[{"not_picked":["Fusion Hammer","Astrolabe"],"picked":"Nuclear Battery"}],"items_purged_floors":[21],"is_endless":false,"potions_floor_spawned":[1,3,7,13,16,22,28],"killed_by":"Automaton","ascension_level":9}}