{"host":"w1xj5yb993x94b3l","time":1609780716,"event":{"mods":["AchievementEnabler","Act Like it!","Aspiration","BaseMod","Beaked The Cultist","BetterRewards","CCEM","Clockwork Mod","Colored Powertips","Conspire","Downfall","Energized Spire","Friendly Minions","GifTheSpireLib","Glutton Mod","Halation","Hubris","Infinite Spire","Lobotomy","LobotomyExtend","Mad Scientist","Marisa????????","Minty Spire (QoL Compilation)","Relic Sorter","Replay The Spire","Slumbering Mod","Spikes Relics","StSLib","Stuff the Spire","The Bladedancer","The Construct","The Disciple","The Jungle","The Mystic","The Runesmith","The Sage","The Servant 0.9.4","Trackpad","vexMod"],"gold_per_floor":[99,111,127,127,143,143,169,169,195,195,206,116,116,144,156,156,156],"floor_reached":16,"playtime":1413,"items_purged":["StuffTheSpire:CuriosityCurse"],"score":135,"play_id":"c505e4b6-745b-44f7-831f-e4bc6c45f6d3","local_time":"20210104181836","is_ascension_mode":false,"campfire_choices":[{"data":"sneckomod:Unknown","floor":1,"key":"SMITH"},{"data":"sneckomod:UnknownUncommonPower","floor":6,"key":"SMITH"},{"data":"sneckomod:UnknownRarePower","floor":13,"key":"SMITH"}],"circlet_count":0,"master_deck":["sneckomod:Strike","sneckomod:Strike","sneckomod:Strike","sneckomod:Defend","sneckomod:Defend","sneckomod:Defend","sneckomod:TailWhip","sneckomod:SnekBite","sneckomod:Unknown","sneckomod:Unknown+1","sneckomod:DiceCrush","sneckomod:Unknown2Cost","sneckomod:UnknownUncommonPower+1","sneckomod:UnknownRarePower+1","sneckomod:WideSting","sneckomod:DefensiveFlair","sneckomod:ImprovisedGuard","sneckomod:UnknownBlock"],"relics":["vexMod:MegatonBomb","LetterFromLob","infinitespire:Cubic Diamond","aspiration:HummingbirdHeart","trackpad:Mousetrap","conspire:GlowingRock"],"acts_visited":["Exordium"],"potions_floor_usage":[14,14,16],"damage_taken":[{"damage":2,"enemies":"Small Slimes","floor":2,"turns":3},{"damage":0,"enemies":"2 Louse","floor":3,"turns":1},{"damage":3,"enemies":"Jaw Worm","floor":5,"turns":3},{"damage":9,"enemies":"3 Sentries","floor":9,"turns":6},{"damage":7,"enemies":"Blue Slaver","floor":11,"turns":3},{"damage":0,"enemies":"downfall:FleeingMerchant","floor":12,"turns":4},{"damage":23,"enemies":"Gremlin Nob","floor":14,"turns":4},{"damage":2,"enemies":"Large Slime","floor":15,"turns":7},{"damage":53,"enemies":"downfall:Ironclad","floor":16,"turns":9}],"seed_played":"3507233124241432832","potions_obtained":[{"floor":3,"key":"Weak Potion"},{"floor":9,"key":"SkillPotion"},{"floor":11,"key":"Elixir"},{"floor":15,"key":"sneckomod:DiceRollPotion"}],"is_trial":false,"path_per_floor":["R","M","M","?","M","R","T","?","E","?","M","$","R","E","M","B"],"character_chosen":"THE_SNECKO","items_purchased":[],"campfire_rested":0,"item_purchase_floors":[],"current_hp_per_floor":[90,88,88,88,85,85,85,85,76,76,69,69,69,46,52,0,0],"gold":156,"neow_bonus":"BOSS_RELIC","is_daily":false,"chose_seed":false,"campfire_upgraded":3,"win_rate":0.0,"timestamp":1609780716,"path_taken":["R","M","M","?","M","R","T","?","E","?","M","?","R","E","M","BOSS"],"items_purchased_type":[],"build_version":"2020-12-22","purchased_purges":1,"victory":false,"max_hp_per_floor":[90,90,90,90,90,90,90,90,90,90,90,90,90,90,90,90,90],"card_choices":[{"not_picked":["sneckomod:DefensiveFlair","sneckomod:SoulRoll"],"picked":"sneckomod:DiceCrush","floor":2},{"not_picked":["sneckomod:Unknown1Cost","sneckomod:QuickBite"],"picked":"sneckomod:Unknown2Cost","floor":3},{"not_picked":["sneckomod:UnknownBlock","sneckomod:Unknown1Cost"],"picked":"sneckomod:UnknownUncommonPower","floor":5},{"not_picked":["sneckomod:UnknownClassSLIMEBOUND","sneckomod:UnknownWeak"],"picked":"sneckomod:UnknownRarePower","floor":9},{"not_picked":["sneckomod:UnknownClassFIRST_TEAL_COLOR","sneckomod:UnknownExhaust"],"picked":"sneckomod:WideSting","floor":11},{"not_picked":["sneckomod:UnknownCommonAttack","sneckomod:Unknown1Cost"],"picked":"sneckomod:DefensiveFlair","floor":12},{"not_picked":["sneckomod:UnknownWeak","sneckomod:UnknownClassLobotomy"],"picked":"sneckomod:ImprovisedGuard","floor":14},{"not_picked":["sneckomod:Nope","sneckomod:UnknownX"],"picked":"sneckomod:UnknownBlock","floor":15}],"player_experience":247921,"relics_obtained":[{"floor":2,"key":"LetterFromLob"},{"floor":9,"key":"trackpad:Mousetrap"},{"floor":14,"key":"conspire:GlowingRock"}],"event_choices":[{"damage_healed":0,"gold_gain":0,"player_choice":"Leave","damage_taken":0,"max_hp_gain":0,"max_hp_loss":0,"event_name":"conspire:Investor","floor":10,"gold_loss":0}],"is_beta":false,"boss_relics":[],"items_purged_floors":[12],"is_endless":false,"potions_floor_spawned":[3,11,15],"killed_by":"downfall:Ironclad","ascension_level":0}}