{"host":"9kuc8qxv67wkis18","time":1609792112,"event":{"mods":["2.2 Compatiblity","AchievementEnabler","Aspiration","Astrologer","Bard","BaseMod","Beaked The Cultist","Bestiary","Better Note","Better Third Choice","Block Reminder","Challenge The Spire","ChefMod","Conspire","Curses Come First","GifTheSpireLib","Glutton Mod","Halation","Hermit","Highlight Path","Hubris","Infinite Spire","Jorbs\u0027s Wanderer Trilogy","Marked Mod","Melee Mod","Minty Spire (QoL Compilation)","Permanent Neow","Potionbrewer","Random Character Button","Rare Cards Sparkle","Replay The Spire","Shade Mod","Somnambulant","Spikes Relics","StSLib","Stuff the Spire","The Accelerator","The Blue Laboratory","The Caster","The Construct","The Cursed","The Disciple","The Florist","The Forsaken","The Hierophant","The Judge","The Juggle","The Jungle","The Marked","The Necromancer","The Showman","The Wild Card","TheArtist","Thieving Mod","everything is the same but u backflip on backflip","thorton","vexMod"],"gold_per_floor":[114,39,55,74,85,85,104,104,173,205,221,250,263,51,51,149,149,164,164,89,89,89,121,121,136,218,232,232,232,107,107,107,202,202,212,212,225,225,236,236,248,248,300,300,310,339,339,349,349,349,349],"floor_reached":50,"playtime":7236,"items_purged":["Strike_G","Strike_G","Strike_G","Neutralize+1","Writhe"],"score":542,"play_id":"57cdef98-7581-4981-916e-583cc138ce45","local_time":"20210104152832","is_ascension_mode":false,"campfire_choices":[{"data":"InfectiousVector","floor":6,"key":"SMITH"},{"data":"Neutralize","floor":8,"key":"SMITH"},{"floor":15,"key":"REST"},{"data":"Burst","floor":24,"key":"SMITH"},{"floor":28,"key":"REST"},{"floor":32,"key":"REST"},{"floor":40,"key":"REST"},{"floor":42,"key":"REST"},{"floor":47,"key":"REST"},{"floor":49,"key":"REST"}],"circlet_count":0,"master_deck":["Defend_G+1","Defend_G","Defend_G","Defend_G","Defend_G","Survivor+1","InfectiousVector+1","Bane+1","PlatinumSkin","Burst+1","InfectiousVector+1","Bane+1","hermit:FromBeyond+1","Corpse Explosion","ReplayTheSpireMod:Haul"],"relics":["Ring of the Snake","Pantograph","Replay:Baseball","Odd Mushroom","conspire:SpecialSausage","StuffTheSpire:RunicHypercube","aspiration:ChemicalBlood","Kunai","Replay:Grab Bag","aspiration:FutureDiary","Fusion Hammer","Sandwich","War Paint","MealTicket"],"acts_visited":["Exordium","TheCity","TheBeyond"],"potions_floor_usage":[33,33,33,50],"damage_taken":[{"damage":0,"enemies":"Small Slimes","floor":1,"turns":3},{"damage":1,"enemies":"Jaw Worm","floor":3,"turns":6},{"damage":1,"enemies":"Cultist","floor":4,"turns":5},{"damage":3,"enemies":"conspire:2 RoseBushes","floor":5,"turns":7},{"damage":6,"enemies":"Red Slaver","floor":7,"turns":7},{"damage":31,"enemies":"3 Sentries","floor":10,"turns":11},{"damage":0,"enemies":"2 Fungi Beasts","floor":11,"turns":4},{"damage":5,"enemies":"The Mushroom Lair","floor":12,"turns":6},{"damage":6,"enemies":"Large Slime","floor":13,"turns":10},{"damage":34,"enemies":"The Guardian","floor":16,"turns":13},{"damage":21,"enemies":"Spheric Guardian","floor":18,"turns":10},{"damage":0,"enemies":"2 Thieves","floor":20,"turns":5},{"damage":0,"enemies":"Gremlin Leader","floor":23,"turns":6},{"damage":0,"enemies":"3 Cultists","floor":25,"turns":5},{"damage":15,"enemies":"Snake Plant","floor":27,"turns":6},{"damage":47,"enemies":"Collector","floor":33,"turns":9},{"damage":21,"enemies":"3 Darklings","floor":35,"turns":3},{"damage":0,"enemies":"3 Shapes","floor":37,"turns":2},{"damage":19,"enemies":"Maw","floor":39,"turns":8},{"damage":24,"enemies":"4 Shapes","floor":41,"turns":3},{"damage":3,"enemies":"3 Darklings","floor":45,"turns":3},{"damage":12,"enemies":"beaked:SuperParasite","floor":46,"turns":11},{"damage":0,"enemies":"Maw","floor":48,"turns":6},{"damage":74,"enemies":"Time Eater","floor":50,"turns":6}],"seed_played":"-6407367297150201059","potions_obtained":[{"floor":4,"key":"Dexterity Potion"},{"floor":10,"key":"DuplicationPotion"},{"floor":12,"key":"PowerPotion"},{"floor":35,"key":"potionbrewer:QuicksilverPotion"},{"floor":50,"key":"blueLaboratory:FruitPunch"}],"is_trial":false,"path_per_floor":["M","$","M","M","M","R","M","R","T","E","M","?","M","$","R","B",null,"M","?","M","AVR","?","E","R","M","T","M","R","?","$","?","R","B",null,"M","?","M","AVR","M","R","M","R","T","?","M","E","R","M","R","B"],"character_chosen":"THE_SILENT","items_purchased":["Bane","PlatinumSkin"],"campfire_rested":7,"item_purchase_floors":[14,14],"current_hp_per_floor":[70,70,69,68,65,65,59,59,59,28,28,23,17,17,38,29,70,49,49,49,49,49,49,49,49,49,34,55,55,55,55,70,23,70,49,67,67,67,48,69,45,66,66,66,63,51,70,70,70,0,0],"gold":349,"neow_bonus":"REMOVE_CARD","is_daily":false,"chose_seed":false,"campfire_upgraded":3,"win_rate":0.0,"timestamp":1609792112,"path_taken":["M","$","M","M","M","R","M","R","T","E","M","?","M","$","R","BOSS","M","?","M","AVR","?","E","R","M","T","?","R","?","$","?","R","BOSS","M","?","M","AVR","M","R","M","R","T","?","?","E","R","M","R","BOSS"],"items_purchased_type":["Card","Card"],"build_version":"2020-12-22","purchased_purges":5,"victory":false,"max_hp_per_floor":[70,70,70,70,70,70,70,70,70,70,70,70,70,70,70,70,70,70,70,70,70,70,70,70,70,70,70,70,70,70,70,70,70,70,70,70,70,70,70,70,70,70,70,70,70,70,70,70,70,72,72],"card_choices":[{"not_picked":["hubris:SlightOfHand","Choke","Dagger Throw"],"picked":"SKIP","floor":1},{"not_picked":["StuffTheSpire:BumpUp","Poisoned Stab","Prepared"],"picked":"SKIP","floor":3},{"not_picked":["ReplayTheSpireMod:Tripwire","Heel Hook"],"picked":"InfectiousVector","floor":4},{"not_picked":["PiercingWail","Poisoned Stab","Hidden Blade"],"picked":"SKIP","floor":5},{"not_picked":["hubris:SlightOfHand","Prepared","Blade Dance"],"picked":"SKIP","floor":7},{"not_picked":["Predator","Quick Slash","Prepared"],"picked":"SKIP","floor":10},{"not_picked":["Caltrops","StuffTheSpire:Shiver","Slice"],"picked":"SKIP","floor":11},{"not_picked":["Dagger Spray","PiercingWail","Blade Dance"],"picked":"SKIP","floor":13},{"not_picked":["ReplayTheSpireMod:From All Sides","Die Die Die"],"picked":"Burst","floor":16},{"not_picked":["Quick Slash","Tactician+1","PiercingWail"],"picked":"SKIP","floor":18},{"not_picked":["Dodge and Roll","PiercingWail","Outmaneuver"],"picked":"SKIP","floor":20},{"not_picked":["StuffTheSpire:Incantation","Footwork+1","Noxious Fumes"],"picked":"SKIP","floor":23},{"not_picked":["Terror","Deflect"],"picked":"Bane+1","floor":25},{"not_picked":["Predator","StuffTheSpire:Sprint+1","Poisoned Stab"],"picked":"SKIP","floor":27},{"not_picked":["aspiration:Lunge","Night Terror"],"picked":"Corpse Explosion","floor":33},{"not_picked":["Escape Plan","Heel Hook+1","StuffTheSpire:Python+1"],"picked":"SKIP","floor":35},{"not_picked":["Dodge and Roll+1","Outmaneuver+1","hubris:SlightOfHand"],"picked":"SKIP","floor":37},{"not_picked":["StuffTheSpire:BumpUp","Noxious Fumes","Deflect+1"],"picked":"SKIP","floor":39},{"not_picked":["Calculated Gamble+1","Footwork","Bullet Time"],"picked":"SKIP","floor":41},{"not_picked":["Deadly Poison+1","StuffTheSpire:Python","All Out Attack"],"picked":"SKIP","floor":45},{"not_picked":["StuffTheSpire:Repulse","StuffTheSpire:Incursion","Sucker Punch"],"picked":"SKIP","floor":46},{"not_picked":["StuffTheSpire:ClusterCrunch","StuffTheSpire:Injection","StuffTheSpire:MirrorStance+1"],"picked":"SKIP","floor":48}],"player_experience":162390,"relics_obtained":[{"floor":9,"key":"Pantograph"},{"floor":10,"key":"Replay:Baseball"},{"floor":12,"key":"Odd Mushroom"},{"floor":23,"key":"aspiration:ChemicalBlood"},{"floor":26,"key":"Kunai"},{"floor":43,"key":"War Paint"},{"floor":46,"key":"MealTicket"}],"event_choices":[{"damage_healed":0,"gold_gain":0,"player_choice":"Fought Mushrooms","damage_taken":0,"max_hp_gain":0,"max_hp_loss":0,"event_name":"Mushrooms","floor":12,"gold_loss":0},{"cards_removed":["Strike_G"],"damage_healed":0,"gold_gain":0,"player_choice":"Purged","damage_taken":0,"max_hp_gain":0,"max_hp_loss":0,"event_name":"Purifier","floor":19,"gold_loss":0},{"damage_healed":0,"gold_gain":0,"player_choice":"Copied","damage_taken":0,"max_hp_gain":0,"max_hp_loss":0,"event_name":"Duplicator","floor":22,"gold_loss":0,"cards_obtained":["InfectiousVector"]},{"damage_healed":0,"gold_gain":0,"player_choice":"Take","damage_taken":0,"max_hp_gain":0,"max_hp_loss":0,"event_name":"betterNote:BetterNote","floor":29,"gold_loss":0,"cards_obtained":["hermit:FromBeyond"]},{"damage_healed":18,"gold_gain":0,"player_choice":"Writhe","damage_taken":0,"max_hp_gain":0,"max_hp_loss":0,"event_name":"Winding Halls","floor":36,"gold_loss":0,"cards_obtained":["Writhe"]},{"damage_healed":0,"gold_gain":0,"player_choice":"Forge","damage_taken":0,"max_hp_gain":0,"max_hp_loss":0,"event_name":"Accursed Blacksmith","floor":44,"gold_loss":0,"cards_upgraded":["Bane"]}],"is_beta":false,"boss_relics":[{"not_picked":["halation:Risk","Snecko Eye"],"picked":"conspire:SpecialSausage"},{"not_picked":["hubris:RunicObelisk","Runic Pyramid"],"picked":"Replay:Grab Bag"},{"not_picked":["hubris:GrandSneckoEye","Replay:Fungal Core"],"picked":"aspiration:FutureDiary"},{"not_picked":["Abe\u0027s Treasure","beaked:MawFillet"],"picked":"Fusion Hammer"},{"not_picked":["conspire:RunicOctahedron","halation:Yufonium"],"picked":"Sandwich"}],"items_purged_floors":[2,14,21,30,38],"is_endless":false,"potions_floor_spawned":[4,10,12,16,18,27,37,45,46,48],"killed_by":"Time Eater","ascension_level":0}}