{"host":"yn1175etg9ni8l0q","time":1609783841,"event":{"mods":["AchievementEnabler","BaseMod","Colored Map","Colored Powertips","DeckTracker","Minty Spire (QoL Compilation)","Rare Cards Sparkle","Relic Stats","SuperFastMode","everything is the same but u backflip on backflip"],"gold_per_floor":[116,116,126,136,149,180,200,200,226,239,239,2,53,15,15,132,132,149,189,223,254,284,284,318,318,369,400,413,464,464,483,483,580,580,590,590,603,241,341,341,341,341],"floor_reached":41,"playtime":1214,"items_purged":["Strike_G","Setup"],"score":428,"play_id":"2164fe7a-17ff-4e03-92e0-024193f03113","local_time":"20210105031041","is_ascension_mode":false,"campfire_choices":[{"floor":11.0,"key":"REST"},{"data":"Bouncing Flask","floor":15.0,"key":"SMITH"},{"data":"Terror","floor":23.0,"key":"SMITH"},{"data":"Calculated Gamble","floor":25.0,"key":"SMITH"},{"floor":30.0,"key":"REST"},{"data":"Catalyst","floor":32.0,"key":"SMITH"},{"data":"Footwork","floor":40,"key":"SMITH"}],"circlet_count":0,"master_deck":["Survivor","Neutralize+1","Skewer+1","Catalyst+1","Backstab","Backflip","PiercingWail","Acrobatics","HandOfGreed","Bouncing Flask+1","Calculated Gamble+1","After Image","Deadly Poison","Riddle With Holes","Reflex","Terror+1","Sucker Punch+1","Riddle With Holes+1","Burst","Slice","Malaise","Expertise","Sucker Punch","Bullet Time","Caltrops","Wraith Form v2","Escape Plan","Footwork+1"],"relics":["Ring of the Snake","Ninja Scroll","Regal Pillow","Sozu","Akabeko","Pandora\u0027s Box","Membership Card","Bottled Flame"],"acts_visited":["Exordium","TheCity","TheBeyond"],"potions_floor_usage":[],"damage_taken":[{"damage":0.0,"enemies":"Small Slimes","floor":1.0,"turns":3.0},{"damage":0.0,"enemies":"Cultist","floor":3.0,"turns":3.0},{"damage":0.0,"enemies":"Jaw Worm","floor":4.0,"turns":4.0},{"damage":5.0,"enemies":"Lots of Slimes","floor":5.0,"turns":5.0},{"damage":18.0,"enemies":"3 Sentries","floor":6.0,"turns":10.0},{"damage":3.0,"enemies":"Gremlin Gang","floor":7.0,"turns":6.0},{"damage":2.0,"enemies":"Large Slime","floor":10.0,"turns":4.0},{"damage":0.0,"enemies":"3 Louse","floor":13.0,"turns":4.0},{"damage":20.0,"enemies":"Hexaghost","floor":16.0,"turns":6.0},{"damage":0.0,"enemies":"Spheric Guardian","floor":18.0,"turns":3.0},{"damage":7.0,"enemies":"3 Byrds","floor":19.0,"turns":4.0},{"damage":8.0,"enemies":"3 Cultists","floor":20.0,"turns":5.0},{"damage":6.0,"enemies":"Snecko","floor":21.0,"turns":5.0},{"damage":1.0,"enemies":"Centurion and Healer","floor":22.0,"turns":6.0},{"damage":14.0,"enemies":"Cultist and Chosen","floor":24.0,"turns":7.0},{"damage":0.0,"enemies":"Snake Plant","floor":27.0,"turns":2.0},{"damage":0.0,"enemies":"Snecko","floor":28.0,"turns":1.0},{"damage":8.0,"enemies":"Centurion and Healer","floor":29.0,"turns":4.0},{"damage":0.0,"enemies":"Chosen and Byrds","floor":31.0,"turns":4.0},{"damage":35.0,"enemies":"Champ","floor":33.0,"turns":10.0},{"damage":0.0,"enemies":"Orb Walker","floor":35.0,"turns":1.0},{"damage":33.0,"enemies":"3 Darklings","floor":37.0,"turns":7.0},{"damage":41,"enemies":"Spire Growth","floor":41,"turns":4}],"seed_played":"-8681779511869081146","potions_obtained":[{"floor":0.0,"key":"Fire Potion"},{"floor":0.0,"key":"FearPotion"},{"floor":0.0,"key":"Poison Potion"},{"floor":10.0,"key":"FearPotion"}],"is_trial":false,"path_per_floor":["M","?","M","M","M","E","M","?","T","M","R","$","M","$","R","B",null,"M","M","M","M","M","R","M","R","T","M","M","M","R","M","R","B",null,"M","?","M","$","?","R","M"],"character_chosen":"THE_SILENT","items_purchased":["HandOfGreed","Calculated Gamble","Membership Card","Footwork","Bottled Flame"],"campfire_rested":2,"item_purchase_floors":[12,14,38,38,38],"current_hp_per_floor":[70,70,70,70,65,47,44,30,30,28,64,64,64,64,64,44,70,70,63,55,49,48,48,34,34,34,34,34,26,62,62,62,27,70,70,66,33,33,33,33,0,0],"gold":341,"neow_bonus":"THREE_SMALL_POTIONS","is_daily":false,"chose_seed":false,"campfire_upgraded":5,"win_rate":0.0,"timestamp":1609783841,"path_taken":["M","?","M","?","?","E","M","?","T","M","R","$","M","?","R","BOSS","M","M","?","M","M","R","?","R","T","M","M","M","R","M","R","BOSS","M","?","M","$","?","R","?"],"items_purchased_type":["Card","Card","Relic","Card","Relic"],"build_version":"2020-12-22","purchased_purges":2,"victory":false,"max_hp_per_floor":[70,70,70,70,70,70,70,70,70,70,70,70,70,70,70,70,70,70,70,70,70,70,70,70,70,70,70,70,70,70,70,70,70,70,70,66,66,66,66,66,66,66],"relic_stats":{"Sozu":6,"Regal Pillow":30,"counters":[23,108],"Pandora\u0027s Box":["Slice","Malaise","Setup","Expertise","Sucker Punch","Bullet Time","Caltrops","Wraith Form v2"],"obtain_stats":[{"Sozu":17,"Regal Pillow":9,"Bottled Flame":38,"Ninja Scroll":6,"Pandora\u0027s Box":34,"Membership Card":38,"Akabeko":26,"Ring of the Snake":0},{"Sozu":9,"Regal Pillow":6,"Bottled Flame":22,"Ninja Scroll":5,"Pandora\u0027s Box":20,"Membership Card":22,"Akabeko":15,"Ring of the Snake":0},{"Sozu":45,"Regal Pillow":31,"Bottled Flame":104,"Ninja Scroll":25,"Pandora\u0027s Box":96,"Membership Card":104,"Akabeko":75,"Ring of the Snake":0}],"Ring of the Snake":[46]},"card_choices":[{"not_picked":["Outmaneuver","Deadly Poison"],"picked":"Skewer","floor":1.0},{"not_picked":["Cloak And Dagger","Prepared"],"picked":"Backstab","floor":3.0},{"not_picked":["Sucker Punch","Slice"],"picked":"Backflip","floor":4.0},{"not_picked":["Backflip","Dagger Spray"],"picked":"PiercingWail","floor":5.0},{"not_picked":["Expertise","Malaise","PiercingWail"],"picked":"SKIP","floor":6.0},{"not_picked":["Terror","Flying Knee","Slice"],"picked":"SKIP","floor":7.0},{"not_picked":["PiercingWail","Flechettes"],"picked":"Acrobatics","floor":10.0},{"not_picked":["Quick Slash","Slice"],"picked":"Bouncing Flask","floor":13.0},{"not_picked":["Glass Knife","Tools of the Trade"],"picked":"After Image","floor":16.0},{"not_picked":["Backflip+1","Leg Sweep"],"picked":"Deadly Poison","floor":18.0},{"not_picked":["Dodge and Roll","Dagger Throw","Outmaneuver"],"picked":"SKIP","floor":19.0},{"not_picked":["Cloak And Dagger+1","Sucker Punch"],"picked":"Riddle With Holes","floor":20.0},{"not_picked":["Acrobatics+1","Dagger Spray"],"picked":"Reflex","floor":21.0},{"not_picked":["Poisoned Stab","Terror","Outmaneuver"],"picked":"SKIP","floor":22.0},{"not_picked":["Poisoned Stab","Outmaneuver"],"picked":"Terror","floor":22.0},{"not_picked":["All Out Attack","Backflip+1","Underhanded Strike"],"picked":"SKIP","floor":24.0},{"not_picked":["Dagger Spray","Deflect"],"picked":"Sucker Punch+1","floor":27.0},{"not_picked":["Blur","PiercingWail+1"],"picked":"Riddle With Holes+1","floor":28.0},{"not_picked":["Endless Agony+1","Blade Dance"],"picked":"Burst","floor":29.0},{"not_picked":["Bane","Riddle With Holes","Blur"],"picked":"SKIP","floor":31.0},{"not_picked":["Deadly Poison","Sucker Punch+1"],"picked":"Escape Plan","floor":35.0},{"not_picked":["Underhanded Strike+1","Heel Hook+1","Dodge and Roll"],"picked":"SKIP","floor":37.0}],"player_experience":301948,"relics_obtained":[{"floor":6.0,"key":"Ninja Scroll"},{"floor":9.0,"key":"Regal Pillow"},{"floor":26.0,"key":"Akabeko"}],"event_choices":[{"damage_healed":0.0,"max_hp_gain":0.0,"max_hp_loss":0.0,"gold_gain":0.0,"cards_transformed":["Strike_G"],"event_name":"Transmorgrifier","player_choice":"Transformed","floor":2.0,"gold_loss":0.0,"damage_taken":0.0,"cards_obtained":["Catalyst"]},{"damage_healed":0.0,"max_hp_gain":0.0,"max_hp_loss":0.0,"gold_gain":0.0,"event_name":"Shining Light","player_choice":"Entered Light","floor":8.0,"gold_loss":0.0,"damage_taken":14.0,"cards_upgraded":["Neutralize","Skewer"]},{"damage_healed":0.0,"max_hp_gain":0.0,"max_hp_loss":4.0,"gold_gain":0.0,"event_name":"Winding Halls","player_choice":"Max HP","floor":36.0,"gold_loss":0.0,"damage_taken":0.0},{"damage_healed":0,"gold_gain":100,"player_choice":"Pray","damage_taken":0,"max_hp_gain":0,"max_hp_loss":0,"event_name":"Golden Shrine","floor":39,"gold_loss":0}],"is_beta":false,"boss_relics":[{"not_picked":["Busted Crown","Coffee Dripper"],"picked":"Sozu"},{"not_picked":["Cursed Key","Runic Dome"],"picked":"Pandora\u0027s Box"}],"items_purged_floors":[12,38],"is_endless":false,"potions_floor_spawned":[5,10,13,18,21,22,31,33,37],"killed_by":"Spire Growth","ascension_level":0}}