{"host":"5wznv0010959mrmz","time":1609727839,"event":{"mods":["BaseMod","Highlight Path","Minty Spire (QoL Compilation)"],"gold_per_floor":[111,111,127,141,141,185,185,200,200,244,86,86,125,148,148,148,148],"floor_reached":16,"playtime":831,"items_purged":["Injury"],"score":240,"play_id":"ec050b2a-6fbd-41dc-9408-4a4c4abd2a2b","local_time":"20210103203719","is_ascension_mode":true,"campfire_choices":[{"floor":12,"key":"REST"},{"floor":15,"key":"REST"}],"circlet_count":0,"master_deck":["AscendersBane","Strike_G","Strike_G","Strike_G","Strike_G","Defend_G","Defend_G","Defend_G","Defend_G","Defend_G","Survivor","Neutralize","Heel Hook","Skewer","Leg Sweep","Bouncing Flask","Backflip","Dagger Spray","Dash","Escape Plan"],"relics":["Cursed Key","Golden Idol","Happy Flower","Boot","Shuriken","Matryoshka"],"acts_visited":["Exordium"],"potions_floor_usage":[6,16,16],"damage_taken":[{"damage":9,"enemies":"2 Louse","floor":1,"turns":4},{"damage":1,"enemies":"Small Slimes","floor":3,"turns":4},{"damage":2,"enemies":"Jaw Worm","floor":4,"turns":4},{"damage":6,"enemies":"Gremlin Nob","floor":6,"turns":3},{"damage":21,"enemies":"Exordium Thugs","floor":8,"turns":5},{"damage":21,"enemies":"3 Sentries","floor":10,"turns":11},{"damage":15,"enemies":"Lagavulin","floor":13,"turns":6},{"damage":0,"enemies":"Blue Slaver","floor":14,"turns":4},{"damage":38,"enemies":"Slime Boss","floor":16,"turns":8}],"seed_played":"-4632433547753696780","potions_obtained":[{"floor":1,"key":"DuplicationPotion"},{"floor":3,"key":"Weak Potion"},{"floor":13,"key":"LiquidMemories"},{"floor":14,"key":"PowerPotion"}],"is_trial":false,"path_per_floor":["M","?","M","M","?","E","?","M","T","E","$","R","E","M","R","B"],"character_chosen":"THE_SILENT","items_purchased":["Dash"],"campfire_rested":2,"item_purchase_floors":[11],"current_hp_per_floor":[50,50,49,47,47,41,46,25,25,4,4,23,8,8,27,0,0],"gold":148,"neow_bonus":"BOSS_RELIC","is_daily":false,"chose_seed":false,"campfire_upgraded":0,"win_rate":0.0,"timestamp":1609727839,"path_taken":["M","?","M","M","?","E","?","M","T","E","$","R","E","M","R","BOSS"],"items_purchased_type":["Card"],"build_version":"2020-12-22","purchased_purges":1,"victory":false,"max_hp_per_floor":[66,66,66,66,60,60,65,65,65,65,65,65,65,65,65,65,65],"card_choices":[{"not_picked":["Slice","Terror"],"picked":"Heel Hook","floor":1},{"not_picked":["Underhanded Strike","Deadly Poison"],"picked":"Leg Sweep","floor":3},{"not_picked":["Bane","Unload","Slice"],"picked":"SKIP","floor":4},{"not_picked":["Dash","Deflect"],"picked":"Bouncing Flask","floor":6},{"not_picked":["Well Laid Plans","Flying Knee"],"picked":"Backflip","floor":8},{"not_picked":["Expertise","PiercingWail"],"picked":"Dagger Spray","floor":10},{"not_picked":["Distraction","Quick Slash"],"picked":"Escape Plan","floor":13},{"not_picked":["Footwork","Prepared","Setup"],"picked":"SKIP","floor":14}],"player_experience":391673,"relics_obtained":[{"floor":6,"key":"Happy Flower"},{"floor":9,"key":"Boot"},{"floor":10,"key":"Shuriken"},{"floor":13,"key":"Matryoshka"}],"event_choices":[{"damage_healed":0,"gold_gain":0,"cards_transformed":["Strike_G"],"player_choice":"Change","damage_taken":0,"max_hp_gain":0,"max_hp_loss":0,"event_name":"Living Wall","floor":2,"gold_loss":0,"cards_obtained":["Skewer"]},{"damage_healed":0,"gold_gain":0,"player_choice":"Lose Max HP","damage_taken":0,"relics_obtained":["Golden Idol"],"max_hp_gain":0,"max_hp_loss":6,"event_name":"Golden Idol","floor":5,"gold_loss":0},{"damage_healed":0,"gold_gain":0,"player_choice":"Donut","damage_taken":0,"max_hp_gain":5,"max_hp_loss":0,"event_name":"Big Fish","floor":7,"gold_loss":0}],"is_beta":false,"boss_relics":[],"items_purged_floors":[11],"is_endless":false,"potions_floor_spawned":[1,3,13,14],"killed_by":"Slime Boss","ascension_level":20}}