{"host":"922zt4fjsmmy4kg9","time":1609804169,"event":{"mods":["A Magickal Journey","Act Like it!","BaseMod","Better Third Choice","Downfall","Friendly Minions","Hermit","HololiveMod","Hubris","Jorbs\u0027s Wanderer Trilogy","Kiyohime????","Koishi","Marisa????????","Minty Spire (QoL Compilation)","Quick Restart","Reimu??????","Shop Mod","Spicy Shops","StSLib","SuperFastMode","The Animator","The Disciple","The Runesmith"],"gold_per_floor":[99,549,549,549,549,561,561,561,591,591,591,622,622,399,410,426,426],"floor_reached":16,"playtime":2379,"items_purged":["Pain"],"score":146,"play_id":"adce8c47-a786-43fe-8956-3a563e73681e","local_time":"20210105104929","is_ascension_mode":true,"campfire_choices":[{"data":"animator:YuiTsuruno","floor":1,"key":"SMITH"},{"floor":11,"key":"REST"},{"data":"animator:SuzuneAmano","floor":13,"key":"SMITH"}],"circlet_count":0,"master_deck":["AscendersBane","animator:Strike_MadokaMagica","animator:Defend_MadokaMagica","animator:Strike","animator:Strike","animator:Strike","animator:Defend","animator:Defend","animator:Defend","animator:IrohaTamaki+1","animator:YuiTsuruno+1","Slimebound:Icky","animator:Elsword+1","animator:Jibril","animator:Benimaru","animator:Envy+1","animator:SuzuneAmano+1","animator:SayakaMiki"],"relics":["animator:LivingPicture","animator:TheMissingPiece","downfall:HeartsMalice","hubris:Towel","Bronze Scales","Whetstone","Runesmith:AutoHammer","Torii"],"acts_visited":["Exordium"],"potions_floor_usage":[14,15,16],"damage_taken":[{"damage":0,"enemies":"2 Louse","floor":4,"turns":1},{"damage":0,"enemies":"Jaw Worm","floor":6,"turns":1},{"damage":0,"enemies":"Small Slimes","floor":8,"turns":1},{"damage":35,"enemies":"3 Sentries","floor":9,"turns":5},{"damage":11,"enemies":"Blue Slaver","floor":12,"turns":3},{"damage":4,"enemies":"downfall:FleeingMerchant","floor":14,"turns":4},{"damage":19,"enemies":"Gremlin Gang","floor":15,"turns":4},{"damage":24,"enemies":"downfall:Ironclad","floor":16,"turns":3}],"seed_played":"-3749972947232390976","potions_obtained":[{"floor":9,"key":"Ancient Potion"},{"floor":12,"key":"AttackPotion"},{"floor":15,"key":"Slimebound:ThreeZeroPotion"}],"is_trial":false,"path_per_floor":["R","?","?","M","?","M","T","M","E","?","R","M","R","$","M","B"],"character_chosen":"THE_ANIMATOR","items_purchased":["Runesmith:AutoHammer","Torii"],"campfire_rested":1,"item_purchase_floors":[14,14],"current_hp_per_floor":[59,59,59,59,59,59,59,59,24,24,43,32,32,28,10,0,0],"gold":426,"neow_bonus":"THREE_ENEMY_KILL","is_daily":false,"chose_seed":false,"campfire_upgraded":2,"win_rate":0.0,"timestamp":1609804169,"path_taken":["R","?","?","M","?","M","T","?","E","?","R","?","R","$","M","BOSS"],"items_purchased_type":["Relic","Relic"],"build_version":"2020-12-22","purchased_purges":1,"victory":false,"max_hp_per_floor":[66,66,66,66,66,66,66,66,66,66,66,66,66,66,67,67,67],"card_choices":[{"not_picked":["animator:Add","animator:Chung"],"picked":"animator:Elsword","floor":4},{"not_picked":["animator:Kazuma","animator:Ara"],"picked":"animator:Jibril","floor":6},{"not_picked":["animator:ChlammyZell","animator:YunYun"],"picked":"animator:Benimaru","floor":8},{"not_picked":["animator:DolaSchwi","animator:OrikoMikuni"],"picked":"animator:Envy","floor":9},{"not_picked":["animator:Benimaru","animator:Kazuma"],"picked":"animator:SuzuneAmano","floor":12},{"not_picked":["animator:Shuna","animator:Hakurou","animator:Jibril"],"picked":"SKIP","floor":14},{"not_picked":["animator:Hakurou","animator:Caster"],"picked":"animator:SayakaMiki","floor":15}],"player_experience":1319312,"relics_obtained":[{"floor":7,"key":"Bronze Scales"},{"floor":9,"key":"Whetstone"}],"event_choices":[{"cards_removed":["Slimebound:Icky"],"damage_healed":0,"gold_gain":0,"player_choice":"Removed","damage_taken":0,"max_hp_gain":0,"max_hp_loss":0,"event_name":"The Cursed Forest","floor":3,"gold_loss":0},{"cards_removed":["Slimebound:Icky"],"damage_healed":0,"gold_gain":0,"player_choice":"Removed","damage_taken":0,"max_hp_gain":0,"max_hp_loss":0,"event_name":"The Cursed Forest","floor":3,"gold_loss":0},{"damage_healed":0,"gold_gain":0,"player_choice":"Upgraded","damage_taken":0,"max_hp_gain":0,"max_hp_loss":0,"event_name":"Upgrade Shrine","floor":10,"gold_loss":0,"cards_upgraded":["animator:Envy"]}],"is_beta":false,"boss_relics":[],"items_purged_floors":[14],"is_endless":false,"potions_floor_spawned":[9,12,15],"killed_by":"downfall:Ironclad","ascension_level":11}}