{"host":"wg29woj1pduqw9vg","time":1609753008,"event":{"mods":["BaseMod","Bestiary","Better Third Choice","Colored Map","Highlight Path","Minty Spire (QoL Compilation)","Quick Restart","Slay-I","StSLib"],"gold_per_floor":[111,111,130,153,153,153,187,208,232,157,257,270,295,217,217,217,217],"floor_reached":16,"playtime":602,"items_purged":["Strike_G"],"score":107,"play_id":"248ed8dd-ecc4-4ea6-a695-e557461864c3","local_time":"20210104013648","is_ascension_mode":true,"campfire_choices":[{"data":"All Out Attack","floor":6,"key":"SMITH"},{"floor":15,"key":"REST"}],"circlet_count":0,"master_deck":["Strike_G","Strike_G+1","Strike_G","Strike_G","Defend_G+1","Defend_G","Defend_G+1","Defend_G","Defend_G","Survivor+1","Neutralize","Dagger Throw","All Out Attack+1","Backstab","Footwork"],"relics":["Ring of the Snake","Golden Idol","War Paint","Lantern"],"acts_visited":["Exordium"],"potions_floor_usage":[7,16,16],"damage_taken":[{"damage":0,"enemies":"Small Slimes","floor":1,"turns":3},{"damage":0,"enemies":"Cultist","floor":3,"turns":4},{"damage":0,"enemies":"2 Louse","floor":4,"turns":3},{"damage":18,"enemies":"Gremlin Nob","floor":7,"turns":4},{"damage":0,"enemies":"Looter","floor":8,"turns":3},{"damage":0,"enemies":"Large Slime","floor":12,"turns":6},{"damage":0,"enemies":"Blue Slaver","floor":13,"turns":2},{"damage":63,"enemies":"Hexaghost","floor":16,"turns":14}],"seed_played":"-5433946968151004773","potions_obtained":[{"floor":1,"key":"Strength Potion"},{"floor":3,"key":"Strength Potion"},{"floor":8,"key":"ColorlessPotion"}],"is_trial":false,"path_per_floor":["M","?","M","M","?","R","E","M","T","$","?","M","M","$","R","B"],"character_chosen":"THE_SILENT","items_purchased":["Footwork"],"campfire_rested":1,"item_purchase_floors":[14],"current_hp_per_floor":[77,71,71,71,57,57,39,39,39,39,39,39,39,39,60,0,0],"gold":217,"neow_bonus":"TEN_PERCENT_HP_BONUS","is_daily":false,"chose_seed":false,"campfire_upgraded":1,"win_rate":0.0,"timestamp":1609753008,"path_taken":["M","?","M","M","?","R","E","M","T","$","?","M","M","$","R","BOSS"],"items_purchased_type":["Card"],"build_version":"2020-12-22","purchased_purges":1,"victory":false,"max_hp_per_floor":[77,71,71,71,71,71,71,71,71,71,71,71,71,71,71,71,71],"card_choices":[{"not_picked":["Deadly Poison","PiercingWail"],"picked":"Dagger Throw","floor":1},{"not_picked":["Dagger Throw","Masterful Stab","Deflect"],"picked":"SKIP","floor":3},{"not_picked":["Quick Slash","Underhanded Strike"],"picked":"All Out Attack","floor":4},{"not_picked":["Riddle With Holes","Bane","Flying Knee"],"picked":"SKIP","floor":7},{"not_picked":["Blade Dance","Caltrops","Poisoned Stab"],"picked":"SKIP","floor":8},{"not_picked":["Deadly Poison","Deflect"],"picked":"Backstab","floor":12},{"not_picked":["Crippling Poison","Tools of the Trade","Bane"],"picked":"SKIP","floor":13}],"player_experience":4529,"relics_obtained":[{"floor":7,"key":"War Paint"},{"floor":9,"key":"Lantern"}],"event_choices":[{"damage_healed":0,"gold_gain":0,"player_choice":"Lose Max HP","damage_taken":0,"relics_obtained":["Golden Idol"],"max_hp_gain":0,"max_hp_loss":6,"event_name":"Golden Idol","floor":2,"gold_loss":0},{"damage_healed":71,"gold_gain":0,"player_choice":"Upgrade","damage_taken":14,"max_hp_gain":0,"max_hp_loss":71,"event_name":"betterThird:BetterShining","floor":5,"gold_loss":0,"cards_upgraded":["Defend_G","Strike_G"]},{"damage_healed":0,"gold_gain":100,"player_choice":"Pray","damage_taken":0,"max_hp_gain":0,"max_hp_loss":0,"event_name":"Golden Shrine","floor":11,"gold_loss":0}],"is_beta":false,"boss_relics":[],"items_purged_floors":[10],"is_endless":false,"potions_floor_spawned":[1,3,8],"killed_by":"Hexaghost","ascension_level":1}}