{"host":"Dean","time":1609771985,"event":{"mods":["2.2 Compatiblity","AchievementEnabler","BaseMod","Block Reminder","Colored Map","Colored Powertips","Minty Spire (QoL Compilation)","Permanent Neow","Quick Restart","Relic Stats","Replay The Spire","StSLib"],"gold_per_floor":[99,111,125,139,152,152,172,172,172,172,187,207,85,102,102,197,197,215,215,233,3,23,48,48,147,147,72,92,122,50,79,79,175,175,195,206,206,220,275,302,302,312,312,346,366,384,394,394,394,394,394,394,1,35,35],"floor_reached":56,"playtime":3839,"items_purged":["Strike_B","Strike_B","Strike_B"],"score":1635,"play_id":"a44ae627-fd06-4395-91a7-3b9a2ded7ae0","local_time":"20210104095305","daily_mods":["Red Cards","Colorless Cards","Heirloom"],"is_ascension_mode":true,"campfire_choices":[{"data":"Defragment","floor":6,"key":"SMITH"},{"data":"Pommel Strike","floor":6,"key":"SMITH"},{"data":"Zap","floor":8,"key":"SMITH"},{"data":"Bash","floor":8,"key":"SMITH"},{"data":"Compile Driver","floor":10,"key":"SMITH"},{"data":"Defend_B","floor":10,"key":"SMITH"},{"data":"Sweeping Beam","floor":15,"key":"SMITH"},{"data":"Defend_B","floor":15,"key":"SMITH"},{"data":"Feel No Pain","floor":24,"key":"SMITH"},{"data":"Defend_B","floor":24,"key":"SMITH"},{"data":"Pommel Strike","floor":32,"key":"SMITH"},{"data":"Loop","floor":32,"key":"SMITH"},{"floor":41,"key":"RECALL"},{"floor":49,"key":"DIG"},{"floor":52,"key":"DIG"}],"circlet_count":0,"master_deck":["Defend_B","Defend_B+1","Defend_B+1","Defend_B+1","Zap+1","Bash+1","Defragment+1","Compile Driver+1","Pommel Strike+1","Good Instincts+1","Spot Weakness+1","Fission+1","Coolheaded+1","Seeing Red+1","WeaponsOverheat+1","Dual Wield+1","Self Repair+1","True Grit+1","Sweeping Beam+1","Machine Learning+1","Hologram+1","Feel No Pain+1","Coolheaded+1","Juggernaut+1","Hologram+1","Capacitor+1","Warcry+1","Loop+1","Pommel Strike+1","Brutality+1","Amplify+1","Loop+1","Creative AI+1","ReplayTheSpireMod:Omega Cannon+1","BasicCrystalCard+1","Ball Lightning","Coolheaded+1","Secret Weapon+1","Blind+1","Panacea+1","Seek+1","Corruption+1","Coolheaded+1","Heatsinks+1","Hologram+1","Demonic Infusion+1","Coolheaded+1","Panacea+1"],"relics":["Ring of Chaos","Question Card","Toxic Egg 2","Golden Egg","Prayer Wheel","Smiling Mask","Runic Capacitor","Mango","Iron Core","Replay:Arrowhead","Juzu Bracelet","Nloth\u0027s Gift","ClockworkSouvenir","Magic Flower","Sozu","Mummified Hand","Cables","Replay:Baseball","Question Card","Bottled Flame","Blue Doll","HandDrill","Garlic","Philosopher\u0027s Stone","Frozen Egg 2","Bird Faced Urn","Pantograph","Shovel","InkBottle","Replay:WaspNest","OrangePellets","Bottled Tornado","Kunai"],"acts_visited":["Exordium","TheCity","TheBeyond","TheEnding"],"potions_floor_usage":[],"damage_taken":[{"damage":3,"enemies":"2 Louse","floor":2,"turns":3},{"damage":6,"enemies":"Cultist","floor":3,"turns":4},{"damage":0,"enemies":"Small Slimes","floor":4,"turns":3},{"damage":0,"enemies":"2 Fungi Beasts","floor":5,"turns":3},{"damage":3,"enemies":"Exordium Wildlife","floor":7,"turns":4},{"damage":0,"enemies":"Blue Slaver","floor":11,"turns":1},{"damage":0,"enemies":"2 Fungi Beasts","floor":12,"turns":3},{"damage":0,"enemies":"Large Slime","floor":14,"turns":2},{"damage":0,"enemies":"Slime Boss","floor":16,"turns":4},{"damage":8,"enemies":"3 Byrds","floor":18,"turns":5},{"damage":0,"enemies":"Spheric Guardian","floor":20,"turns":3},{"damage":0,"enemies":"Snake Plant","floor":22,"turns":2},{"damage":0,"enemies":"Book of Stabbing","floor":23,"turns":3},{"damage":2,"enemies":"Snecko","floor":28,"turns":5},{"damage":8,"enemies":"Slavers","floor":29,"turns":3},{"damage":2,"enemies":"Gremlin Leader","floor":31,"turns":3},{"damage":3,"enemies":"Champ","floor":33,"turns":4},{"damage":1,"enemies":"Orb Walker","floor":35,"turns":2},{"damage":16,"enemies":"3 Shapes","floor":36,"turns":1},{"damage":2,"enemies":"3 Darklings","floor":38,"turns":3},{"damage":15,"enemies":"Reptomancer","floor":40,"turns":2},{"damage":1,"enemies":"Spire Growth","floor":42,"turns":2},{"damage":1,"enemies":"R_Hoarder","floor":44,"turns":2},{"damage":1,"enemies":"Transient","floor":45,"turns":2},{"damage":0,"enemies":"3 Darklings","floor":46,"turns":1},{"damage":4,"enemies":"Writhing Mass","floor":47,"turns":3},{"damage":1,"enemies":"Replay:Hell Engine","floor":50,"turns":2},{"damage":1,"enemies":"Shield and Spear","floor":54,"turns":2},{"damage":17,"enemies":"The Heart","floor":55,"turns":3}],"seed_played":"-1477178165258609741","potions_obtained":[{"floor":2,"key":"SkillPotion"},{"floor":11,"key":"Toxic Potion"},{"floor":14,"key":"FocusPotion"}],"is_trial":true,"path_per_floor":["?","M","M","M","M","R","M","R","T","R","M","M","$","M","R","B",null,"M","?","M","$","M","E","R","?","T","?","M","E","$","E","R","B",null,"M","M","?","M","?","E","R","M","T","E","M","M","M","?","R","B",null,"R","$","E","B",null],"character_chosen":"DEFECT","items_purchased":["Self Repair","ClockworkSouvenir","Magic Flower","True Grit+1","Cables","Hologram+1","Replay:Baseball","Capacitor","Blue Doll","HandDrill","Amplify+1","Loop","OrangePellets","Bottled Tornado"],"campfire_rested":0,"item_purchase_floors":[13,13,13,13,21,21,21,21,30,30,30,30,53,53],"current_hp_per_floor":[89,86,80,80,80,80,77,77,77,77,77,77,77,77,77,89,89,89,89,89,89,89,89,89,89,89,89,87,89,89,89,89,89,89,88,72,62,75,75,75,75,89,89,89,89,89,89,89,89,89,89,89,89,89,89],"gold":35,"neow_bonus":"","is_daily":false,"chose_seed":false,"campfire_upgraded":12,"win_rate":0.0,"timestamp":1609771985,"path_taken":["?","M","M","?","M","R","M","R","T","R","M","M","$","M","R","BOSS","M","?","M","$","M","E","R","?","T","?","M","E","$","E","R","BOSS","M","M","?","M","?","E","R","M","T","E","M","M","M","?","R","BOSS","R","$","E","BOSS"],"items_purchased_type":["Card","Relic","Relic","Card","Relic","Card","Relic","Card","Relic","Relic","Card","Card","Relic","Relic"],"build_version":"2020-12-18","purchased_purges":3,"victory":true,"max_hp_per_floor":[89,89,89,89,89,89,89,89,89,89,89,89,89,89,89,89,89,89,89,89,89,89,89,89,89,89,89,89,89,89,89,89,89,89,89,89,89,89,89,89,89,89,89,89,89,89,89,89,89,89,89,89,89,89,89],"relic_stats":{"counters":[29,80],"Magic Flower":[20],"Juzu Bracelet":1,"Question Card":76,"Smiling Mask":150,"Cables":[1,1,0,0,0],"Sozu":9,"OrangePellets":[5],"Shovel":2,"Mummified Hand":[226],"Bird Faced Urn":[39],"Pantograph":0,"Prayer Wheel":19,"Nloth\u0027s Gift":11,"HandDrill":[16],"Kunai":[6],"obtain_stats":[{"Golden Egg":0,"Iron Core":1,"Magic Flower":13,"Mango":0,"Blue Doll":30,"Runic Capacitor":0,"Juzu Bracelet":9,"Bottled Tornado":53,"Smiling Mask":0,"ClockworkSouvenir":13,"Sozu":17,"Shovel":44,"Mummified Hand":21,"Pantograph":43,"Prayer Wheel":0,"Philosopher\u0027s Stone":34,"HandDrill":30,"Kunai":54,"Toxic Egg 2":0,"Cracked Core":0,"InkBottle":49,"Ring of Chaos":0,"Replay:WaspNest":52,"Frozen Egg 2":39,"Question Card":0,"Replay:Arrowhead":2,"Cables":21,"OrangePellets":53,"Replay:Baseball":21,"Bottled Flame":29,"Bird Faced Urn":40,"Nloth\u0027s Gift":11,"Garlic":31},{"Golden Egg":0,"Iron Core":0,"Magic Flower":7,"Mango":0,"Blue Doll":15,"Runic Capacitor":0,"Juzu Bracelet":5,"Bottled Tornado":27,"Smiling Mask":0,"ClockworkSouvenir":7,"Sozu":9,"Shovel":23,"Mummified Hand":11,"Pantograph":22,"Prayer Wheel":0,"Philosopher\u0027s Stone":17,"HandDrill":15,"Kunai":28,"Toxic Egg 2":0,"Cracked Core":0,"InkBottle":26,"Ring of Chaos":0,"Replay:WaspNest":27,"Frozen Egg 2":20,"Question Card":0,"Replay:Arrowhead":1,"Cables":11,"OrangePellets":27,"Replay:Baseball":11,"Bottled Flame":15,"Bird Faced Urn":21,"Nloth\u0027s Gift":6,"Garlic":16},{"Golden Egg":0,"Iron Core":0,"Magic Flower":21,"Mango":0,"Blue Doll":48,"Runic Capacitor":0,"Juzu Bracelet":17,"Bottled Tornado":75,"Smiling Mask":0,"ClockworkSouvenir":21,"Sozu":27,"Shovel":67,"Mummified Hand":35,"Pantograph":65,"Prayer Wheel":0,"Philosopher\u0027s Stone":55,"HandDrill":48,"Kunai":77,"Toxic Egg 2":0,"Cracked Core":0,"InkBottle":73,"Ring of Chaos":0,"Replay:WaspNest":75,"Frozen Egg 2":61,"Question Card":0,"Replay:Arrowhead":3,"Cables":35,"OrangePellets":75,"Replay:Baseball":35,"Bottled Flame":48,"Bird Faced Urn":63,"Nloth\u0027s Gift":18,"Garlic":51}],"InkBottle":[10]},"card_choices":[{"not_picked":["Uppercut","Barrage","Iron Wave"],"picked":"Defragment","floor":2},{"not_picked":["Thunderclap","Specialist","Force Field+1","Perfected Strike"],"picked":"SKIP","floor":2},{"not_picked":["Leap+1","Barrage","Cleave"],"picked":"Compile Driver","floor":3},{"not_picked":["Barrage","Turbo+1","Bloodletting+1"],"picked":"Pommel Strike","floor":3},{"not_picked":["Storm","Leap+1","Compile Driver"],"picked":"Good Instincts+1","floor":4},{"not_picked":["Havoc+1","Run Through","Perfected Strike","Clash"],"picked":"SKIP","floor":4},{"not_picked":["Shrug It Off+1","Anger","Iron Wave"],"picked":"Spot Weakness+1","floor":5},{"not_picked":["Clash","Steam+1","Conserve Battery+1"],"picked":"Fission+1","floor":5},{"not_picked":["Iron Wave","Forethought+1","Gash"],"picked":"Coolheaded+1","floor":7},{"not_picked":["Replay:Undeath\u0027s Touch","Iron Wave","Barrage"],"picked":"Seeing Red+1","floor":7},{"not_picked":["Iron Wave","Skim+1","Cold Snap"],"picked":"WeaponsOverheat+1","floor":11},{"not_picked":["Fire Breathing","True Grit+1","Exhume+1"],"picked":"Dual Wield+1","floor":11},{"not_picked":["Thunderclap","Recycle+1","Body Slam","Streamline"],"picked":"SKIP","floor":12},{"not_picked":["Pommel Strike","Headbutt","Anger","Leap+1"],"picked":"SKIP","floor":12},{"not_picked":["Replay:BasicMightCard","Thunderclap","Anger"],"picked":"Sweeping Beam","floor":14},{"not_picked":["Feed","Headbutt","Clothesline","Armaments+1"],"picked":"SKIP","floor":14},{"not_picked":["Berserk","Double Tap+1","Chrysalis+1"],"picked":"Machine Learning","floor":16},{"not_picked":["Abandon+1","Ghostly Armor+1","Multi-Cast+1"],"picked":"Hologram+1","floor":18},{"not_picked":["Conserve Battery+1","Metallicize","Go for the Eyes+1"],"picked":"Feel No Pain","floor":18},{"not_picked":["Rip and Tear","Clothesline","Storm"],"picked":"Coolheaded+1","floor":20},{"not_picked":["Leap+1","Iron Wave","Armaments+1"],"picked":"Juggernaut","floor":20},{"not_picked":["Havoc+1","Inflame","Compile Driver"],"picked":"Warcry+1","floor":22},{"not_picked":["Gash","Beam Cell+1","Barrage","Steam+1"],"picked":"SKIP","floor":22},{"not_picked":["Transmutation+1","Panic Button+1","Run Through","Sever Soul+1"],"picked":"SKIP","floor":23},{"not_picked":["ReplayTheSpireMod:Uncanny Aura+1","ReplaySort+1","Shrug It Off+1","Headbutt"],"picked":"Loop","floor":28},{"not_picked":["Sweeping Beam+1","Sadistic Nature","Clash","Cold Snap"],"picked":"Pommel Strike","floor":28},{"not_picked":["Immolate","Inflame","Double Tap+1","Bludgeon"],"picked":"Brutality","floor":29},{"not_picked":["Amplify+1","Shrug It Off+1","Rupture+1","Clash"],"picked":"Creative AI","floor":31},{"not_picked":["ReplayUltimateDefense","ReplayTheSpireMod:Brewmster","Panache","Reboot+1"],"picked":"ReplayTheSpireMod:Omega Cannon","floor":33},{"not_picked":["Steam+1","Streamline+1","Body Slam","PanicButton+1"],"picked":"BasicCrystalCard+1","floor":35},{"not_picked":["Metamorphosis+1","Darkness+1","Havoc+1","Madness+1"],"picked":"Ball Lightning","floor":35},{"not_picked":["Iron Wave","Warcry+1","Shrug It Off+1","Cold Snap"],"picked":"Coolheaded+1","floor":36},{"not_picked":["Cold Snap+1","PanicButton+1","Leap+1","Apotheosis+1","Havoc+1"],"picked":"SKIP","floor":36},{"not_picked":["Chrysalis+1","Finesse+1","HandOfGreed","Survey Options+1"],"picked":"Secret Weapon+1","floor":37},{"not_picked":["Finesse+1","ReplayTheSpireMod:Trickstab","HandOfGreed","Good Instincts+1"],"picked":"Blind+1","floor":37},{"not_picked":["Replay:Bootleg Shield Generator+1","Jack Of All Trades+1","Crow Ritual","ReplayTheSpireMod:Private Reserves+1"],"picked":"Panacea+1","floor":37},{"not_picked":["BasicCrystalCard+1","Beam Cell+1","Chaos+1","True Grit+1"],"picked":"Seek+1","floor":38},{"not_picked":["Turbo+1","Armaments+1","ReplayTheSpireMod:Stacked+1","Swift Strike","Ball Lightning+1"],"picked":"SKIP","floor":38},{"not_picked":["Coolheaded+1","Good Instincts+1","Power Through+1","Discovery+1"],"picked":"Corruption+1","floor":39},{"not_picked":["Swift Strike+1","Streamline+1","Clothesline+1","Enlightenment+1","Creative AI+1"],"picked":"SKIP","floor":40},{"not_picked":["Madness+1","Clothesline","Rebound","Dramatic Entrance"],"picked":"Coolheaded+1","floor":42},{"not_picked":["Clash","Sweeping Beam+1","Bandage Up+1","Lockon","Sword Boomerang+1"],"picked":"SKIP","floor":42},{"not_picked":["Melter+1","Barrage+1","Fiend Fire","Wild Strike"],"picked":"Heatsinks+1","floor":44},{"not_picked":["Gash","Uppercut","Ball Lightning","Clothesline"],"picked":"Hologram+1","floor":45},{"not_picked":["Enlightenment+1","Turbo+1","Wild Strike","Iron Wave+1","Leap+1"],"picked":"SKIP","floor":45},{"not_picked":["Rampage+1","Steam Power+1","Perfected Strike+1","ReplayTheSpireMod:Stacked+1"],"picked":"Demonic Infusion+1","floor":46},{"not_picked":["Compile Driver","Reinforced Body+1","Anger+1","Storm+1","Jack Of All Trades+1"],"picked":"SKIP","floor":46},{"not_picked":["Replay:Undeath\u0027s Touch+1","Stack+1","PanicButton+1","Wild Strike+1"],"picked":"Coolheaded+1","floor":47},{"not_picked":["Replay:Undeath\u0027s Touch+1","ReplayTheSpireMod:Strike From Hell","Capacitor+1","Burning Pact+1"],"picked":"Panacea+1","floor":47},{"not_picked":["Doom and Gloom+1","Replay:Sssssssssshield+1","ReplayTheSpireMod:Necrogeddon","Crystallizer+1","Wild Strike"],"picked":"SKIP","floor":54}],"player_experience":766612,"relics_obtained":[{"floor":9,"key":"Juzu Bracelet"},{"floor":23,"key":"Question Card"},{"floor":29,"key":"Bottled Flame"},{"floor":31,"key":"Garlic"},{"floor":39,"key":"Frozen Egg 2"},{"floor":40,"key":"Bird Faced Urn"},{"floor":43,"key":"Pantograph"},{"floor":44,"key":"Shovel"},{"floor":49,"key":"InkBottle"},{"floor":52,"key":"Replay:WaspNest"},{"floor":54,"key":"Kunai"}],"event_choices":[{"damage_healed":0,"gold_gain":0,"player_choice":"Ignored","damage_taken":0,"max_hp_gain":0,"max_hp_loss":0,"event_name":"Ghosts","floor":19,"gold_loss":0},{"damage_healed":0,"gold_gain":99,"player_choice":"Stole From Cult","damage_taken":0,"max_hp_gain":0,"max_hp_loss":0,"event_name":"Nest","floor":25,"gold_loss":0},{"cards_removed":["Strike_B"],"damage_healed":0,"gold_gain":0,"player_choice":"Gave Gold","damage_taken":0,"max_hp_gain":0,"max_hp_loss":0,"event_name":"Beggar","floor":27,"gold_loss":75},{"damage_healed":0,"gold_gain":0,"player_choice":"Memory 3","damage_taken":10,"max_hp_gain":0,"max_hp_loss":0,"event_name":"SensoryStone","floor":37,"gold_loss":0},{"damage_healed":0,"gold_gain":0,"player_choice":"Bought 0 Potions","damage_taken":0,"max_hp_gain":0,"max_hp_loss":0,"event_name":"The Woman in Blue","floor":48,"gold_loss":0}],"is_beta":true,"boss_relics":[{"not_picked":["Snecko Eye","Abe\u0027s Treasure"],"picked":"Sozu"},{"not_picked":["Cursed Key","Tiny House"],"picked":"Philosopher\u0027s Stone"}],"items_purged_floors":[13,21,30],"is_endless":false,"potions_floor_spawned":[2,11,14,18,31,33,36,44,46,47,54],"ascension_level":5}}