{"host":"eydwxg59205c3vtl","time":1609791261,"event":{"mods":["2.2 Compatiblity","BaseMod","Colored Map","Colored Powertips","Hubris","Minty Spire (QoL Compilation)","StSLib","The Jungle","The Necromancer"],"gold_per_floor":[17,30,30,30,49,49,78,78,78,111,111,138,138,153,153,256,256,269,269,280,294,314,346,346,233,258,533,533,552,752,778,778,882,882,901,913,929,949,414,414,439,449,449,449,449,449,466,21,21,21,21],"floor_reached":50,"playtime":1820,"items_purged":["Writhe","Regret","Strike_G"],"score":923,"play_id":"9e56e951-df85-42e3-85eb-339e8625aed8","local_time":"20210104151421","is_ascension_mode":true,"campfire_choices":[{"data":"Neutralize","floor":6.0,"key":"SMITH"},{"data":"Dagger Spray","floor":8.0,"key":"SMITH"},{"floor":15.0,"key":"REST"},{"data":"Phantasmal Killer","floor":28,"key":"SMITH"},{"data":"Cloak And Dagger","floor":32,"key":"SMITH"},{"data":"Adrenaline","floor":40,"key":"SMITH"},{"floor":49,"key":"REST"}],"circlet_count":0,"master_deck":["AscendersBane","Strike_G","Strike_G","Strike_G","Strike_G","Defend_G","Defend_G","Defend_G","Defend_G","Survivor+1","Neutralize+1","Deflect","Predator","Sucker Punch","Footwork+1","Dagger Spray+1","Quick Slash","Cloak And Dagger+1","Leg Sweep","Phantasmal Killer+1","Backstab","Dodge and Roll","Deflect","Backstab","Backflip+1","Blade Dance","Footwork","Noxious Fumes","Deflect+1","Dodge and Roll","A Thousand Cuts","Blade Dance+1","Predator+1","Footwork","Adrenaline+1","Parasite","Skewer","Terror+1","Accuracy","Transmutation"],"relics":["Ring of the Snake","Prayer Wheel","Vajra","Singing Bowl","Regal Pillow","Toy Ornithopter","hubris:Icosahedron","WristBlade","Gremlin Horn","Boot","Happy Flower","Strawberry","Cursed Key","Lantern","War Paint","Sling","hubris:TenFootPole","Incense Burner","hubris:Towel"],"acts_visited":["Exordium","TheCity","TheBeyond"],"potions_floor_usage":[16,20,23,23,33,37,50,50],"damage_taken":[{"damage":2.0,"enemies":"Cultist","floor":1.0,"turns":4.0},{"damage":11.0,"enemies":"Jaw Worm","floor":2.0,"turns":5.0},{"damage":1.0,"enemies":"2 Louse","floor":5.0,"turns":2.0},{"damage":8.0,"enemies":"Gremlin Nob","floor":7.0,"turns":4.0},{"damage":22.0,"enemies":"Lagavulin","floor":10.0,"turns":7.0},{"damage":9.0,"enemies":"Gremlin Nob","floor":12.0,"turns":4.0},{"damage":1.0,"enemies":"Blue Slaver","floor":14.0,"turns":3.0},{"damage":30,"enemies":"Hexaghost","floor":16,"turns":13},{"damage":4,"enemies":"Shell Parasite","floor":18,"turns":5},{"damage":2,"enemies":"Spheric Guardian","floor":20,"turns":3},{"damage":1,"enemies":"Snake Plant","floor":21,"turns":4},{"damage":0,"enemies":"3 Cultists","floor":22,"turns":5},{"damage":13,"enemies":"Book of Stabbing","floor":23,"turns":5},{"damage":0,"enemies":"Chosen and Byrds","floor":29,"turns":5},{"damage":11,"enemies":"Gremlin Leader","floor":31,"turns":5},{"damage":22,"enemies":"Collector","floor":33,"turns":9},{"damage":14,"enemies":"3 Darklings","floor":35,"turns":5},{"damage":3,"enemies":"Orb Walker","floor":36,"turns":3},{"damage":0,"enemies":"Jaw Worm Horde","floor":37,"turns":3},{"damage":0,"enemies":"3 Darklings","floor":38,"turns":3},{"damage":15,"enemies":"Reptomancer","floor":41,"turns":5},{"damage":0,"enemies":"Sphere and 2 Shapes","floor":42,"turns":2},{"damage":5,"enemies":"Maw","floor":47,"turns":6},{"damage":109,"enemies":"Time Eater","floor":50,"turns":10}],"seed_played":"-1520515207768374697","potions_obtained":[{"floor":2.0,"key":"EntropicBrew"},{"floor":5.0,"key":"Energy Potion"},{"floor":7.0,"key":"Energy Potion"},{"floor":16,"key":"DuplicationPotion"},{"floor":18,"key":"Block Potion"},{"floor":20,"key":"SkillPotion"},{"floor":29,"key":"Dexterity Potion"},{"floor":36,"key":"SteroidPotion"},{"floor":42,"key":"FearPotion"},{"floor":47,"key":"SteroidPotion"}],"is_trial":false,"path_per_floor":["M","M","?","$","M","R","E","R","T","E","?","E","?","M","R","B",null,"M","?","M","M","M","E","?","$","T","?","R","M","?","E","R","B",null,"M","M","M","M","$","R","E","M","T","?","?","?","M","$","R","B"],"character_chosen":"THE_SILENT","items_purchased":["Noxious Fumes","Lantern","War Paint","Sling","Accuracy","Transmutation","ColorlessPotion","ColorlessPotion"],"campfire_rested":2,"item_purchase_floors":[25,39,39,39,48,48,48,48],"current_hp_per_floor":[61,50,50,50,49,49,41,41,41,21,21,12,12,11,47,22,60,56,56,61,60,62,59,59,59,59,59,59,59,59,57,57,40,74,64,63,70,70,70,70,57,61,61,61,61,61,56,56,99,0,0],"gold":21,"neow_bonus":"ONE_RARE_RELIC","is_daily":false,"chose_seed":false,"campfire_upgraded":5,"win_rate":0.0,"timestamp":1609791261,"path_taken":["M","M","?","?","?","R","E","R","T","E","?","E","?","M","R","BOSS","M","?","M","M","M","E","?","$","T","?","R","?","?","E","R","BOSS","M","M","M","?","$","R","E","M","T","?","?","?","M","$","R","BOSS"],"items_purchased_type":["Card","Relic","Relic","Relic","Card","Card","Potion","Potion"],"build_version":"2020-12-22","purchased_purges":3,"victory":false,"max_hp_per_floor":[70,70,70,70,70,70,70,70,70,72,72,72,72,72,72,72,72,72,72,74,74,76,76,76,76,76,76,76,76,76,85,85,85,85,89,91,93,93,93,93,95,99,99,99,99,99,99,99,99,99,99],"card_choices":[{"not_picked":["Dagger Throw","Terror"],"picked":"Deflect","floor":1.0},{"not_picked":["hubris:TrickCloak","Reflex"],"picked":"Predator","floor":1.0},{"not_picked":["Outmaneuver","Choke"],"picked":"Sucker Punch","floor":2.0},{"not_picked":["Masterful Stab","Choke"],"picked":"Footwork","floor":2.0},{"not_picked":["Expertise","Acrobatics","Sucker Punch"],"picked":"SKIP","floor":5.0},{"not_picked":["Bullet Time","Acrobatics","Cloak And Dagger"],"picked":"SKIP","floor":5.0},{"not_picked":["Deflect","Deadly Poison"],"picked":"Dagger Spray","floor":7.0},{"not_picked":["Cloak And Dagger","Blade Dance","hubris:TrickCloak"],"picked":"Singing Bowl","floor":10.0},{"not_picked":["Choke","Deadly Poison"],"picked":"Quick Slash","floor":12.0},{"not_picked":["Dagger Throw","hubris:Sniper"],"picked":"Cloak And Dagger","floor":14.0},{"not_picked":["Accuracy","Sucker Punch"],"picked":"Leg Sweep","floor":14.0},{"not_picked":["Storm of Steel","Grand Finale"],"picked":"Phantasmal Killer","floor":16},{"not_picked":["Accuracy","Crippling Poison"],"picked":"Backstab","floor":18},{"not_picked":["Sucker Punch","Bouncing Flask+1"],"picked":"Dodge and Roll","floor":18},{"not_picked":["Bane","hubris:SlightOfHand+1"],"picked":"Deflect","floor":20},{"not_picked":["Flying Knee","Deadly Poison","Underhanded Strike"],"picked":"Singing Bowl","floor":20},{"not_picked":["Dagger Throw","Phantasmal Killer"],"picked":"Backstab","floor":21},{"not_picked":["Dagger Spray","hubris:TrickCloak"],"picked":"Backflip","floor":21},{"not_picked":["Caltrops","Catalyst","Acrobatics"],"picked":"Singing Bowl","floor":22},{"not_picked":["hubris:SlightOfHand","Acrobatics"],"picked":"Blade Dance","floor":22},{"not_picked":["PiercingWail+1","hubris:SlightOfHand"],"picked":"Footwork","floor":23},{"not_picked":["Skewer","Outmaneuver"],"picked":"Deflect+1","floor":29},{"not_picked":["Slice","hubris:SlightOfHand"],"picked":"Dodge and Roll","floor":29},{"not_picked":["Cloak And Dagger","Tactician","Acrobatics+1"],"picked":"Singing Bowl","floor":31},{"not_picked":["Night Terror","Wraith Form v2"],"picked":"A Thousand Cuts","floor":33},{"not_picked":["Bane+1","Well Laid Plans","Dodge and Roll"],"picked":"Singing Bowl","floor":35},{"not_picked":["Choke","Concentrate","Sucker Punch"],"picked":"Singing Bowl","floor":35},{"not_picked":["Dodge and Roll","Poisoned Stab"],"picked":"Blade Dance+1","floor":36},{"not_picked":["Flying Knee","Bouncing Flask","Choke"],"picked":"Singing Bowl","floor":36},{"not_picked":["Deadly Poison+1","Prepared","Deflect"],"picked":"Singing Bowl","floor":37},{"not_picked":["Eviscerate+1","Bane"],"picked":"Predator+1","floor":37},{"not_picked":["Outmaneuver","Crippling Poison+1"],"picked":"Footwork","floor":38},{"not_picked":["Setup+1","Finisher+1"],"picked":"Adrenaline","floor":38},{"not_picked":["Dagger Spray","PiercingWail+1","Well Laid Plans+1"],"picked":"Singing Bowl","floor":41},{"not_picked":["Distraction","Backflip+1","Dagger Spray"],"picked":"Singing Bowl","floor":42},{"not_picked":["hubris:SlightOfHand","Flying Knee","Escape Plan+1"],"picked":"SKIP","floor":42},{"not_picked":["hubris:SlightOfHand","Flying Knee","Escape Plan+1"],"picked":"Singing Bowl","floor":42},{"not_picked":["Caltrops+1","Catalyst"],"picked":"Skewer","floor":47},{"not_picked":["Dagger Spray","Quick Slash"],"picked":"Terror+1","floor":47}],"player_experience":582474,"relics_obtained":[{"floor":7.0,"key":"Vajra"},{"floor":9.0,"key":"Singing Bowl"},{"floor":10.0,"key":"Regal Pillow"},{"floor":12.0,"key":"Toy Ornithopter"},{"floor":23,"key":"Boot"},{"floor":26,"key":"Happy Flower"},{"floor":31,"key":"Strawberry"},{"floor":41,"key":"hubris:TenFootPole"},{"floor":43,"key":"Incense Burner"}],"event_choices":[{"damage_healed":0.0,"max_hp_gain":0.0,"max_hp_loss":0.0,"gold_gain":0.0,"event_name":"Liars Game","player_choice":"Ignored","floor":11.0,"gold_loss":0.0,"damage_taken":0.0},{"damage_healed":0,"gold_gain":0,"player_choice":"Opened","damage_taken":0,"relics_obtained":["Gremlin Horn"],"max_hp_gain":0,"max_hp_loss":0,"event_name":"The Mausoleum","floor":19,"gold_loss":0,"cards_obtained":["Writhe"]},{"damage_healed":0,"gold_gain":0,"player_choice":"Ignored","damage_taken":0,"max_hp_gain":0,"max_hp_loss":0,"event_name":"Ghosts","floor":24,"gold_loss":0},{"damage_healed":0,"gold_gain":275,"player_choice":"Desecrate","damage_taken":0,"max_hp_gain":0,"max_hp_loss":0,"event_name":"Golden Shrine","floor":27,"gold_loss":0,"cards_obtained":["Regret"]},{"damage_healed":0,"gold_gain":250,"player_choice":"Bet on Owner","damage_taken":0,"max_hp_gain":0,"max_hp_loss":0,"event_name":"The Joust","floor":30,"gold_loss":50},{"damage_healed":0,"gold_gain":0,"player_choice":"Ignored","damage_taken":0,"max_hp_gain":0,"max_hp_loss":0,"event_name":"Tomb of Lord Red Mask","floor":44,"gold_loss":0},{"cards_removed":["Defend_G"],"damage_healed":0,"gold_gain":0,"player_choice":"Removed Skill","damage_taken":0,"max_hp_gain":0,"max_hp_loss":0,"event_name":"Falling","floor":45,"gold_loss":0}],"is_beta":false,"boss_relics":[{"not_picked":["hubris:TerracottaHorce","Snecko Eye"],"picked":"WristBlade"},{"not_picked":["hubris:VirtuousBlindfold","hubris:RunicObelisk"],"picked":"Cursed Key"}],"items_purged_floors":[25,39,48],"is_endless":false,"potions_floor_spawned":[2,5,7,16,18,20,29,36,42,47],"killed_by":"Time Eater","ascension_level":12}}