{"host":"xs2umar4czbsv0xl","time":1609723872,"event":{"mods":["AchievementEnabler","Act Like it!","BaseMod","Gensokyo","Marisa????????","Minty Spire (QoL Compilation)","Reimu??????","Remilia??????","Replay The Spire","StSLib","The Hierophant","The Wild Card","Youmu??????","Yuyuko"],"gold_per_floor":[118,118,49,62,74,107,129,149,219,231,23,23,23,42,42,143,143,163,163,163,178,192,224,224,237,237,255,97,97,116,116,116,211,211,226,77,77,77,97,97,28,28,28,41,58,58,82,95,95,95,95,95,47,82,82,82],"floor_reached":55,"playtime":11701,"items_purged":[],"score":689,"play_id":"c4dc7ac2-7386-4d06-8344-ad7a4d011eae","local_time":"20210103193112","is_ascension_mode":false,"campfire_choices":[{"floor":13,"key":"RECALL"},{"floor":15,"key":"REST"},{"floor":24,"key":"REST"},{"data":"theWildCard:PaleRider","floor":32,"key":"SMITH"},{"data":"theWildCard:MagicalMight","floor":32,"key":"SMITH"},{"data":"theWildCard:MagicalMight","floor":40,"key":"SMITH"},{"data":"theWildCard:TheArcanaUnleashed","floor":40,"key":"SMITH"},{"data":"theWildCard:SeveringSlash","floor":42,"key":"SMITH"},{"data":"theWildCard:ManOfManyFaces","floor":42,"key":"SMITH"},{"floor":49,"key":"REST"},{"data":"theWildCard:Sakuya","floor":52,"key":"SMITH"},{"data":"theWildCard:SeveringSlash","floor":52,"key":"SMITH"}],"circlet_count":0,"master_deck":["theWildCard:BasicStrike","theWildCard:BasicStrike","theWildCard:BasicStrike","theWildCard:BasicStrike","theWildCard:BasicDefend","theWildCard:BasicDefend","theWildCard:BasicDefend","theWildCard:BasicDefend+1","theWildCard:Arsene","theWildCard:IdentityTheft","theWildCard:ArcaneArts","theWildCard:PaleRider+1","theWildCard:SeveringSlash+1","theWildCard:MagicalMight+1","theWildCard:BladeOfGenerations","theWildCard:Salvation","theWildCard:EnergyTheft+1","theWildCard:Michael","theWildCard:AllOutAttack+1","theWildCard:PowerOfTheArcana+1","theWildCard:PowerOfTheArcana","theWildCard:Deicide","theWildCard:MagicalMight+1","theWildCard:BladeOfGenerations","theWildCard:Sakuya+1","theWildCard:SeveringSlash+1","theWildCard:MagicMettle+1","theWildCard:Odin","theWildCard:ManOfManyFaces+1","theWildCard:MaskChange","theWildCard:ArcaneArts","theWildCard:TheArcanaUnleashed+1","theWildCard:IdentityTheft","theWildCard:ArcaneArts+1","theWildCard:Odin","theWildCard:BladeOfGenerations+1","theWildCard:Patience","Eruption+1","theWildCard:ArchaicAssault+1","theWildCard:Sakuya","theWildCard:MagicalMight+1"],"relics":["theWildCard:VelvetContract","NeowsBlessing","Bird Faced Urn","Odd Mushroom","Divine Protection","Tiny Chest","Omamori","Replay:Arrowhead","TheAbacus","Shuriken","Mirror","Nunchaku","Golden Egg"],"acts_visited":["Exordium","TheCity","TheBeyond","TheEnding"],"potions_floor_usage":[6,6,6,10,16,22,33,50,50,55],"damage_taken":[{"damage":0,"enemies":"2 Louse","floor":1,"turns":1},{"damage":0,"enemies":"Cultist","floor":4,"turns":1},{"damage":0,"enemies":"Jaw Worm","floor":5,"turns":1},{"damage":23,"enemies":"3 Sentries","floor":6,"turns":7},{"damage":13,"enemies":"The Mushroom Lair","floor":7,"turns":4},{"damage":3,"enemies":"Exordium Thugs","floor":8,"turns":3},{"damage":3,"enemies":"Large Slime","floor":10,"turns":4},{"damage":0,"enemies":"Exordium Wildlife","floor":14,"turns":3},{"damage":10,"enemies":"Hexaghost","floor":16,"turns":4},{"damage":0,"enemies":"Shell Parasite","floor":18,"turns":3},{"damage":2,"enemies":"Chosen","floor":21,"turns":3},{"damage":6,"enemies":"Centurion and Healer","floor":22,"turns":3},{"damage":28,"enemies":"Book of Stabbing","floor":23,"turns":5},{"damage":15,"enemies":"Cultist and Chosen","floor":25,"turns":5},{"damage":2,"enemies":"Shelled Parasite and Fungi","floor":27,"turns":4},{"damage":0,"enemies":"Snecko","floor":30,"turns":3},{"damage":22,"enemies":"Champ","floor":33,"turns":11},{"damage":9,"enemies":"3 Darklings","floor":35,"turns":4},{"damage":6,"enemies":"3 Shapes","floor":39,"turns":3},{"damage":2,"enemies":"3 Darklings","floor":44,"turns":5},{"damage":0,"enemies":"Jaw Worm Horde","floor":45,"turns":3},{"damage":0,"enemies":"Maw","floor":48,"turns":1},{"damage":22,"enemies":"Awakened One","floor":50,"turns":6},{"damage":41,"enemies":"Shield and Spear","floor":54,"turns":10},{"damage":42,"enemies":"The Heart","floor":55,"turns":5}],"seed_played":"-1991818914756837037","potions_obtained":[{"floor":1,"key":"MagicPotion:ReiMu"},{"floor":2,"key":"GamblersBrew"},{"floor":2,"key":"LifebloodPotion"},{"floor":7,"key":"ColorlessPotion"},{"floor":14,"key":"Weak Potion"},{"floor":21,"key":"BlessingOfTheForge"},{"floor":25,"key":"Elixir"},{"floor":30,"key":"BlessingOfTheForge"},{"floor":44,"key":"GrandPatriotsElixir:ReiMu"},{"floor":48,"key":"FearPotion"}],"is_trial":false,"path_per_floor":["M","?","$","M","M","E","?","M","T","M","$","?","R","M","R","B",null,"M","?","T","M","M","E","R","M","T","M","$","?","M","?","R","B",null,"M","$","T","?","M","R","$","R","T","M","M","?","T","M","R","B",null,"R","$","E","B"],"character_chosen":"THE_WILD_CARD","items_purchased":["theWildCard:IdentityTheft","Tiny Chest","theWildCard:EnergyTheft+1","theWildCard:Odin","theWildCard:ManOfManyFaces","theWildCard:MaskChange","TheAbacus","theWildCard:Odin","theWildCard:Sakuya"],"campfire_rested":3,"item_purchase_floors":[3,11,11,28,28,28,36,41,53],"current_hp_per_floor":[60,60,60,60,60,49,36,33,33,30,30,30,30,30,48,38,60,60,60,60,58,54,26,44,44,44,44,44,44,44,49,49,36,60,51,51,51,51,47,47,47,47,47,47,47,47,47,47,60,40,60,60,60,25,0,0],"gold":82,"neow_bonus":"THREE_ENEMY_KILL","is_daily":false,"chose_seed":false,"campfire_upgraded":8,"win_rate":0.0,"timestamp":1609723872,"path_taken":["M","?","$","?","M","E","?","M","T","M","?","?","R","?","R","BOSS","M","?","?","M","M","E","R","M","T","M","$","?","M","?","R","BOSS","M","?","?","?","?","R","$","R","T","M","M","?","?","M","R","BOSS","R","$","E","BOSS"],"items_purchased_type":["Card","Relic","Card","Card","Card","Card","Relic","Card","Card"],"build_version":"2020-12-22","purchased_purges":0,"victory":false,"max_hp_per_floor":[60,60,60,60,60,60,60,60,60,60,60,60,60,60,60,60,60,60,60,60,60,60,60,60,60,60,60,60,60,60,60,60,60,60,60,60,60,60,60,60,60,60,60,60,60,60,60,60,60,60,60,60,60,60,60,60],"card_choices":[{"not_picked":["theWildCard:EnergyTheft","theWildCard:MaskChange"],"picked":"theWildCard:SacrificialStroke","floor":1},{"not_picked":["theWildCard:StingingStrike","theWildCard:Unburden"],"picked":"theWildCard:ArcaneArts","floor":4},{"not_picked":["theWildCard:TheGreatSeal","theWildCard:ShieldOfMany"],"picked":"theWildCard:PaleRider","floor":5},{"not_picked":["theWildCard:Salvation","theWildCard:BladeOfGenerations"],"picked":"theWildCard:SeveringSlash","floor":6},{"not_picked":["theWildCard:Attunement","theWildCard:Providence"],"picked":"theWildCard:MagicalMight","floor":7},{"not_picked":["theWildCard:MasterPlan","theWildCard:UnendingRitual"],"picked":"theWildCard:BladeOfGenerations","floor":8},{"not_picked":["theWildCard:ArcanaArtistry","theWildCard:MagicMettle"],"picked":"theWildCard:Salvation","floor":10},{"not_picked":["theWildCard:UnendingRitual","theWildCard:LadyLuck"],"picked":"theWildCard:Michael","floor":14},{"not_picked":["theWildCard:FinalHour","theWildCard:Satanael"],"picked":"theWildCard:AllOutAttack","floor":16},{"not_picked":["theWildCard:EnergizedStroke","theWildCard:Polydeuces"],"picked":"theWildCard:PowerOfTheArcana+1","floor":18},{"not_picked":["theWildCard:StingingStrike","theWildCard:ArcaneArts"],"picked":"theWildCard:MagicalMight","floor":21},{"not_picked":["theWildCard:MasterPlan","theWildCard:Sakuya"],"picked":"theWildCard:BladeOfGenerations","floor":22},{"not_picked":["theWildCard:Polydeuces","theWildCard:Alice"],"picked":"theWildCard:Sakuya","floor":23},{"not_picked":["theWildCard:Proficiency+1","theWildCard:PowerOfTheArcana"],"picked":"theWildCard:SeveringSlash","floor":25},{"not_picked":["theWildCard:ArcaneArts","theWildCard:SeveringSlash+1"],"picked":"theWildCard:MagicMettle+1","floor":27},{"not_picked":["theWildCard:StingingStrike","theWildCard:SacrificialStroke+1"],"picked":"theWildCard:ArcaneArts","floor":30},{"not_picked":["theWildCard:Amaterasu","theWildCard:Ruination"],"picked":"theWildCard:TheArcanaUnleashed","floor":33},{"not_picked":["theWildCard:Impatience+1","theWildCard:Polydeuces+1"],"picked":"theWildCard:IdentityTheft","floor":35},{"not_picked":["theWildCard:Patience+1","theWildCard:ShieldOfMany"],"picked":"theWildCard:ArcaneArts+1","floor":39},{"not_picked":["theWildCard:ArcanaArtistry","theWildCard:StingingStrike"],"picked":"theWildCard:BladeOfGenerations+1","floor":44},{"not_picked":["theWildCard:ArcaneArts","theWildCard:Proficiency"],"picked":"theWildCard:Patience","floor":45},{"not_picked":["theWildCard:Providence+1","theWildCard:Ruination"],"picked":"theWildCard:ArchaicAssault+1","floor":48},{"not_picked":["theWildCard:CryOfAgony","theWildCard:StingingStrike"],"picked":"theWildCard:MagicalMight+1","floor":54}],"player_experience":118179,"relics_obtained":[{"floor":6,"key":"Bird Faced Urn"},{"floor":7,"key":"Odd Mushroom"},{"floor":9,"key":"Divine Protection"},{"floor":23,"key":"Omamori"},{"floor":26,"key":"Replay:Arrowhead"},{"floor":37,"key":"Shuriken"},{"floor":43,"key":"Mirror"},{"floor":47,"key":"Nunchaku"},{"floor":54,"key":"Golden Egg"}],"event_choices":[{"damage_healed":0,"gold_gain":0,"player_choice":"Got Potions","damage_taken":0,"max_hp_gain":0,"max_hp_loss":0,"event_name":"Lab","floor":2,"gold_loss":0},{"damage_healed":0,"gold_gain":0,"player_choice":"Fought Mushrooms","damage_taken":0,"max_hp_gain":0,"max_hp_loss":0,"event_name":"Mushrooms","floor":7,"gold_loss":0},{"damage_healed":0,"gold_gain":0,"player_choice":"2 cards matched","damage_taken":0,"max_hp_gain":0,"max_hp_loss":0,"event_name":"Match and Keep!","floor":19,"gold_loss":0,"cards_obtained":["theWildCard:PowerOfTheArcana","theWildCard:Deicide"]},{"damage_healed":0,"gold_gain":0,"player_choice":"Ignored","damage_taken":0,"max_hp_gain":0,"max_hp_loss":0,"event_name":"Vampires","floor":29,"gold_loss":0},{"cards_removed":["theWildCard:SacrificialStroke"],"damage_healed":5,"gold_gain":0,"player_choice":"Offered Common","damage_taken":0,"max_hp_gain":0,"max_hp_loss":0,"event_name":"Bonfire Elementals","floor":31,"gold_loss":0},{"cards_removed":["theWildCard:SacrificialStroke"],"damage_healed":5,"gold_gain":0,"player_choice":"Offered Special","damage_taken":0,"max_hp_gain":0,"max_hp_loss":0,"event_name":"Bonfire Elementals","floor":31,"gold_loss":0},{"damage_healed":0,"gold_gain":0,"player_choice":"Forge","damage_taken":0,"max_hp_gain":0,"max_hp_loss":0,"event_name":"Accursed Blacksmith","floor":38,"gold_loss":0,"cards_upgraded":["theWildCard:AllOutAttack"]},{"cards_removed":["theWildCard:CallToAdventure"],"damage_healed":0,"gold_gain":0,"player_choice":"Took Card","damage_taken":0,"max_hp_gain":0,"max_hp_loss":0,"event_name":"NoteForYourself","floor":46,"gold_loss":0,"cards_obtained":["Eruption"]}],"is_beta":false,"boss_relics":[{"not_picked":["Replay:Wanted Poster","Painkiller Herb","Replay:Drink Me"]},{"not_picked":["theWildCard:FigureOfDeath","Kintsugi","ChewingGum"]}],"items_purged_floors":[],"is_endless":false,"potions_floor_spawned":[1,7,14,21,25,30,44,48],"killed_by":"The Heart","ascension_level":0}}