{"host":"5fasz840ryq7obdf","time":1609777001,"event":{"mods":["2.2 Compatiblity","AchievementEnabler","BaseMod","Bestiary","Better Altar","Better Skull","Better Third Choice","BetterRewards","Block Reminder","Colored Powertips","Curses Come First","Downfall","Minty Spire (QoL Compilation)","Quick Restart","Relic Sorter","Relic Stats","Shop Mod","Spicy Shops","StSLib","SuperFastMode","ojb\u0027s Better Paths Mod","ojb\u0027s Info Mod"],"gold_per_floor":[99,118,218,237,248,248,248,258,258,258,268,299,299,330,345,345,345,345],"floor_reached":16,"playtime":1252,"items_purged":[],"score":129,"play_id":"dafdd9b5-014f-4989-a011-88a8ab7e2dd8","local_time":"20210104161641","is_ascension_mode":true,"campfire_choices":[{"data":"champ:Taunt","floor":1.0,"key":"SMITH"},{"data":"champ:FocusedBerserking","floor":6.0,"key":"SMITH"},{"data":"champ:SwordSigil","floor":9.0,"key":"SMITH"},{"floor":13.0,"key":"REST"}],"circlet_count":0,"master_deck":["champ:Strike","champ:Strike","champ:Strike","champ:Defend","champ:Defend","champ:Defend","champ:Defend","champ:Execute","champ:Taunt+1","champ:FocusedBerserking+1","champ:SwordSigil+1","champ:DeathBlow","champ:GladiatorsShout","champ:DefensiveStyle","champ:RageSigil","champ:Circumvent","champ:RecklessLeap"],"relics":["champ:ChampionCrown","champ:DefensiveTrainingManual","Strawberry","Vajra"],"acts_visited":["Exordium"],"potions_floor_usage":[],"damage_taken":[{"damage":20.0,"enemies":"2 Louse","floor":2.0,"turns":3.0},{"damage":30.0,"enemies":"Jaw Worm","floor":4.0,"turns":4.0},{"damage":21.0,"enemies":"Cultist","floor":5.0,"turns":4.0},{"damage":68.0,"enemies":"Exordium Thugs","floor":8.0,"turns":5.0},{"damage":51.0,"enemies":"Gremlin Gang","floor":11.0,"turns":4.0},{"damage":45.0,"enemies":"3 Sentries","floor":12.0,"turns":6.0},{"damage":39.0,"enemies":"Gremlin Nob","floor":14.0,"turns":3.0},{"damage":34.0,"enemies":"3 Louse","floor":15.0,"turns":2.0},{"damage":41,"enemies":"downfall:Ironclad","floor":16,"turns":3}],"seed_played":"6402616046557603092","potions_obtained":[{"floor":5.0,"key":"Block Potion"},{"floor":8.0,"key":"FearPotion"},{"floor":11.0,"key":"champ:CounterPotion"}],"is_trial":false,"path_per_floor":["R","M","?","M","M","R","T","M","R","?","M","E","R","E","M","B"],"character_chosen":"THE_CHAMP","items_purchased":[],"campfire_rested":1,"item_purchase_floors":[],"current_hp_per_floor":[90,80,80,75,74,74,74,56,56,56,45,32,61,35,35,0,0,0],"gold":345,"neow_bonus":"THREE_CARDS","is_daily":false,"chose_seed":false,"campfire_upgraded":3,"win_rate":0.0,"timestamp":1609777001,"path_taken":["R","M","?","M","M","R","T","M","R","?","?","E","R","E","M","BOSS"],"items_purchased_type":[],"build_version":"2020-12-22","purchased_purges":0,"victory":false,"max_hp_per_floor":[90,90,90,90,90,90,90,90,90,90,90,97,97,97,97,97,97,97],"relic_stats":{"counters":[9,34],"obtain_stats":[{"champ:DefensiveTrainingManual":7,"Strawberry":12,"Vajra":14,"champ:ChampionCrown":0},{"champ:DefensiveTrainingManual":3,"Strawberry":6,"Vajra":7,"champ:ChampionCrown":0},{"champ:DefensiveTrainingManual":11,"Strawberry":26,"Vajra":29,"champ:ChampionCrown":0}]},"card_choices":[{"not_picked":["champ:FocusedGladiator","champ:RageSigil"],"picked":"champ:FocusedBerserking","floor":0.0},{"not_picked":["champ:CrookedStrike","champ:FocusedBerserking"],"picked":"champ:SwordSigil","floor":2.0},{"not_picked":["champ:PerfectedStrike","champ:RageSigil"],"picked":"champ:DeathBlow","floor":4.0},{"not_picked":["champ:Duel","champ:Circumvent"],"picked":"champ:GladiatorsShout","floor":5.0},{"not_picked":["champ:FocusedGladiator","champ:SkillfulDodge","champ:FanOfKnives"],"picked":"SKIP","floor":8.0},{"not_picked":["champ:ShieldSigil","champ:CrookedStrike"],"picked":"champ:DefensiveStyle","floor":11.0},{"not_picked":["champ:FanOfKnives","champ:FaceSlap"],"picked":"champ:RageSigil","floor":12.0},{"not_picked":["champ:TornadoPunch","champ:ShieldSigil"],"picked":"champ:Circumvent","floor":14.0},{"not_picked":["champ:RageSigil","champ:HeartStrike"],"picked":"champ:RecklessLeap","floor":15.0}],"player_experience":1489949,"relics_obtained":[{"floor":7.0,"key":"champ:DefensiveTrainingManual"},{"floor":12.0,"key":"Strawberry"},{"floor":14.0,"key":"Vajra"}],"event_choices":[],"is_beta":false,"boss_relics":[],"items_purged_floors":[],"is_endless":false,"potions_floor_spawned":[5,8,11],"killed_by":"downfall:Ironclad","ascension_level":3}}