{"host":"5wznv0010959mrmz","time":1609790517,"event":{"mods":["BaseMod","Highlight Path","Minty Spire (QoL Compilation)","Relic Stats"],"gold_per_floor":[111,130,142,142,162,162,162],"floor_reached":6,"playtime":622,"items_purged":[],"score":76,"play_id":"ed206a87-e395-40cf-8363-af0df3a8782d","local_time":"20210104140157","is_ascension_mode":true,"campfire_choices":[],"circlet_count":0,"master_deck":["AscendersBane","Strike_G","Strike_G","Strike_G","Strike_G","Strike_G","Defend_G","Defend_G","Defend_G","Defend_G","Defend_G","Survivor","Neutralize","Cloak And Dagger","Dagger Spray","Riddle With Holes","Injury","Dash"],"relics":["Ring of the Snake","Dream Catcher","Golden Idol"],"acts_visited":["Exordium"],"potions_floor_usage":[5],"damage_taken":[{"damage":4,"enemies":"Jaw Worm","floor":1,"turns":5},{"damage":3,"enemies":"2 Louse","floor":2,"turns":3},{"damage":8,"enemies":"Cultist","floor":3,"turns":5},{"damage":13,"enemies":"Exordium Thugs","floor":5,"turns":5},{"damage":34,"enemies":"3 Sentries","floor":6,"turns":10}],"seed_played":"6352924435817980699","potions_obtained":[{"floor":2,"key":"Explosive Potion"}],"is_trial":false,"path_per_floor":["M","M","M","?","M","E"],"character_chosen":"THE_SILENT","items_purchased":[],"campfire_rested":0,"item_purchase_floors":[],"current_hp_per_floor":[55,52,44,44,31,0,0],"gold":162,"neow_bonus":"RANDOM_COMMON_RELIC","is_daily":false,"chose_seed":false,"campfire_upgraded":0,"win_rate":0.0,"timestamp":1609790517,"path_taken":["M","M","M","?","M","E"],"items_purchased_type":[],"build_version":"2020-12-22","purchased_purges":0,"victory":false,"max_hp_per_floor":[66,66,66,66,66,66,66],"relic_stats":{"Dream Catcher":0,"counters":[5,28],"Golden Idol":4,"obtain_stats":[{"Dream Catcher":0,"Golden Idol":4,"Ring of the Snake":0},{"Dream Catcher":0,"Golden Idol":3,"Ring of the Snake":0},{"Dream Catcher":0,"Golden Idol":13,"Ring of the Snake":0}],"Ring of the Snake":[10]},"card_choices":[{"not_picked":["Accuracy","Caltrops"],"picked":"Cloak And Dagger","floor":1},{"not_picked":["PiercingWail","Catalyst"],"picked":"Dagger Spray","floor":2},{"not_picked":["Quick Slash","Catalyst"],"picked":"Riddle With Holes","floor":3},{"not_picked":["Cloak And Dagger","Sucker Punch"],"picked":"Dash","floor":5}],"player_experience":400024,"relics_obtained":[],"event_choices":[{"damage_healed":0,"gold_gain":0,"player_choice":"Take Wound","damage_taken":0,"relics_obtained":["Golden Idol"],"max_hp_gain":0,"max_hp_loss":0,"event_name":"Golden Idol","floor":4,"gold_loss":0,"cards_obtained":["Injury"]}],"is_beta":false,"boss_relics":[],"items_purged_floors":[],"is_endless":false,"potions_floor_spawned":[2],"killed_by":"3 Sentries","ascension_level":20}}