{"host":"jfjanrmpavyj4ikg","time":1609749599,"event":{"mods":["AchievementEnabler","BaseMod","BetterRewards","Colored Map","Colored Powertips","GifTheSpireLib","Infinite Spire","Minty Spire (QoL Compilation)","Quick Restart","Rare Cards Sparkle","Shop Mod","StSLib"],"gold_per_floor":[112,129,129,30,30,50,83,97,97,97,172,18,36,71,71,171,171,171,171],"floor_reached":18,"playtime":1486,"items_purged":["Defend_R","Strike_R"],"score":170,"play_id":"09675cb8-265d-46d7-be10-2a0fa5f089c1","local_time":"20210104003959","is_ascension_mode":false,"campfire_choices":[{"data":"Pommel Strike","floor":10,"key":"SMITH"},{"data":"Flex","floor":15,"key":"SMITH"}],"circlet_count":0,"master_deck":["Strike_R","Strike_R","Strike_R","Defend_R","Defend_R","Defend_R","Bash","Headbutt","Pommel Strike","Pommel Strike+1","Rampage","Clash","Flex+1","Headbutt","Headbutt"],"relics":["Burning Blood","Ornamental Fan","HornCleat","InkBottle","Snecko Eye"],"acts_visited":["Exordium","TheCity"],"potions_floor_usage":[7,16,16],"damage_taken":[{"damage":12,"enemies":"Cultist","floor":1,"turns":5},{"damage":2,"enemies":"Small Slimes","floor":2,"turns":4},{"damage":11,"enemies":"Jaw Worm","floor":6,"turns":2},{"damage":37,"enemies":"Gremlin Nob","floor":7,"turns":5},{"damage":16,"enemies":"Lots of Slimes","floor":8,"turns":3},{"damage":8,"enemies":"Red Slaver","floor":13,"turns":2},{"damage":14,"enemies":"Lagavulin","floor":14,"turns":4},{"damage":25,"enemies":"Slime Boss","floor":16,"turns":7},{"damage":21,"enemies":"3 Byrds","floor":18,"turns":3}],"seed_played":"-7144704472834835418","potions_obtained":[{"floor":6,"key":"BloodPotion"},{"floor":8,"key":"LiquidMemories"},{"floor":13,"key":"LiquidBronze"}],"is_trial":false,"path_per_floor":["M","M","?","$","?","M","E","M","T","R","?","$","M","E","R","B",null,"M"],"character_chosen":"IRONCLAD","items_purchased":["Pommel Strike","Flex"],"campfire_rested":0,"item_purchase_floors":[4,12],"current_hp_per_floor":[82,86,86,86,79,74,60,50,50,50,39,39,37,29,29,10,88,67,67],"gold":171,"neow_bonus":"TEN_PERCENT_HP_BONUS","is_daily":false,"chose_seed":false,"campfire_upgraded":2,"win_rate":0.0,"timestamp":1609749599,"path_taken":["M","M","?","$","?","M","E","M","T","R","?","$","M","E","R","BOSS","M"],"items_purchased_type":["Card","Card"],"build_version":"2020-12-22","purchased_purges":2,"victory":false,"max_hp_per_floor":[88,88,88,88,88,88,88,88,88,88,88,88,88,88,88,88,88,88,88],"card_choices":[{"not_picked":["Ghostly Armor","Cleave","Twin Strike"],"picked":"SKIP","floor":1},{"not_picked":["Body Slam","True Grit"],"picked":"Headbutt","floor":2},{"not_picked":["Anger","Cleave"],"picked":"Pommel Strike","floor":6},{"not_picked":["Shockwave","Whirlwind"],"picked":"Rampage","floor":7},{"not_picked":["Feel No Pain","Disarm"],"picked":"Clash","floor":8},{"not_picked":["Sword Boomerang","infinitespire:OneForAll"],"picked":"Headbutt","floor":13},{"not_picked":["Twin Strike","Entrench"],"picked":"Headbutt","floor":14}],"player_experience":40520,"relics_obtained":[{"floor":7,"key":"Ornamental Fan"},{"floor":9,"key":"HornCleat"},{"floor":14,"key":"InkBottle"}],"event_choices":[{"cards_removed":["Strike_R"],"damage_healed":0,"gold_gain":0,"player_choice":"Card Removal","damage_taken":7,"max_hp_gain":0,"max_hp_loss":0,"event_name":"Golden Wing","floor":5,"gold_loss":0},{"damage_healed":0,"gold_gain":75,"player_choice":"Gather Gold","damage_taken":11,"max_hp_gain":0,"max_hp_loss":0,"event_name":"World of Goop","floor":11,"gold_loss":0}],"is_beta":false,"boss_relics":[{"not_picked":["Mark of Pain","Velvet Choker"],"picked":"Snecko Eye"}],"items_purged_floors":[4,12],"is_endless":false,"potions_floor_spawned":[6,8,13],"killed_by":"3 Byrds","ascension_level":0}}