{"host":"ch74xfb1n85e86fc","time":1609765778,"event":{"mods":["AchievementEnabler","BaseMod","Colored Map","DeckTracker","Minty Spire (QoL Compilation)","Relic Stats","StSLib","SuperFastMode","everything is the same but u backflip on backflip"],"gold_per_floor":[110,110,120,135,148,148,148,183,209,209,232,250,266,35,35,156,156,175,30,50,65,86,119,119,119,119,158,158,177,195,220,220,348,348,366,366,381,401,32,32,66,66,66,81,81,81,99,137,137,137,137,137,17,60,60],"floor_reached":56,"playtime":2297,"items_purged":["Defend_B","Strike_B"],"score":1328,"play_id":"e024f777-a5fc-4ba0-b780-56a2926be78e","local_time":"20210104220938","is_ascension_mode":false,"campfire_choices":[{"data":"Defragment","floor":6,"key":"SMITH"},{"data":"Sunder","floor":15,"key":"SMITH"},{"floor":25,"key":"REST"},{"floor":32,"key":"REST"},{"data":"Storm","floor":40,"key":"SMITH"},{"data":"Seek","floor":42,"key":"SMITH"},{"data":"Echo Form","floor":46,"key":"SMITH"},{"floor":49,"key":"RECALL"},{"data":"Static Discharge","floor":52,"key":"SMITH"}],"circlet_count":0,"master_deck":["Strike_B","Strike_B","Strike_B","Defend_B","Defend_B","Defend_B","Zap","Conserve Battery","Ball Lightning","Cold Snap","Glacier","Genetic Algorithm","Steam","Defragment+1","Sunder+1","Compile Driver","Chill","Echo Form+1","Sweeping Beam+1","Leap+1","Rip and Tear","Reinforced Body","Streamline","Tempest","Reinforced Body+1","Tempest","Go for the Eyes+1","Storm+1","Seek+1","Defragment+1","Aggregate","Hologram+1","Storm+1","Hologram+1","Coolheaded+1","Capacitor+1","Static Discharge+1","Barrage","Steam Power+1"],"relics":["Cracked Core","Prayer Wheel","Golden Idol","Happy Flower","Lantern","Chemical X","Black Star","PreservedInsect","Dream Catcher","MealTicket","Mummified Hand","Unceasing Top","Centennial Puzzle","Coffee Dripper","Art of War","Question Card","Darkstone Periapt","InkBottle","Blood Vial","Pear","Vajra"],"acts_visited":["Exordium","TheCity","TheBeyond","TheEnding"],"potions_floor_usage":[16,16,23,27,33,50,55,55,55,55,55],"damage_taken":[{"damage":3,"enemies":"Small Slimes","floor":1,"turns":3},{"damage":0,"enemies":"Cultist","floor":3,"turns":2},{"damage":0,"enemies":"Jaw Worm","floor":4,"turns":3},{"damage":4,"enemies":"Blue Slaver","floor":5,"turns":3},{"damage":24,"enemies":"Gremlin Nob","floor":8,"turns":4},{"damage":0,"enemies":"Gremlin Gang","floor":11,"turns":3},{"damage":0,"enemies":"2 Fungi Beasts","floor":12,"turns":2},{"damage":0,"enemies":"3 Louse","floor":13,"turns":3},{"damage":0,"enemies":"Hexaghost","floor":16,"turns":7},{"damage":3,"enemies":"Shell Parasite","floor":18,"turns":6},{"damage":17,"enemies":"3 Byrds","floor":20,"turns":6},{"damage":7,"enemies":"Shelled Parasite and Fungi","floor":21,"turns":4},{"damage":0,"enemies":"Centurion and Healer","floor":22,"turns":9},{"damage":27,"enemies":"Gremlin Leader","floor":23,"turns":4},{"damage":5,"enemies":"Book of Stabbing","floor":27,"turns":4},{"damage":0,"enemies":"Cultist and Chosen","floor":29,"turns":4},{"damage":0,"enemies":"Snake Plant","floor":30,"turns":2},{"damage":7,"enemies":"Centurion and Healer","floor":31,"turns":5},{"damage":13,"enemies":"Champ","floor":33,"turns":10},{"damage":0,"enemies":"3 Darklings","floor":35,"turns":4},{"damage":0,"enemies":"Orb Walker","floor":37,"turns":3},{"damage":14,"enemies":"4 Shapes","floor":38,"turns":3},{"damage":18,"enemies":"Reptomancer","floor":41,"turns":3},{"damage":0,"enemies":"3 Darklings","floor":44,"turns":3},{"damage":5,"enemies":"Writhing Mass","floor":47,"turns":4},{"damage":13,"enemies":"Nemesis","floor":48,"turns":3},{"damage":8,"enemies":"Time Eater","floor":50,"turns":10},{"damage":17,"enemies":"Shield and Spear","floor":54,"turns":4},{"damage":12,"enemies":"The Heart","floor":55,"turns":6}],"seed_played":"-8553432527469732061","potions_obtained":[{"floor":3,"key":"PowerPotion"},{"floor":5,"key":"FocusPotion"},{"floor":10,"key":"PowerPotion"},{"floor":16,"key":"DuplicationPotion"},{"floor":18,"key":"FearPotion"},{"floor":29,"key":"FearPotion"},{"floor":37,"key":"EssenceOfDarkness"},{"floor":44,"key":"EntropicBrew"},{"floor":54,"key":"SkillPotion"}],"is_trial":false,"path_per_floor":["M","?","M","M","M","R","?","E","T","?","M","M","M","$","R","B",null,"M","$","M","M","M","E","?","R","T","E","?","M","M","M","R","B",null,"M","?","M","M","$","R","E","R","T","M","?","R","M","E","R","B",null,"R","$","E","B",null],"character_chosen":"DEFECT","items_purchased":["Chemical X","PreservedInsect","Storm","Art of War","LiquidMemories","PotionOfCapacity","Barrage"],"campfire_rested":2,"item_purchase_floors":[14,19,39,39,39,53,53],"current_hp_per_floor":[65,65,65,65,61,61,44,20,20,20,20,20,20,20,20,20,68,65,65,48,41,41,14,14,34,34,29,29,29,29,22,42,29,68,68,68,68,54,68,68,50,50,50,50,50,50,45,32,32,26,65,65,65,58,48],"gold":60,"neow_bonus":"ONE_RARE_RELIC","is_daily":false,"chose_seed":false,"campfire_upgraded":6,"win_rate":0.0,"timestamp":1609765778,"path_taken":["M","?","M","?","M","R","?","E","T","?","M","?","M","$","R","BOSS","M","$","M","M","M","E","?","R","T","E","?","M","M","M","R","BOSS","M","?","M","M","$","R","E","R","T","M","?","R","M","E","R","BOSS","R","$","E","BOSS"],"items_purchased_type":["Relic","Relic","Card","Relic","Potion","Potion","Card"],"build_version":"2020-12-22","purchased_purges":2,"victory":true,"max_hp_per_floor":[68,68,68,68,68,68,68,68,68,68,68,68,68,68,68,68,68,68,68,68,68,68,68,68,68,68,68,68,68,68,68,68,68,68,68,68,68,68,68,68,68,68,68,68,65,65,65,65,65,65,65,65,65,75,75],"relic_stats":{"Darkstone Periapt":0,"Happy Flower":[37],"counters":[29,127],"Golden Idol":203,"PreservedInsect":264,"Question Card":6,"Blood Vial":4,"Dream Catcher":2,"Centennial Puzzle":[27],"Mummified Hand":[68],"Prayer Wheel":19,"MealTicket":14,"Black Star":5,"Art of War":[4],"Chemical X":[57],"obtain_stats":[{"Darkstone Periapt":41,"Lantern":9,"Pear":54,"Happy Flower":8,"Golden Idol":7,"Vajra":54,"PreservedInsect":19,"Question Card":41,"Blood Vial":48,"Dream Catcher":23,"Centennial Puzzle":27,"Mummified Hand":26,"Prayer Wheel":0,"MealTicket":23,"Black Star":17,"Coffee Dripper":34,"Art of War":39,"Chemical X":14,"Cracked Core":0,"Unceasing Top":27,"InkBottle":48},{"Darkstone Periapt":23,"Lantern":5,"Pear":28,"Happy Flower":5,"Golden Idol":4,"Vajra":28,"PreservedInsect":10,"Question Card":23,"Blood Vial":26,"Dream Catcher":14,"Centennial Puzzle":15,"Mummified Hand":14,"Prayer Wheel":0,"MealTicket":14,"Black Star":9,"Coffee Dripper":19,"Art of War":22,"Chemical X":8,"Cracked Core":0,"Unceasing Top":15,"InkBottle":26},{"Darkstone Periapt":97,"Lantern":15,"Pear":121,"Happy Flower":15,"Golden Idol":11,"Vajra":121,"PreservedInsect":36,"Question Card":97,"Blood Vial":107,"Dream Catcher":59,"Centennial Puzzle":63,"Mummified Hand":59,"Prayer Wheel":0,"MealTicket":59,"Black Star":30,"Coffee Dripper":84,"Art of War":94,"Chemical X":23,"Cracked Core":0,"Unceasing Top":63,"InkBottle":107}],"Unceasing Top":[23],"InkBottle":[11]},"card_choices":[{"not_picked":["Auto Shields","Leap"],"picked":"Conserve Battery","floor":1},{"not_picked":["Loop","Reprogram"],"picked":"Ball Lightning","floor":1},{"not_picked":["Hologram","Turbo"],"picked":"Cold Snap","floor":3},{"not_picked":["Leap","Barrage"],"picked":"Glacier","floor":3},{"not_picked":["Hologram","Consume"],"picked":"Genetic Algorithm","floor":4},{"not_picked":["Redo","Conserve Battery","Loop"],"picked":"SKIP","floor":4},{"not_picked":["Stack","Coolheaded"],"picked":"Steam","floor":5},{"not_picked":["Rip and Tear","White Noise"],"picked":"Defragment","floor":5},{"not_picked":["Leap","Rip and Tear"],"picked":"Sunder","floor":8},{"not_picked":["Reinforced Body","Fusion"],"picked":"Compile Driver","floor":11},{"not_picked":["Creative AI","Conserve Battery","Heatsinks"],"picked":"SKIP","floor":11},{"not_picked":["Reinforced Body","Streamline"],"picked":"Chill","floor":12},{"not_picked":["Chaos","Gash","Compile Driver"],"picked":"SKIP","floor":12},{"not_picked":["Redo","Compile Driver"],"picked":"Echo Form","floor":13},{"not_picked":["Compile Driver","Coolheaded","Redo"],"picked":"SKIP","floor":13},{"not_picked":["Ball Lightning","Hologram"],"picked":"Sweeping Beam+1","floor":18},{"not_picked":["Sweeping Beam","Steam+1"],"picked":"Leap+1","floor":18},{"not_picked":["Leap","Hologram","Conserve Battery"],"picked":"SKIP","floor":20},{"not_picked":["Compile Driver","Undo+1","Meteor Strike"],"picked":"SKIP","floor":20},{"not_picked":["Genetic Algorithm","Barrage"],"picked":"Rip and Tear","floor":21},{"not_picked":["Cold Snap","Sweeping Beam"],"picked":"Reinforced Body","floor":21},{"not_picked":["Redo","Sunder"],"picked":"Streamline","floor":22},{"not_picked":["Heatsinks","Hologram"],"picked":"Tempest","floor":22},{"not_picked":["Buffer","Leap"],"picked":"Reinforced Body+1","floor":23},{"not_picked":["Chill","Beam Cell","Gash+1"],"picked":"SKIP","floor":27},{"not_picked":["Consume","Turbo"],"picked":"Go for the Eyes+1","floor":29},{"not_picked":["Turbo","Amplify","Leap"],"picked":"SKIP","floor":29},{"not_picked":["Streamline","Go for the Eyes+1"],"picked":"Storm+1","floor":30},{"not_picked":["Rebound+1","Beam Cell","Loop"],"picked":"SKIP","floor":30},{"not_picked":["Streamline","Coolheaded","Cold Snap"],"picked":"SKIP","floor":31},{"not_picked":["Chill+1","Beam Cell+1","Rainbow"],"picked":"SKIP","floor":31},{"not_picked":["Echo Form","Rainbow"],"picked":"Seek","floor":33},{"not_picked":["Rebound","Reprogram+1"],"picked":"Defragment+1","floor":35},{"not_picked":["Chaos","Ball Lightning","Cold Snap+1"],"picked":"SKIP","floor":35},{"not_picked":["Leap+1","Conserve Battery+1"],"picked":"Aggregate","floor":37},{"not_picked":["Sunder+1","Fusion+1","Redo+1"],"picked":"SKIP","floor":37},{"not_picked":["BootSequence","Cold Snap"],"picked":"Hologram+1","floor":38},{"not_picked":["Rainbow","Gash","Rebound+1"],"picked":"SKIP","floor":38},{"not_picked":["Barrage+1","Sunder"],"picked":"Hologram+1","floor":41},{"not_picked":["Genetic Algorithm+1","Doom and Gloom","Turbo"],"picked":"Coolheaded+1","floor":44},{"not_picked":["Compile Driver","Steam+1","Reprogram+1","Go for the Eyes+1"],"picked":"SKIP","floor":44},{"not_picked":["Compile Driver+1","Gash","Hello World"],"picked":"Capacitor+1","floor":47},{"not_picked":["Chill","FTL+1","Rebound+1"],"picked":"Static Discharge","floor":47},{"not_picked":["Redo+1","Fission","Reprogram+1","BootSequence"],"picked":"SKIP","floor":48},{"not_picked":["Reprogram+1","Conserve Battery","Compile Driver+1"],"picked":"Steam Power+1","floor":54}],"player_experience":24304,"relics_obtained":[{"floor":8,"key":"Happy Flower"},{"floor":9,"key":"Lantern"},{"floor":23,"key":"Dream Catcher"},{"floor":23,"key":"MealTicket"},{"floor":26,"key":"Mummified Hand"},{"floor":27,"key":"Unceasing Top"},{"floor":27,"key":"Centennial Puzzle"},{"floor":41,"key":"Question Card"},{"floor":41,"key":"Darkstone Periapt"},{"floor":48,"key":"InkBottle"},{"floor":48,"key":"Blood Vial"},{"floor":54,"key":"Pear"},{"floor":54,"key":"Vajra"}],"event_choices":[{"damage_healed":0,"gold_gain":0,"player_choice":"Ignored","damage_taken":0,"max_hp_gain":0,"max_hp_loss":0,"event_name":"NoteForYourself","floor":2,"gold_loss":0},{"damage_healed":0,"gold_gain":0,"player_choice":"Take Damage","damage_taken":17,"relics_obtained":["Golden Idol"],"max_hp_gain":0,"max_hp_loss":0,"event_name":"Golden Idol","floor":7,"gold_loss":0},{"damage_healed":0,"gold_gain":0,"player_choice":"Got Potions","damage_taken":0,"max_hp_gain":0,"max_hp_loss":0,"event_name":"Lab","floor":10,"gold_loss":0},{"damage_healed":0,"gold_gain":0,"player_choice":"Read","damage_taken":0,"max_hp_gain":0,"max_hp_loss":0,"event_name":"The Library","floor":24,"gold_loss":0,"cards_obtained":["Tempest"]},{"damage_healed":0,"gold_gain":0,"player_choice":"Ignored","damage_taken":0,"max_hp_gain":0,"max_hp_loss":0,"event_name":"Cursed Tome","floor":28,"gold_loss":0},{"cards_removed":["Dualcast"],"damage_healed":0,"gold_gain":0,"player_choice":"Removed Skill","damage_taken":0,"max_hp_gain":0,"max_hp_loss":0,"event_name":"Falling","floor":36,"gold_loss":0},{"damage_healed":0,"gold_gain":0,"player_choice":"Max HP","damage_taken":0,"max_hp_gain":0,"max_hp_loss":3,"event_name":"Winding Halls","floor":45,"gold_loss":0}],"is_beta":false,"boss_relics":[{"not_picked":["Runic Dome","SacredBark"],"picked":"Black Star"},{"not_picked":["Tiny House","Astrolabe"],"picked":"Coffee Dripper"}],"items_purged_floors":[14,39],"is_endless":false,"potions_floor_spawned":[3,5,12,16,18,21,29,37,44,47,54],"ascension_level":0}}