{"host":"x2ek6o6i0zlpy2ld","time":1609788618,"event":{"mods":["AchievementEnabler","BaseMod","Downfall","Minty Spire (QoL Compilation)","Quick Restart","StSLib"],"gold_per_floor":[99,99,159,159,159,171,171,187,112,129,129,159,159,173,184,287,287,162,162,162,178,88,38,93,43,82,104,123,123,148,192,212,321,321,271,300,376,396,423,459,459,459,501,376,402,352,411,424,446,446],"floor_reached":51,"playtime":2635,"items_purged":["Pain"],"score":742,"play_id":"ab11ee51-49be-4ae7-9408-aa72cc4afbaf","local_time":"20210104133018","is_ascension_mode":false,"campfire_choices":[{"floor":1.0,"key":"RECALL"},{"data":"Slimebound:SpikyOuterGoop","floor":9.0,"key":"SMITH"},{"data":"Slimebound:OneTwoCombo","floor":11.0,"key":"SMITH"},{"data":"Slimebound:MassRepurpose","floor":18.0,"key":"SMITH"},{"data":"Slimebound:CheckThePlaybook","floor":23,"key":"SMITH"},{"data":"Slimebound:GrowthPunch","floor":25,"key":"SMITH"},{"data":"Slimebound:SelfFormingGoo","floor":35,"key":"SMITH"},{"data":"Slimebound:AcidTongue","floor":44,"key":"SMITH"},{"floor":46,"key":"REST"}],"circlet_count":0,"master_deck":["Slimebound:Strike_Slimebound","Slimebound:Strike_Slimebound","Slimebound:Tackle","Slimebound:Defend_Slimebound","Slimebound:Defend_Slimebound","Slimebound:Defend_Slimebound","Slimebound:Defend_Slimebound","Slimebound:Split","Slimebound:CorrosiveSpit","Slimebound:SplitMire+1","Slimebound:SamplingLick","Slimebound:LivingWall","Slimebound:RollThrough","Slimebound:SpikyOuterGoop+1","Slimebound:OneTwoCombo+1","Slimebound:LeechEnergy","Slimebound:GrowthPunch+1","Slimebound:Equalize","Slimebound:MassRepurpose+1","Slimebound:CheckThePlaybook+1","Slimebound:GoopSpray+1","Slimebound:SplitMire","Slimebound:TongueLash+1","Slimebound:AcidTongue+1","Slimebound:SplitAcid+1","Slimebound:RejuvenatingLick+1","Slimebound:ProtectTheBoss+1","Slimebound:FinishingTackle+1","Slimebound:SelfFormingGoo+1","Slimebound:GrowthPunch","Slimebound:SpikyOuterGoop","Parasite","Slimebound:SplitAcid+1","Slimebound:SlimeSpikes+1","Slimebound:MegaLick+1","Slimebound:SplitMire+1","Slimebound:LevelUp+1"],"relics":["Slimebound:AbsorbEndCombat","downfall:HeartsMalice","Bag of Preparation","Mercury Hourglass","downfall:HeartBlessingRed","Calipers","Slimebound:GreedOozeRelic","Sozu","downfall:HeartBlessingGreen","Toy Ornithopter","Tiny Chest","CeramicFish","Meat on the Bone","Potion Belt","Empty Cage","Oddly Smooth Stone","Akabeko","Mummified Hand","downfall:HeartBlessingBlue","StoneCalendar"],"acts_visited":["Exordium","TheCity","TheBeyond"],"potions_floor_usage":[22,22,22],"damage_taken":[{"damage":0.0,"enemies":"2 Louse","floor":2.0,"turns":1.0},{"damage":0.0,"enemies":"Gremlin Nob","floor":3.0,"turns":1.0},{"damage":0.0,"enemies":"Small Slimes","floor":5.0,"turns":1.0},{"damage":8.0,"enemies":"Cultist","floor":6.0,"turns":3.0},{"damage":8.0,"enemies":"2 Fungi Beasts","floor":8.0,"turns":2.0},{"damage":6.0,"enemies":"3 Louse","floor":10.0,"turns":2.0},{"damage":24.0,"enemies":"Lagavulin","floor":12.0,"turns":7.0},{"damage":4.0,"enemies":"Lots of Slimes","floor":14.0,"turns":2.0},{"damage":15.0,"enemies":"Exordium Wildlife","floor":15.0,"turns":2.0},{"damage":35.0,"enemies":"downfall:Silent","floor":16.0,"turns":7.0},{"damage":8.0,"enemies":"Spheric Guardian","floor":21.0,"turns":3.0},{"damage":30,"enemies":"downfall:FleeingMerchant","floor":22,"turns":4},{"damage":13,"enemies":"Book of Stabbing","floor":26,"turns":4},{"damage":18,"enemies":"Shell Parasite","floor":27,"turns":2},{"damage":4,"enemies":"Snecko","floor":28,"turns":3},{"damage":23,"enemies":"Snake Plant","floor":30,"turns":3},{"damage":33,"enemies":"Slavers","floor":31,"turns":2},{"damage":12,"enemies":"3 Cultists","floor":32,"turns":3},{"damage":54,"enemies":"downfall:Watcher","floor":33,"turns":6},{"damage":31,"enemies":"3 Darklings","floor":36,"turns":3},{"damage":11,"enemies":"3 Shapes","floor":38,"turns":3},{"damage":25,"enemies":"Writhing Mass","floor":40,"turns":6},{"damage":47,"enemies":"Nemesis","floor":43,"turns":5},{"damage":14,"enemies":"Sphere and 2 Shapes","floor":45,"turns":3},{"damage":8,"enemies":"Mind Bloom Boss Battle","floor":47,"turns":3},{"damage":28,"enemies":"Jaw Worm Horde","floor":48,"turns":3},{"damage":19,"enemies":"Spire Growth","floor":49,"turns":3},{"damage":35,"enemies":"downfall:Defect","floor":50,"turns":5}],"seed_played":"7045229978599912149","potions_obtained":[{"floor":3.0,"key":"Slimebound:ThreeZeroPotion"},{"floor":10.0,"key":"GamblersBrew"},{"floor":15.0,"key":"PowerPotion"},{"floor":16.0,"key":"FearPotion"}],"is_trial":false,"path_per_floor":["R","M","?","?","M","M","T","M","R","M","R","E","?","M","M","B",null,"R","?","?","M","$","R","T","R","E","M","M","?","M","E","M","B",null,"R","M","?","M","T","M","T","?","E","R","M","R","?","M","M","B",null],"character_chosen":"SLIMEBOUND","items_purchased":[],"campfire_rested":1,"item_purchase_floors":[],"current_hp_per_floor":[60,60,60,60,60,60,60,60,60,58,58,48,48,48,45,40,60,60,60,60,60,59,59,59,59,57,43,57,57,47,40,48,41,60,60,43,43,40,40,43,43,43,40,50,50,70,70,52,55,46],"gold":446,"neow_bonus":"THREE_ENEMY_KILL","is_daily":false,"chose_seed":false,"campfire_upgraded":7,"win_rate":0.0,"timestamp":1609788618,"path_taken":["R","M","?","?","?","M","T","M","R","M","R","E","?","M","M","BOSS","R","?","?","M","$","R","T","R","E","?","M","?","M","E","M","BOSS","R","M","?","M","?","M","T","?","E","R","M","R","?","?","M","BOSS"],"items_purchased_type":[],"build_version":"2020-12-22","purchased_purges":1,"victory":true,"max_hp_per_floor":[60,60,60,60,60,60,60,60,60,60,60,60,60,60,60,60,60,60,60,60,60,60,60,60,60,60,60,60,60,60,60,60,60,60,60,60,60,60,60,60,60,60,60,70,70,70,70,70,70,70],"card_choices":[{"not_picked":["Slimebound:ComboTackle","Slimebound:Grow"],"picked":"Slimebound:SplitMire","floor":2.0},{"not_picked":["Slimebound:Dissolve","Slimebound:ViciousTackle"],"picked":"Slimebound:SamplingLick","floor":3.0},{"not_picked":["Slimebound:Schlurp","Slimebound:LeechEnergy"],"picked":"Slimebound:LivingWall","floor":5.0},{"not_picked":["Slimebound:LeechingTouch","Slimebound:GoopSpray"],"picked":"Slimebound:RollThrough","floor":6.0},{"not_picked":["Slimebound:Prepare","Slimebound:SlimeSpikes"],"picked":"Slimebound:SpikyOuterGoop","floor":8.0},{"not_picked":["Slimebound:FormOfPuddle","Slimebound:FinishingTackle"],"picked":"Slimebound:OneTwoCombo","floor":10.0},{"not_picked":["Slimebound:PressTheAttack","Slimebound:SlimeTap"],"picked":"Slimebound:LeechEnergy","floor":12.0},{"not_picked":["Slimebound:FinishingTackle","Slimebound:SlimeSpikes"],"picked":"Slimebound:GrowthPunch","floor":14.0},{"not_picked":["Slimebound:GrowthPunch","Slimebound:RollThrough"],"picked":"Slimebound:Equalize","floor":15.0},{"not_picked":["Slimebound:Teamwork","Slimebound:LeechLife"],"picked":"Slimebound:MassRepurpose","floor":16.0},{"not_picked":["Slimebound:MegaLick","Slimebound:LeechingTouch"],"picked":"Slimebound:GoopSpray+1","floor":21.0},{"not_picked":["Slimebound:GoopSpray","Slimebound:Schlurp"],"picked":"Slimebound:SplitMire","floor":22},{"not_picked":["Slimebound:SlimeSpikes","Slimebound:GoopSpray+1"],"picked":"Slimebound:TongueLash+1","floor":26},{"not_picked":["Slimebound:FinishingTackle","Slimebound:ViciousTackle"],"picked":"Slimebound:AcidTongue","floor":27},{"not_picked":["Slimebound:FormOfPuddle+1","Slimebound:LeechEnergy"],"picked":"Slimebound:SplitAcid+1","floor":28},{"not_picked":["Slimebound:ComboTackle+1","Slimebound:Nibble"],"picked":"Slimebound:RejuvenatingLick+1","floor":30},{"not_picked":["Slimebound:LeechEnergy","Slimebound:OneTwoCombo"],"picked":"Slimebound:ProtectTheBoss+1","floor":31},{"not_picked":["Slimebound:LeechingTouch+1","Slimebound:GoopTackle"],"picked":"Slimebound:FinishingTackle+1","floor":32},{"not_picked":["Slimebound:DuplicatedForm","Slimebound:LeechLife"],"picked":"Slimebound:SelfFormingGoo","floor":33},{"not_picked":["Slimebound:ComboTackle","Slimebound:LeechingTouch"],"picked":"Slimebound:GrowthPunch","floor":36},{"not_picked":["Slimebound:DisruptingSlam","Slimebound:GoopSpray"],"picked":"Slimebound:SpikyOuterGoop","floor":38},{"not_picked":["Slimebound:ComboTackle","Slimebound:LeadByExample"],"picked":"Slimebound:SplitAcid+1","floor":40},{"not_picked":["Slimebound:FinishingTackle+1","Slimebound:SlimeSlap"],"picked":"Slimebound:SlimeSpikes+1","floor":43},{"not_picked":["Slimebound:LeechEnergy","Slimebound:FinishingTackle"],"picked":"Slimebound:MegaLick+1","floor":45},{"not_picked":["Slimebound:Dissolve+1","Slimebound:LeechingTouch+1"],"picked":"Slimebound:SplitMire+1","floor":47},{"not_picked":["Slimebound:Dissolve","Slimebound:ComboTackle","Slimebound:SplitBruiser"],"picked":"SKIP","floor":48},{"not_picked":["Slimebound:SplitAcid+1","Slimebound:LeechingTouch+1"],"picked":"Slimebound:LevelUp+1","floor":49}],"player_experience":303609,"relics_obtained":[{"floor":3.0,"key":"Bag of Preparation"},{"floor":7.0,"key":"Mercury Hourglass"},{"floor":12.0,"key":"Calipers"},{"floor":24,"key":"Tiny Chest"},{"floor":26,"key":"CeramicFish"},{"floor":31,"key":"Potion Belt"},{"floor":39,"key":"Oddly Smooth Stone"},{"floor":41,"key":"Akabeko"},{"floor":43,"key":"Mummified Hand"},{"floor":47,"key":"StoneCalendar"}],"event_choices":[{"damage_healed":0.0,"max_hp_gain":0.0,"max_hp_loss":0.0,"gold_gain":0.0,"event_name":"Upgrade Shrine","player_choice":"Upgraded","floor":4.0,"gold_loss":0.0,"damage_taken":0.0,"cards_upgraded":["Slimebound:SplitMire"]}],"is_beta":false,"boss_relics":[{"not_picked":["SlaversCollar","SacredBark"],"picked":"Sozu"},{"not_picked":["Velvet Choker","Runic Dome"],"picked":"Empty Cage"}],"items_purged_floors":[22],"is_endless":false,"potions_floor_spawned":[3,10,15,16,26,30,31,32,33,36,40,45,48],"ascension_level":0}}