{"host":"y89x8uui45kcjy42","time":1609759564,"event":{"mods":["2.2 Compatiblity","BaseMod","CapriCore","Colored Map","Colored Powertips","Custom Start","Friendly Minions","Keyboard Shortcuts","Lobotomy","Minty Spire (QoL Compilation)","Relic Stats","Slay the Relics Exporter","StSLib","SuperFastMode","Uncapped"],"gold_per_floor":[115,38,206,206,206,233,233,264,319,319,351,351,382,398,398,474,474,489,101,51,61,92,92,109,134,134,160,160,72,72,72,72,150,150,166,166,122,122,173,206,206,206,260,289,300,327,327,144,144,144,144,144,144,0,32,32],"floor_reached":57,"playtime":2283,"items_purged":["Strike_B","Strike_B","Defend_B","Defend_B"],"score":3588,"play_id":"34ab5e55-ccab-41a5-8a2e-c37cdac98601","local_time":"20210104202604","is_ascension_mode":true,"campfire_choices":[{"data":"Loop","floor":7,"key":"SMITH"},{"data":"Amplify","floor":10,"key":"SMITH"},{"data":"Zap","floor":12,"key":"SMITH"},{"data":"Coolheaded","floor":15,"key":"SMITH"},{"data":"Dualcast","floor":23,"key":"SMITH"},{"data":"Buffer","floor":30,"key":"SMITH"},{"data":"Reboot","floor":32,"key":"SMITH"},{"data":"Madness","floor":42,"key":"SMITH"},{"floor":49,"key":"RECALL"},{"data":"Storm","floor":53,"key":"SMITH"}],"circlet_count":0,"master_deck":["WhiteNight","AscendersBane","Zap+1","Dualcast+1","LongBird","Loop+1","Defragment+1","Amplify+1","VoidDream","Coolheaded+1","MHz","Ball Lightning+1","Bloodbath","Reboot+1","Capacitor+1","Chaos+1","Thunder Strike+1","QueenOfHatred","Barrage+1","LittlePrince","OldLady","MeatLantern","Consume+1","QueenBee","Buffer+1","DreamingCurrent","HereticApostle","BigBadWolf","WhitesApple","Madness+1","Recycle+1","BigBird","Storm+1","Parasite","Parasite","Parasite","Capacitor+1"],"relics":["Cracked Core","DataDisk","DataDisk","DataDisk","Ring of the Serpent","Inserter","ClockworkSouvenir","CogitoBucket","Membership Card","FrozenCore","Sling","Bottled Tornado","Inserter","Bag of Preparation","Nuclear Battery","PreservedInsect","Ginger","SkinProphecy","Astrolabe","ClockworkSouvenir","FossilizedHelix","Ancient Tea Set","Red Mask","ChangeAnything","CaptainsWheel","Blue Candle","Incense Burner","Runic Capacitor","Turnip","Omamori","Thread and Needle","Sozu","Prayer Wheel","Bronze Scales","WingedGreaves","Happy Flower","Cables","AtMidnight","AspirationHeart","Anchor","Calipers","DeathAngel","Pantograph","Shuriken","DataDisk","DataDisk","DataDisk","DataDisk","DataDisk","DataDisk","Coffee Dripper","Coffee Dripper","Coffee Dripper","Symbiotic Virus"],"acts_visited":["Exordium","TheCity","TheBeyond","TheEnding"],"potions_floor_usage":[56,56],"damage_taken":[{"damage":8,"enemies":"Small Slimes","floor":1,"turns":2},{"damage":6,"enemies":"Lagavulin","floor":6,"turns":4},{"damage":11,"enemies":"3 Sentries","floor":8,"turns":4},{"damage":5,"enemies":"Lagavulin","floor":11,"turns":3},{"damage":5,"enemies":"Gremlin Nob","floor":13,"turns":2},{"damage":0,"enemies":"Jaw Worm","floor":14,"turns":3},{"damage":8,"enemies":"The Guardian","floor":16,"turns":6},{"damage":9,"enemies":"3 Byrds","floor":18,"turns":4},{"damage":0,"enemies":"2 Thieves","floor":21,"turns":3},{"damage":0,"enemies":"Masked Bandits","floor":22,"turns":3},{"damage":2,"enemies":"Snecko","floor":24,"turns":3},{"damage":14,"enemies":"Book of Stabbing","floor":25,"turns":3},{"damage":22,"enemies":"Slavers","floor":27,"turns":3},{"damage":50,"enemies":"Champ","floor":33,"turns":7},{"damage":7,"enemies":"3 Shapes","floor":35,"turns":2},{"damage":4,"enemies":"2 Orb Walkers","floor":39,"turns":3},{"damage":43,"enemies":"Reptomancer","floor":40,"turns":3},{"damage":0,"enemies":"Nemesis","floor":44,"turns":3},{"damage":5,"enemies":"3 Darklings","floor":45,"turns":8},{"damage":0,"enemies":"Giant Head","floor":46,"turns":4},{"damage":0,"enemies":"Nemesis","floor":47,"turns":8},{"damage":0,"enemies":"Donu and Deca","floor":50,"turns":11},{"damage":0,"enemies":"Awakened One","floor":51,"turns":8},{"damage":1,"enemies":"Shield and Spear","floor":55,"turns":4},{"damage":2,"enemies":"The Heart","floor":56,"turns":5}],"seed_played":"-217204609152851637","potions_obtained":[{"floor":14,"key":"PotionOfCapacity"},{"floor":16,"key":"SneckoOil"},{"floor":21,"key":"Swift Potion"},{"floor":22,"key":"Swift Potion"}],"is_trial":false,"path_per_floor":["M","$","$","?","?","E","R","E","T","R","E","R","E","M","R","B",null,"M","$","?","M","?","R","M","E","T","E","?","$","R","T","R","B",null,"M","?","$","?","?","E","?","R","T","E","M","E","E","$","R","B","B",null,"R","$","E","B",null],"character_chosen":"DEFECT","items_purchased":["Defragment","Sling","ClockworkSouvenir","FossilizedHelix","Ancient Tea Set","Runic Capacitor","Turnip","Omamori","Buffer","Defragment","Pantograph","Storm","Shuriken"],"campfire_rested":0,"item_purchase_floors":[2,3,19,19,19,29,29,29,29,37,48,48,54],"current_hp_per_floor":[56,56,56,56,61,55,55,144,144,144,139,139,134,134,134,122,164,153,153,153,156,159,159,149,131,131,112,112,112,112,112,112,66,162,151,151,151,151,156,133,123,123,123,143,206,208,212,212,212,216,218,218,218,218,220,222],"gold":32,"neow_bonus":"","is_daily":false,"chose_seed":false,"campfire_upgraded":9,"win_rate":0.0,"timestamp":1609759564,"path_taken":["M","$","$","?","?","E","R","E","T","R","E","R","E","M","R","BOSS","M","$","?","?","?","R","M","E","T","E","?","$","R","?","R","BOSS","M","?","?","?","?","E","?","R","T","E","?","E","E","$","R","BOSS","BOSS","R","$","E","BOSS"],"items_purchased_type":["Card","Relic","Relic","Relic","Relic","Relic","Relic","Relic","Card","Card","Relic","Card","Relic"],"build_version":"2020-12-22","purchased_purges":4,"victory":true,"max_hp_per_floor":[71,71,71,71,76,76,76,176,176,176,176,176,176,176,176,178,178,180,180,180,182,184,184,188,190,190,192,192,192,192,192,192,194,194,196,196,196,186,188,190,190,190,190,192,206,208,212,212,212,216,218,218,218,218,220,222],"relic_stats":{"Inserter":[78],"Happy Flower":[19],"counters":[30,115],"Astrolabe":["Capacitor","Chaos","Thunder Strike"],"Blue Candle":[11],"PreservedInsect":474,"Bag of Preparation":[48],"Ginger":[10],"FrozenCore":[64],"Cables":[50,32,9,0,9],"Sozu":3,"Shuriken":[0],"Bronze Scales":[193],"Pantograph":0,"Prayer Wheel":1,"Turnip":[6],"obtain_stats":[{"Calipers":47,"Bag of Preparation":8,"Incense Burner":27,"Runic Capacitor":29,"Ginger":13,"Bottled Tornado":6,"SkinProphecy":14,"Sling":3,"Ancient Tea Set":19,"ClockworkSouvenir":0,"FrozenCore":1,"Sozu":34,"CogitoBucket":0,"Pantograph":48,"Prayer Wheel":39,"WingedGreaves":0,"Red Mask":22,"Cracked Core":0,"Inserter":0,"Happy Flower":43,"Astrolabe":17,"Blue Candle":26,"AspirationHeart":45,"Thread and Needle":31,"PreservedInsect":11,"Omamori":29,"DeathAngel":47,"Nuclear Battery":10,"Cables":44,"DataDisk":0,"CaptainsWheel":25,"Anchor":46,"Shuriken":54,"Bronze Scales":40,"AtMidnight":45,"Turnip":29,"Coffee Dripper":55,"Membership Card":0,"ChangeAnything":24,"Symbiotic Virus":55,"Ring of the Serpent":0,"FossilizedHelix":19},{"Calipers":25,"Bag of Preparation":3,"Incense Burner":15,"Runic Capacitor":15,"Ginger":5,"Bottled Tornado":2,"SkinProphecy":7,"Sling":1,"Ancient Tea Set":9,"ClockworkSouvenir":0,"FrozenCore":1,"Sozu":16,"CogitoBucket":0,"Pantograph":25,"Prayer Wheel":18,"WingedGreaves":0,"Red Mask":11,"Cracked Core":0,"Inserter":0,"Happy Flower":19,"Astrolabe":8,"Blue Candle":14,"AspirationHeart":22,"Thread and Needle":15,"PreservedInsect":4,"Omamori":15,"DeathAngel":25,"Nuclear Battery":3,"Cables":20,"DataDisk":0,"CaptainsWheel":14,"Anchor":23,"Shuriken":28,"Bronze Scales":19,"AtMidnight":22,"Turnip":15,"Coffee Dripper":29,"Membership Card":0,"ChangeAnything":13,"Symbiotic Virus":29,"Ring of the Serpent":0,"FossilizedHelix":9},{"Calipers":80,"Bag of Preparation":10,"Incense Burner":44,"Runic Capacitor":44,"Ginger":14,"Bottled Tornado":6,"SkinProphecy":18,"Sling":2,"Ancient Tea Set":28,"ClockworkSouvenir":0,"FrozenCore":2,"Sozu":51,"CogitoBucket":0,"Pantograph":86,"Prayer Wheel":56,"WingedGreaves":0,"Red Mask":34,"Cracked Core":0,"Inserter":0,"Happy Flower":59,"Astrolabe":24,"Blue Candle":41,"AspirationHeart":71,"Thread and Needle":44,"PreservedInsect":12,"Omamori":44,"DeathAngel":86,"Nuclear Battery":10,"Cables":62,"DataDisk":0,"CaptainsWheel":41,"Anchor":74,"Shuriken":106,"Bronze Scales":59,"AtMidnight":71,"Turnip":44,"Coffee Dripper":107,"Membership Card":0,"ChangeAnything":38,"Symbiotic Virus":110,"Ring of the Serpent":0,"FossilizedHelix":28}]},"card_choices":[{"not_picked":["FieryBird","CrumblingArmor","Murderer"],"picked":"Singing Bowl","floor":1},{"not_picked":["CrumblingArmor","Scorched"],"picked":"LongBird","floor":1},{"not_picked":["Sweeping Beam","Double Energy"],"picked":"Loop","floor":1},{"not_picked":["WallGazer","Laetitia","Bloodbath"],"picked":"Singing Bowl","floor":6},{"not_picked":["Self Repair","Beam Cell","Go for the Eyes"],"picked":"SKIP","floor":6},{"not_picked":["UniverseFragment","OSAHOGD","LittleHelper"],"picked":"Singing Bowl","floor":8},{"not_picked":["Aggregate","Sweeping Beam"],"picked":"Amplify","floor":8},{"not_picked":["GreedKing","UniverseFragment","LaLuna"],"picked":"Singing Bowl","floor":11},{"not_picked":["Amplify","Gash","Undo"],"picked":"SKIP","floor":11},{"not_picked":["Amplify","Gash","Undo"],"picked":"SKIP","floor":11},{"not_picked":["BeautyBeast","CrumblingArmor","ShyLook"],"picked":"Singing Bowl","floor":13},{"not_picked":["SpiderBud","CherryBlossoms"],"picked":"VoidDream","floor":13},{"not_picked":["Redo","Coolheaded","Gash"],"picked":"SKIP","floor":13},{"not_picked":["Redo","Gash"],"picked":"Coolheaded","floor":13},{"not_picked":["PunishingBird","Woodsman","MeatLantern"],"picked":"Singing Bowl","floor":14},{"not_picked":["OldLady","Scorched"],"picked":"MHz","floor":14},{"not_picked":["Conserve Battery","Rebound"],"picked":"Ball Lightning","floor":14},{"not_picked":["ShyLook","Laetitia","NakedNest"],"picked":"Singing Bowl","floor":16},{"not_picked":["GreedKing","UniverseFragment"],"picked":"Bloodbath","floor":16},{"not_picked":["Amplify","Creative AI"],"picked":"Reboot","floor":16},{"not_picked":["SpiderBud","Murderer","ShyLook"],"picked":"Singing Bowl","floor":18},{"not_picked":["Wellcheers","BeautyBeast"],"picked":"QueenOfHatred","floor":18},{"not_picked":["Compile Driver","Leap","Steam"],"picked":"SKIP","floor":18},{"not_picked":["FairyFestival","LaLuna","PunishingBird"],"picked":"Singing Bowl","floor":21},{"not_picked":["Go for the Eyes","Static Discharge"],"picked":"Barrage+1","floor":21},{"not_picked":["ShyLook","BlueStar","GreedKing"],"picked":"Singing Bowl","floor":22},{"not_picked":["Porccubus","Murderer"],"picked":"LittlePrince","floor":22},{"not_picked":["Funeral","NakedNest","BlueStar"],"picked":"Singing Bowl","floor":24},{"not_picked":["UniverseFragment","BeautyBeast"],"picked":"OldLady","floor":24},{"not_picked":["Ball Lightning","Reprogram","White Noise"],"picked":"SKIP","floor":24},{"not_picked":["UniverseFragment","BeautyBeast","Wellcheers"],"picked":"Singing Bowl","floor":25},{"not_picked":["Porccubus","SingingMachine"],"picked":"MeatLantern","floor":25},{"not_picked":["Auto Shields","Hello World"],"picked":"Consume+1","floor":25},{"not_picked":["NakedNest","OSAHOGD","SingingMachine"],"picked":"Singing Bowl","floor":27},{"not_picked":["Funeral","GalaxyChild"],"picked":"QueenBee","floor":27},{"not_picked":["Compile Driver","Consume+1","Sweeping Beam"],"picked":"SKIP","floor":27},{"not_picked":["SilentOrchestra","SpiderBud"],"picked":"DreamingCurrent","floor":35},{"not_picked":["Conserve Battery","Blizzard","Sweeping Beam"],"picked":"SKIP","floor":35},{"not_picked":["Funeral","HeroicMonk"],"picked":"BigBadWolf","floor":39},{"not_picked":["NothingThere","LaLuna"],"picked":"WhitesApple","floor":40},{"not_picked":["Streamline","Glacier","All For One"],"picked":"SKIP","floor":40},{"not_picked":["Streamline","Glacier","All For One"],"picked":"SKIP","floor":40},{"not_picked":["Impatience","Mind Blast"],"picked":"Madness","floor":41},{"not_picked":["Tempest","Compile Driver","Thunder Strike"],"picked":"SKIP","floor":44},{"not_picked":["Alriune","Funeral"],"picked":"PlagueDoctor","floor":45},{"not_picked":["Ball Lightning","Hologram+1"],"picked":"Recycle+1","floor":45},{"not_picked":["Conserve Battery","FTL+1","Darkness"],"picked":"SKIP","floor":45},{"not_picked":["GalaxyChild","DespairKnight"],"picked":"BigBird","floor":46},{"not_picked":["Streamline","Machine Learning","Steam"],"picked":"SKIP","floor":46},{"not_picked":["Skim+1","Streamline"],"picked":"Capacitor+1","floor":55}],"player_experience":559857,"relics_obtained":[{"floor":6,"key":"Bottled Tornado"},{"floor":8,"key":"Bag of Preparation"},{"floor":11,"key":"PreservedInsect"},{"floor":13,"key":"Ginger"},{"floor":22,"key":"Red Mask"},{"floor":25,"key":"CaptainsWheel"},{"floor":26,"key":"Blue Candle"},{"floor":27,"key":"Incense Burner"},{"floor":31,"key":"Thread and Needle"},{"floor":39,"key":"Prayer Wheel"},{"floor":40,"key":"Bronze Scales"},{"floor":43,"key":"Happy Flower"},{"floor":44,"key":"Cables"},{"floor":45,"key":"AtMidnight"},{"floor":46,"key":"Anchor"},{"floor":47,"key":"DeathAngel"},{"floor":55,"key":"Symbiotic Virus"}],"event_choices":[{"damage_healed":0,"gold_gain":0,"player_choice":"Grow","damage_taken":0,"max_hp_gain":0,"max_hp_loss":0,"event_name":"Living Wall","floor":4,"gold_loss":0,"cards_upgraded":["Defragment"]},{"damage_healed":0,"gold_gain":0,"player_choice":"Donut","damage_taken":0,"max_hp_gain":5,"max_hp_loss":0,"event_name":"Big Fish","floor":5,"gold_loss":0},{"damage_healed":0,"gold_gain":0,"player_choice":"Upgraded Two","damage_taken":0,"max_hp_gain":0,"max_hp_loss":0,"event_name":"Designer","floor":20,"gold_loss":50,"cards_upgraded":["Ball Lightning","Strike_B"]},{"damage_healed":0,"gold_gain":0,"player_choice":"Fought Bandits","damage_taken":0,"max_hp_gain":0,"max_hp_loss":0,"event_name":"Masked Bandits","floor":22,"gold_loss":0},{"damage_healed":0,"gold_gain":0,"player_choice":"Ignored","damage_taken":0,"max_hp_gain":0,"max_hp_loss":0,"event_name":"Ghosts","floor":28,"gold_loss":0},{"cards_removed":["Strike_B"],"damage_healed":0,"gold_gain":0,"player_choice":"Purged","damage_taken":0,"max_hp_gain":0,"max_hp_loss":0,"event_name":"Purifier","floor":36,"gold_loss":0},{"damage_healed":0,"gold_gain":0,"player_choice":"Max HP","damage_taken":0,"max_hp_gain":0,"max_hp_loss":10,"event_name":"Winding Halls","floor":38,"gold_loss":0},{"damage_healed":0,"gold_gain":0,"player_choice":"Fight","damage_taken":0,"max_hp_gain":0,"max_hp_loss":0,"event_name":"Mysterious Sphere","floor":39,"gold_loss":0},{"damage_healed":0,"gold_gain":0,"player_choice":"Memory 3","damage_taken":10,"max_hp_gain":0,"max_hp_loss":0,"event_name":"SensoryStone","floor":41,"gold_loss":0}],"is_beta":false,"boss_relics":[{"not_picked":["Runic Dome","Empty Cage"],"picked":"Astrolabe"},{"not_picked":["Busted Crown","Cursed Key"],"picked":"Sozu"}],"items_purged_floors":[2,3,19,29],"is_endless":false,"potions_floor_spawned":[14,16,21,22,33,35,40,47],"ascension_level":20}}