{"host":"hxmfoq77054plnuw","time":1609770271,"event":{"mods":["BaseMod","Colored Map","Colored Powertips","Downfall","Highlight Path","Minty Spire (QoL Compilation)","Quick Restart","Replay The Spire","Shop Mod","StSLib","SuperFastMode","[功能]功能增强和修复MOD","vexMod","【遗物卡牌】REMEMod","篝火指南"],"gold_per_floor":[99,112,13,31,41,68,94,19,29,29,14,39,39,31,57,161,161,4,28,134,134,169,35,61,75,92,92,92,92],"floor_reached":27,"playtime":2572,"items_purged":["Guardian:Strike_Guardian","Guardian:Defend_Guardian","Regret","Guardian:Defend_Guardian"],"score":223,"play_id":"4620c6ff-8663-49b3-a666-9dde4d63e80b","local_time":"20210104152431","is_ascension_mode":false,"campfire_choices":[{"floor":1,"key":"RECALL"},{"data":"Panacea","floor":8,"key":"SMITH"},{"data":"Guardian:Incinerate","floor":10,"key":"SMITH"}],"circlet_count":0,"master_deck":["Guardian:CurlUp","Guardian:TwinSlam","Guardian:StasisField+1","Guardian:FierceBash+1","Guardian:DonusPower+1","Panacea+1","Guardian:Incinerate+1","Guardian:TimeCapacitor+1","Guardian:Preprogram","Guardian:Incinerate+1","Guardian:PrismaticBarrier+1","Guardian:TimeSifter+1","Guardian:ShieldCharger","Guardian:GemFinder+1","Guardian:Gem_Blue","Guardian:Gem_Green","Guardian:ArmoredProtocol","Guardian:EvasiveProtocol","Guardian:ShieldSpikes","Guardian:Suspension+1","Guardian:Gem_Purple","Guardian:Gem_Green","Guardian:Gem_Cyan","Mayhem","expansioncontent:PrepareCrush"],"relics":["REME_ComplimentaryCards","Astrolabe","Ancient Tea Set","downfall:HeartBlessingRed","Replay:Bandana","Pen Nib","vexMod:ImprovementManual","downfall:HeartBlessingBlue","MutagenicStrength","ReplayTheSpireMod:ShopPack","MealTicket"],"acts_visited":["Exordium","TheCity"],"potions_floor_usage":[6,15,16,26],"damage_taken":[{"damage":0,"enemies":"Cultist","floor":2,"turns":3},{"damage":0,"enemies":"downfall:FleeingMerchant","floor":3,"turns":4},{"damage":0,"enemies":"Small Slimes","floor":4,"turns":3},{"damage":3,"enemies":"2 Louse","floor":5,"turns":3},{"damage":19,"enemies":"3 Sentries","floor":6,"turns":7},{"damage":0,"enemies":"Exordium Thugs","floor":9,"turns":2},{"damage":3,"enemies":"downfall:FleeingMerchant","floor":11,"turns":4},{"damage":11,"enemies":"Lagavulin","floor":12,"turns":4},{"damage":18,"enemies":"downfall:FleeingMerchant","floor":14,"turns":4},{"damage":0,"enemies":"Gremlin Gang","floor":15,"turns":4},{"damage":9,"enemies":"downfall:Watcher","floor":16,"turns":6},{"damage":14,"enemies":"Shell Parasite","floor":19,"turns":6},{"damage":23,"enemies":"downfall:Augmenter","floor":20,"turns":6},{"damage":0,"enemies":"Spheric Guardian","floor":22,"turns":2},{"damage":17,"enemies":"downfall:FleeingMerchant","floor":23,"turns":4},{"damage":0,"enemies":"Cultist and Chosen","floor":25,"turns":4},{"damage":15,"enemies":"Snake Plant","floor":26,"turns":6},{"damage":27,"enemies":"Slavers","floor":27,"turns":1}],"seed_played":"1502435853960767447","potions_obtained":[{"floor":2,"key":"champ:CounterPotion"},{"floor":5,"key":"Fire Potion"},{"floor":6,"key":"BlessingOfTheForge"},{"floor":9,"key":"Fire Potion"},{"floor":22,"key":"Flashbang"},{"floor":25,"key":"LiquidBronze"}],"is_trial":false,"path_per_floor":["R","M","$","M","M","E","T","R","M","R","$","E","?","$","M","B",null,"R_BF","M","?","?","M","$","T","M","M","E"],"character_chosen":"GUARDIAN","items_purchased":["Guardian:TimeCapacitor","Guardian:Gem_Blue","ReplayTheSpireMod:ShopPack"],"campfire_rested":0,"item_purchase_floors":[3,18,23],"current_hp_per_floor":[80,80,80,80,77,58,58,58,58,58,55,44,44,26,26,17,80,90,76,53,53,53,36,36,36,21,0,0,0],"gold":92,"neow_bonus":"BOSS_RELIC","is_daily":false,"chose_seed":false,"campfire_upgraded":2,"win_rate":0.0,"timestamp":1609770271,"path_taken":["R","M","$","M","M","E","T","R","M","R","?","E","?","$","M","BOSS","R_BF","M","?","?","?","$","T","M","?","E"],"items_purchased_type":["Card","Card","Relic"],"build_version":"2020-12-22","purchased_purges":4,"victory":false,"max_hp_per_floor":[80,80,80,80,80,80,80,80,80,80,80,80,80,80,80,80,80,90,90,90,90,90,90,90,90,90,90,90,90],"card_choices":[{"not_picked":["Guardian:SentryBeam","Guardian:ArmoredProtocol"],"picked":"Guardian:Gem_Crimson","floor":2},{"not_picked":["Guardian:FloatingOrbs","Guardian:TemporalShield"],"picked":"Guardian:Incinerate","floor":3},{"not_picked":["Guardian:FuturePlans","Guardian:Recover","Guardian:DecasProtection"],"picked":"SKIP","floor":4},{"not_picked":["Guardian:SpikerProtocol","Guardian:Gem_Lightblue"],"picked":"Guardian:Preprogram","floor":5},{"not_picked":["Guardian:RevengeProtocol","Guardian:PolyBeam"],"picked":"Guardian:Incinerate","floor":6},{"not_picked":["Guardian:PiercingHide","Guardian:TimeCapacitor"],"picked":"Guardian:Gem_White","floor":9},{"not_picked":["Guardian:Gem_Crimson","Guardian:PrismaticBeam"],"picked":"Guardian:PrismaticBarrier","floor":11},{"not_picked":["Guardian:Planning","Guardian:Reroute"],"picked":"Guardian:TimeSifter","floor":12},{"not_picked":["Guardian:EvasiveProtocol","Guardian:PiercingHide"],"picked":"Guardian:ShieldCharger","floor":14},{"not_picked":["Guardian:Gem_White","Guardian:FloatingOrbs"],"picked":"Guardian:GemFinder","floor":15},{"not_picked":["Guardian:Gem_Cyan","Guardian:Gem_Lightblue"],"picked":"Guardian:Gem_Green","floor":16},{"not_picked":["Guardian:BaubleBeam","Guardian:GatlingBeam"],"picked":"Guardian:Gem_Synthetic","floor":16},{"not_picked":["Guardian:Gem_Lightblue","Guardian:Gem_Red"],"picked":"Guardian:Gem_Green","floor":19},{"not_picked":["Guardian:FuturePlans+1","Guardian:ChargeCore"],"picked":"Guardian:ArmoredProtocol","floor":19},{"not_picked":["Guardian:PolyBeam","Guardian:BronzeOrb"],"picked":"Guardian:Suspension+1","floor":20},{"not_picked":["Guardian:Gem_Lightblue","Guardian:Gem_Red"],"picked":"Guardian:Gem_Cyan","floor":22},{"not_picked":["Guardian:VentSteam","Guardian:ChargeCore","Guardian:Gem_Green"],"picked":"SKIP","floor":22},{"not_picked":["Guardian:VentSteam","Guardian:ChargeCore","Guardian:Gem_Green"],"picked":"SKIP","floor":22},{"not_picked":["Guardian:StasisField","Guardian:Gem_Red","Guardian:FuturePlans"],"picked":"SKIP","floor":23},{"not_picked":["ReplayTheSpireMod:Brewmster","REME_WheelOfFate"],"picked":"Mayhem","floor":23},{"not_picked":["Midas Touch","REME_ProfessionalPlagiarism"],"picked":"expansioncontent:PrepareCrush","floor":23},{"not_picked":["Guardian:GemFinder","Guardian:Gem_Cyan","Guardian:Gem_Lightblue"],"picked":"SKIP","floor":25},{"not_picked":["Guardian:RefractedBeam+1","Guardian:GuardianWhirl","Guardian:Gem_Purple"],"picked":"SKIP","floor":26}],"player_experience":290499,"relics_obtained":[{"floor":6,"key":"Ancient Tea Set"},{"floor":12,"key":"Replay:Bandana"},{"floor":20,"key":"MutagenicStrength"},{"floor":24,"key":"MealTicket"}],"event_choices":[{"damage_healed":0,"gold_gain":0,"player_choice":"Box","damage_taken":0,"relics_obtained":["Pen Nib"],"max_hp_gain":0,"max_hp_loss":0,"event_name":"Big Fish","floor":13,"gold_loss":0,"cards_obtained":["Regret"]}],"is_beta":false,"boss_relics":[{"not_picked":["Runic Pyramid","vexMod:DeviousBotling"],"picked":"vexMod:ImprovementManual"}],"items_purged_floors":[3,3,14,23],"is_endless":false,"potions_floor_spawned":[2,5,6,9,22,25],"killed_by":"Slavers","ascension_level":0}}