{"host":"f5uumzf5hfexzk8l","time":1609725760,"event":{"mods":["AchievementEnabler","BaseMod","Colored Map","Googly Eyes","Highlight Path","Minty Spire (QoL Compilation)","Permanent Neow","Relic Stats","StSLib","SuperFastMode","Unceasing Turn Reminder","everything is the same but u backflip on backflip"],"gold_per_floor":[117,42,56,69,88,88,115,130,130,130,130,130,130,130,30,30,129,129,150,150,150,161,179,179,179,206,206,121,138,148,148,168,168,242,242,257,282,282,2,21,51,51,65,65,76,76,104,104,9,9,9],"floor_reached":52,"playtime":2292,"items_purged":["Strike_G","Strike_G","Strike_G"],"score":1284,"play_id":"6435aa9b-730a-48dc-aa57-d374f8a9e03a","local_time":"20210103180240","is_ascension_mode":true,"campfire_choices":[{"data":"Dash","floor":6.0,"key":"SMITH"},{"data":"Neutralize","floor":12.0,"key":"SMITH"},{"data":"Calculated Gamble","floor":14.0,"key":"SMITH"},{"floor":16.0,"key":"REST"},{"data":"Crippling Poison","floor":24.0,"key":"SMITH"},{"floor":31.0,"key":"REST"},{"data":"Noxious Fumes","floor":33,"key":"SMITH"},{"data":"Footwork","floor":46,"key":"SMITH"},{"floor":50,"key":"REST"}],"circlet_count":0,"master_deck":["AscendersBane","Strike_G","Defend_G","Defend_G","Defend_G","Defend_G","Defend_G","Survivor","Neutralize+1","Endless Agony","Dash+1","Calculated Gamble+1","Deadly Poison","PiercingWail","Crippling Poison+1","Noxious Fumes+1","RitualDagger","Prepared","Footwork+1","Noxious Fumes+1","Corpse Explosion","CurseOfTheBell","Deflect+1","Backstab","Catalyst","Apotheosis","Bullet Time"],"relics":["Runic Pyramid","Snake Skull","Pen Nib","Bloody Idol","HoveringKite","Akabeko","Blue Candle","InkBottle","Calling Bell","Boot","Singing Bowl","Bird Faced Urn","Pocketwatch","Strange Spoon","Centennial Puzzle","Bag of Marbles","Oddly Smooth Stone"],"acts_visited":["Exordium","TheCity","TheBeyond"],"potions_floor_usage":[34,34,41,51],"damage_taken":[{"damage":1.0,"enemies":"Cultist","floor":1.0,"turns":5.0},{"damage":5.0,"enemies":"Jaw Worm","floor":3.0,"turns":5.0},{"damage":3.0,"enemies":"Small Slimes","floor":4.0,"turns":3.0},{"damage":2.0,"enemies":"Looter","floor":5.0,"turns":3.0},{"damage":7.0,"enemies":"3 Sentries","floor":7.0,"turns":13.0},{"damage":0.0,"enemies":"3 Louse","floor":8.0,"turns":4.0},{"damage":25.0,"enemies":"Slime Boss","floor":17.0,"turns":12.0},{"damage":9.0,"enemies":"Chosen","floor":19.0,"turns":7.0},{"damage":6.0,"enemies":"3 Byrds","floor":22.0,"turns":5.0},{"damage":5.0,"enemies":"Cultist and Chosen","floor":23.0,"turns":6.0},{"damage":31.0,"enemies":"Gremlin Leader","floor":26.0,"turns":7.0},{"damage":4.0,"enemies":"Centurion and Healer","floor":29.0,"turns":8.0},{"damage":9.0,"enemies":"3 Cultists","floor":30.0,"turns":5.0},{"damage":3,"enemies":"Shelled Parasite and Fungi","floor":32,"turns":7},{"damage":36,"enemies":"Champ","floor":34,"turns":13},{"damage":2,"enemies":"Orb Walker","floor":36,"turns":4},{"damage":11,"enemies":"Mind Bloom Boss Battle","floor":37,"turns":8},{"damage":1,"enemies":"3 Shapes","floor":40,"turns":3},{"damage":19,"enemies":"Giant Head","floor":41,"turns":8},{"damage":7,"enemies":"Sphere and 2 Shapes","floor":43,"turns":7},{"damage":8,"enemies":"Writhing Mass","floor":45,"turns":9},{"damage":42,"enemies":"Nemesis","floor":47,"turns":9},{"damage":32,"enemies":"Donu and Deca","floor":51,"turns":6}],"seed_played":"-2428589646038027244","potions_obtained":[{"floor":3.0,"key":"DuplicationPotion"},{"floor":7.0,"key":"LiquidMemories"},{"floor":17.0,"key":"SkillPotion"},{"floor":22.0,"key":"DuplicationPotion"},{"floor":26.0,"key":"Poison Potion"},{"floor":37,"key":"AttackPotion"},{"floor":40,"key":"SkillPotion"},{"floor":43,"key":"DistilledChaos"}],"is_trial":false,"path_per_floor":["M","$","M","M","M","R","E","M","M","T","?","R","?","R","$","R","B",null,"M","?","?","M","M","R","?","E","T","?","M","M","R","M","R","B",null,"M","?","?","$","M","E","?","M","T","M","R","E","?","$","R","B",null],"character_chosen":"THE_SILENT","items_purchased":["Strange Spoon","Bullet Time"],"campfire_rested":3,"item_purchase_floors":[39,49],"current_hp_per_floor":[58,58,53,50,48,48,41,41,41,41,18,18,23,23,23,44,19,58,49,49,49,48,48,48,42,16,16,16,17,13,34,36,36,6,55,64,66,66,66,77,64,64,66,66,69,69,38,38,43,66,40],"gold":9,"neow_bonus":"BOSS_RELIC","is_daily":false,"chose_seed":false,"campfire_upgraded":6,"win_rate":0.0,"timestamp":1609725760,"path_taken":["M","$","M","M","M","R","E","M","M","T","?","R","?","R","$","R","BOSS","M","?","?","M","M","R","?","E","T","?","M","M","R","M","R","BOSS","M","?","?","$","M","E","?","M","T","?","R","E","?","$","R","BOSS"],"items_purchased_type":["Relic","Card"],"build_version":"2020-12-22","purchased_purges":3,"victory":true,"max_hp_per_floor":[66,66,66,66,66,66,66,66,66,66,66,66,71,71,71,71,71,71,71,71,71,71,71,71,71,71,71,71,71,71,71,71,71,71,71,73,75,75,75,77,77,77,77,77,79,79,79,79,79,79,79],"relic_stats":{"Singing Bowl":8,"counters":[23,157],"Blue Candle":[8],"HoveringKite":[52],"Snake Skull":[163],"Pen Nib":[17],"Boot":[44],"Strange Spoon":[24],"Centennial Puzzle":[12],"Bloody Idol":74,"Bird Faced Urn":[37],"obtain_stats":[{"Singing Bowl":35,"Golden Idol":11,"Blue Candle":27,"HoveringKite":18,"Oddly Smooth Stone":47,"Snake Skull":7,"Pen Nib":10,"Boot":35,"Akabeko":26,"Calling Bell":35,"Strange Spoon":39,"Centennial Puzzle":41,"Bloody Idol":21,"Bird Faced Urn":35,"Bag of Marbles":44,"InkBottle":28,"Ring of the Snake":0,"Runic Pyramid":0,"Pocketwatch":37},{"Singing Bowl":15,"Golden Idol":6,"Blue Candle":11,"HoveringKite":7,"Oddly Smooth Stone":22,"Snake Skull":5,"Pen Nib":6,"Boot":15,"Akabeko":11,"Calling Bell":15,"Strange Spoon":17,"Centennial Puzzle":19,"Bloody Idol":8,"Bird Faced Urn":15,"Bag of Marbles":20,"InkBottle":11,"Ring of the Snake":0,"Runic Pyramid":0,"Pocketwatch":17},{"Singing Bowl":103,"Golden Idol":33,"Blue Candle":70,"HoveringKite":45,"Oddly Smooth Stone":151,"Snake Skull":29,"Pen Nib":33,"Boot":103,"Akabeko":70,"Calling Bell":103,"Strange Spoon":115,"Centennial Puzzle":126,"Bloody Idol":52,"Bird Faced Urn":103,"Bag of Marbles":133,"InkBottle":70,"Ring of the Snake":0,"Runic Pyramid":0,"Pocketwatch":115}],"InkBottle":[36],"Pocketwatch":[10]},"card_choices":[{"not_picked":["Sucker Punch","Deflect"],"picked":"Endless Agony","floor":1.0},{"not_picked":["Concentrate","Dodge and Roll"],"picked":"Dash","floor":3.0},{"not_picked":["Prepared","Quick Slash","Bane"],"picked":"SKIP","floor":4.0},{"not_picked":["Tactician","Dodge and Roll"],"picked":"Calculated Gamble","floor":5.0},{"not_picked":["Quick Slash","Distraction","Escape Plan"],"picked":"SKIP","floor":7.0},{"not_picked":["Outmaneuver","Escape Plan"],"picked":"Deadly Poison","floor":8.0},{"not_picked":["Dodge and Roll","Catalyst"],"picked":"PiercingWail","floor":19.0},{"not_picked":["PiercingWail","Quick Slash"],"picked":"Noxious Fumes","floor":22.0},{"not_picked":["Quick Slash","Bane","Masterful Stab"],"picked":"SKIP","floor":23.0},{"not_picked":["Slice","Noxious Fumes"],"picked":"Adrenaline","floor":26.0},{"not_picked":["Blade Dance","Caltrops"],"picked":"Prepared","floor":29.0},{"not_picked":["Dagger Throw","Infinite Blades"],"picked":"Footwork","floor":30.0},{"not_picked":["Skewer","Acrobatics"],"picked":"Noxious Fumes+1","floor":32},{"not_picked":["Malaise","After Image"],"picked":"Corpse Explosion","floor":34},{"not_picked":["Dodge and Roll","Backflip+1","Bane"],"picked":"Singing Bowl","floor":36},{"not_picked":["Bane","Skewer","Grand Finale"],"picked":"Singing Bowl","floor":37},{"not_picked":["Outmaneuver","Riddle With Holes","Leg Sweep"],"picked":"Singing Bowl","floor":40},{"not_picked":["Dash","Dagger Spray"],"picked":"Deflect+1","floor":41},{"not_picked":["Riddle With Holes","Well Laid Plans"],"picked":"Backstab","floor":43},{"not_picked":["Heel Hook","Finisher","Blade Dance"],"picked":"Singing Bowl","floor":45},{"not_picked":["Dodge and Roll","Dagger Throw"],"picked":"Catalyst","floor":47},{"not_picked":["Flash of Steel","PanicButton"],"picked":"Apotheosis","floor":48}],"player_experience":369959,"relics_obtained":[{"floor":7.0,"key":"Snake Skull"},{"floor":10.0,"key":"Pen Nib"},{"floor":26.0,"key":"Akabeko"},{"floor":27.0,"key":"Blue Candle"},{"floor":35,"key":"Boot"},{"floor":35,"key":"Singing Bowl"},{"floor":35,"key":"Bird Faced Urn"},{"floor":37,"key":"Pocketwatch"},{"floor":41,"key":"Centennial Puzzle"},{"floor":44,"key":"Bag of Marbles"},{"floor":47,"key":"Oddly Smooth Stone"}],"event_choices":[{"damage_healed":0.0,"max_hp_gain":0.0,"max_hp_loss":0.0,"gold_gain":0.0,"event_name":"Golden Idol","player_choice":"Take Damage","floor":11.0,"gold_loss":0.0,"damage_taken":23.0,"relics_obtained":["Golden Idol"]},{"damage_healed":0.0,"max_hp_gain":5.0,"max_hp_loss":0.0,"gold_gain":0.0,"event_name":"Big Fish","player_choice":"Donut","floor":13.0,"gold_loss":0.0,"damage_taken":0.0},{"damage_healed":0.0,"max_hp_gain":0.0,"max_hp_loss":0.0,"gold_gain":0.0,"event_name":"The Library","player_choice":"Read","floor":20.0,"gold_loss":0.0,"damage_taken":0.0,"cards_obtained":["Crippling Poison"]},{"damage_healed":0.0,"max_hp_gain":0.0,"max_hp_loss":0.0,"gold_gain":0.0,"event_name":"Forgotten Altar","player_choice":"Gave Idol","floor":21.0,"relics_lost":["Golden Idol"],"gold_loss":0.0,"damage_taken":0.0,"relics_obtained":["Bloody Idol"]},{"damage_healed":0.0,"max_hp_gain":0.0,"max_hp_loss":0.0,"gold_gain":0.0,"event_name":"Nest","player_choice":"Joined the Cult","floor":25.0,"gold_loss":0.0,"damage_taken":6.0,"cards_obtained":["RitualDagger"]},{"damage_healed":0.0,"max_hp_gain":0.0,"max_hp_loss":0.0,"gold_gain":0.0,"event_name":"Addict","player_choice":"Obtained Relic","floor":28.0,"gold_loss":85.0,"damage_taken":0.0,"relics_obtained":["InkBottle"]},{"damage_healed":0,"gold_gain":0,"player_choice":"Fight","damage_taken":0,"max_hp_gain":0,"max_hp_loss":0,"event_name":"MindBloom","floor":37,"gold_loss":0},{"cards_removed":["Adrenaline"],"damage_healed":0,"gold_gain":0,"player_choice":"Removed Skill","damage_taken":0,"max_hp_gain":0,"max_hp_loss":0,"event_name":"Falling","floor":38,"gold_loss":0},{"cards_removed":["Strike_G"],"damage_healed":0,"gold_gain":0,"player_choice":"Purged","damage_taken":0,"max_hp_gain":0,"max_hp_loss":0,"event_name":"Purifier","floor":42,"gold_loss":0},{"damage_healed":0,"gold_gain":0,"player_choice":"Memory 1","damage_taken":0,"max_hp_gain":0,"max_hp_loss":0,"event_name":"SensoryStone","floor":48,"gold_loss":0}],"is_beta":false,"boss_relics":[{"not_picked":["Runic Dome","Busted Crown"],"picked":"HoveringKite"},{"not_picked":["Pandora\u0027s Box","SacredBark"],"picked":"Calling Bell"}],"items_purged_floors":[2,15,39],"is_endless":false,"potions_floor_spawned":[3,7,8,17,22,26,30,37,40,43],"ascension_level":15}}