{"host":"zit9o0ax6c2l3y2b","time":1609723599,"event":{"mods":["Aspiration","BaseMod","Colored Map","Conspire","Downfall","Glutton Mod","Hermit","Hubris","Infinite Spire","Minty Spire (QoL Compilation)","Random Character Button","Relic Filter","Replay The Spire","Shade Mod","Shop Mod","StSLib","The Construct","The Cursed","The Disciple","The Runesmith","TheArtist"],"gold_per_floor":[99,114,129,144,144,159,159,159,174,189,219,219,248,263,278,378,378,378,393,408,423,129,327,402,502,527,542,572,587,587,552,567,667,667,667,682,697,712,197,212,287,302,302,302,302,332,332,362,137,137,137,167,17,17,17],"floor_reached":56,"playtime":4508,"items_purged":["Strike_B","construct:Analyze","Defend_P"],"score":1558,"play_id":"acc728a1-45e6-4cdc-bb67-2f11979a203d","local_time":"20210103202639","daily_mods":["Chimera","Green Cards","downfall:Enraging"],"is_ascension_mode":false,"campfire_choices":[{"data":"Eruption","floor":1,"key":"SMITH"},{"data":"construct:QuickAttack","floor":8,"key":"SMITH"},{"data":"construct:QuickAttack+1","floor":12,"key":"SMITH"},{"data":"construct:OneWayMirror","floor":18,"key":"SMITH"},{"data":"construct:BlazingSpeed+1","floor":30,"key":"SMITH"},{"data":"construct:Versatility+1","floor":35,"key":"SMITH"},{"floor":45,"key":"RECALL"},{"data":"construct:FocusedBeam+1","floor":47,"key":"SMITH"},{"data":"construct:Zapper","floor":49,"key":"SMITH"},{"data":"construct:Isolate+1","floor":54,"key":"SMITH"}],"circlet_count":0,"master_deck":["Bash","Survivor","Strike_R","Defend_G","construct:QuickAttack+2","construct:Forcefield","construct:FlammableFog","construct:Backfire+1","construct:Reserves","construct:OneWayMirror+1","construct:PhosphorStorm","construct:Missile","construct:SweepLaser","construct:ScrapCannon+1","construct:ModeShift+1","construct:BlazingSpeed+2","construct:Antimatter+1","J.A.X.","construct:ForceCore","construct:Versatility+2","construct:Reinforce","construct:SyphonStrike+1","construct:Hazardproof","construct:Backup+1","construct:FocusedBeam+2","Replay:Resounding Blow","construct:Zapper+1","construct:Isolate+2"],"relics":["construct:ClockworkPhoenix","Pet Ghost","Chameleon Ring","construct:MasterCore","Smiling Mask","hubris:RunicObelisk","Replay:Bronze Core","Empty Cage","Pantograph","MerchantsRug","conspire:DeflatedDodgeball","MutagenicStrength","Guardian:PocketSentry","Counterbalance","Guardian:BottledAnomaly","MealTicket","sneckomod:SneckoTalon","Membership Card","FossilizedHelix","Whetstone","hubris:Towel","Cauldron","aspiration:MobileForge","infinitespire:Joker Card","Replay:Bottled Steam","downfall:HeartBlessingGreen","downfall:HeartBlessingRed","downfall:HeartBlessingBlue","Bag of Preparation","ReplayTheSpireMod:Shallot"],"acts_visited":["Exordium","TheCity","TheBeyond","TheEnding"],"potions_floor_usage":[9,11,16,22,29,33,42,48,55],"damage_taken":[{"damage":0,"enemies":"Cultist","floor":2,"turns":2},{"damage":0,"enemies":"Small Slimes","floor":3,"turns":3},{"damage":7,"enemies":"2 Louse","floor":4,"turns":2},{"damage":10,"enemies":"Gremlin Gang","floor":6,"turns":8},{"damage":0,"enemies":"3 Louse","floor":9,"turns":1},{"damage":2,"enemies":"Looter","floor":10,"turns":3},{"damage":28,"enemies":"Lagavulin","floor":11,"turns":6},{"damage":1,"enemies":"conspire:MimicChest","floor":13,"turns":7},{"damage":4,"enemies":"2 Fungi Beasts","floor":14,"turns":3},{"damage":0,"enemies":"Blue Slaver","floor":15,"turns":2},{"damage":5,"enemies":"Slime Boss","floor":16,"turns":3},{"damage":3,"enemies":"Chosen","floor":19,"turns":3},{"damage":4,"enemies":"Centurion and Healer","floor":20,"turns":5},{"damage":11,"enemies":"Snecko","floor":21,"turns":4},{"damage":0,"enemies":"downfall:FleeingMerchant","floor":22,"turns":5},{"damage":10,"enemies":"downfall:Augmenter","floor":25,"turns":2},{"damage":1,"enemies":"Cultist and Chosen","floor":27,"turns":3},{"damage":25,"enemies":"Nightmare","floor":28,"turns":5},{"damage":3,"enemies":"Shelled Parasite and Fungi","floor":29,"turns":2},{"damage":8,"enemies":"downfall:FleeingMerchant","floor":31,"turns":3},{"damage":8,"enemies":"Centurion and Healer","floor":32,"turns":3},{"damage":6,"enemies":"downfall:Silent","floor":33,"turns":5},{"damage":8,"enemies":"3 Darklings","floor":36,"turns":3},{"damage":13,"enemies":"Orb Walker","floor":37,"turns":2},{"damage":16,"enemies":"3 Darklings","floor":38,"turns":3},{"damage":0,"enemies":"Sphere and 2 Shapes","floor":40,"turns":2},{"damage":0,"enemies":"Transient","floor":42,"turns":5},{"damage":70,"enemies":"Nightmare","floor":46,"turns":7},{"damage":4,"enemies":"Reptomancer","floor":48,"turns":3},{"damage":0,"enemies":"downfall:Ironclad","floor":50,"turns":4},{"damage":3,"enemies":"downfall:CharBossMerchant","floor":52,"turns":3},{"damage":12,"enemies":"downfall:NeowBoss","floor":55,"turns":12}],"seed_played":"-6631355389535803282","potions_obtained":[{"floor":6,"key":"Energy Potion"},{"floor":10,"key":"sneckomod:MuddlingPotion"},{"floor":11,"key":"FearPotion"},{"floor":13,"key":"Fire Potion"},{"floor":16,"key":"Swift Potion"},{"floor":27,"key":"ColorlessPotion"},{"floor":28,"key":"FairyPotion"},{"floor":29,"key":"Fire Potion"},{"floor":32,"key":"Dexterity Potion"},{"floor":33,"key":"GamblersBrew"},{"floor":40,"key":"Fire Potion"},{"floor":42,"key":"Regen Potion"},{"floor":44,"key":"Slimebound:ThreeZeroPotion"},{"floor":44,"key":"PowerPotion"}],"is_trial":false,"path_per_floor":["R_BF","M","M","M","?","M","T","R","M","M","E","R","?","M","M","B",null,"R","M","M","M","$","?","T","?","T","M","NM","M","R","$","M","B",null,"R","M","M","M","$","M","T","M","?","AVR","R","NM","R","E","R","B",null,"E","$","R","B",null],"character_chosen":"THE_CONSTRUCT_MOD","items_purchased":["Pantograph","MerchantsRug","Guardian:BottledAnomaly","MealTicket","Membership Card","FossilizedHelix","Whetstone","Replay:Resounding Blow","ReplayTheSpireMod:Shallot","SpeedPotion"],"campfire_rested":0,"item_purchase_floors":[22,22,31,31,39,39,39,39,53,53],"current_hp_per_floor":[85,85,85,78,66,56,56,56,56,54,26,26,25,21,21,16,85,85,82,78,67,67,67,67,57,57,56,31,28,28,20,12,31,85,85,77,64,48,63,63,63,63,63,63,63,59,59,55,65,90,95,92,95,95,83],"gold":17,"neow_bonus":"","is_daily":true,"chose_seed":false,"campfire_upgraded":9,"win_rate":0.0,"timestamp":1609723599,"path_taken":["R_BF","M","M","M","?","M","T","R","M","M","E","R","?","?","M","BOSS","R","M","M","M","$","?","T","?","?","M","NM","M","R","$","M","BOSS","R","M","M","M","$","M","T","M","?","AVR","R","NM","R","E","R","BOSS","E","$","R","BOSS"],"items_purchased_type":["Relic","Relic","Relic","Relic","Relic","Relic","Relic","Card","Relic","Potion"],"build_version":"2020-12-22","purchased_purges":3,"victory":true,"max_hp_per_floor":[85,85,85,85,85,85,85,85,85,85,85,85,85,85,85,85,85,85,85,85,85,85,85,85,85,85,85,85,85,85,85,85,85,85,85,85,85,85,85,85,85,85,85,85,85,85,85,85,95,95,95,95,95,95,95],"card_choices":[{"not_picked":["construct:HeavyBolt","construct:ModeShift"],"picked":"construct:QuickAttack","floor":2},{"not_picked":["construct:SaveState","construct:Construct_Overclock"],"picked":"construct:Forcefield","floor":3},{"not_picked":["construct:VentSteam","construct:CreateCores"],"picked":"construct:FlammableFog","floor":4},{"not_picked":["construct:Reinforce","construct:Rollout"],"picked":"construct:Backfire","floor":6},{"not_picked":["construct:Autoturret","construct:Anticipate"],"picked":"construct:Reserves","floor":9},{"not_picked":["construct:FlammableFog","ReplayTheSpireMod:Mirror System","construct:Anticipate"],"picked":"SKIP","floor":10},{"not_picked":["construct:Anticipate","construct:Accumulate"],"picked":"construct:OneWayMirror","floor":11},{"not_picked":["construct:OilSpill","construct:Boost"],"picked":"construct:PhosphorStorm","floor":13},{"not_picked":["construct:Overcharge","construct:FierceBash","construct:Tumble"],"picked":"SKIP","floor":14},{"not_picked":["construct:ModeShift","construct:Accumulate"],"picked":"construct:Missile","floor":15},{"not_picked":["construct:Backup","construct:Electrocute"],"picked":"construct:SweepLaser","floor":19},{"not_picked":["construct:ClusterMines","construct:Anticipate"],"picked":"construct:ScrapCannon+1","floor":20},{"not_picked":["construct:Rollout","construct:ShiftGuard"],"picked":"construct:ModeShift+1","floor":21},{"not_picked":["construct:MassProduction","construct:OmegaCannon"],"picked":"construct:Analyze","floor":22},{"not_picked":["construct:Disrupt","construct:Forcefield"],"picked":"construct:BlazingSpeed+1","floor":23},{"not_picked":[],"picked":"J.A.X.","floor":25},{"not_picked":["construct:HardReboot","construct:ClockworkEgg"],"picked":"construct:Versatility+1","floor":25},{"not_picked":["construct:Anticipate","construct:SweepLaser+1","construct:ShiftStrike"],"picked":"SKIP","floor":27},{"not_picked":["construct:ReactiveShield","construct:LaserCore"],"picked":"construct:Reinforce","floor":28},{"not_picked":["construct:Autoturret","construct:VentSteam"],"picked":"construct:SyphonStrike+1","floor":29},{"not_picked":["construct:GoldenBullet","construct:Failsafe"],"picked":"construct:Hazardproof","floor":31},{"not_picked":["construct:CreateCores+1","construct:QuickAttack","construct:Analyze"],"picked":"SKIP","floor":32},{"not_picked":["construct:ScopeCore","construct:SaveState"],"picked":"construct:Backup+1","floor":36},{"not_picked":["construct:OneWayMirror+1","construct:ReactiveShield","construct:SweepLaser"],"picked":"SKIP","floor":37},{"not_picked":["construct:OneWayMirror+1","construct:LaserCore"],"picked":"construct:FocusedBeam+1","floor":38},{"not_picked":["construct:SweepLaser","construct:VentSteam+1","construct:Anticipate"],"picked":"SKIP","floor":40},{"not_picked":["construct:CripplingShot","construct:Backup+1","construct:QuickAttack"],"picked":"SKIP","floor":42},{"not_picked":["construct:SyphonStrike+1","construct:BatteryAcid+1"],"picked":"construct:Zapper","floor":46},{"not_picked":["construct:Backfire","construct:Rollout+1","construct:OmegaCannon+1"],"picked":"SKIP","floor":48},{"not_picked":["construct:FlameCore+1","construct:Reinforce"],"picked":"construct:Isolate+1","floor":52}],"player_experience":447279,"relics_obtained":[{"floor":7,"key":"Chameleon Ring"},{"floor":11,"key":"construct:MasterCore"},{"floor":13,"key":"Smiling Mask"},{"floor":24,"key":"conspire:DeflatedDodgeball"},{"floor":25,"key":"MutagenicStrength"},{"floor":26,"key":"Guardian:PocketSentry"},{"floor":28,"key":"Counterbalance"},{"floor":46,"key":"infinitespire:Joker Card"},{"floor":48,"key":"Replay:Bottled Steam"},{"floor":52,"key":"Bag of Preparation"}],"event_choices":[{"damage_healed":0,"gold_gain":0,"player_choice":"Success","damage_taken":12,"relics_obtained":["Pet Ghost"],"max_hp_gain":0,"max_hp_loss":0,"event_name":"Scrap Ooze","floor":5,"gold_loss":0}],"is_beta":false,"boss_relics":[{"not_picked":["conspire:RunicOctahedron","Replay:Drink Me"],"picked":"Replay:Grab Bag"},{"not_picked":["Abe\u0027s Treasure","Cursed Key"],"picked":"hubris:RunicObelisk"},{"not_picked":["conspire:SlowCooker","hubris:VirtuousBlindfold"],"picked":"Replay:Bronze Core"},{"not_picked":["hubris:HollowSoul","Runic Pyramid"],"picked":"Empty Cage"},{"not_picked":["aspiration:DefectSkillbook","ReplayTheSpireMod:SealedPack"],"picked":"sneckomod:SneckoTalon"}],"items_purged_floors":[31,39,44],"is_endless":false,"potions_floor_spawned":[6,10,11,13,16,27,28,29,32,33,38,40,42],"ascension_level":0}}