{"host":"ifw7cdx76lcpw3w9","time":1609735633,"event":{"mods":["AchievementEnabler","Act Like it!","BaseMod","Downfall","Friendly Minions","Minty Spire (QoL Compilation)","StSLib"],"gold_per_floor":[99,99,99,99,119,27,27,41,70,70,70],"floor_reached":9,"playtime":1014,"items_purged":[],"score":59,"play_id":"58417c53-a812-40db-92d0-c783443d1e9d","local_time":"20210103214713","is_ascension_mode":false,"campfire_choices":[{"data":"champ:Taunt","floor":1,"key":"SMITH"}],"circlet_count":0,"master_deck":["champ:Strike","champ:Strike","champ:Strike","champ:Strike","champ:Defend","champ:Defend","champ:Defend","champ:Defend","champ:Execute","champ:Taunt+1","champ:CrookedStrike","champ:SkillfulDodge","champ:Riposte","champ:FocusedDefense","champ:CheapShot","champ:DefensiveStyle","champ:ArenaPreparation","champ:HoldFirm"],"relics":["champ:ChampionCrown","downfall:HeartsMalice","Molten Egg 2","Smiling Mask"],"acts_visited":["Exordium"],"potions_floor_usage":[],"damage_taken":[{"damage":0,"enemies":"Cultist","floor":2,"turns":1},{"damage":0,"enemies":"2 Louse","floor":3,"turns":1},{"damage":0,"enemies":"Jaw Worm","floor":4,"turns":1},{"damage":5,"enemies":"Lots of Slimes","floor":5,"turns":5},{"damage":5,"enemies":"downfall:FleeingMerchant","floor":6,"turns":4},{"damage":24,"enemies":"3 Louse","floor":8,"turns":5},{"damage":64,"enemies":"3 Sentries","floor":9,"turns":10}],"seed_played":"-1869563701014063421","potions_obtained":[{"floor":5,"key":"Guardian:BlockOnCardUsePotion"},{"floor":8,"key":"Swift Potion"}],"is_trial":false,"path_per_floor":["R","M","M","M","M","$","T","M","E"],"character_chosen":"THE_CHAMP","items_purchased":["champ:DefensiveStyle"],"campfire_rested":0,"item_purchase_floors":[6],"current_hp_per_floor":[90,90,90,90,90,90,90,71,28,28,28],"gold":70,"neow_bonus":"THREE_ENEMY_KILL","is_daily":false,"chose_seed":false,"campfire_upgraded":1,"win_rate":0.0,"timestamp":1609735633,"path_taken":["R","M","M","?","M","$","T","?","E"],"items_purchased_type":["Card"],"build_version":"2020-12-22","purchased_purges":0,"victory":false,"max_hp_per_floor":[90,90,90,90,90,90,90,90,90,90,90],"card_choices":[{"not_picked":["champ:RisingSlash","champ:StanceDance"],"picked":"champ:CrookedStrike","floor":2},{"not_picked":["champ:TornadoPunch","champ:Duel"],"picked":"champ:SkillfulDodge","floor":3},{"not_picked":["champ:PerfectedStrike","champ:TornadoPunch"],"picked":"champ:Riposte","floor":4},{"not_picked":["champ:ShieldWall","champ:Riposte"],"picked":"champ:FocusedDefense","floor":5},{"not_picked":["champ:GladiatorsShout","champ:BringItOn"],"picked":"champ:CheapShot","floor":6},{"not_picked":["champ:Shatter+1","champ:FanOfKnives+1"],"picked":"champ:ArenaPreparation","floor":8},{"not_picked":["champ:FlashCut+1","champ:ShieldSlam+1"],"picked":"champ:HoldFirm","floor":9}],"player_experience":68862,"relics_obtained":[{"floor":7,"key":"Molten Egg 2"},{"floor":9,"key":"Smiling Mask"}],"event_choices":[],"is_beta":false,"boss_relics":[],"items_purged_floors":[],"is_endless":false,"potions_floor_spawned":[5,8],"killed_by":"3 Sentries","ascension_level":0}}