{"host":"idmgg8r816nmas40","time":1609800779,"event":{"mods":["AchievementEnabler","AlwaysNeverKeys","BaseMod","BetterRewards","Block Reminder","Colored Map","Colored Powertips","Googly Eyes","Highlight Path","Hubris","Infinite Spire","Minty Spire (QoL Compilation)","Quick Restart","Relic Stats","Replay The Spire","Shop Mod","StSLib","SuperFastMode","Synergy Search","Transform Curses"],"gold_per_floor":[44,54,54,54,54,84,100,125,125,125,90,90,117,132,132,208,208,232,259,213,153,153,184,184,199,226,252,263,29,169,257,257,560,560,660,660,720,720,270,421,421,67,67,204,282,347,347,441,441,631,631,631,73,218,498],"floor_reached":56,"playtime":2685,"items_purged":[],"score":1899,"play_id":"12ed36a0-3c55-40d1-b109-2ea6d27b1052","local_time":"20210104155259","is_ascension_mode":true,"campfire_choices":[{"floor":10.0,"key":"REST"},{"data":"TalkToTheHand","floor":10.0,"key":"SMITH"},{"data":"BattleHymn","floor":12.0,"key":"SMITH"},{"data":"Eruption","floor":15.0,"key":"SMITH"},{"floor":24,"key":"REST"},{"data":"TalkToTheHand","floor":32,"key":"SMITH"},{"floor":41,"key":"REST"},{"floor":49,"key":"REST"},{"data":"SashWhip","floor":49,"key":"SMITH"},{"floor":52,"key":"REST"},{"data":"CrushJoints","floor":52,"key":"SMITH"}],"circlet_count":0,"master_deck":["Strike_P","Strike_P","Strike_P","Defend_P","Defend_P+1","Defend_P+1","Defend_P","Eruption+1","Vigilance","Consecrate","MentalFortress","BattleHymn+1","Evaluate","Replay:Vibes+1","TalkToTheHand+1","Pot Of Greed","Pot Of Greed","EmptyFist","CrushJoints+1","Adaptation","ClearTheMind","FlurryOfBlows","Omniscience","CurseOfTheBell","SashWhip+1","Pot Of Greed","Consecrate+1","TalkToTheHand+1","FlurryOfBlows+1","SignatureMove","BowlingBash+1","MasterReality","EmptyFist+1","LikeWater+1","CarveReality","FlurryOfBlows+1","WheelKick+1","FlurryOfBlows+1","Pot Of Greed"],"relics":["PureWater","TungstenRod","Ice Cream","HandDrill","Replay:Bronze Core","Grinning Jar","hubris:PeanutButter","infinitespire:Magic Flask","War Paint","Calling Bell","MawBank","The Courier","Torii","Replay:Mystery Machine","Omamori","Vajra","Lee\u0027s Waffle","Replay:Bandana","PreservedInsect","Busted Crown","hubris:Icosahedron","hubris:Metronome","Pantograph","ReplayTheSpireMod:Ninjato","Nunchaku","Regal Pillow","Mercury Hourglass","Quantum Egg","Replay:WaspNest","Kunai","Sling","Boot"],"acts_visited":["Exordium","TheCity","TheBeyond","TheEnding"],"potions_floor_usage":[28,31],"damage_taken":[{"damage":0.0,"enemies":"Cultist","floor":1.0,"turns":3.0},{"damage":0.0,"enemies":"2 Louse","floor":2.0,"turns":3.0},{"damage":26.0,"enemies":"Gremlin Nob","floor":6.0,"turns":5.0},{"damage":0.0,"enemies":"Jaw Worm","floor":7.0,"turns":2.0},{"damage":7.0,"enemies":"Lagavulin","floor":8.0,"turns":3.0},{"damage":0.0,"enemies":"Gremlin Nob","floor":13.0,"turns":3.0},{"damage":0.0,"enemies":"Large Slime","floor":14.0,"turns":2.0},{"damage":0.0,"enemies":"Slime Boss","floor":16.0,"turns":5.0},{"damage":0.0,"enemies":"3 Byrds","floor":18.0,"turns":5.0},{"damage":6.0,"enemies":"Shell Parasite","floor":19.0,"turns":3.0},{"damage":18,"enemies":"Slavers","floor":23,"turns":5},{"damage":0,"enemies":"Snake Plant","floor":25,"turns":2},{"damage":0,"enemies":"Centurion and Healer","floor":28,"turns":4},{"damage":0,"enemies":"Replay:Snechameleon","floor":30,"turns":7},{"damage":0,"enemies":"Shelled Parasite and Fungi","floor":31,"turns":3},{"damage":70,"enemies":"Automaton","floor":33,"turns":9},{"damage":0,"enemies":"3 Darklings","floor":35,"turns":2},{"damage":13,"enemies":"3 Shapes","floor":37,"turns":3},{"damage":0,"enemies":"R_Hoarder","floor":40,"turns":7},{"damage":0,"enemies":"Giant Head","floor":44,"turns":5},{"damage":0,"enemies":"3 Darklings","floor":45,"turns":2},{"damage":4,"enemies":"Sphere and 2 Shapes","floor":46,"turns":3},{"damage":13,"enemies":"4 Shapes","floor":48,"turns":2},{"damage":61,"enemies":"Time Eater","floor":50,"turns":8},{"damage":0,"enemies":"Shield and Spear","floor":54,"turns":3},{"damage":56,"enemies":"The Heart","floor":55,"turns":9}],"seed_played":"4306917628583072664","potions_obtained":[{"floor":2.0,"key":"StancePotion"},{"floor":6.0,"key":"EntropicBrew"},{"floor":14.0,"key":"Energy Potion"},{"floor":16.0,"key":"Strength Potion"},{"floor":28,"key":"AttackPotion"},{"floor":37,"key":"Fire Potion"}],"is_trial":false,"path_per_floor":["M","M","?","?","$","E","M","E","T","R","?","R","E","M","R","B",null,"M","M","$","?","?","E","R","M","T","T","M","$","E","M","R","B",null,"M","?","M","?","$","E","R","$","T","E","M","M","?","M","R","B",null,"R","$","E","B",null],"character_chosen":"WATCHER","items_purchased":["TungstenRod","Ice Cream","HandDrill","Consecrate","BattleHymn","TalkToTheHand","Lee\u0027s Waffle","Replay:Bandana","hubris:Metronome","Pantograph","LikeWater+1","Nunchaku","Regal Pillow","CarveReality","FairyPotion","Replay:WaspNest","Kunai","Sling","FlurryOfBlows+1"],"campfire_rested":5,"item_purchase_floors":[0,0,0,0,0,20,29,29,39,39,39,42,42,42,42,53,53,53,53],"current_hp_per_floor":[65,65,65,65,65,39,39,32,32,53,71,71,71,71,71,71,72,72,66,66,66,66,48,69,69,69,69,69,79,79,79,79,9,62,62,62,49,49,49,49,72,72,72,72,72,68,68,55,79,18,64,79,79,79,23],"gold":498,"neow_bonus":"","is_daily":false,"chose_seed":false,"campfire_upgraded":6,"win_rate":0.0,"timestamp":1609800779,"path_taken":["M","?","?","?","$","E","M","E","T","R","?","R","E","?","R","BOSS","M","M","$","?","?","E","R","?","T","?","M","$","E","M","R","BOSS","M","?","M","?","$","E","R","$","T","E","M","M","?","M","R","BOSS","R","$","E","BOSS"],"items_purchased_type":["Relic","Relic","Relic","Card","Card","Card","Relic","Relic","Relic","Relic","Card","Relic","Relic","Card","Potion","Relic","Relic","Relic","Card"],"build_version":"2020-12-22","purchased_purges":0,"victory":true,"max_hp_per_floor":[72,72,72,72,72,72,72,72,72,72,72,72,72,72,72,72,72,72,72,72,72,72,72,72,72,72,72,72,79,79,79,79,79,79,79,79,79,79,79,79,79,79,79,79,79,79,79,79,79,79,79,79,79,79,79],"relic_stats":{"Lee\u0027s Waffle":10,"Regal Pillow":1,"Torii":22,"counters":[39,156],"PreservedInsect":338,"War Paint":["Defend_P","Defend_P"],"MawBank":36,"Boot":[0],"Mercury Hourglass":[147],"Nunchaku":[15],"Busted Crown":24,"Pantograph":0,"HandDrill":[62],"Kunai":[20],"obtain_stats":[{"Ice Cream":0,"Replay:Accelerometer":10,"hubris:Metronome":39,"Regal Pillow":42,"Torii":17,"Vajra":27,"Juzu Bracelet":0,"hubris:SlimyHat":25,"Replay:Mystery Machine":23,"Sling":0,"Boot":54,"Blood Vial":0,"Replay:Bandana":23,"Nunchaku":42,"hubris:Icosahedron":22,"Replay:Bronze Core":0,"Pantograph":39,"hubris:ScarierMask":17,"Replay:Lucky Slots":31,"HandDrill":0,"Kunai":53,"hubris:DisguiseKit":9,"hubris:MobiusCoin":20,"Lee\u0027s Waffle":29,"ReplayTheSpireMod:Ninjato":40,"Happy Flower":26,"Blue Candle":6,"Quantum Egg":44,"Replay:WaspNest":30,"The Courier":17,"PreservedInsect":30,"Omamori":26,"Letter Opener":8,"infinitespire:Magic Flask":9,"hubris:Towel":29,"War Paint":13,"MawBank":17,"Mercury Hourglass":43,"Calling Bell":17,"Busted Crown":34,"hubris:PeanutButter":8,"Garlic":2,"Art of War":12,"PureWater":0,"Grinning Jar":6,"StrikeDummy":0,"TungstenRod":0,"infinitespire:Midas Blood":11},{"Ice Cream":13,"Replay:Accelerometer":5,"hubris:Metronome":31,"Regal Pillow":32,"Torii":21,"Vajra":25,"Juzu Bracelet":0,"hubris:SlimyHat":12,"Replay:Mystery Machine":24,"Sling":0,"Boot":38,"Blood Vial":0,"Replay:Bandana":11,"Nunchaku":32,"hubris:Icosahedron":10,"Replay:Bronze Core":13,"Pantograph":31,"hubris:ScarierMask":7,"Replay:Lucky Slots":12,"HandDrill":13,"Kunai":37,"hubris:DisguiseKit":4,"hubris:MobiusCoin":9,"Lee\u0027s Waffle":26,"ReplayTheSpireMod:Ninjato":32,"Happy Flower":12,"Blue Candle":3,"Quantum Egg":33,"Replay:WaspNest":12,"The Courier":21,"PreservedInsect":27,"Omamori":25,"Letter Opener":4,"infinitespire:Magic Flask":18,"hubris:Towel":12,"War Paint":19,"MawBank":21,"Mercury Hourglass":32,"Calling Bell":21,"Busted Crown":29,"hubris:PeanutButter":18,"Garlic":1,"Art of War":5,"PureWater":0,"Grinning Jar":16,"StrikeDummy":0,"TungstenRod":13,"infinitespire:Midas Blood":5},{"Ice Cream":48,"Replay:Accelerometer":14,"hubris:Metronome":117,"Regal Pillow":124,"Torii":74,"Vajra":89,"Juzu Bracelet":0,"hubris:SlimyHat":42,"Replay:Mystery Machine":87,"Sling":0,"Boot":147,"Blood Vial":0,"Replay:Bandana":37,"Nunchaku":124,"hubris:Icosahedron":33,"Replay:Bronze Core":48,"Pantograph":117,"hubris:ScarierMask":25,"Replay:Lucky Slots":42,"HandDrill":48,"Kunai":144,"hubris:DisguiseKit":12,"hubris:MobiusCoin":29,"Lee\u0027s Waffle":93,"ReplayTheSpireMod:Ninjato":124,"Happy Flower":42,"Blue Candle":9,"Quantum Egg":129,"Replay:WaspNest":42,"The Courier":74,"PreservedInsect":100,"Omamori":89,"Letter Opener":12,"infinitespire:Magic Flask":64,"hubris:Towel":42,"War Paint":67,"MawBank":74,"Mercury Hourglass":124,"Calling Bell":74,"Busted Crown":112,"hubris:PeanutButter":64,"Garlic":3,"Art of War":14,"PureWater":0,"Grinning Jar":59,"StrikeDummy":0,"TungstenRod":48,"infinitespire:Midas Blood":14}],"TungstenRod":33},"card_choices":[{"not_picked":["CutThroughFate","Replay:BluntJabs","Sanctity"],"picked":"SKIP","floor":1.0},{"not_picked":["ThirdEye","Protect"],"picked":"Evaluate","floor":2.0},{"not_picked":["PathToVictory","CutThroughFate"],"picked":"EmptyFist","floor":6.0},{"not_picked":["FollowUp","WreathOfFlame"],"picked":"CrushJoints","floor":7.0},{"not_picked":["JustLucky","Replay:Anticipation"],"picked":"Adaptation","floor":8.0},{"not_picked":["Halt","JustLucky"],"picked":"ClearTheMind","floor":13.0},{"not_picked":["Protect","Replay:AllIn"],"picked":"FlurryOfBlows","floor":14.0},{"not_picked":["DevaForm","Brilliance"],"picked":"Omniscience","floor":16.0},{"not_picked":["Replay:ManipulateFuture","Prostrate"],"picked":"SashWhip","floor":18.0},{"not_picked":["Crescendo","BowlingBash"],"picked":"Consecrate+1","floor":19.0},{"not_picked":["DeceiveReality","Replay:Cycle","Replay:Vibes"],"picked":"SKIP","floor":23},{"not_picked":["Replay:AtTheReady","Swivel"],"picked":"FlurryOfBlows+1","floor":25},{"not_picked":["Prostrate","ConjureBlade","SashWhip"],"picked":"SKIP","floor":28},{"not_picked":["DeceiveReality","CrushJoints"],"picked":"SignatureMove","floor":30},{"not_picked":["FlyingSleeves+1","JustLucky"],"picked":"BowlingBash+1","floor":31},{"not_picked":["Judgement","Omniscience"],"picked":"MasterReality","floor":33},{"not_picked":["SashWhip"],"picked":"SKIP","floor":35},{"not_picked":[],"picked":"EmptyFist+1","floor":37},{"not_picked":["Meditate"],"picked":"SKIP","floor":40},{"not_picked":["Replay:DivineShield"],"picked":"SKIP","floor":44},{"not_picked":["PathToVictory"],"picked":"SKIP","floor":45},{"not_picked":[],"picked":"FlurryOfBlows+1","floor":46},{"not_picked":[],"picked":"WheelKick+1","floor":48},{"not_picked":["JustLucky"],"picked":"SKIP","floor":54}],"player_experience":1065172,"relics_obtained":[{"floor":6.0,"key":"Grinning Jar"},{"floor":8.0,"key":"hubris:PeanutButter"},{"floor":9.0,"key":"infinitespire:Magic Flask"},{"floor":13.0,"key":"War Paint"},{"floor":17.0,"key":"MawBank"},{"floor":17.0,"key":"The Courier"},{"floor":17.0,"key":"Torii"},{"floor":23,"key":"Replay:Mystery Machine"},{"floor":26,"key":"Omamori"},{"floor":27,"key":"Vajra"},{"floor":30,"key":"PreservedInsect"},{"floor":40,"key":"ReplayTheSpireMod:Ninjato"},{"floor":43,"key":"Mercury Hourglass"},{"floor":44,"key":"Quantum Egg"},{"floor":54,"key":"Boot"}],"event_choices":[{"damage_healed":18.0,"max_hp_gain":0.0,"max_hp_loss":0.0,"gold_gain":0.0,"event_name":"The Cleric","player_choice":"Healed","floor":11.0,"gold_loss":35.0,"damage_taken":0.0},{"cards_removed":["Strike_P"],"damage_healed":0.0,"max_hp_gain":0.0,"max_hp_loss":0.0,"gold_gain":0.0,"event_name":"Purifier","player_choice":"Purged","floor":22.0,"gold_loss":0.0,"damage_taken":0.0},{"damage_healed":0,"gold_gain":0,"player_choice":"Ignored","damage_taken":0,"max_hp_gain":0,"max_hp_loss":0,"event_name":"Tomb of Lord Red Mask","floor":36,"gold_loss":0}],"is_beta":false,"boss_relics":[{"not_picked":["Sozu","HolyWater"],"picked":"Calling Bell"},{"not_picked":["hubris:RunicObelisk","hubris:BlackHole"],"picked":"Busted Crown"}],"items_purged_floors":[],"is_endless":false,"potions_floor_spawned":[2,6,14,16,25,28,30,37,44,46],"ascension_level":13}}