{"host":"vc42n08di9czm3e7","time":1609803537,"event":{"mods":["AchievementEnabler","Act Like it!","BaseMod","Colored Powertips","Conspire","Downfall","Elementarium","Friendly Minions","GifTheSpireLib","Minty Spire (QoL Compilation)","Rare Cards Sparkle","StSLib"],"gold_per_floor":[113,133,133,145,157,184,29,29,81,93,112,125,125,139,139,139,139],"floor_reached":16,"playtime":774,"items_purged":["Strike_B"],"score":106,"play_id":"213186d6-40aa-4176-b66a-3dc531d3511f","local_time":"20210104183857","is_ascension_mode":false,"campfire_choices":[{"data":"Sunder","floor":8,"key":"SMITH"},{"data":"Echo Form","floor":13,"key":"SMITH"},{"floor":15,"key":"REST"}],"circlet_count":0,"master_deck":["Strike_B","Strike_B","Defend_B","Defend_B","Defend_B","Defend_B","Zap","Dualcast","Redo","Coolheaded","Turbo","Conserve Battery","Tempest","Sunder+1","Loop","Echo Form+1","Rip and Tear","conspire:Rain"],"relics":["Cracked Core","NeowsBlessing","HornCleat","Boot"],"acts_visited":["Exordium"],"potions_floor_usage":[14,16,16,16,16,16],"damage_taken":[{"damage":0,"enemies":"Small Slimes","floor":1,"turns":1},{"damage":0,"enemies":"2 Louse","floor":2,"turns":1},{"damage":2,"enemies":"conspire:RoseBush","floor":4,"turns":1},{"damage":10,"enemies":"3 Louse","floor":5,"turns":4},{"damage":33,"enemies":"3 Sentries","floor":6,"turns":9},{"damage":4,"enemies":"Exordium Wildlife","floor":10,"turns":3},{"damage":9,"enemies":"Large Slime","floor":11,"turns":6},{"damage":2,"enemies":"3 Louse","floor":12,"turns":4},{"damage":10,"enemies":"Lots of Slimes","floor":14,"turns":3},{"damage":29,"enemies":"The Guardian","floor":16,"turns":10}],"seed_played":"2943790205155068871","potions_obtained":[{"floor":2,"key":"GamblersBrew"},{"floor":6,"key":"EntropicBrew"},{"floor":11,"key":"EntropicBrew"},{"floor":14,"key":"AttackPotion"}],"is_trial":false,"path_per_floor":["M","M","?","M","M","E","$","R","T","M","M","M","R","M","R","B"],"character_chosen":"DEFECT","items_purchased":["Sunder"],"campfire_rested":1,"item_purchase_floors":[7],"current_hp_per_floor":[75,75,75,73,63,30,30,30,30,26,17,15,15,5,27,0,0],"gold":139,"neow_bonus":"THREE_ENEMY_KILL","is_daily":false,"chose_seed":false,"campfire_upgraded":2,"win_rate":0.0,"timestamp":1609803537,"path_taken":["M","M","?","M","M","E","$","R","T","M","M","M","R","M","R","BOSS"],"items_purchased_type":["Card"],"build_version":"2020-12-22","purchased_purges":1,"victory":false,"max_hp_per_floor":[75,75,75,75,75,75,75,75,75,75,75,75,75,75,75,75,75],"card_choices":[{"not_picked":["Steam","Rebound"],"picked":"Redo","floor":1},{"not_picked":["Hologram","Barrage"],"picked":"Coolheaded","floor":2},{"not_picked":["Conserve Battery","Reprogram"],"picked":"Turbo","floor":4},{"not_picked":["Go for the Eyes","Glacier"],"picked":"Conserve Battery","floor":5},{"not_picked":["Compile Driver","Stack"],"picked":"Tempest","floor":6},{"not_picked":["Rip and Tear","Glacier"],"picked":"Loop","floor":10},{"not_picked":["FTL","Leap"],"picked":"Echo Form","floor":11},{"not_picked":["Genetic Algorithm","Conserve Battery"],"picked":"Rip and Tear","floor":12},{"not_picked":["Conserve Battery","Auto Shields"],"picked":"conspire:Rain","floor":14}],"player_experience":281998,"relics_obtained":[{"floor":6,"key":"HornCleat"},{"floor":9,"key":"Boot"}],"event_choices":[{"cards_removed":["Strike_B"],"damage_healed":0,"gold_gain":0,"player_choice":"Forget","damage_taken":0,"max_hp_gain":0,"max_hp_loss":0,"event_name":"Living Wall","floor":3,"gold_loss":0}],"is_beta":false,"boss_relics":[],"items_purged_floors":[7],"is_endless":false,"potions_floor_spawned":[2,6,11,14],"killed_by":"The Guardian","ascension_level":0}}