{"host":"jh7kh5nqtgzr3auj","time":1609790501,"event":{"mods":["AchievementEnabler","Act Like it!","Arknights The Spire","BaseMod","CapriCore","Highlight Path","Minty Spire (QoL Compilation)","Quick Restart","StSLib","TestMod"],"gold_per_floor":[117,130,130,150,162,188,188,220,220,145,145,320,340,62,62,167,167,187,201,251,269,288,316,332,351,432,457,457,485,510,610,610,706,706,723,733,328,345,745,778,778,361,387,32,61,14,42,54,54,54],"floor_reached":51,"playtime":5353,"items_purged":["ats:Strike C","Doubt"],"score":1000,"play_id":"966d5c67-705b-42a6-9680-f943023f5eb8","local_time":"20210105040141","is_ascension_mode":false,"campfire_choices":[{"data":"ats:Explosion Area Strengthen","floor":7.0,"key":"SMITH"},{"data":"ats:Healing Drone","floor":11.0,"key":"SMITH"},{"data":"testmod-EternalityOfKhronos","floor":15.0,"key":"SMITH"},{"data":"christmas-Famine","floor":28.0,"key":"SMITH"},{"data":"ats:Calcification","floor":32.0,"key":"SMITH"},{"data":"testmod-ComboMaster","floor":49,"key":"SMITH"}],"circlet_count":0,"master_deck":["ats:Defend","ats:Emotion Absorption+1","ats:Assault Order+1","ats:Curse Doll","ats:Poison Spread","testmod-EternalityOfKhronos+1","ats:Wolf Pack","ats:Assault Order+1","ats:Shell Defense","ats:Calcification+1","ats:Neurotoxin","ats:Charging Defense","ats:Consecutive Shot Auto","ats:Thorns","ats:Rat Pack","testmod-RepeatForm","ats:Leaping Hammer","ats:Powerful Strike","ats:Thorns","ats:Neurotoxin+1","testmod-ComboMaster+1","ats:Chain Hook","ats:Rat Pack","ats:Rapid Magazine","ats:Song Of Battle+1","ats:Hammer On","ats:Hook Shot","ats:Spore Proliferation+1"],"relics":["ats:Sanity","testmod-TestBox","testmod-GiftOfSatan","ats:Originium","testmod-OneHitWonder","testmod-Alchemist","testmod-PortableAltar","ats:Emergency Defibrillator","Bottled Tornado","WingedGreaves","Bottled Lightning","Vajra","CaptainsWheel","Ornamental Fan","testmod-KeyOfTheVoid","Torii","Lantern","TheAbacus","Smiling Mask","Lee\u0027s Waffle","Dream Catcher","Blood Vial"],"acts_visited":["Exordium","TheCity","TheBeyond"],"potions_floor_usage":[],"damage_taken":[{"damage":0.0,"enemies":"2 Louse","floor":1.0,"turns":4.0},{"damage":6.0,"enemies":"Jaw Worm","floor":2.0,"turns":3.0},{"damage":0.0,"enemies":"Cultist","floor":4.0,"turns":1.0},{"damage":26.0,"enemies":"3 Louse","floor":5.0,"turns":4.0},{"damage":53.0,"enemies":"3 Sentries","floor":6.0,"turns":8.0},{"damage":6.0,"enemies":"Gremlin Nob","floor":8.0,"turns":3.0},{"damage":14.0,"enemies":"2 Fungi Beasts","floor":13.0,"turns":2.0},{"damage":20.0,"enemies":"Hexaghost","floor":16.0,"turns":6.0},{"damage":33.0,"enemies":"2 Thieves","floor":18.0,"turns":5.0},{"damage":37.0,"enemies":"Spheric Guardian","floor":19.0,"turns":8.0},{"damage":7.0,"enemies":"Snecko","floor":21.0,"turns":5.0},{"damage":22.0,"enemies":"Chosen and Byrds","floor":22.0,"turns":5.0},{"damage":31.0,"enemies":"Slavers","floor":23.0,"turns":6.0},{"damage":19.0,"enemies":"Sentry and Sphere","floor":24.0,"turns":7.0},{"damage":31.0,"enemies":"Snecko","floor":25.0,"turns":4.0},{"damage":14.0,"enemies":"Book of Stabbing","floor":27.0,"turns":6.0},{"damage":6.0,"enemies":"Gremlin Leader","floor":29.0,"turns":8.0},{"damage":0.0,"enemies":"Slavers","floor":30.0,"turns":2.0},{"damage":18.0,"enemies":"Colosseum Slavers","floor":31.0,"turns":4.0},{"damage":26.0,"enemies":"Colosseum Nobs","floor":31.0,"turns":5.0},{"damage":63.0,"enemies":"Collector","floor":33.0,"turns":7.0},{"damage":2.0,"enemies":"3 Darklings","floor":35.0,"turns":5.0},{"damage":20.0,"enemies":"3 Shapes","floor":36.0,"turns":15.0},{"damage":111.0,"enemies":"Transient","floor":38.0,"turns":6.0},{"damage":36.0,"enemies":"Nemesis","floor":40.0,"turns":10.0},{"damage":18.0,"enemies":"Reptomancer","floor":45.0,"turns":7.0},{"damage":10,"enemies":"Giant Head","floor":47,"turns":16},{"damage":1,"enemies":"3 Darklings","floor":48,"turns":6},{"damage":3,"enemies":"Donu and Deca","floor":50,"turns":11}],"seed_played":"-1283625336024495083","potions_obtained":[{"floor":2.0,"key":"ats:Emergency Sanity Potion"},{"floor":4.0,"key":"FairyPotion"},{"floor":8.0,"key":"ats:Top Emergency Sanity Potion"},{"floor":13.0,"key":"Block Potion"},{"floor":22.0,"key":"SteroidPotion"},{"floor":24.0,"key":"AttackPotion"},{"floor":25.0,"key":"BlessingOfTheForge"},{"floor":30.0,"key":"Swift Potion"},{"floor":31.0,"key":"PowerPotion"},{"floor":35.0,"key":"SmokeBomb"},{"floor":47,"key":"Fire Potion"}],"is_trial":false,"path_per_floor":["M","M","?","M","M","E","R","E","T","$","R","?","M","$","R","B",null,"M","M","?","M","M","E","M","M","T","E","R","E","E","?","R","B",null,"M","M","$","M","?","E","?","$","T","$","E","$","E","M","R","B",null],"character_chosen":"DOCTOR_CLASS","items_purchased":["testmod-EternalityOfKhronos","testmod-RepeatForm","ats:Leaping Hammer","ats:Powerful Strike","Fruit Juice","ColorlessPotion","Lantern","TheAbacus","ats:Chain Hook","Strength Potion","ats:Rat Pack","Lee\u0027s Waffle","ats:Rapid Magazine","ats:Hammer On"],"campfire_rested":0,"item_purchase_floors":[14,37,37,37,37,37,42,42,42,42,44,44,44,46],"current_hp_per_floor":[82,76,76,81,62,25,25,37,37,37,37,37,37,37,37,33,109,95,74,74,75,82,100,101,91,91,95,95,112,111,82,82,48,114,118,103,103,27,27,37,37,37,37,126,107,107,135,133,133,137],"gold":54,"neow_bonus":"THREE_ENEMY_KILL","is_daily":false,"chose_seed":false,"campfire_upgraded":6,"win_rate":0.0,"timestamp":1609790501,"path_taken":["M","M","?","M","M","E","R","E","T","$","R","?","M","$","R","BOSS","M","M","?","?","M","E","M","M","T","E","R","E","E","?","R","BOSS","M","M","$","M","?","E","?","$","T","$","E","?","E","M","R","BOSS"],"items_purchased_type":["Card","Card","Card","Card","Potion","Potion","Relic","Relic","Card","Potion","Card","Relic","Card","Card"],"build_version":"2020-12-22","purchased_purges":2,"victory":true,"max_hp_per_floor":[82,82,82,87,92,99,99,104,104,104,104,104,109,109,109,109,109,113,112,111,110,109,118,117,116,115,114,113,112,111,117,116,115,114,118,117,116,120,119,123,122,121,120,126,125,124,135,134,133,137],"card_choices":[{"not_picked":["ats:Shell Defense","ats:Powerful Strike"],"picked":"ats:Assault Order","floor":1.0},{"not_picked":["ats:Shell Defense","ats:Directed Diagnosis"],"picked":"ats:Explosion Area Strengthen","floor":2.0},{"not_picked":["ats:Shell Defense","ats:Part Time Job"],"picked":"ats:Curse Doll","floor":4.0},{"not_picked":["ats:Ignite","ats:Soul Absorption","ats:Rapid Magazine"],"picked":"SKIP","floor":5.0},{"not_picked":["ats:Ignite","ats:Soul Absorption","ats:Rapid Magazine"],"picked":"SKIP","floor":5.0},{"not_picked":["ats:Flame Of Heaven","ats:Thermite Blade"],"picked":"ats:Healing Drone","floor":6.0},{"not_picked":["ats:Hammer On","ats:Thermite Blade"],"picked":"ats:Poison Spread","floor":8.0},{"not_picked":["ats:Apocalypse","ats:Curse Doll"],"picked":"ats:Mental Burst","floor":13.0},{"not_picked":["ats:True Silver Slash","ats:Durian"],"picked":"ats:Wolf Pack","floor":16.0},{"not_picked":["ats:Guardian Obelisk+1","ats:Flexible Camouflage+1"],"picked":"ats:Assault Order+1","floor":18.0},{"not_picked":["ats:Leaping Hammer","ats:Powerful Strike+1"],"picked":"ats:Shell Defense","floor":19.0},{"not_picked":["christmas-War","christmas-Plague"],"picked":"christmas-Famine","floor":21.0},{"not_picked":["ats:Shell Defense","ats:Powerful Strike"],"picked":"ats:Leaping Hammer","floor":21.0},{"not_picked":["ats:Curse Doll+1","ats:Demon Strength"],"picked":"ats:Calcification","floor":22.0},{"not_picked":["ats:Encircling Forest","ats:Blood Oath+1"],"picked":"ats:Sword Rain","floor":23.0},{"not_picked":["christmas-Death","christmas-Famine"],"picked":"christmas-Plague","floor":24.0},{"not_picked":["ats:Ignite","ats:Demon Strength"],"picked":"ats:Apocalypse","floor":24.0},{"not_picked":["ats:Revitalization","ats:Powerful Strike+1"],"picked":"ats:Neurotoxin","floor":25.0},{"not_picked":["christmas-Plague","christmas-Famine","christmas-War"],"picked":"SKIP","floor":25.0},{"not_picked":["ats:Soul Rend","ats:Shadow Raid"],"picked":"ats:Charging Defense","floor":27.0},{"not_picked":["ats:Assault Order","ats:Revitalization"],"picked":"ats:Consecutive Shot Auto","floor":29.0},{"not_picked":["ats:Part Time Job","ats:Flexible Camouflage","ats:Support Order"],"picked":"SKIP","floor":30.0},{"not_picked":["ats:Sword Rain","ats:Cat Scratch"],"picked":"ats:Thorns","floor":31.0},{"not_picked":["ats:Ambush","ats:Volcano"],"picked":"ats:Rat Pack","floor":33.0},{"not_picked":["ats:Apocalypse","ats:Neurotoxin"],"picked":"ats:Powerful Strike","floor":35.0},{"not_picked":["ats:Curse Doll","ats:Childhood Dance+1"],"picked":"ats:Soul Absorption","floor":36.0},{"not_picked":["ats:Composite Medical Shells","ats:Leaping Hammer+1"],"picked":"ats:Thorns","floor":38.0},{"not_picked":["ats:Charging Defense+1","ats:Hammer On+1"],"picked":"ats:Neurotoxin+1","floor":40.0},{"not_picked":["Forethought","Impatience"],"picked":"testmod-ComboMaster","floor":41.0},{"not_picked":["ats:Cat Scratch+1","ats:Childhood Dance+1"],"picked":"ats:Song Of Battle+1","floor":45.0},{"not_picked":["ats:Shell Defense","ats:Powerful Strike"],"picked":"ats:Hook Shot","floor":47},{"not_picked":["ats:Blood Oath+1","ats:Curse Doll"],"picked":"ats:Spore Proliferation+1","floor":48}],"player_experience":270051,"relics_obtained":[{"floor":6.0,"key":"ats:Originium"},{"floor":6.0,"key":"testmod-OneHitWonder"},{"floor":8.0,"key":"ats:Originium"},{"floor":8.0,"key":"testmod-Alchemist"},{"floor":23.0,"key":"ats:Originium"},{"floor":23.0,"key":"ats:Emergency Defibrillator"},{"floor":26.0,"key":"Bottled Tornado"},{"floor":27.0,"key":"WingedGreaves"},{"floor":29.0,"key":"Bottled Lightning"},{"floor":30.0,"key":"Vajra"},{"floor":31.0,"key":"CaptainsWheel"},{"floor":31.0,"key":"Ornamental Fan"},{"floor":40.0,"key":"Torii"},{"floor":43.0,"key":"Smiling Mask"},{"floor":45.0,"key":"Dream Catcher"},{"floor":47,"key":"Blood Vial"}],"event_choices":[{"damage_healed":0.0,"max_hp_gain":0.0,"max_hp_loss":0.0,"gold_gain":0.0,"event_name":"给自己的盒子","player_choice":"Swap Relic","floor":3.0,"relics_lost":["War Paint"],"gold_loss":0.0,"damage_taken":0.0,"relics_obtained":["War Paint"]},{"damage_healed":0.0,"max_hp_gain":0.0,"max_hp_loss":0.0,"gold_gain":175.0,"event_name":"Liars Game","player_choice":"AGREE","floor":12.0,"gold_loss":0.0,"damage_taken":0.0,"cards_obtained":["Doubt"]},{"damage_healed":0.0,"max_hp_gain":0.0,"max_hp_loss":0.0,"gold_gain":100.0,"event_name":"The Joust","player_choice":"Bet on Murderer","floor":20.0,"gold_loss":50.0,"damage_taken":0.0},{"damage_healed":0.0,"max_hp_gain":0.0,"max_hp_loss":0.0,"gold_gain":0.0,"event_name":"Colosseum","player_choice":"Fight","floor":31.0,"gold_loss":0.0,"damage_taken":0.0},{"damage_healed":0.0,"max_hp_gain":0.0,"max_hp_loss":0.0,"gold_gain":0.0,"event_name":"Colosseum","player_choice":"Fought Nobs","floor":31.0,"gold_loss":0.0,"damage_taken":0.0},{"damage_healed":0.0,"max_hp_gain":0.0,"max_hp_loss":0.0,"gold_gain":400.0,"event_name":"恩洛斯的盘子","player_choice":"Sell","floor":39.0,"relics_lost":["NeowsBlessing"],"gold_loss":0.0,"damage_taken":0.0},{"damage_healed":0.0,"max_hp_gain":0.0,"max_hp_loss":0.0,"gold_gain":0.0,"event_name":"SensoryStone","player_choice":"Memory 1","floor":41.0,"gold_loss":0.0,"damage_taken":0.0}],"is_beta":false,"boss_relics":[{"not_picked":["Sozu","ats:Sanity Plus"],"picked":"testmod-PortableAltar"},{"not_picked":["testmod-SaigiyounoYou","Velvet Choker"],"picked":"testmod-KeyOfTheVoid"}],"items_purged_floors":[10,14],"is_endless":false,"potions_floor_spawned":[2,4,8,13,22,24,25,30,31,35,47],"ascension_level":0}}