{"host":"egwexuw5uvnxf11j","time":1609735104,"event":{"mods":["2.2 Compatiblity","Aspiration","BaseMod","Better Altar","Better Note","Better Sensory Stone","Better Third Choice","Displayed Cursed Tome","Downfall","Hermit","Key Reminder","Koishi","Marisa????????","Minty Spire (QoL Compilation)","Quick Restart","Shade Mod","Spicy Shops","StSLib","The Construct","The Cursed","The Hierophant","The Runesmith","The Senshi","The Servant 0.9.4","Transform Curses"],"gold_per_floor":[113,133,27,37,56,56,86,86,165,197,212,212,212],"floor_reached":12,"playtime":351,"items_purged":[],"score":104,"play_id":"bd9b921f-0bdf-476d-b345-66c202073df5","local_time":"20210103233824","is_ascension_mode":true,"campfire_choices":[{"data":"Loop","floor":6,"key":"SMITH"},{"floor":8,"key":"REST"}],"circlet_count":0,"master_deck":["Strike_B","Strike_B","Strike_B","Strike_B","Defend_B","Defend_B","Defend_B","Defend_B","Zap+1","Dualcast","Ball Lightning","Beam Cell","Loop+1","Rip and Tear","Ball Lightning","Redo","Doom and Gloom","Core Surge","Storm"],"relics":["Cracked Core","theSenshi:SailorFukuRelic","Mummified Hand","Runesmith:AutoHammer","keyreminder:keyreminder"],"acts_visited":["Exordium"],"potions_floor_usage":[7,7],"damage_taken":[{"damage":1,"enemies":"Cultist","floor":1,"turns":3},{"damage":2,"enemies":"Jaw Worm","floor":2,"turns":2},{"damage":5,"enemies":"Small Slimes","floor":4,"turns":2},{"damage":6,"enemies":"Looter","floor":5,"turns":2},{"damage":25,"enemies":"3 Sentries","floor":7,"turns":4},{"damage":34,"enemies":"Gremlin Nob","floor":10,"turns":4},{"damage":6,"enemies":"Exordium Thugs","floor":11,"turns":3},{"damage":20,"enemies":"3 Sentries","floor":12,"turns":2}],"seed_played":"-6151184713502307706","potions_obtained":[{"floor":1,"key":"GamblersBrew"},{"floor":4,"key":"hexamod:EctoCoolerPotion"},{"floor":5,"key":"FocusPotion"},{"floor":10,"key":"Ancient Potion"}],"is_trial":false,"path_per_floor":["M","M","$","M","M","R","E","R","T","E","M","E"],"character_chosen":"DEFECT","items_purchased":["Loop","Rip and Tear"],"campfire_rested":1,"item_purchase_floors":[3,3],"current_hp_per_floor":[74,72,72,67,61,61,36,58,58,24,18,0,0],"gold":212,"neow_bonus":"UPGRADE_CARD","is_daily":false,"chose_seed":false,"campfire_upgraded":1,"win_rate":0.0,"timestamp":1609735104,"path_taken":["M","M","$","M","M","R","E","R","T","E","M","E"],"items_purchased_type":["Card","Card"],"build_version":"2020-12-22","purchased_purges":0,"victory":false,"max_hp_per_floor":[75,75,75,75,75,75,75,75,75,75,75,75,75],"card_choices":[{"not_picked":["Gash","Cold Snap"],"picked":"Ball Lightning","floor":1},{"not_picked":["Glacier","Auto Shields"],"picked":"Beam Cell","floor":2},{"not_picked":["Hologram","White Noise"],"picked":"Ball Lightning","floor":4},{"not_picked":["Glacier","Leap"],"picked":"Redo","floor":5},{"not_picked":["Blizzard","Ball Lightning"],"picked":"Doom and Gloom","floor":7},{"not_picked":["Compile Driver","Ball Lightning"],"picked":"Core Surge","floor":10},{"not_picked":["Beam Cell","Hologram"],"picked":"Storm","floor":11}],"player_experience":2136612,"relics_obtained":[{"floor":7,"key":"theSenshi:SailorFukuRelic"},{"floor":9,"key":"Mummified Hand"},{"floor":10,"key":"Runesmith:AutoHammer"}],"event_choices":[],"is_beta":false,"boss_relics":[],"items_purged_floors":[],"is_endless":false,"potions_floor_spawned":[1,4,5,10],"killed_by":"3 Sentries","ascension_level":3}}