{"host":"cgaibh95wzkurumv","time":1609724981,"event":{"mods":["BaseMod","Minty Spire (QoL Compilation)","Replay The Spire","StSLib","The Runesmith"],"gold_per_floor":[144,144,156,268,325,337,299,356,368,425,437,449,506,608,620,932,944,1001,1013,1070,1181,512,602,602,652,727,817,317,362,362,407,407,407,407],"floor_reached":33,"playtime":1080,"items_purged":[],"score":308,"play_id":"6c2d6433-847b-406a-a3dd-e07ecb49d2ff","local_time":"20210103224941","daily_mods":["Chimera","Diverse","Midas"],"is_ascension_mode":false,"campfire_choices":[{"floor":6,"key":"REST"},{"floor":12,"key":"REST"},{"floor":15,"key":"REST"},{"floor":24,"key":"REST"},{"floor":32,"key":"REST"}],"circlet_count":0,"master_deck":["Bash","Survivor","Eruption+1","Strike_R","Strike_G","Strike_B","Defend_R","Defend_G+1","Defend_P","Cleave+1","Blade Dance","Armaments","Iron Wave","CutThroughFate","Impervious","CurseOfTheBell","Dark Shackles","Vault","InnerPeace+1","Calculated Gamble"],"relics":["Burning Blood","MawBank","Ornamental Fan","Calipers","Calling Bell","ReplayTheSpireMod:Spearhead","Replay:Accelerometer","FossilizedHelix","Strange Spoon","Akabeko","Dead Branch","Art of War","Onion Ring","Bag of Marbles","Prayer Wheel","Potion Belt","Nilry\u0027s Codex"],"acts_visited":["Exordium","TheCity"],"potions_floor_usage":[20,23,23,27,33,33],"damage_taken":[{"damage":1,"enemies":"Cultist","floor":1,"turns":3},{"damage":0,"enemies":"Small Slimes","floor":5,"turns":2},{"damage":3,"enemies":"2 Louse","floor":8,"turns":2},{"damage":2,"enemies":"2 Fungi Beasts","floor":10,"turns":3},{"damage":7,"enemies":"Blue Slaver","floor":13,"turns":2},{"damage":15,"enemies":"Gremlin Nob","floor":14,"turns":4},{"damage":16,"enemies":"Fading Forest","floor":16,"turns":11},{"damage":29,"enemies":"Chosen","floor":18,"turns":7},{"damage":0,"enemies":"Spheric Guardian","floor":20,"turns":3},{"damage":36,"enemies":"Gremlin Leader","floor":23,"turns":10},{"damage":44,"enemies":"Slavers","floor":27,"turns":9},{"damage":5,"enemies":"Centurion and Healer","floor":29,"turns":8},{"damage":0,"enemies":"Snecko","floor":31,"turns":4},{"damage":118,"enemies":"Automaton","floor":33,"turns":6}],"seed_played":"-6631355389535803282","potions_obtained":[{"floor":10,"key":"BloodPotion"},{"floor":13,"key":"Block Potion"},{"floor":16,"key":"Strength Potion"},{"floor":20,"key":"Block Potion"},{"floor":27,"key":"Block Potion"}],"is_trial":false,"path_per_floor":["M","?","?","?","M","R","?","M","T","M","?","R","M","E","R","B",null,"M","$","M","?","$","E","R","?","T","E","$","M","?","M","R","B"],"character_chosen":"IRONCLAD","items_purchased":["Strange Spoon","Akabeko","Dead Branch","Dark Shackles","Prayer Wheel","Potion Belt","SkillPotion"],"campfire_rested":5,"item_purchase_floors":[22,22,22,22,28,28,28],"current_hp_per_floor":[80,73,57,57,63,80,80,80,80,80,80,80,79,70,80,70,80,57,57,63,63,63,33,57,57,57,35,35,36,20,26,50,0,0],"gold":407,"neow_bonus":"","is_daily":true,"chose_seed":false,"campfire_upgraded":0,"win_rate":0.0,"timestamp":1609724981,"path_taken":["M","?","?","?","?","R","?","M","T","M","?","R","M","E","R","BOSS","M","$","M","?","$","E","R","?","T","E","$","?","?","M","R","BOSS"],"items_purchased_type":["Relic","Relic","Relic","Card","Relic","Relic","Potion"],"build_version":"2020-12-22","purchased_purges":0,"victory":false,"max_hp_per_floor":[80,80,80,80,80,80,80,80,80,80,80,80,80,80,80,80,80,80,80,80,80,80,80,80,80,80,80,80,80,80,80,80,80,80],"card_choices":[{"not_picked":["Replay:BluntJabs","Evolve"],"picked":"Cleave","floor":1},{"not_picked":["Poisoned Stab","FlurryOfBlows","Blizzard"],"picked":"SKIP","floor":5},{"not_picked":["Static Discharge","CrushJoints"],"picked":"Blade Dance","floor":8},{"not_picked":["Prepared","EmptyBody"],"picked":"Armaments","floor":10},{"not_picked":["Runesmith:Overpower","Prepared"],"picked":"Iron Wave","floor":13},{"not_picked":["Swivel","Runesmith:Firestorm"],"picked":"CutThroughFate","floor":14},{"not_picked":["Corpse Explosion","Runesmith:LightningRod"],"picked":"Impervious","floor":16},{"not_picked":["Caltrops","Prostrate","Replay:Battleflow"],"picked":"SKIP","floor":18},{"not_picked":["Skewer","Runesmith:HeatedChisel","Runesmith:ShiftingStrike"],"picked":"SKIP","floor":20},{"not_picked":["Runesmith:Attraction","Runesmith:CraftProtectio"],"picked":"Vault","floor":23},{"not_picked":["Runesmith:ElementalConversion+1","Consecrate"],"picked":"InnerPeace+1","floor":27},{"not_picked":["Dodge and Roll","Recycle"],"picked":"Calculated Gamble","floor":29},{"not_picked":["Runesmith:CraftProtectio","Runesmith:ElementalConversion","WaveOfTheHand+1"],"picked":"SKIP","floor":29},{"not_picked":["Run Through+1","Stack+1","Sweeping Beam"],"picked":"SKIP","floor":31},{"not_picked":["Runesmith:Retool","Anger","Steam"],"picked":"SKIP","floor":31}],"player_experience":263521,"relics_obtained":[{"floor":9,"key":"Ornamental Fan"},{"floor":14,"key":"Calipers"},{"floor":17,"key":"ReplayTheSpireMod:Spearhead"},{"floor":17,"key":"Replay:Accelerometer"},{"floor":17,"key":"FossilizedHelix"},{"floor":23,"key":"Art of War"},{"floor":26,"key":"Onion Ring"},{"floor":27,"key":"Bag of Marbles"},{"floor":30,"key":"Nilry\u0027s Codex"}],"event_choices":[{"damage_healed":0,"gold_gain":0,"player_choice":"Success","damage_taken":7,"relics_obtained":["MawBank"],"max_hp_gain":0,"max_hp_loss":0,"event_name":"Scrap Ooze","floor":2,"gold_loss":0},{"damage_healed":0,"gold_gain":0,"player_choice":"Entered Light","damage_taken":16,"max_hp_gain":0,"max_hp_loss":0,"event_name":"Shining Light","floor":3,"gold_loss":0,"cards_upgraded":["Eruption","Defend_G"]},{"damage_healed":0,"gold_gain":100,"player_choice":"Pray","damage_taken":0,"max_hp_gain":0,"max_hp_loss":0,"event_name":"Golden Shrine","floor":4,"gold_loss":0},{"cards_removed":["Zap"],"damage_healed":0,"gold_gain":0,"player_choice":"Card Removal","damage_taken":0,"max_hp_gain":0,"max_hp_loss":0,"event_name":"The Cleric","floor":7,"gold_loss":50},{"damage_healed":0,"gold_gain":99,"player_choice":"Stole From Cult","damage_taken":0,"max_hp_gain":0,"max_hp_loss":0,"event_name":"Nest","floor":21,"gold_loss":0},{"damage_healed":0,"gold_gain":100,"player_choice":"Bet on Murderer","damage_taken":0,"max_hp_gain":0,"max_hp_loss":0,"event_name":"The Joust","floor":25,"gold_loss":50},{"damage_healed":0,"gold_gain":0,"player_choice":"Obtained Book","damage_taken":16,"max_hp_gain":0,"max_hp_loss":0,"event_name":"Cursed Tome","floor":30,"gold_loss":0}],"is_beta":false,"boss_relics":[{"not_picked":["Busted Crown","Replay:Grab Bag"],"picked":"Calling Bell"}],"items_purged_floors":[],"is_endless":false,"potions_floor_spawned":[10,13,16,20,27],"killed_by":"Automaton","ascension_level":0}}