{"host":"p7j7o00jacnw7qzt","time":1609735848,"event":{"mods":["BaseMod","Colored Map","Colored Powertips","DeckTracker","Highlight Path","Minty Spire (QoL Compilation)","Relic Stats"],"gold_per_floor":[109,126,126,142,66,66,100,100,100,100,100],"floor_reached":10,"playtime":306,"items_purged":[],"score":132,"play_id":"070bb5b0-15a4-4d36-8318-c06b554a3559","local_time":"20210103235048","is_ascension_mode":true,"campfire_choices":[{"data":"Evolve","floor":6,"key":"SMITH"},{"data":"Inflame","floor":8,"key":"SMITH"}],"circlet_count":0,"master_deck":["AscendersBane","Strike_R","Strike_R","Defend_R","Defend_R","Defend_R","Defend_R","Bash","Evolve+1","Fire Breathing","Inflame+1"],"relics":["Burning Blood","HornCleat","Potion Belt"],"acts_visited":["Exordium"],"potions_floor_usage":[],"damage_taken":[{"damage":6,"enemies":"Jaw Worm","floor":1,"turns":7},{"damage":7,"enemies":"Cultist","floor":2,"turns":4},{"damage":0,"enemies":"2 Louse","floor":4,"turns":6},{"damage":15,"enemies":"3 Sentries","floor":7,"turns":4},{"damage":48,"enemies":"Gremlin Nob","floor":10,"turns":4}],"seed_played":"-535962483055084698","potions_obtained":[{"floor":1,"key":"Dexterity Potion"}],"is_trial":false,"path_per_floor":["M","M","?","M","$","R","E","R","T","E"],"character_chosen":"IRONCLAD","items_purchased":["Fire Breathing"],"campfire_rested":0,"item_purchase_floors":[5],"current_hp_per_floor":[50,49,49,55,55,55,46,46,46,0,0],"gold":100,"neow_bonus":"REMOVE_TWO","is_daily":false,"chose_seed":false,"campfire_upgraded":2,"win_rate":0.0,"timestamp":1609735848,"path_taken":["M","M","?","M","$","R","E","R","T","E"],"items_purchased_type":["Card"],"build_version":"2020-12-22","purchased_purges":0,"victory":false,"max_hp_per_floor":[75,75,75,75,75,75,75,75,75,75,75],"relic_stats":{"counters":[5,25],"obtain_stats":[{"Potion Belt":9,"HornCleat":7,"Burning Blood":0},{"Potion Belt":4,"HornCleat":4,"Burning Blood":0},{"Potion Belt":21,"HornCleat":21,"Burning Blood":0}],"Burning Blood":24},"card_choices":[{"not_picked":["Uppercut","True Grit","Cleave"],"picked":"SKIP","floor":1},{"not_picked":["Perfected Strike","Heavy Blade","Flame Barrier"],"picked":"SKIP","floor":2},{"not_picked":["Sword Boomerang","Sentinel"],"picked":"Evolve","floor":4},{"not_picked":["Body Slam","Twin Strike"],"picked":"Inflame","floor":7}],"player_experience":990123,"relics_obtained":[{"floor":7,"key":"HornCleat"},{"floor":9,"key":"Potion Belt"}],"event_choices":[{"cards_removed":["Strike_R"],"damage_healed":0,"gold_gain":0,"player_choice":"Offered Basic","damage_taken":0,"max_hp_gain":0,"max_hp_loss":0,"event_name":"Bonfire Elementals","floor":3,"gold_loss":0}],"is_beta":false,"boss_relics":[],"items_purged_floors":[],"is_endless":false,"potions_floor_spawned":[1],"killed_by":"Gremlin Nob","ascension_level":20}}