{"host":"igj4vwc42ivwqexo","time":1609755340,"event":{"mods":["BaseMod","Better Third Choice","Koishi","Marisa????????","Minty Spire (QoL Compilation)","Shop Mod","StSLib","The Blue Laboratory","The Disciple","The Hierophant","The Servant 0.9.4"],"gold_per_floor":[114,128,142,161,161,161,192,192,244,278,278,292,292,344,344,440,440,453,470,484,502,502,502,502,530,556,572,572,600,600,616,616,720,720,739,201,218,0,16,16,16,47,93,93,119,134,167,217,217,217],"floor_reached":51,"playtime":5565,"items_purged":["Dualcast"],"score":1263,"play_id":"c38d1b7b-7f47-4732-a14d-ce21f4729b0b","local_time":"20210104111540","is_ascension_mode":true,"campfire_choices":[{"data":"Chaos","floor":6,"key":"SMITH"},{"data":"White Noise","floor":8,"key":"SMITH"},{"floor":11,"key":"REST"},{"data":"Zap","floor":13,"key":"SMITH"},{"data":"Genetic Algorithm","floor":15,"key":"SMITH"},{"data":"Buffer","floor":23,"key":"SMITH"},{"data":"Buffer","floor":28,"key":"SMITH"},{"data":"Fission","floor":32,"key":"SMITH"},{"data":"Defragment","floor":40,"key":"SMITH"},{"data":"Seek","floor":49,"key":"SMITH"}],"circlet_count":0,"master_deck":["Zap+1","Conserve Battery","Chaos+1","Steam Power","White Noise+1","Cold Snap","Capacitor","Genetic Algorithm+1","Thunder Strike","Buffer+1","Buffer+1","Creative AI","FTL","Seek+1","Electrodynamics","Hello World","Stack+1","Rainbow","Genetic Algorithm+1","Fission+1","Lockon","Biased Cognition","Defragment+1","Reboot","Undo","Coolheaded+1","Finesse","FTL+1","Heatsinks+1"],"relics":["Cracked Core","Mummified Hand","Orichalcum","PreservedInsect","Pen Nib","Pandora\u0027s Box","MutagenicStrength","DataDisk","Akabeko","HornCleat","Smiling Mask","Black Star","Cables","Red Mask","Strawberry","Bottled Lightning","Oddly Smooth Stone","Bird Faced Urn","Ornamental Fan","Frozen Egg 2","Bottled Tornado","FossilizedHelix"],"acts_visited":["Exordium","TheCity","TheBeyond"],"potions_floor_usage":[7,10,16],"damage_taken":[{"damage":0,"enemies":"Cultist","floor":1,"turns":4},{"damage":2,"enemies":"Jaw Worm","floor":2,"turns":6},{"damage":0,"enemies":"Small Slimes","floor":3,"turns":3},{"damage":8,"enemies":"2 Fungi Beasts","floor":4,"turns":3},{"damage":48,"enemies":"3 Sentries","floor":7,"turns":7},{"damage":13,"enemies":"Lagavulin","floor":10,"turns":6},{"damage":8,"enemies":"Large Slime","floor":12,"turns":6},{"damage":0,"enemies":"The Guardian","floor":16,"turns":10},{"damage":11,"enemies":"Spheric Guardian","floor":18,"turns":4},{"damage":0,"enemies":"Chosen","floor":19,"turns":4},{"damage":2,"enemies":"Centurion and Healer","floor":20,"turns":4},{"damage":0,"enemies":"Snake Plant","floor":21,"turns":4},{"damage":9,"enemies":"Slavers","floor":25,"turns":3},{"damage":6,"enemies":"Shelled Parasite and Fungi","floor":27,"turns":5},{"damage":0,"enemies":"Book of Stabbing","floor":29,"turns":3},{"damage":0,"enemies":"Centurion and Healer","floor":31,"turns":3},{"damage":0,"enemies":"Champ","floor":33,"turns":6},{"damage":17,"enemies":"3 Darklings","floor":35,"turns":4},{"damage":0,"enemies":"3 Shapes","floor":37,"turns":2},{"damage":1,"enemies":"Sphere and 2 Shapes","floor":39,"turns":4},{"damage":0,"enemies":"Giant Head","floor":42,"turns":5},{"damage":0,"enemies":"Reptomancer","floor":45,"turns":4},{"damage":0,"enemies":"3 Darklings","floor":46,"turns":3},{"damage":6,"enemies":"Nemesis","floor":47,"turns":5},{"damage":0,"enemies":"Mind Bloom Boss Battle","floor":48,"turns":4},{"damage":0,"enemies":"Time Eater","floor":50,"turns":9}],"seed_played":"2047012338066241339","potions_obtained":[{"floor":4,"key":"blueLaboratory:RememoryPotion"},{"floor":7,"key":"Ancient Potion"},{"floor":12,"key":"blueLaboratory:ImpenetrablePotion"},{"floor":19,"key":"blueLaboratory:HeartbeatPotion"},{"floor":20,"key":"FairyPotion"},{"floor":25,"key":"blueLaboratory:PolymorphPotion"},{"floor":35,"key":"blueLaboratory:LouseDecoction"},{"floor":39,"key":"blueLaboratory:FruitPunch"},{"floor":42,"key":"blueLaboratory:HummingbirdPotion"},{"floor":47,"key":"PowerPotion"}],"is_trial":false,"path_per_floor":["M","M","M","M","?","R","E","R","T","E","R","M","R","T","R","B",null,"M","M","M","M","?","R","?","E","T","M","R","E","?","M","R","B",null,"M","$","M","?","M","R","?","E","T","?","E","M","E","?","R","B",null],"character_chosen":"DEFECT","items_purchased":["Cables","Defragment","Reboot"],"campfire_rested":1,"item_purchase_floors":[36,36,36],"current_hp_per_floor":[82,80,80,72,65,65,17,17,17,4,28,20,20,20,20,20,67,56,56,54,54,54,54,54,45,45,39,39,39,39,39,39,39,71,54,54,54,54,53,53,53,60,60,60,60,72,89,89,89,89],"gold":217,"neow_bonus":"TEN_PERCENT_HP_BONUS","is_daily":false,"chose_seed":false,"campfire_upgraded":9,"win_rate":0.0,"timestamp":1609755340,"path_taken":["M","M","M","M","?","R","E","R","T","E","R","M","R","?","R","BOSS","M","M","M","M","?","R","?","E","T","M","R","E","?","M","R","BOSS","M","$","M","?","M","R","?","E","T","?","E","M","E","?","R","BOSS"],"items_purchased_type":["Relic","Card","Card"],"build_version":"2020-12-22","purchased_purges":1,"victory":true,"max_hp_per_floor":[82,82,82,82,82,82,82,82,82,82,82,82,82,82,82,82,82,82,82,82,82,82,82,82,82,82,82,82,82,82,82,82,82,82,82,82,82,82,82,82,82,89,89,89,89,89,89,89,89,89],"card_choices":[{"not_picked":["Stack","Sweeping Beam"],"picked":"Conserve Battery","floor":1},{"not_picked":["Consume","Streamline"],"picked":"Chaos","floor":2},{"not_picked":["Streamline","Redo"],"picked":"Steam Power","floor":3},{"not_picked":["Reinforced Body","Chill"],"picked":"White Noise","floor":4},{"not_picked":["Hologram","Melter"],"picked":"Cold Snap","floor":7},{"not_picked":["Meteor Strike","Blizzard"],"picked":"Capacitor","floor":10},{"not_picked":["Gash","Sweeping Beam"],"picked":"Genetic Algorithm","floor":12},{"not_picked":["Core Surge","Amplify"],"picked":"Thunder Strike","floor":16},{"not_picked":["Stack","Sweeping Beam+1"],"picked":"Hello World","floor":18},{"not_picked":["Go for the Eyes+1","Hologram"],"picked":"Stack+1","floor":19},{"not_picked":["Glacier","Hologram+1"],"picked":"Rainbow","floor":20},{"not_picked":["Beam Cell","Streamline"],"picked":"Genetic Algorithm+1","floor":21},{"not_picked":["Hologram+1","Steam","Sunder+1"],"picked":"SKIP","floor":25},{"not_picked":["Compile Driver","Go for the Eyes","Undo"],"picked":"SKIP","floor":27},{"not_picked":["BootSequence","Redo+1"],"picked":"Fission","floor":29},{"not_picked":["Go for the Eyes+1","Steam+1"],"picked":"Lockon","floor":31},{"not_picked":["Core Surge","Echo Form"],"picked":"Biased Cognition","floor":33},{"not_picked":["Steam+1","Beam Cell+1","Leap"],"picked":"SKIP","floor":35},{"not_picked":["Turbo+1","Creative AI"],"picked":"Undo","floor":37},{"not_picked":["Sweeping Beam","Cold Snap+1"],"picked":"Coolheaded+1","floor":39},{"not_picked":["Flash of Steel","Panacea"],"picked":"Finesse","floor":41},{"not_picked":["Redo","Go for the Eyes+1","Beam Cell"],"picked":"SKIP","floor":42},{"not_picked":["Genetic Algorithm","Beam Cell","Redo+1"],"picked":"SKIP","floor":45},{"not_picked":["Multi-Cast","Lockon+1"],"picked":"FTL+1","floor":46},{"not_picked":["Conserve Battery+1","Aggregate"],"picked":"Heatsinks+1","floor":47}],"player_experience":318433,"relics_obtained":[{"floor":7,"key":"Mummified Hand"},{"floor":9,"key":"Orichalcum"},{"floor":10,"key":"PreservedInsect"},{"floor":14,"key":"Pen Nib"},{"floor":25,"key":"DataDisk"},{"floor":26,"key":"Akabeko"},{"floor":29,"key":"HornCleat"},{"floor":42,"key":"Strawberry"},{"floor":42,"key":"Bottled Lightning"},{"floor":43,"key":"Oddly Smooth Stone"},{"floor":45,"key":"Bird Faced Urn"},{"floor":45,"key":"Ornamental Fan"},{"floor":47,"key":"Frozen Egg 2"},{"floor":47,"key":"Bottled Tornado"},{"floor":48,"key":"FossilizedHelix"}],"event_choices":[{"cards_removed":["Strike_B"],"damage_healed":0,"gold_gain":0,"player_choice":"Card Removal","damage_taken":7,"max_hp_gain":0,"max_hp_loss":0,"event_name":"Golden Wing","floor":5,"gold_loss":0},{"damage_healed":0,"gold_gain":0,"player_choice":"Ignored","damage_taken":0,"max_hp_gain":0,"max_hp_loss":0,"event_name":"Ghosts","floor":22,"gold_loss":0},{"damage_healed":0,"gold_gain":0,"player_choice":"Inject Mutagens","damage_taken":0,"relics_obtained":["MutagenicStrength"],"max_hp_gain":0,"max_hp_loss":0,"event_name":"Drug Dealer","floor":24,"gold_loss":0},{"damage_healed":0,"gold_gain":0,"player_choice":"Opened","damage_taken":0,"relics_obtained":["Smiling Mask"],"max_hp_gain":0,"max_hp_loss":0,"event_name":"The Mausoleum","floor":30,"gold_loss":0},{"damage_healed":0,"gold_gain":0,"player_choice":"Paid","damage_taken":0,"relics_obtained":["Red Mask"],"max_hp_gain":0,"max_hp_loss":0,"event_name":"Tomb of Lord Red Mask","floor":38,"gold_loss":218},{"damage_healed":0,"gold_gain":0,"player_choice":"Memory 1","damage_taken":0,"max_hp_gain":0,"max_hp_loss":0,"event_name":"SensoryStone","floor":41,"gold_loss":0},{"cards_removed":["Core Surge"],"damage_healed":0,"gold_gain":0,"player_choice":"Removed Attack","damage_taken":0,"max_hp_gain":0,"max_hp_loss":0,"event_name":"Falling","floor":44,"gold_loss":0},{"damage_healed":0,"gold_gain":0,"player_choice":"Fight","damage_taken":0,"max_hp_gain":0,"max_hp_loss":0,"event_name":"MindBloom","floor":48,"gold_loss":0}],"is_beta":false,"boss_relics":[{"not_picked":["Astrolabe","Cursed Key"],"picked":"Pandora\u0027s Box"},{"not_picked":["Velvet Choker","Empty Cage"],"picked":"Black Star"}],"items_purged_floors":[36],"is_endless":false,"potions_floor_spawned":[4,7,12,19,20,25,27,35,39,42,46,47,48],"ascension_level":5}}