{"host":"Troy","time":1609774700,"event":{"mods":["BaseMod","Colored Map","Highlight Path","Minty Spire (QoL Compilation)","Permanent Neow"],"gold_per_floor":[114,114,124,124,138,138,170,170,195,229,248,275,295,51,51,122,122,141,159,178,178,178,178,204,204,228,228,328,22,57,75,75,152,152,164,164,189,189,241,275,275,70,139,169,187,205,236,247,247,247,247],"floor_reached":50,"playtime":7440,"items_purged":["Strike_G","Defend_G","Strike_G"],"score":1601,"play_id":"dbc4e738-1c33-4cac-afe9-5f8108d0d4eb","local_time":"20210104103820","is_ascension_mode":true,"campfire_choices":[{"data":"Apotheosis","floor":6.0,"key":"SMITH"},{"data":"Footwork","floor":8.0,"key":"SMITH"},{"data":"Well Laid Plans","floor":15.0,"key":"SMITH"},{"data":"Ghostly","floor":23.0,"key":"SMITH"},{"floor":25.0,"key":"REST"},{"data":"Night Terror","floor":32.0,"key":"SMITH"},{"floor":49.0,"key":"RECALL"}],"circlet_count":0,"master_deck":["AscendersBane","Strike_G","Defend_G","Defend_G","Defend_G","Defend_G","Survivor","Neutralize","Apotheosis+1","Dagger Spray","Footwork+1","Caltrops","Sucker Punch","All Out Attack","Noxious Fumes","Well Laid Plans+1","Cloak And Dagger","Storm of Steel","Crippling Poison","Backflip","Ghostly+1","Ghostly","Ghostly","Footwork","Night Terror+1","Master of Strategy","Bullet Time","Night Terror","CurseOfTheBell","Setup+1","Tactician+1","Reflex+1","Corpse Explosion+1","Blind+1","Catalyst+1","Catalyst+1","Crippling Poison+1","Acrobatics+1","Burst+1"],"relics":["Ring of the Serpent","FaceOfCleric","Ancient Tea Set","Lantern","White Beast Statue","Calipers","OrangePellets","Thread and Needle","Happy Flower","Question Card","Gambling Chip","Matryoshka","Dream Catcher","Calling Bell","Vajra","Toxic Egg 2","Bird Faced Urn","TungstenRod","Peace Pipe","Letter Opener","Bronze Scales","Boot","Torii"],"acts_visited":["Exordium","TheCity","TheBeyond"],"potions_floor_usage":[50],"damage_taken":[{"damage":0.0,"enemies":"Cultist","floor":1.0,"turns":4.0},{"damage":1.0,"enemies":"Jaw Worm","floor":3.0,"turns":6.0},{"damage":0.0,"enemies":"Small Slimes","floor":5.0,"turns":4.0},{"damage":0.0,"enemies":"Lagavulin","floor":7.0,"turns":10.0},{"damage":14.0,"enemies":"3 Sentries","floor":10.0,"turns":6.0},{"damage":1.0,"enemies":"2 Fungi Beasts","floor":11.0,"turns":2.0},{"damage":20.0,"enemies":"Lagavulin","floor":12.0,"turns":8.0},{"damage":1.0,"enemies":"Large Slime","floor":13.0,"turns":5.0},{"damage":2.0,"enemies":"Hexaghost","floor":16.0,"turns":9.0},{"damage":2.0,"enemies":"Chosen","floor":18.0,"turns":4.0},{"damage":15.0,"enemies":"Shell Parasite","floor":19.0,"turns":5.0},{"damage":5.0,"enemies":"Centurion and Healer","floor":20.0,"turns":6.0},{"damage":5.0,"enemies":"Snake Plant","floor":21.0,"turns":4.0},{"damage":22.0,"enemies":"Book of Stabbing","floor":24.0,"turns":8.0},{"damage":0.0,"enemies":"Colosseum Slavers","floor":28.0,"turns":4.0},{"damage":0.0,"enemies":"Colosseum Nobs","floor":28.0,"turns":6.0},{"damage":0.0,"enemies":"Gremlin Leader","floor":30.0,"turns":9.0},{"damage":0.0,"enemies":"Sentry and Sphere","floor":31.0,"turns":6.0},{"damage":0.0,"enemies":"Automaton","floor":33.0,"turns":12.0},{"damage":0.0,"enemies":"3 Shapes","floor":35.0,"turns":5.0},{"damage":0.0,"enemies":"Mind Bloom Boss Battle","floor":37.0,"turns":9.0},{"damage":0.0,"enemies":"2 Orb Walkers","floor":39.0,"turns":11.0},{"damage":0.0,"enemies":"Reptomancer","floor":40.0,"turns":11.0},{"damage":0.0,"enemies":"Giant Head","floor":44.0,"turns":9.0},{"damage":0.0,"enemies":"3 Darklings","floor":45.0,"turns":2.0},{"damage":22.0,"enemies":"Transient","floor":46.0,"turns":5.0},{"damage":0.0,"enemies":"Reptomancer","floor":47.0,"turns":6.0},{"damage":0.0,"enemies":"Maw","floor":48.0,"turns":4.0},{"damage":52,"enemies":"Awakened One","floor":50,"turns":3}],"seed_played":"5939901763849308806","potions_obtained":[{"floor":1.0,"key":"LiquidMemories"},{"floor":3.0,"key":"PowerPotion"},{"floor":11.0,"key":"DuplicationPotion"},{"floor":12.0,"key":"BlessingOfTheForge"},{"floor":13.0,"key":"SkillPotion"},{"floor":16.0,"key":"DistilledChaos"},{"floor":18.0,"key":"Dexterity Potion"},{"floor":19.0,"key":"BlessingOfTheForge"},{"floor":20.0,"key":"SmokeBomb"},{"floor":24.0,"key":"SpeedPotion"},{"floor":28.0,"key":"EssenceOfSteel"},{"floor":30.0,"key":"Weak Potion"},{"floor":31.0,"key":"Ancient Potion"},{"floor":35.0,"key":"DistilledChaos"},{"floor":39.0,"key":"PowerPotion"},{"floor":40.0,"key":"Strength Potion"},{"floor":44.0,"key":"PowerPotion"},{"floor":46.0,"key":"Regen Potion"},{"floor":47.0,"key":"Dexterity Potion"}],"is_trial":false,"path_per_floor":["M","?","M","?","M","R","E","R","T","E","M","E","M","$","R","B",null,"M","M","M","M","?","R","E","R","T","T","?","$","E","M","R","B",null,"M","?","?","?","?","E","?","$","T","E","M","M","E","M","R","B"],"character_chosen":"THE_SILENT","items_purchased":["OrangePellets","Master of Strategy","Catalyst+1"],"campfire_rested":1,"item_purchase_floors":[14,29,42],"current_hp_per_floor":[59,59,59,59,60,60,61,61,61,48,48,29,29,29,29,28,58,57,43,39,35,35,35,14,25,25,25,27,27,28,29,29,30,39,43,43,44,44,45,46,46,46,46,47,48,33,50,51,51,0,0],"gold":247,"neow_bonus":"RANDOM_COLORLESS_2","is_daily":false,"chose_seed":false,"campfire_upgraded":5,"win_rate":0.0,"timestamp":1609774700,"path_taken":["M","?","?","?","M","R","E","R","T","E","M","E","M","$","R","BOSS","M","M","?","M","?","R","E","R","T","?","?","$","E","M","R","BOSS","M","?","?","?","?","E","?","?","T","E","M","M","E","?","R","BOSS"],"items_purchased_type":["Relic","Card","Card"],"build_version":"2020-12-18","purchased_purges":3,"victory":false,"max_hp_per_floor":[60,60,61,61,62,62,63,63,63,64,65,66,67,67,67,68,68,69,70,71,72,36,36,37,37,37,37,39,39,40,41,41,42,42,43,43,44,44,45,46,46,46,46,47,48,49,50,51,51,51,51],"card_choices":[{"not_picked":["Chrysalis","HandOfGreed"],"picked":"Apotheosis","floor":0.0},{"not_picked":["Finisher","Cloak And Dagger"],"picked":"Dagger Spray","floor":1.0},{"not_picked":["Cloak And Dagger","Concentrate"],"picked":"Footwork","floor":3.0},{"not_picked":["Acrobatics","Quick Slash"],"picked":"Caltrops","floor":5.0},{"not_picked":["Deflect","Distraction"],"picked":"Sucker Punch","floor":7.0},{"not_picked":["Predator","PiercingWail"],"picked":"All Out Attack","floor":10.0},{"not_picked":["Night Terror","Blade Dance"],"picked":"Noxious Fumes","floor":11.0},{"not_picked":["Eviscerate","Noxious Fumes"],"picked":"Well Laid Plans","floor":12.0},{"not_picked":["Sucker Punch","All Out Attack"],"picked":"Cloak And Dagger","floor":13.0},{"not_picked":["Unload","Envenom"],"picked":"Storm of Steel","floor":16.0},{"not_picked":["Sucker Punch+1","Finisher"],"picked":"Crippling Poison","floor":18.0},{"not_picked":["Cloak And Dagger","Escape Plan"],"picked":"Backflip","floor":19.0},{"not_picked":["Prepared","Dagger Spray","Well Laid Plans"],"picked":"SKIP","floor":20.0},{"not_picked":["PiercingWail","Escape Plan"],"picked":"Footwork","floor":24.0},{"not_picked":["Poisoned Stab","Catalyst","Dodge and Roll"],"picked":"Night Terror","floor":28.0},{"not_picked":["Finisher","Setup","Escape Plan","Poisoned Stab"],"picked":"SKIP","floor":30.0},{"not_picked":["Dagger Spray","Skewer","PiercingWail"],"picked":"Bullet Time","floor":31.0},{"not_picked":["A Thousand Cuts","Venomology","After Image"],"picked":"Night Terror","floor":33.0},{"not_picked":["Outmaneuver+1","Leg Sweep+1","Sucker Punch+1"],"picked":"Setup+1","floor":35.0},{"not_picked":["Flechettes","PiercingWail+1","Slice"],"picked":"Tactician+1","floor":37.0},{"not_picked":["All Out Attack+1","Dagger Spray","Expertise+1"],"picked":"Reflex+1","floor":39.0},{"not_picked":["Blur+1","Slice","Crippling Poison+1"],"picked":"Corpse Explosion+1","floor":40.0},{"not_picked":["Thinking Ahead+1","Bandage Up+1","Forethought+1"],"picked":"Blind+1","floor":41.0},{"not_picked":["Acrobatics+1","Dodge and Roll+1","Dagger Throw"],"picked":"Catalyst+1","floor":44.0},{"not_picked":["Well Laid Plans","Finisher","Blade Dance+1"],"picked":"Crippling Poison+1","floor":45.0},{"not_picked":["Reflex+1","Blade Dance+1","Quick Slash"],"picked":"Acrobatics+1","floor":46.0},{"not_picked":["Finisher","Night Terror+1","Predator+1"],"picked":"Burst+1","floor":47.0},{"not_picked":["Quick Slash+1","Poisoned Stab","Dash","Outmaneuver+1"],"picked":"SKIP","floor":48.0}],"player_experience":4050742,"relics_obtained":[{"floor":7.0,"key":"Ancient Tea Set"},{"floor":9.0,"key":"Lantern"},{"floor":10.0,"key":"White Beast Statue"},{"floor":12.0,"key":"Calipers"},{"floor":24.0,"key":"Thread and Needle"},{"floor":26.0,"key":"Happy Flower"},{"floor":27.0,"key":"Question Card"},{"floor":28.0,"key":"Gambling Chip"},{"floor":28.0,"key":"Matryoshka"},{"floor":30.0,"key":"Dream Catcher"},{"floor":34.0,"key":"Vajra"},{"floor":34.0,"key":"Toxic Egg 2"},{"floor":34.0,"key":"Bird Faced Urn"},{"floor":37.0,"key":"TungstenRod"},{"floor":39.0,"key":"Peace Pipe"},{"floor":40.0,"key":"Letter Opener"},{"floor":43.0,"key":"Bronze Scales"},{"floor":44.0,"key":"Boot"},{"floor":47.0,"key":"Torii"}],"event_choices":[{"damage_healed":0.0,"max_hp_gain":0.0,"max_hp_loss":0.0,"gold_gain":0.0,"event_name":"FaceTrader","player_choice":"Trade","floor":2.0,"gold_loss":0.0,"damage_taken":0.0,"relics_obtained":["FaceOfCleric"]},{"cards_removed":["Strike_G"],"damage_healed":0.0,"max_hp_gain":0.0,"max_hp_loss":0.0,"gold_gain":0.0,"event_name":"Purifier","player_choice":"Purged","floor":4.0,"gold_loss":0.0,"damage_taken":0.0},{"damage_healed":0.0,"max_hp_gain":0.0,"max_hp_loss":36.0,"gold_gain":0.0,"event_name":"Ghosts","player_choice":"Became a Ghost","floor":22.0,"gold_loss":0.0,"damage_taken":0.0,"cards_obtained":["Ghostly","Ghostly","Ghostly"]},{"damage_healed":0.0,"max_hp_gain":0.0,"max_hp_loss":0.0,"gold_gain":0.0,"event_name":"Colosseum","player_choice":"Fight","floor":28.0,"gold_loss":0.0,"damage_taken":0.0},{"damage_healed":0.0,"max_hp_gain":0.0,"max_hp_loss":0.0,"gold_gain":0.0,"event_name":"Colosseum","player_choice":"Fought Nobs","floor":28.0,"gold_loss":0.0,"damage_taken":0.0},{"cards_removed":["Strike_G"],"damage_healed":0.0,"max_hp_gain":0.0,"max_hp_loss":0.0,"gold_gain":0.0,"event_name":"Falling","player_choice":"Removed Attack","floor":36.0,"gold_loss":0.0,"damage_taken":0.0},{"damage_healed":0.0,"max_hp_gain":0.0,"max_hp_loss":0.0,"gold_gain":0.0,"event_name":"MindBloom","player_choice":"Fight","floor":37.0,"gold_loss":0.0,"damage_taken":0.0},{"damage_healed":0.0,"max_hp_gain":0.0,"max_hp_loss":0.0,"gold_gain":0.0,"event_name":"Tomb of Lord Red Mask","player_choice":"Ignored","floor":38.0,"gold_loss":0.0,"damage_taken":0.0},{"damage_healed":0.0,"max_hp_gain":0.0,"max_hp_loss":0.0,"gold_gain":0.0,"event_name":"Mysterious Sphere","player_choice":"Fight","floor":39.0,"gold_loss":0.0,"damage_taken":0.0},{"damage_healed":0.0,"max_hp_gain":0.0,"max_hp_loss":0.0,"gold_gain":0.0,"event_name":"SensoryStone","player_choice":"Memory 1","floor":41.0,"gold_loss":0.0,"damage_taken":0.0}],"is_beta":true,"boss_relics":[{"not_picked":["Empty Cage","Sozu"],"picked":"Ring of the Serpent"},{"not_picked":["Tiny House","SacredBark"],"picked":"Calling Bell"}],"items_purged_floors":[14,29,42],"is_endless":false,"potions_floor_spawned":[1,3,11,12,13,16,18,19,20,21,24,28,28,30,31,33,35,37,39,40,44,45,46,47,48],"killed_by":"Awakened One","ascension_level":20}}