{"host":"7gewg82ormp6yt4e","time":1609765563,"event":{"mods":["BaseMod","Block Reminder","Colored Map","Colored Powertips","DeckTracker","Highlight Path","Minty Spire (QoL Compilation)","Relic Stats","StSLib","ojb\u0027s Info Mod"],"gold_per_floor":[19,38,38,48,198,198,228,228,228,228,241,272,55,65,65,142,142,158,158,158,72,83,83,83],"floor_reached":23,"playtime":1035,"items_purged":["Doubt"],"score":398,"play_id":"2cc7791e-c809-4979-bf47-716daa85d71a","local_time":"20210104220603","is_ascension_mode":true,"campfire_choices":[{"data":"Sunder","floor":6,"key":"SMITH"},{"floor":10,"key":"REST"},{"data":"Reprogram","floor":15,"key":"SMITH"}],"circlet_count":0,"master_deck":["AscendersBane","Strike_B","Strike_B","Defend_B","Defend_B","Defend_B","Zap","Dualcast","Melter","Lockon","Sunder+1","Doom and Gloom","Reinforced Body","Reprogram+1","Go for the Eyes","Beam Cell","Creative AI","Seek","J.A.X.","Self Repair","Go for the Eyes+1"],"relics":["Cracked Core","StrikeDummy","Pantograph","TungstenRod","Fusion Hammer","Enchiridion"],"acts_visited":["Exordium","TheCity"],"potions_floor_usage":[12,16,22,23,23],"damage_taken":[{"damage":4,"enemies":"Jaw Worm","floor":1,"turns":3},{"damage":3,"enemies":"Small Slimes","floor":2,"turns":3},{"damage":0,"enemies":"2 Louse","floor":4,"turns":1},{"damage":25,"enemies":"3 Sentries","floor":7,"turns":7},{"damage":1,"enemies":"Exordium Thugs","floor":11,"turns":3},{"damage":11,"enemies":"Gremlin Nob","floor":12,"turns":3},{"damage":3,"enemies":"3 Louse","floor":14,"turns":2},{"damage":34,"enemies":"The Guardian","floor":16,"turns":12},{"damage":10,"enemies":"2 Thieves","floor":18,"turns":4},{"damage":3,"enemies":"Spheric Guardian","floor":22,"turns":3},{"damage":59,"enemies":"Gremlin Leader","floor":23,"turns":5}],"seed_played":"4329760391039013033","potions_obtained":[{"floor":1,"key":"FocusPotion"},{"floor":12,"key":"AttackPotion"},{"floor":14,"key":"FocusPotion"},{"floor":16,"key":"Regen Potion"},{"floor":22,"key":"BlessingOfTheForge"}],"is_trial":false,"path_per_floor":["M","M","?","M","?","R","E","?","T","R","M","E","$","M","R","B",null,"M","?","?","$","M","E"],"character_chosen":"DEFECT","items_purchased":["Beam Cell","Creative AI","Self Repair"],"campfire_rested":1,"item_purchase_floors":[13,13,21],"current_hp_per_floor":[60,57,50,50,50,50,25,30,30,52,51,40,40,37,37,28,64,54,37,37,37,46,0,0],"gold":83,"neow_bonus":"TRANSFORM_TWO_CARDS","is_daily":false,"chose_seed":false,"campfire_upgraded":2,"win_rate":0.0,"timestamp":1609765563,"path_taken":["M","M","?","M","?","R","E","?","T","R","M","E","$","M","R","BOSS","M","?","?","$","M","E"],"items_purchased_type":["Card","Card","Card"],"build_version":"2020-12-22","purchased_purges":1,"victory":false,"max_hp_per_floor":[71,71,71,71,71,71,71,76,76,76,76,76,76,76,76,76,76,76,76,76,76,76,76,76],"relic_stats":{"counters":[11,46],"Pantograph":25,"obtain_stats":[{"Pantograph":9,"Enchiridion":19,"Fusion Hammer":17,"Cracked Core":0,"StrikeDummy":7,"TungstenRod":12},{"Pantograph":4,"Enchiridion":9,"Fusion Hammer":8,"Cracked Core":0,"StrikeDummy":4,"TungstenRod":6},{"Pantograph":14,"Enchiridion":38,"Fusion Hammer":34,"Cracked Core":0,"StrikeDummy":14,"TungstenRod":20}],"TungstenRod":21},"card_choices":[{"not_picked":["Blizzard","Leap"],"picked":"Sunder","floor":1},{"not_picked":["Storm","Loop","Hologram"],"picked":"SKIP","floor":2},{"not_picked":["Beam Cell","Turbo"],"picked":"Doom and Gloom","floor":4},{"not_picked":["FTL","Genetic Algorithm"],"picked":"Reinforced Body","floor":7},{"not_picked":["Stack","Sweeping Beam"],"picked":"Reprogram","floor":11},{"not_picked":["Ball Lightning","BootSequence"],"picked":"Go for the Eyes","floor":12},{"not_picked":["Turbo","Tempest","Streamline"],"picked":"SKIP","floor":14},{"not_picked":["Core Surge","Fission"],"picked":"Seek","floor":16},{"not_picked":["Redo+1","Coolheaded","Cold Snap"],"picked":"SKIP","floor":18},{"not_picked":["Scrape","Defragment"],"picked":"Go for the Eyes+1","floor":22}],"player_experience":2458720,"relics_obtained":[{"floor":7,"key":"StrikeDummy"},{"floor":9,"key":"Pantograph"},{"floor":12,"key":"TungstenRod"},{"floor":19,"key":"Enchiridion"}],"event_choices":[{"cards_removed":["Strike_B"],"damage_healed":0,"gold_gain":0,"player_choice":"Card Removal","damage_taken":7,"max_hp_gain":0,"max_hp_loss":0,"event_name":"Golden Wing","floor":3,"gold_loss":0},{"damage_healed":0,"gold_gain":150,"player_choice":"AGREE","damage_taken":0,"max_hp_gain":0,"max_hp_loss":0,"event_name":"Liars Game","floor":5,"gold_loss":0,"cards_obtained":["Doubt"]},{"damage_healed":0,"gold_gain":0,"player_choice":"Donut","damage_taken":0,"max_hp_gain":5,"max_hp_loss":0,"event_name":"Big Fish","floor":8,"gold_loss":0},{"damage_healed":0,"gold_gain":0,"player_choice":"Obtained Book","damage_taken":21,"max_hp_gain":0,"max_hp_loss":0,"event_name":"Cursed Tome","floor":19,"gold_loss":0},{"damage_healed":0,"gold_gain":0,"player_choice":"Obtain J.A.X.","damage_taken":0,"max_hp_gain":0,"max_hp_loss":0,"event_name":"Drug Dealer","floor":20,"gold_loss":0,"cards_obtained":["J.A.X."]}],"is_beta":false,"boss_relics":[{"not_picked":["SlaversCollar","Astrolabe"],"picked":"Fusion Hammer"}],"items_purged_floors":[13],"is_endless":false,"potions_floor_spawned":[1,12,14,16,22],"killed_by":"Gremlin Leader","ascension_level":20}}