{"host":"56zsulyrl9swch1d","time":1609794356,"event":{"mods":["AchievementEnabler","Aspiration","BaseMod","BetterRewards","Card Forge","Colored Map","Colored Powertips","Conspire","Custom Start","Evolution","GifTheSpireLib","Hubris","Infinite Spire","Lobotomy","Mimic Mod","Minty Spire (QoL Compilation)","Permanent Neow","Replay The Spire","Shop Mod","StSLib","Stuff the Spire","Unceasing Turn Reminder","Wandering Minibosses","vexMod"],"gold_per_floor":[113,113,63,63,63,89,103,128,128,128,35,55,85,117,129,244,256,285,308,336,348,372,384,396,408,420,455,455,480,480,506,506,506,506,543,555,515,525,286,316,316,316,354,654,654,777,805,824,824,923,923,923],"floor_reached":51,"playtime":4812,"items_purged":["Defend_R","Defend_R","Defend_R"],"score":902,"play_id":"076f7b22-b46e-447c-8910-40e14a13469d","local_time":"20210104220556","is_ascension_mode":true,"campfire_choices":[{"floor":10,"key":"REST"},{"data":"Bash","floor":15,"key":"SMITH"},{"data":"infinitespire:SevenWalls","floor":23,"key":"SMITH"},{"data":"infinitespire:Gouge","floor":25,"key":"SMITH"},{"floor":32,"key":"RECALL"},{"data":"Replay:Undeath\u0027s Touch","floor":41,"key":"SMITH"},{"floor":45,"key":"REST"},{"data":"ReplayTheSpireMod:Echoes of Time","floor":49,"key":"SMITH"}],"circlet_count":0,"master_deck":["Strike_R","Strike_R","Strike_R","Strike_R","Strike_R","Bash+1","Clash","Perfected Strike+1","Second Wind","Clash+1","ReplayTheSpireMod:LeadingStrike+1","Replay:Undeath\u0027s Touch+1","Clash","Swift Strike","Clash","Double Tap+1","Anger","Pommel Strike","infinitespire:SevenWalls+1","infinitespire:Gouge+1","infinitespire:SevenWalls+1","Seeing Red+1","Cleave","Searing Blow","Bludgeon","ReplayTheSpireMod:Echoes of Time+1","ReplayTheSpireMod:LeadingStrike+1"],"relics":["Burning Blood","Hammer of Thor","Seething Fire","Anvil of the Gods","EVO:Axolotl","MerchantsRug","hubris:Towel","hubris:DisguiseKit","Pantograph","aspiration:HatOfInfinitePower","MawBank","aspiration:PoetsPen_weak","aspiration:KMNothing","aspiration:KMNothing","aspiration:KMNothing","aspiration:KMNothing","hubris:KleinBottle"],"acts_visited":["Exordium","TheCity","TheBeyond","Exordium"],"potions_floor_usage":[],"damage_taken":[{"damage":1,"enemies":"Jaw Worm","floor":1,"turns":2},{"damage":26,"enemies":"Lagavulin","floor":6,"turns":5},{"damage":0,"enemies":"Small Slimes","floor":7,"turns":2},{"damage":14,"enemies":"Gremlin Nob","floor":8,"turns":3},{"damage":6,"enemies":"conspire:RoseBush","floor":12,"turns":1},{"damage":8,"enemies":"Replay:BlueRogue","floor":13,"turns":3},{"damage":0,"enemies":"Large Slime","floor":14,"turns":2},{"damage":0,"enemies":"Slime Boss","floor":16,"turns":3},{"damage":0,"enemies":"3 Byrds","floor":18,"turns":3},{"damage":5,"enemies":"2 Thieves","floor":19,"turns":2},{"damage":16,"enemies":"Snake Plant","floor":20,"turns":2},{"damage":5,"enemies":"3 Cultists","floor":22,"turns":3},{"damage":16,"enemies":"Gremlin Leader","floor":29,"turns":3},{"damage":0,"enemies":"Replay:Snechameleon","floor":31,"turns":2},{"damage":9,"enemies":"conspire:MysteriousRune","floor":33,"turns":3},{"damage":8,"enemies":"3 Darklings","floor":35,"turns":4},{"damage":0,"enemies":"3 Shapes","floor":36,"turns":2},{"damage":0,"enemies":"Jaw Worm Horde","floor":38,"turns":2},{"damage":42,"enemies":"Nightmare","floor":40,"turns":5},{"damage":0,"enemies":"3 Darklings","floor":43,"turns":3},{"damage":10,"enemies":"3 Darklings","floor":46,"turns":5},{"damage":0,"enemies":"Giant Head","floor":47,"turns":3},{"damage":0,"enemies":"Sphere and 2 Shapes","floor":48,"turns":2},{"damage":24,"enemies":"hubris:GrandSnecko","floor":50,"turns":8}],"seed_played":"4766651466508146640","potions_obtained":[{"floor":1,"key":"LiquidMemories"},{"floor":6,"key":"AttackPotion"},{"floor":8,"key":"Swift Potion"},{"floor":13,"key":"FairyPotion"}],"is_trial":false,"path_per_floor":["M","?","?","?","?","E","M","E","T","R","$","M","E","M","R","B",null,"M","M","M","AVR","M","R","?","R","T","$","$","E","?","E","R","B",null,"M","M","?","M","$","NM","R","$","MIM","?","R","M","E","M","R","B",null],"character_chosen":"IRONCLAD","items_purchased":["MerchantsRug","Orrery","Swift Strike","Clash","aspiration:KMNothing","Bludgeon","hubris:KleinBottle"],"campfire_rested":2,"item_purchase_floors":[0,0,11,11,27,39,42],"current_hp_per_floor":[53,53,53,53,53,33,39,31,31,55,55,55,53,59,59,80,80,80,80,70,170,171,171,171,171,171,80,80,70,70,76,76,73,80,78,80,80,80,80,44,44,25,31,31,55,51,57,63,63,62,80,80],"gold":923,"neow_bonus":"","is_daily":false,"chose_seed":false,"campfire_upgraded":5,"win_rate":0.0,"timestamp":1609794356,"path_taken":["M","?","?","?","?","E","M","E","T","R","$","?","E","M","R","BOSS","M","M","M","AVR","M","R","?","R","T","?","$","E","?","E","R","BOSS","M","?","?","M","$","NM","R","?","MIM","?","R","M","E","?","R","BOSS"],"items_purchased_type":["Relic","Relic","Card","Card","Relic","Card","Relic"],"build_version":"2020-12-22","purchased_purges":3,"victory":false,"max_hp_per_floor":[80,80,80,80,80,80,80,80,80,80,80,80,80,80,80,80,80,80,80,80,180,180,180,180,180,180,80,80,80,80,80,80,80,80,80,80,80,80,80,80,80,80,80,80,80,80,80,80,80,80,80,80],"card_choices":[{"not_picked":["Heavy Blade","Cleave"],"picked":"Clash","floor":0},{"not_picked":["Sword Boomerang","conspire:ExplosiveBarrier"],"picked":"Perfected Strike","floor":0},{"not_picked":["ReplayReversal","Armaments"],"picked":"Second Wind","floor":0},{"not_picked":["True Grit","ReplayReversal"],"picked":"Clash","floor":0},{"not_picked":["hubris:CleavingFinish","ReplayReversal"],"picked":"ReplayTheSpireMod:LeadingStrike","floor":1},{"not_picked":["Headbutt","Blood for Blood"],"picked":"Replay:Undeath\u0027s Touch","floor":6},{"not_picked":["Body Slam","Ghostly Armor","Penitence"],"picked":"Clash","floor":7},{"not_picked":["Inflame","Thunderclap","FourthMatchFlame"],"picked":"Wild Strike","floor":8},{"not_picked":["Inflame","Whirlwind","Defy Death","WristCuter"],"picked":"SKIP","floor":12},{"not_picked":["Inflame","StuffTheSpire:Slingshot","Immolate","Pleasure"],"picked":"SKIP","floor":13},{"not_picked":["Dark Embrace","Sentinel","StuffTheSpire:Resist","Beak"],"picked":"SKIP","floor":14},{"not_picked":["Exhume","Fiend Fire","Adoration"],"picked":"Double Tap","floor":16},{"not_picked":["Run Through","hubris:SharpeningStone+1","Gaze"],"picked":"Anger","floor":18},{"not_picked":["Heavy Blade+1","Warcry","ReplayReversal+1","Regret_ego"],"picked":"SKIP","floor":19},{"not_picked":["Armaments","Run Through","SolemnVow"],"picked":"Pommel Strike","floor":20},{"not_picked":["Armaments","Warcry","Body Slam","Harmony"],"picked":"SKIP","floor":22},{"not_picked":["Flex","Flame Barrier","Power Through","CrimsonScar"],"picked":"SKIP","floor":29},{"not_picked":["True Grit","Burning Pact","Harmony"],"picked":"Seeing Red+1","floor":31},{"not_picked":["StuffTheSpire:BloodClot+1","StuffTheSpire:RockThrow+1","hubris:ReadiedAction","Lantern"],"picked":"SKIP","floor":35},{"not_picked":["hubris:ReadiedAction+1","Anger","Lantern"],"picked":"Cleave","floor":36},{"not_picked":["Bloodletting","Iron Wave","Wingbeat"],"picked":"Searing Blow","floor":38},{"not_picked":["Warcry+1","Heavy Blade","Abandon+1","Lantern"],"picked":"SKIP","floor":40},{"not_picked":["infinitespire:SealOfDarkness+","ReplayTheSpireMod:??????????????????????"],"picked":"ReplayTheSpireMod:Echoes of Time","floor":42},{"not_picked":["Dropkick+1","ReplayTheSpireMod:Limb From Limb+1","Noise"],"picked":"ReplayTheSpireMod:LeadingStrike+1","floor":43},{"not_picked":["Abandon","Corruption","hubris:ReadiedAction+1","BlueScar"],"picked":"SKIP","floor":46},{"not_picked":["ReplayTheSpireMod:Strike From Hell","conspire:Purge","Combust","Amita"],"picked":"SKIP","floor":47},{"not_picked":["Warcry+1","StuffTheSpire:Slingshot","hubris:ReadiedAction","WristCuter"],"picked":"SKIP","floor":48}],"player_experience":144069,"relics_obtained":[{"floor":6,"key":"hubris:DisguiseKit"},{"floor":8,"key":"Pantograph"},{"floor":9,"key":"aspiration:HatOfInfinitePower"},{"floor":13,"key":"MawBank"},{"floor":29,"key":"aspiration:KMNothing"},{"floor":40,"key":"aspiration:KMNothing"}],"event_choices":[{"cards_removed":["Defend_R"],"damage_healed":0,"gold_gain":0,"player_choice":"Card Removal","damage_taken":0,"max_hp_gain":0,"max_hp_loss":0,"event_name":"The Cleric","floor":3,"gold_loss":50},{"damage_healed":0,"gold_gain":0,"player_choice":"Upgraded","damage_taken":0,"max_hp_gain":0,"max_hp_loss":0,"event_name":"Upgrade Shrine","floor":5,"gold_loss":0,"cards_upgraded":["ReplayTheSpireMod:LeadingStrike"]},{"damage_healed":0,"gold_gain":0,"player_choice":"Copied","damage_taken":0,"max_hp_gain":0,"max_hp_loss":0,"event_name":"Duplicator","floor":24,"gold_loss":0,"cards_obtained":["infinitespire:SevenWalls"]},{"damage_healed":0,"gold_gain":0,"player_choice":"Got Potions","damage_taken":0,"max_hp_gain":0,"max_hp_loss":0,"event_name":"Lab","floor":30,"gold_loss":0},{"damage_healed":0,"gold_gain":0,"player_choice":"Upgraded Two","damage_taken":0,"max_hp_gain":0,"max_hp_loss":0,"event_name":"Designer","floor":37,"gold_loss":40,"cards_upgraded":["Clash","Double Tap"]},{"damage_healed":0,"gold_gain":300,"player_choice":"Gold","damage_taken":0,"max_hp_gain":0,"max_hp_loss":0,"event_name":"Wheel of Change","floor":44,"gold_loss":0}],"is_beta":false,"boss_relics":[{"not_picked":["Astrolabe","Cursed Key"],"picked":"aspiration:PoetsPen_weak"},{"not_picked":["aspiration:KMNothing","aspiration:KMNothing"],"picked":"aspiration:KMNothing"},{"not_picked":["aspiration:KMNothing","aspiration:KMNothing","aspiration:KMNothing"]}],"items_purged_floors":[21,27,39],"is_endless":true,"potions_floor_spawned":[1,6,8,13,14,29,31,33,36,40,47],"ascension_level":1}}