{"host":"naykp6d9ulahlwib","time":1609800207,"event":{"mods":["BaseMod","Highlight Path","Minty Spire (QoL Compilation)","Shop Mod","StSLib"],"gold_per_floor":[116,266,282,282,42,42,69,69,93,93,127,144,144,158,158,231,531,547,253,253,264,139,139,149,177,204,221,71,71,71,81,81,155,155,166,166,215,290,124,124,152,152,221,221,249,249,249,20,20,20,20],"floor_reached":52,"playtime":5466,"items_purged":["Doubt","Strike_P","Writhe","Strike_P","Pain","Writhe"],"score":1985,"play_id":"23f73778-e56c-4f88-968f-b3b3f689959a","local_time":"20210104164327","is_ascension_mode":true,"campfire_choices":[{"data":"WaveOfTheHand","floor":6.0,"key":"SMITH"},{"floor":8.0,"key":"REST"},{"data":"Alpha","floor":10.0,"key":"SMITH"},{"data":"Eruption","floor":13.0,"key":"SMITH"},{"floor":15.0,"key":"REST"},{"data":"Thinking Ahead","floor":23.0,"key":"SMITH"},{"data":"Scrawl","floor":29.0,"key":"SMITH"},{"data":"SpiritShield","floor":32.0,"key":"SMITH"},{"data":"Omniscience","floor":40.0,"key":"SMITH"},{"data":"DevaForm","floor":42.0,"key":"SMITH"},{"floor":44.0,"key":"REST"},{"data":"Fasting2","floor":46.0,"key":"SMITH"},{"data":"Secret Technique","floor":49.0,"key":"SMITH"}],"circlet_count":0,"master_deck":["AscendersBane","Strike_P","Defend_P","Defend_P","Defend_P","Defend_P","Vigilance","Wallop","Halt","WaveOfTheHand+1","DevaForm+1","Alpha+1","Sanctity","SpiritShield+1","Fasting2","Thinking Ahead+1","EmptyBody","Scrawl+1","Fasting2+1","Omniscience+1","Secret Technique+1"],"relics":["Philosopher\u0027s Stone","Bag of Preparation","Art of War","Anchor","Cursed Key","Gambling Chip","Bottled Tornado","MerchantsRug","HornCleat","InkBottle"],"acts_visited":["Exordium","TheCity","TheBeyond"],"potions_floor_usage":[51,51],"damage_taken":[{"damage":0.0,"enemies":"2 Louse","floor":1.0,"turns":2.0},{"damage":0.0,"enemies":"Cultist","floor":3.0,"turns":3.0},{"damage":51.0,"enemies":"Gremlin Nob","floor":7.0,"turns":6.0},{"damage":7.0,"enemies":"Lagavulin","floor":11.0,"turns":5.0},{"damage":0.0,"enemies":"Jaw Worm","floor":12.0,"turns":3.0},{"damage":2.0,"enemies":"Looter","floor":14.0,"turns":3.0},{"damage":19.0,"enemies":"The Guardian","floor":16.0,"turns":8.0},{"damage":17.0,"enemies":"3 Byrds","floor":18.0,"turns":3.0},{"damage":17.0,"enemies":"2 Thieves","floor":21.0,"turns":3.0},{"damage":24.0,"enemies":"Chosen and Byrds","floor":24.0,"turns":5.0},{"damage":1.0,"enemies":"Book of Stabbing","floor":25.0,"turns":4.0},{"damage":0.0,"enemies":"Snake Plant","floor":27.0,"turns":4.0},{"damage":2.0,"enemies":"Cultist and Chosen","floor":31.0,"turns":5.0},{"damage":0.0,"enemies":"Champ","floor":33.0,"turns":11.0},{"damage":0.0,"enemies":"3 Darklings","floor":35.0,"turns":3.0},{"damage":0.0,"enemies":"2 Orb Walkers","floor":37.0,"turns":3.0},{"damage":23.0,"enemies":"Reptomancer","floor":41.0,"turns":3.0},{"damage":0.0,"enemies":"Giant Head","floor":45.0,"turns":6.0},{"damage":22,"enemies":"Awakened One","floor":50,"turns":11},{"damage":2,"enemies":"Donu and Deca","floor":51,"turns":5}],"seed_played":"2036648554018871805","potions_obtained":[{"floor":3.0,"key":"Regen Potion"},{"floor":7.0,"key":"PowerPotion"},{"floor":12.0,"key":"AttackPotion"},{"floor":16.0,"key":"StancePotion"},{"floor":25.0,"key":"Energy Potion"},{"floor":41.0,"key":"Dexterity Potion"}],"is_trial":false,"path_per_floor":["M","?","M","?","$","R","E","R","T","R","E","M","R","M","R","B",null,"M","$","?","M","$","R","M","E","T","M","$","R","?","M","R","B",null,"M","?","?","T","$","R","E","R","T","R","E","R","?","$","R","B","B",null],"character_chosen":"WATCHER","items_purchased":["DevaForm","Thinking Ahead","MerchantsRug","Secret Technique"],"campfire_rested":3,"item_purchase_floors":[5,19,39,48],"current_hp_per_floor":[61,61,61,61,61,61,23,43,43,43,36,36,36,34,54,35,60,43,58,58,41,56,56,32,31,31,31,46,46,60,58,58,58,66,66,66,66,66,68,68,45,45,45,65,65,65,65,68,68,46,44],"gold":20,"neow_bonus":"BOSS_RELIC","is_daily":false,"chose_seed":false,"campfire_upgraded":10,"win_rate":0.0,"timestamp":1609800207,"path_taken":["M","?","M","?","$","R","E","R","T","R","E","M","R","M","R","BOSS","M","?","?","M","$","R","M","E","T","M","$","R","?","M","R","BOSS","M","?","?","?","$","R","E","R","T","R","E","R","?","$","R","BOSS","BOSS"],"items_purchased_type":["Card","Card","Relic","Card"],"build_version":"2020-12-22","purchased_purges":6,"victory":true,"max_hp_per_floor":[68,68,68,68,68,68,68,68,68,68,68,68,68,68,68,68,68,68,68,68,68,68,68,68,68,68,68,68,68,68,68,68,68,68,68,68,68,68,68,68,68,68,68,68,68,68,68,68,68,68,68],"card_choices":[{"not_picked":["Crescendo","Consecrate"],"picked":"Wallop","floor":1.0},{"not_picked":["FlurryOfBlows","PathToVictory"],"picked":"Halt","floor":3.0},{"not_picked":["BowlingBash","Evaluate"],"picked":"Alpha","floor":7.0},{"not_picked":["TalkToTheHand","FlurryOfBlows"],"picked":"Sanctity","floor":11.0},{"not_picked":["Collect","TalkToTheHand","EmptyFist"],"picked":"SKIP","floor":12.0},{"not_picked":["FlurryOfBlows","Pray","Weave"],"picked":"SKIP","floor":14.0},{"not_picked":["Judgement","DeusExMachina"],"picked":"SpiritShield","floor":16.0},{"not_picked":["Wireheading","PathToVictory"],"picked":"Fasting2","floor":18.0},{"not_picked":["Adaptation","BowlingBash"],"picked":"EmptyBody","floor":21.0},{"not_picked":["BowlingBash","Indignation"],"picked":"Scrawl","floor":24.0},{"not_picked":["Study","Prostrate"],"picked":"Fasting2","floor":25.0},{"not_picked":["FlyingSleeves+1","Nirvana","CrushJoints"],"picked":"SKIP","floor":27.0},{"not_picked":["Crescendo","Adaptation","SashWhip"],"picked":"SKIP","floor":31.0},{"not_picked":["Establishment","Alpha"],"picked":"Omniscience","floor":33.0},{"not_picked":["FlurryOfBlows","CrushJoints","Weave"],"picked":"SKIP","floor":35.0},{"not_picked":["Indignation","Collect","InnerPeace+1"],"picked":"SKIP","floor":41.0},{"not_picked":["SignatureMove","EmptyBody+1","ClearTheMind"],"picked":"SKIP","floor":45.0}],"player_experience":995904,"relics_obtained":[{"floor":7.0,"key":"MealTicket"},{"floor":9.0,"key":"Damaru"},{"floor":11.0,"key":"Bag of Preparation"},{"floor":17.0,"key":"Old Coin"},{"floor":17.0,"key":"Art of War"},{"floor":17.0,"key":"Kunai"},{"floor":25.0,"key":"GoldenEye"},{"floor":26.0,"key":"Nunchaku"},{"floor":37.0,"key":"Gambling Chip"},{"floor":38.0,"key":"Bottled Tornado"},{"floor":41.0,"key":"HornCleat"},{"floor":43.0,"key":"InkBottle"},{"floor":45.0,"key":"White Beast Statue"}],"event_choices":[{"damage_healed":0.0,"max_hp_gain":0.0,"max_hp_loss":0.0,"gold_gain":150.0,"event_name":"Liars Game","player_choice":"AGREE","floor":2.0,"gold_loss":0.0,"damage_taken":0.0,"cards_obtained":["Doubt"]},{"damage_healed":0.0,"max_hp_gain":0.0,"max_hp_loss":0.0,"gold_gain":0.0,"cards_transformed":["Strike_P"],"event_name":"Transmorgrifier","player_choice":"Transformed","floor":4.0,"gold_loss":0.0,"damage_taken":0.0,"cards_obtained":["WaveOfTheHand"]},{"damage_healed":0.0,"max_hp_gain":0.0,"max_hp_loss":0.0,"gold_gain":0.0,"event_name":"The Mausoleum","player_choice":"Opened","floor":20.0,"gold_loss":0.0,"damage_taken":0.0,"relics_obtained":["Anchor"],"cards_obtained":["Writhe"]},{"damage_healed":14.0,"max_hp_gain":0.0,"max_hp_loss":0.0,"gold_gain":0.0,"event_name":"The Library","player_choice":"Heal","floor":30.0,"gold_loss":0.0,"damage_taken":0.0},{"damage_healed":0.0,"max_hp_gain":0.0,"max_hp_loss":0.0,"gold_gain":0.0,"event_name":"Tomb of Lord Red Mask","player_choice":"Ignored","floor":36.0,"gold_loss":0.0,"damage_taken":0.0},{"damage_healed":0.0,"max_hp_gain":0.0,"max_hp_loss":0.0,"gold_gain":0.0,"event_name":"Mysterious Sphere","player_choice":"Fight","floor":37.0,"gold_loss":0.0,"damage_taken":0.0},{"cards_removed":["Eruption"],"damage_healed":0.0,"max_hp_gain":0.0,"max_hp_loss":0.0,"gold_gain":0.0,"event_name":"Falling","player_choice":"Removed Attack","floor":47.0,"gold_loss":0.0,"damage_taken":0.0}],"is_beta":false,"boss_relics":[{"not_picked":["Ectoplasm","Pandora\u0027s Box"],"picked":"Calling Bell"},{"not_picked":["Busted Crown","Snecko Eye"],"picked":"Cursed Key"}],"items_purged_floors":[5,19,22,28,39,48],"is_endless":false,"potions_floor_spawned":[3,7,12,16,18,25,41],"ascension_level":20}}