{"host":"auv68s8i97pkmhwr","time":1609747005,"event":{"mods":["AchievementEnabler","BaseMod","Best Route Mod","Bestiary","Better Altar","Better Match","Better Note","Better Sensory Stone","Better Skull","Better Third Choice","Better Vampires","BetterRewards","Block Reminder","Colored Map","Colored Powertips","Displayed Cursed Tome","Minty Spire (QoL Compilation)","StSLib","SuperFastMode","Uncapped","Unceasing Turn Reminder"],"gold_per_floor":[115,115,135,135,148,176,176,191,236,236,261,261,274,302,302,402,402,415,433,433,143,159,159,159,185,185,215,262,92,111,136,136,232,232,251,270,284,302,320,347,361,394,394,428,440,440,454,470,470,470,470,470,162,188,188],"floor_reached":56,"playtime":1478,"items_purged":["Strike_R","Strike_R","Strike_R","Normality","Parasite"],"score":2560,"play_id":"3f78c270-4d77-400d-bcc4-b4eea3540da9","local_time":"20210104155645","is_ascension_mode":true,"campfire_choices":[{"data":"Inflame","floor":7,"key":"SMITH"},{"data":"Bash","floor":10,"key":"SMITH"},{"floor":12,"key":"RECALL"},{"data":"Defend_R","floor":15,"key":"SMITH"},{"data":"Defend_R","floor":23,"key":"SMITH"},{"data":"Feel No Pain","floor":32,"key":"SMITH"},{"floor":46,"key":"REST"},{"floor":49,"key":"REST"},{"floor":52,"key":"REST"}],"circlet_count":0,"master_deck":["AscendersBane","Defend_R+1","Defend_R+1","Defend_R+1","Defend_R+1","Bash+1","True Grit+1","Thunderclap+1","Twin Strike+1","Flex+1","Armaments+1","Inflame+1","Shrug It Off+1","Sword Boomerang+1","Shockwave+1","Pummel+1","Double Tap+1","Power Through+1","Inflame+1","Disarm+1","Feel No Pain+1","Whirlwind+1","Heavy Blade+1","Second Wind+1","Disarm+1","Shrug It Off+1"],"relics":["Burning Blood","Toxic Egg 2","Letter Opener","Incense Burner","Turnip","Ice Cream","Thread and Needle","Molten Egg 2","Orrery","Darkstone Periapt","Centennial Puzzle","Pen Nib","Cursed Key","Membership Card","Anchor","Matryoshka","MawBank","Paper Frog","HornCleat","ClockworkSouvenir","Eternal Feather","Sozu","Kunai","Blood Vial","Happy Flower","Lantern","PreservedInsect","Vajra","Frozen Eye","Orichalcum","Bird Faced Urn"],"acts_visited":["Exordium","TheCity","TheBeyond","TheEnding"],"potions_floor_usage":[6,11,28,55,55,55],"damage_taken":[{"damage":2,"enemies":"Small Slimes","floor":1,"turns":3},{"damage":3,"enemies":"Jaw Worm","floor":3,"turns":3},{"damage":0,"enemies":"Cultist","floor":5,"turns":3},{"damage":5,"enemies":"Lagavulin","floor":6,"turns":5},{"damage":4,"enemies":"3 Louse","floor":8,"turns":2},{"damage":0,"enemies":"Gremlin Nob","floor":11,"turns":4},{"damage":6,"enemies":"Exordium Wildlife","floor":13,"turns":3},{"damage":0,"enemies":"Lagavulin","floor":14,"turns":4},{"damage":16,"enemies":"The Guardian","floor":16,"turns":9},{"damage":0,"enemies":"Chosen","floor":18,"turns":3},{"damage":0,"enemies":"2 Thieves","floor":19,"turns":3},{"damage":0,"enemies":"Shelled Parasite and Fungi","floor":22,"turns":2},{"damage":0,"enemies":"Slavers","floor":25,"turns":4},{"damage":0,"enemies":"Snecko","floor":27,"turns":3},{"damage":6,"enemies":"Book of Stabbing","floor":28,"turns":4},{"damage":0,"enemies":"Cultist and Chosen","floor":30,"turns":4},{"damage":0,"enemies":"Gremlin Leader","floor":31,"turns":5},{"damage":0,"enemies":"Automaton","floor":33,"turns":6},{"damage":0,"enemies":"3 Darklings","floor":35,"turns":2},{"damage":0,"enemies":"Orb Walker","floor":36,"turns":2},{"damage":4,"enemies":"Transient","floor":37,"turns":5},{"damage":0,"enemies":"Maw","floor":38,"turns":4},{"damage":0,"enemies":"Spire Growth","floor":39,"turns":4},{"damage":0,"enemies":"Giant Head","floor":40,"turns":6},{"damage":0,"enemies":"Transient","floor":41,"turns":5},{"damage":10,"enemies":"Reptomancer","floor":42,"turns":4},{"damage":0,"enemies":"Giant Head","floor":44,"turns":5},{"damage":0,"enemies":"3 Darklings","floor":45,"turns":4},{"damage":0,"enemies":"Spire Growth","floor":47,"turns":4},{"damage":2,"enemies":"Sphere and 2 Shapes","floor":48,"turns":5},{"damage":12,"enemies":"Awakened One","floor":50,"turns":7},{"damage":6,"enemies":"Shield and Spear","floor":54,"turns":4},{"damage":50,"enemies":"The Heart","floor":55,"turns":6}],"seed_played":"3936929659906113123","potions_obtained":[{"floor":5,"key":"AttackPotion"},{"floor":6,"key":"LiquidBronze"},{"floor":8,"key":"BloodPotion"},{"floor":18,"key":"ElixirPotion"},{"floor":28,"key":"CultistPotion"}],"is_trial":false,"path_per_floor":["M","?","M","?","M","E","R","M","T","R","E","R","M","E","R","B",null,"M","M","?","$","M","R","?","E","T","M","E","$","M","E","R","B",null,"M","M","M","M","M","E","M","E","T","E","M","R","M","M","R","B",null,"R","$","E","B",null],"character_chosen":"IRONCLAD","items_purchased":["Toxic Egg 2","Letter Opener","True Grit+1","Ice Cream","Molten Egg 2","Orrery","Block Potion","Membership Card","Anchor","Feel No Pain","ClockworkSouvenir","Vajra","Frozen Eye","Orichalcum"],"campfire_rested":3,"item_purchase_floors":[0,0,0,0,0,0,0,21,21,29,29,53,53,53],"current_hp_per_floor":[76,60,63,56,62,63,63,65,65,65,71,71,71,77,77,67,77,80,80,80,80,80,80,80,80,86,86,86,86,86,86,86,86,86,86,86,86,86,86,86,86,82,88,92,92,92,92,92,92,86,91,92,89,89,64],"gold":188,"neow_bonus":"","is_daily":false,"chose_seed":false,"campfire_upgraded":5,"win_rate":0.0,"timestamp":1609747005,"path_taken":["M","?","M","?","M","E","R","M","T","R","E","R","M","E","R","BOSS","M","M","?","$","?","R","?","E","T","?","E","?","M","E","R","BOSS","M","M","M","M","M","E","M","E","T","E","M","R","M","M","R","BOSS","R","$","E","BOSS"],"items_purchased_type":["Relic","Relic","Card","Relic","Relic","Relic","Potion","Relic","Relic","Card","Relic","Relic","Relic","Relic"],"build_version":"2020-12-22","purchased_purges":5,"victory":true,"max_hp_per_floor":[80,80,80,80,80,80,80,80,80,80,80,80,80,80,80,80,80,80,80,80,80,80,80,80,80,86,86,86,86,86,86,86,86,86,86,86,86,86,86,86,86,86,92,92,92,92,92,92,92,92,92,92,89,89,89],"card_choices":[{"not_picked":["Wild Strike+1","Headbutt+1"],"picked":"Thunderclap+1","floor":0},{"not_picked":["Havoc+1","Battle Trance+1"],"picked":"Twin Strike+1","floor":0},{"not_picked":["Clothesline+1","Brutality"],"picked":"Flex+1","floor":0},{"not_picked":["Perfected Strike+1","Body Slam+1"],"picked":"Armaments+1","floor":0},{"not_picked":["Warcry+1","Dual Wield+1"],"picked":"Inflame","floor":1},{"not_picked":["True Grit+1","Cleave+1"],"picked":"Shrug It Off+1","floor":3},{"not_picked":["Metallicize","True Grit+1"],"picked":"Sword Boomerang+1","floor":5},{"not_picked":["Havoc+1","Anger+1","Hemokinesis+1"],"picked":"SKIP","floor":6},{"not_picked":["Clash+1","Twin Strike+1"],"picked":"Shockwave+1","floor":8},{"not_picked":["Shockwave+1","Burning Pact+1"],"picked":"Pummel+1","floor":11},{"not_picked":["Twin Strike+1","Clash+1","Pommel Strike+1"],"picked":"SKIP","floor":13},{"not_picked":["Headbutt+1","Second Wind+1","Cleave+1"],"picked":"SKIP","floor":14},{"not_picked":["Demon Form","Bludgeon+1"],"picked":"Double Tap+1","floor":16},{"not_picked":["Cleave+1","Reckless Charge+1"],"picked":"Power Through+1","floor":18},{"not_picked":["Clothesline+1","Heavy Blade+1","Cleave+1"],"picked":"SKIP","floor":19},{"not_picked":["True Grit+1","Sever Soul+1"],"picked":"Inflame+1","floor":22},{"not_picked":["Reckless Charge+1","Searing Blow+1","Evolve"],"picked":"SKIP","floor":25},{"not_picked":["Iron Wave+1","Body Slam+1","Uppercut+1"],"picked":"SKIP","floor":27},{"not_picked":["Wild Strike+1","Battle Trance+1"],"picked":"Disarm+1","floor":28},{"not_picked":["Havoc+1","Warcry+1","Shockwave+1"],"picked":"SKIP","floor":30},{"not_picked":["Thunderclap+1","Exhume+1"],"picked":"Whirlwind+1","floor":31},{"not_picked":["True Grit+1","Armaments+1","Dual Wield+1"],"picked":"SKIP","floor":35},{"not_picked":["Ghostly Armor+1","Pummel+1","Clash+1"],"picked":"SKIP","floor":36},{"not_picked":["Anger+1","Armaments+1"],"picked":"Heavy Blade+1","floor":37},{"not_picked":["Iron Wave+1","Spot Weakness+1"],"picked":"Second Wind+1","floor":38},{"not_picked":["Body Slam+1","Evolve+1"],"picked":"Disarm+1","floor":39},{"not_picked":["Anger+1","Uppercut+1","Seeing Red+1"],"picked":"SKIP","floor":40},{"not_picked":["Hemokinesis+1","Rampage+1"],"picked":"Shrug It Off+1","floor":41},{"not_picked":["Headbutt+1","Sentinel+1","Twin Strike+1"],"picked":"SKIP","floor":42},{"not_picked":["Bloodletting+1","Sever Soul+1","Seeing Red+1"],"picked":"SKIP","floor":44},{"not_picked":["Sever Soul+1","Warcry+1","Battle Trance+1"],"picked":"SKIP","floor":45},{"not_picked":["Corruption","Infernal Blade+1","Second Wind+1"],"picked":"SKIP","floor":47},{"not_picked":["Clothesline+1","Infernal Blade+1","Heavy Blade+1"],"picked":"SKIP","floor":48},{"not_picked":["Heavy Blade+1","Rampage+1","Warcry+1"],"picked":"SKIP","floor":54}],"player_experience":1253713,"relics_obtained":[{"floor":6,"key":"Darkstone Periapt"},{"floor":11,"key":"Centennial Puzzle"},{"floor":14,"key":"Pen Nib"},{"floor":25,"key":"Matryoshka"},{"floor":26,"key":"MawBank"},{"floor":26,"key":"Paper Frog"},{"floor":28,"key":"HornCleat"},{"floor":31,"key":"Eternal Feather"},{"floor":40,"key":"Kunai"},{"floor":42,"key":"Blood Vial"},{"floor":43,"key":"Happy Flower"},{"floor":43,"key":"Lantern"},{"floor":44,"key":"PreservedInsect"},{"floor":54,"key":"Bird Faced Urn"}],"event_choices":[{"damage_healed":76,"gold_gain":0,"player_choice":"Upgrade","damage_taken":16,"max_hp_gain":0,"max_hp_loss":80,"event_name":"betterThird:BetterShining","floor":2,"gold_loss":0,"cards_upgraded":["Defend_R","Defend_R"]},{"cards_removed":["Strike_R"],"damage_healed":0,"gold_gain":0,"player_choice":"Card Removal","damage_taken":7,"max_hp_gain":0,"max_hp_loss":0,"event_name":"Golden Wing","floor":4,"gold_loss":0},{"damage_healed":0,"gold_gain":0,"player_choice":"Got Potions","damage_taken":0,"max_hp_gain":0,"max_hp_loss":0,"event_name":"Lab","floor":20,"gold_loss":0},{"cards_removed":["Strike_R"],"damage_healed":0,"gold_gain":0,"player_choice":"Purged","damage_taken":0,"max_hp_gain":0,"max_hp_loss":0,"event_name":"Purifier","floor":24,"gold_loss":0}],"is_beta":false,"boss_relics":[{"not_picked":["Astrolabe","Tiny House"],"picked":"Cursed Key"},{"not_picked":["Velvet Choker","SacredBark"],"picked":"Sozu"}],"items_purged_floors":[0,0,21,29,53],"is_endless":false,"potions_floor_spawned":[5,6,8,18,19,22,28,31,33,35,36,40,42,44,48,54],"ascension_level":10}}