{"host":"0tx5hhfcaiyfjvb5","time":1609726566,"event":{"mods":["BaseMod","Downfall","Minty Spire (QoL Compilation)","StSLib"],"gold_per_floor":[99,119,139,158,6,106,155,155,167,167,179,15,15,35,49,49,49,49],"floor_reached":16,"playtime":3973,"items_purged":[],"score":94,"play_id":"1ae4ffe6-e578-4e7e-a6f3-8b18d683766d","local_time":"20210103211606","is_ascension_mode":false,"campfire_choices":[{"data":"champ:Execute","floor":1.0,"key":"SMITH"},{"floor":10.0,"key":"REST"},{"data":"champ:HoldFirm","floor":13.0,"key":"SMITH"}],"circlet_count":0,"master_deck":["champ:Strike","champ:Strike","champ:Strike","champ:Strike","champ:Defend","champ:Defend","champ:Defend","champ:Defend","champ:Execute+1","champ:Taunt","champ:HeartStrike","champ:FlashCut","champ:PreciseThrust","champ:PreciseThrust","champ:HoldFirm+1","champ:PreciseThrust","Parasite","champ:GutPunch","champ:BringItOn","champ:GladiatorStyle","champ:StanceDance","champ:FocusedDefense"],"relics":["champ:ChampionCrown","WristBlade","champ:FightingForDummies","Pen Nib"],"acts_visited":["Exordium"],"potions_floor_usage":[16,16],"damage_taken":[{"damage":7.0,"enemies":"2 Louse","floor":2.0,"turns":3.0},{"damage":5.0,"enemies":"Jaw Worm","floor":3.0,"turns":4.0},{"damage":22.0,"enemies":"Cultist","floor":4.0,"turns":5.0},{"damage":10.0,"enemies":"downfall:FleeingMerchant","floor":5.0,"turns":4.0},{"damage":41.0,"enemies":"downfall:FleeingMerchant","floor":6.0,"turns":8.0},{"damage":16.0,"enemies":"Exordium Wildlife","floor":9.0,"turns":8.0},{"damage":5.0,"enemies":"Lots of Slimes","floor":11.0,"turns":5.0},{"damage":8.0,"enemies":"downfall:FleeingMerchant","floor":12.0,"turns":4.0},{"damage":5.0,"enemies":"Red Slaver","floor":14.0,"turns":3.0},{"damage":3.0,"enemies":"2 Fungi Beasts","floor":15.0,"turns":4.0},{"damage":82,"enemies":"downfall:Defect","floor":16,"turns":11}],"seed_played":"6370896479754214587","potions_obtained":[{"floor":4.0,"key":"LiquidBronze"},{"floor":6.0,"key":"BlessingOfTheForge"},{"floor":11.0,"key":"FearPotion"},{"floor":14.0,"key":"Energy Potion"}],"is_trial":false,"path_per_floor":["R","M","M","M","$","?","T","?","M","R","M","$","R","M","M","B"],"character_chosen":"THE_CHAMP","items_purchased":["champ:HoldFirm","Pen Nib"],"campfire_rested":1,"item_purchase_floors":[5,12],"current_hp_per_floor":[99,97,97,80,80,42,42,66,53,82,82,82,82,77,77,0,0,0],"gold":49,"neow_bonus":"TEN_PERCENT_HP_BONUS","is_daily":false,"chose_seed":false,"campfire_upgraded":2,"win_rate":0.0,"timestamp":1609726566,"path_taken":["R","M","M","M","$","?","T","?","M","R","M","?","R","?","M","BOSS"],"items_purchased_type":["Card","Relic"],"build_version":"2020-12-22","purchased_purges":0,"victory":false,"max_hp_per_floor":[99,99,99,99,99,99,99,99,99,99,99,99,99,99,99,99,99,99],"card_choices":[{"not_picked":["champ:FanOfKnives","champ:Riposte"],"picked":"champ:HeartStrike","floor":2.0},{"not_picked":["champ:RecklessLeap","champ:AdrenalArmor"],"picked":"champ:FlashCut","floor":3.0},{"not_picked":["champ:DefensiveStyle","champ:ArenaPreparation"],"picked":"champ:PreciseThrust","floor":4.0},{"not_picked":["champ:GutPunch","champ:TornadoPunch"],"picked":"champ:PreciseThrust","floor":5.0},{"not_picked":["champ:CrookedStrike","champ:BladeFlurry"],"picked":"champ:PreciseThrust","floor":6.0},{"not_picked":["champ:TornadoPunch","champ:RapidStrikes"],"picked":"champ:GutPunch","floor":9.0},{"not_picked":["champ:GladiatorsShout","champ:Haymaker"],"picked":"champ:BringItOn","floor":11.0},{"not_picked":["champ:ShieldThrow","champ:Haymaker"],"picked":"champ:GladiatorStyle","floor":12.0},{"not_picked":["champ:DefensiveStyle","champ:GladiatorsShout"],"picked":"champ:StanceDance","floor":14.0},{"not_picked":["champ:FaceSlap","champ:GutPunch"],"picked":"champ:FocusedDefense","floor":15.0}],"player_experience":294478,"relics_obtained":[{"floor":6.0,"key":"WristBlade"},{"floor":7.0,"key":"champ:FightingForDummies"}],"event_choices":[{"damage_healed":24.0,"max_hp_gain":0.0,"max_hp_loss":0.0,"gold_gain":0.0,"event_name":"Mushrooms","player_choice":"Healed and dodged fight","floor":8.0,"gold_loss":0.0,"damage_taken":0.0,"cards_obtained":["Parasite"]}],"is_beta":false,"boss_relics":[],"items_purged_floors":[],"is_endless":false,"potions_floor_spawned":[4,6,11,14,15],"killed_by":"downfall:Defect","ascension_level":0}}