{"host":"pbf6u3tyx46snqc7","time":1609776406,"event":{"mods":["AchievementEnabler","BaseMod","Colored Map","Minty Spire (QoL Compilation)","Rare Cards Sparkle","SuperFastMode"],"gold_per_floor":[110,110,110,4,18,18,36,36,61,35,67,67,67,85,85,157,157,115,132,47,97,97,97,97,97],"floor_reached":24,"playtime":746,"items_purged":[],"score":484,"play_id":"5362c077-5adb-412e-9ed4-dad59b75dcac","local_time":"20210105010646","is_ascension_mode":true,"campfire_choices":[{"data":"Chaos","floor":6.0,"key":"SMITH"},{"data":"Barrage","floor":8.0,"key":"SMITH"},{"data":"Redo","floor":12.0,"key":"SMITH"},{"data":"Zap","floor":15.0,"key":"SMITH"},{"floor":23,"key":"REST"}],"circlet_count":0,"master_deck":["AscendersBane","Strike_B","Strike_B","Strike_B","Strike_B","Defend_B","Defend_B","Defend_B","Defend_B","Zap+1","Dualcast","CurseOfTheBell","Fusion+1","Barrage+1","Steam","Chaos+1","White Noise","Leap","Redo+1","Undo","Meteor Strike","Coolheaded","Hyperbeam","FTL"],"relics":["Calling Bell","Omamori","Question Card","FossilizedHelix","Symbiotic Virus","Inserter"],"acts_visited":["Exordium","TheCity"],"potions_floor_usage":[24],"damage_taken":[{"damage":0.0,"enemies":"2 Louse","floor":1.0,"turns":3.0},{"damage":16.0,"enemies":"Cultist","floor":5.0,"turns":6.0},{"damage":0.0,"enemies":"Small Slimes","floor":7.0,"turns":4.0},{"damage":24.0,"enemies":"Lagavulin","floor":11.0,"turns":8.0},{"damage":0.0,"enemies":"3 Louse","floor":14.0,"turns":4.0},{"damage":0,"enemies":"Slime Boss","floor":16,"turns":9},{"damage":31,"enemies":"2 Thieves","floor":18,"turns":5},{"damage":27,"enemies":"Spheric Guardian","floor":19,"turns":7},{"damage":28,"enemies":"Book of Stabbing","floor":24,"turns":2}],"seed_played":"8369577883067670191","potions_obtained":[{"floor":7.0,"key":"Energy Potion"},{"floor":11.0,"key":"SpeedPotion"},{"floor":19,"key":"DistilledChaos"}],"is_trial":false,"path_per_floor":["M","?","?","$","M","R","M","R","T","$","E","R","?","M","R","B",null,"M","M","$","?","?","R","E"],"character_chosen":"DEFECT","items_purchased":["Barrage","Steam","Leap","FTL"],"campfire_rested":1,"item_purchase_floors":[4,4,10,20],"current_hp_per_floor":[64,64,71,71,55,55,55,55,55,55,31,31,31,31,31,31,61,30,3,3,3,3,24,0,0],"gold":97,"neow_bonus":"BOSS_RELIC","is_daily":false,"chose_seed":false,"campfire_upgraded":4,"win_rate":0.0,"timestamp":1609776406,"path_taken":["M","?","?","$","?","R","?","R","T","?","E","R","?","?","R","BOSS","M","M","$","?","?","R","E"],"items_purchased_type":["Card","Card","Card","Card"],"build_version":"2020-12-22","purchased_purges":0,"victory":false,"max_hp_per_floor":[71,71,71,71,71,71,71,71,71,71,71,71,71,71,71,71,71,71,71,71,71,71,71,71,71],"card_choices":[{"not_picked":["Gash","Go for the Eyes","Beam Cell"],"picked":"Fusion","floor":1.0},{"not_picked":["Doom and Gloom","Tempest","Aggregate"],"picked":"Chaos","floor":5.0},{"not_picked":["Beam Cell","Barrage","Stack"],"picked":"White Noise","floor":7.0},{"not_picked":["Buffer","Aggregate","Compile Driver"],"picked":"Redo","floor":11.0},{"not_picked":["Go for the Eyes","Sweeping Beam","Leap"],"picked":"Undo","floor":14.0},{"not_picked":["Machine Learning","Rainbow","Biased Cognition"],"picked":"Meteor Strike","floor":16},{"not_picked":["Stack","Defragment","Streamline"],"picked":"Coolheaded","floor":18},{"not_picked":["Redo","Leap+1","Steam"],"picked":"Hyperbeam","floor":19}],"player_experience":379418,"relics_obtained":[{"floor":0.0,"key":"Omamori"},{"floor":0.0,"key":"Question Card"},{"floor":0.0,"key":"FossilizedHelix"},{"floor":11.0,"key":"Symbiotic Virus"}],"event_choices":[{"damage_healed":0.0,"max_hp_gain":0.0,"max_hp_loss":0.0,"gold_gain":0.0,"event_name":"Living Wall","player_choice":"Grow","floor":2.0,"gold_loss":0.0,"damage_taken":0.0,"cards_upgraded":["Fusion"]},{"damage_healed":7.0,"max_hp_gain":0.0,"max_hp_loss":0.0,"gold_gain":0.0,"event_name":"Wheel of Change","player_choice":"Full Heal","floor":3.0,"gold_loss":0.0,"damage_taken":0.0},{"damage_healed":0.0,"max_hp_gain":0.0,"max_hp_loss":0.0,"gold_gain":0.0,"event_name":"Lab","player_choice":"Got Potions","floor":13.0,"gold_loss":0.0,"damage_taken":0.0},{"damage_healed":0,"gold_gain":50,"player_choice":"Stole From Cult","damage_taken":0,"max_hp_gain":0,"max_hp_loss":0,"event_name":"Nest","floor":21,"gold_loss":0},{"damage_healed":0,"gold_gain":0,"player_choice":"Ignored","damage_taken":0,"max_hp_gain":0,"max_hp_loss":0,"event_name":"Ghosts","floor":22,"gold_loss":0}],"is_beta":false,"boss_relics":[{"not_picked":["Runic Pyramid","Busted Crown"],"picked":"Inserter"}],"items_purged_floors":[],"is_endless":false,"potions_floor_spawned":[7,11,16,19],"killed_by":"Book of Stabbing","ascension_level":20}}