{"host":"Kdaddybrian","time":1609788851,"event":{"mods":["AchievementEnabler","BaseMod","Bestiary","Colored Powertips","Minty Spire (QoL Compilation)","Potion Indicator Mod","Quick Restart","Rare Cards Sparkle","Relic Stats","StSLib","Uncapped"],"gold_per_floor":[117,128,145,145,156,156,182,182,236,267,277,305,325,305,305,400,400,400,400,400,400,400,400],"floor_reached":22,"playtime":839,"items_purged":[],"score":294,"play_id":"1072e920-b361-4247-be3b-68b2228a6f29","local_time":"20210104143411","is_ascension_mode":true,"campfire_choices":[{"data":"Riddle With Holes","floor":6,"key":"SMITH"},{"data":"Bouncing Flask","floor":8,"key":"SMITH"},{"floor":15,"key":"REST"}],"circlet_count":0,"master_deck":["AscendersBane","Strike_G","Strike_G+1","Strike_G","Strike_G+1","Strike_G","Defend_G+1","Defend_G","Defend_G","Defend_G","Defend_G","Survivor+1","Neutralize","Leg Sweep","Riddle With Holes+1","Bouncing Flask+1","Dagger Throw","Well Laid Plans","Leg Sweep","Quick Slash","A Thousand Cuts","Dagger Spray","Adrenaline","Deflect","Acrobatics+1"],"relics":["Ring of the Snake","NeowsBlessing","Letter Opener","Whetstone","Tiny Chest","Odd Mushroom","Ectoplasm","Nilry\u0027s Codex"],"acts_visited":["Exordium","TheCity"],"potions_floor_usage":[5,12,13,13],"damage_taken":[{"damage":0,"enemies":"2 Louse","floor":1,"turns":1},{"damage":0,"enemies":"Small Slimes","floor":2,"turns":1},{"damage":0,"enemies":"Jaw Worm","floor":3,"turns":1},{"damage":0,"enemies":"Lots of Slimes","floor":5,"turns":1},{"damage":9,"enemies":"Gremlin Nob","floor":7,"turns":4},{"damage":24,"enemies":"3 Sentries","floor":10,"turns":9},{"damage":0,"enemies":"Looter","floor":11,"turns":3},{"damage":15,"enemies":"The Mushroom Lair","floor":12,"turns":6},{"damage":0,"enemies":"3 Louse","floor":13,"turns":5},{"damage":15,"enemies":"Hexaghost","floor":16,"turns":11},{"damage":0,"enemies":"Chosen","floor":18,"turns":4},{"damage":6,"enemies":"3 Byrds","floor":21,"turns":4},{"damage":42,"enemies":"Masked Bandits","floor":22,"turns":3}],"seed_played":"-1781436949266977337","potions_obtained":[{"floor":1,"key":"Explosive Potion"},{"floor":2,"key":"SpeedPotion"},{"floor":10,"key":"LiquidMemories"},{"floor":11,"key":"Energy Potion"}],"is_trial":false,"path_per_floor":["M","M","M","?","M","R","E","R","T","E","M","?","M","?","R","B",null,"M","?","T","M","?"],"character_chosen":"THE_SILENT","items_purchased":[],"campfire_rested":1,"item_purchase_floors":[],"current_hp_per_floor":[63,63,63,49,49,49,40,40,40,16,16,1,1,1,22,7,54,54,38,38,32,0,0],"gold":400,"neow_bonus":"THREE_ENEMY_KILL","is_daily":false,"chose_seed":false,"campfire_upgraded":2,"win_rate":0.0,"timestamp":1609788851,"path_taken":["M","M","M","?","M","R","E","R","T","E","M","?","M","?","R","BOSS","M","?","?","?","?"],"items_purchased_type":[],"build_version":"2020-12-18","purchased_purges":0,"victory":false,"max_hp_per_floor":[70,70,70,70,70,70,70,70,70,70,70,70,70,70,70,70,70,70,70,70,70,70,70],"relic_stats":{"counters":[13,53],"Tiny Chest":1,"Ectoplasm":27,"Letter Opener":[30],"Whetstone":["Strike_G","Strike_G"],"obtain_stats":[{"NeowsBlessing":0,"Nilry\u0027s Codex":19,"Tiny Chest":10,"Ectoplasm":17,"Letter Opener":7,"Whetstone":9,"Odd Mushroom":12,"Ring of the Snake":0},{"NeowsBlessing":0,"Nilry\u0027s Codex":11,"Tiny Chest":6,"Ectoplasm":10,"Letter Opener":5,"Whetstone":5,"Odd Mushroom":8,"Ring of the Snake":0},{"NeowsBlessing":0,"Nilry\u0027s Codex":46,"Tiny Chest":17,"Ectoplasm":42,"Letter Opener":8,"Whetstone":8,"Odd Mushroom":26,"Ring of the Snake":0}],"Ring of the Snake":[26]},"card_choices":[{"not_picked":["Flying Knee","Bane"],"picked":"Leg Sweep","floor":1},{"not_picked":["Crippling Poison","Bane"],"picked":"Riddle With Holes","floor":2},{"not_picked":["Setup","Flechettes"],"picked":"Bouncing Flask","floor":3},{"not_picked":["Bane","Flechettes"],"picked":"Dagger Throw","floor":5},{"not_picked":["Dodge and Roll","Bane"],"picked":"Well Laid Plans","floor":7},{"not_picked":["Backflip","Accuracy"],"picked":"Leg Sweep","floor":10},{"not_picked":["Setup","Acrobatics"],"picked":"Quick Slash","floor":11},{"not_picked":["Eviscerate","All Out Attack"],"picked":"A Thousand Cuts","floor":12},{"not_picked":["Blade Dance","Tactician"],"picked":"Dagger Spray","floor":13},{"not_picked":["Unload","Phantasmal Killer"],"picked":"Adrenaline","floor":16},{"not_picked":["Distraction","Dagger Throw"],"picked":"Deflect","floor":18},{"not_picked":["Well Laid Plans+1","Setup+1"],"picked":"Acrobatics+1","floor":21}],"player_experience":2932335,"relics_obtained":[{"floor":7,"key":"Letter Opener"},{"floor":9,"key":"Whetstone"},{"floor":10,"key":"Tiny Chest"},{"floor":12,"key":"Odd Mushroom"},{"floor":19,"key":"Nilry\u0027s Codex"}],"event_choices":[{"damage_healed":0,"gold_gain":0,"player_choice":"Entered Light","damage_taken":14,"max_hp_gain":0,"max_hp_loss":0,"event_name":"Shining Light","floor":4,"gold_loss":0,"cards_upgraded":["Defend_G","Survivor"]},{"damage_healed":0,"gold_gain":0,"player_choice":"Fought Mushrooms","damage_taken":0,"max_hp_gain":0,"max_hp_loss":0,"event_name":"Mushrooms","floor":12,"gold_loss":0},{"damage_healed":0,"gold_gain":0,"player_choice":"Left Gold","damage_taken":0,"max_hp_gain":0,"max_hp_loss":0,"event_name":"World of Goop","floor":14,"gold_loss":20},{"damage_healed":0,"gold_gain":0,"player_choice":"Obtained Book","damage_taken":16,"max_hp_gain":0,"max_hp_loss":0,"event_name":"Cursed Tome","floor":19,"gold_loss":0},{"damage_healed":0,"gold_gain":0,"player_choice":"Fought Bandits","damage_taken":0,"max_hp_gain":0,"max_hp_loss":0,"event_name":"Masked Bandits","floor":22,"gold_loss":0}],"is_beta":true,"boss_relics":[{"not_picked":["Runic Dome","WristBlade"],"picked":"Ectoplasm"}],"items_purged_floors":[],"is_endless":false,"potions_floor_spawned":[1,2,10,11],"killed_by":"Masked Bandits","ascension_level":10}}