{"host":"2apb6gwm2fj4theg","time":1609788865,"event":{"mods":["2.2 Compatiblity","AlwaysNeverKeys","BaseMod","ChefMod","Halation","Infinite Spire","Minty Spire (QoL Compilation)","Replay The Spire","Shop Mod","Small Relic Pack","StSLib","The Animator"],"gold_per_floor":[361,371,385,385,385,385,414,414,414,9,9,9,42,59,59,160,160,171,183,201,219,239,270,270,300,325,325,10,10,30,41,41,136,136,149,149,149,169,187,217,217,32,32,67,80,107,123,134,134,134],"floor_reached":51,"playtime":5062,"items_purged":[],"score":955,"play_id":"d50edbd0-2c2b-4987-9e9c-03ba766adb99","local_time":"20210104213425","is_ascension_mode":true,"campfire_choices":[{"floor":6,"key":"REST"},{"data":"Limit Break","floor":11,"key":"SMITH"},{"floor":15,"key":"REST"},{"floor":24,"key":"REST"},{"floor":27,"key":"REST"},{"data":"Inflame","floor":29,"key":"SMITH"},{"data":"Iron Wave","floor":32,"key":"SMITH"},{"floor":41,"key":"REST"},{"floor":49,"key":"REST"}],"circlet_count":0,"master_deck":["Strike_R","Strike_R","Strike_R","Strike_R","Strike_R","Defend_R","Defend_R","Defend_R","Defend_R","Bash","Twin Strike","Clothesline","ReplayReversal","Limit Break+1","Inflame+1","Heavy Blade","Heavy Blade","Feed+1","Shrug It Off+1","Blood for Blood+1","Battle Trance","Heavy Blade+1","Uppercut+1","Wild Strike","Fire Breathing","Wild Strike+1","Iron Wave+1","Offering","Flex+1","Twin Strike+1","Iron Wave+1","Immolate","Wild Strike+1","Thunderclap","Trip","Armaments","Cleave","Sword Boomerang","Whirlwind+1","Anger+1","Cleave","Metallicize+1"],"relics":["Black Blood","Letter Opener","relicPack:DSword","infinitespire:CheckeredPen","halation:EternalFortune","Pen Nib","Mango","Mummified Hand","ChewingGum","halation:TwoAmDonut","Art of War","Strawberry","Ornamental Fan","Dream Catcher","Regal Pillow","ReplayTheSpireMod:Lightbulb","Magic Flower"],"acts_visited":["Exordium","TheCity","TheBeyond"],"potions_floor_usage":[7,22,22,25,33,38,39,45,46,50,50,50,50,50],"damage_taken":[{"damage":11,"enemies":"Jaw Worm","floor":1,"turns":6},{"damage":6,"enemies":"2 Louse","floor":2,"turns":3},{"damage":1,"enemies":"Cultist","floor":3,"turns":3},{"damage":26,"enemies":"3 Sentries","floor":7,"turns":6},{"damage":13,"enemies":"Gremlin Nob","floor":13,"turns":4},{"damage":13,"enemies":"Blue Slaver","floor":14,"turns":3},{"damage":41,"enemies":"Hexaghost","floor":16,"turns":5},{"damage":26,"enemies":"2 Thieves","floor":18,"turns":4},{"damage":16,"enemies":"3 Byrds","floor":19,"turns":5},{"damage":21,"enemies":"Snake Plant","floor":20,"turns":3},{"damage":14,"enemies":"Sentry and Sphere","floor":21,"turns":4},{"damage":0,"enemies":"Cultist and Chosen","floor":22,"turns":5},{"damage":12,"enemies":"Replay:Snechameleon","floor":23,"turns":3},{"damage":30,"enemies":"Book of Stabbing","floor":25,"turns":4},{"damage":9,"enemies":"Chosen and Byrds","floor":30,"turns":4},{"damage":2,"enemies":"Snecko","floor":31,"turns":3},{"damage":0,"enemies":"Champ","floor":33,"turns":4},{"damage":20,"enemies":"3 Shapes","floor":35,"turns":2},{"damage":30,"enemies":"3 Darklings","floor":38,"turns":4},{"damage":18,"enemies":"Writhing Mass","floor":39,"turns":3},{"damage":10,"enemies":"Giant Head","floor":40,"turns":5},{"damage":19,"enemies":"R_Hoarder","floor":44,"turns":5},{"damage":6,"enemies":"Transient","floor":45,"turns":5},{"damage":36,"enemies":"Reptomancer","floor":46,"turns":4},{"damage":10,"enemies":"Sphere and 2 Shapes","floor":47,"turns":3},{"damage":21,"enemies":"Maw","floor":48,"turns":5},{"damage":63,"enemies":"Donu and Deca","floor":50,"turns":6}],"seed_played":"2961111994070146892","potions_obtained":[{"floor":3,"key":"Dexterity Potion"},{"floor":13,"key":"LiquidMemories"},{"floor":14,"key":"SpeedPotion"},{"floor":19,"key":"Flashbang"},{"floor":22,"key":"Swift Potion"},{"floor":23,"key":"Milkshake"},{"floor":25,"key":"Explosive Potion"},{"floor":33,"key":"FearPotion"},{"floor":35,"key":"Adrenaline Potion"},{"floor":38,"key":"Weak Potion"},{"floor":44,"key":"BlessingOfTheForge"},{"floor":45,"key":"ColorlessPotion"},{"floor":46,"key":"Venom Potion"}],"is_trial":false,"path_per_floor":["M","M","M","?","?","R","E","?","T","$","R","?","E","M","R","B",null,"M","M","M","M","M","E","R","E","T","R","$","R","M","M","R","B",null,"M","?","?","M","M","E","R","$","T","E","M","E","M","M","R","B",null],"character_chosen":"IRONCLAD","items_purchased":["Mango","Inflame","Heavy Blade","Ornamental Fan","Fire Breathing","Thunderclap","Trip","Armaments"],"campfire_rested":6,"item_purchase_floors":[10,10,10,28,28,42,42,42],"current_hp_per_floor":[51,51,56,56,21,45,25,28,28,42,42,42,35,28,57,22,97,80,73,61,53,59,56,88,64,71,105,105,105,102,106,106,112,116,111,111,111,93,87,89,119,119,119,112,118,94,102,99,119,74],"gold":134,"neow_bonus":"TWO_FIFTY_GOLD","is_daily":false,"chose_seed":false,"campfire_upgraded":3,"win_rate":0.0,"timestamp":1609788865,"path_taken":["M","M","M","?","?","R","E","?","T","$","R","?","E","M","R","BOSS","M","M","M","M","M","E","R","E","T","R","$","R","M","M","R","BOSS","M","?","?","M","M","E","R","$","T","E","M","E","?","M","R","BOSS"],"items_purchased_type":["Relic","Card","Card","Relic","Card","Card","Card","Card"],"build_version":"2020-12-22","purchased_purges":0,"victory":true,"max_hp_per_floor":[80,80,80,80,80,80,80,83,83,97,97,97,97,97,97,97,97,100,103,106,106,106,109,109,109,116,116,116,116,116,116,116,116,116,119,119,119,119,119,119,119,119,119,119,119,119,119,119,119,119],"card_choices":[{"not_picked":["Replay:Undeath\u0027s Touch","Body Slam"],"picked":"Twin Strike","floor":1},{"not_picked":["ReplayTheSpireMod:Strike From Hell","True Grit"],"picked":"Clothesline","floor":2},{"not_picked":["Sword Boomerang","Second Wind"],"picked":"ReplayReversal","floor":3},{"not_picked":["Shockwave","Power Through"],"picked":"Limit Break","floor":7},{"not_picked":["Carnage","True Grit"],"picked":"Heavy Blade","floor":13},{"not_picked":["Warcry","Body Slam","Havoc"],"picked":"SKIP","floor":14},{"not_picked":["Exhume","Impervious"],"picked":"Feed","floor":16},{"not_picked":["Pommel Strike","Run Through"],"picked":"Shrug It Off+1","floor":18},{"not_picked":["Perfected Strike","Shrug It Off"],"picked":"Blood for Blood+1","floor":19},{"not_picked":["Bloodletting","Twin Strike"],"picked":"Battle Trance","floor":20},{"not_picked":["Run Through","ReplayTheSpireMod:Corrosion Curse"],"picked":"Defy Death+1","floor":21},{"not_picked":["Searing Blow","Inflame"],"picked":"Heavy Blade+1","floor":22},{"not_picked":["ReplayTheSpireMod:Stacked","Demon Form"],"picked":"Uppercut+1","floor":23},{"not_picked":["Twin Strike","Iron Wave"],"picked":"Wild Strike","floor":25},{"not_picked":["Whirlwind","Rupture+1"],"picked":"Wild Strike+1","floor":30},{"not_picked":["Perfected Strike","Havoc"],"picked":"Iron Wave","floor":31},{"not_picked":["Feed","Demonic Infusion"],"picked":"Offering","floor":33},{"not_picked":["ReplayReversal+1","Ghostly Armor+1"],"picked":"Flex+1","floor":35},{"not_picked":["Clash","Metallicize+1"],"picked":"Twin Strike+1","floor":38},{"not_picked":["Run Through","Entrench+1"],"picked":"Iron Wave+1","floor":39},{"not_picked":["Life Link+1","Warcry"],"picked":"Immolate","floor":40},{"not_picked":["Havoc+1","Clash+1"],"picked":"Wild Strike+1","floor":41},{"not_picked":["Havoc+1","Intimidate"],"picked":"Cleave","floor":44},{"not_picked":["Headbutt","Cleave"],"picked":"Sword Boomerang","floor":45},{"not_picked":["Double Tap","Run Through+1"],"picked":"Whirlwind+1","floor":46},{"not_picked":["Power Through","Replay:Undeath\u0027s Touch"],"picked":"Anger+1","floor":47},{"not_picked":["Armaments","Sentinel+1"],"picked":"Cleave","floor":48},{"not_picked":["Entrench+1","Dual Wield"],"picked":"Metallicize+1","floor":49}],"player_experience":594393,"relics_obtained":[{"floor":4,"key":"Letter Opener"},{"floor":7,"key":"infinitespire:CheckeredPen"},{"floor":9,"key":"Pen Nib"},{"floor":13,"key":"Mummified Hand"},{"floor":18,"key":"halation:EternalFortune"},{"floor":20,"key":"halation:EternalFortune"},{"floor":23,"key":"halation:TwoAmDonut"},{"floor":25,"key":"Art of War"},{"floor":26,"key":"Strawberry"},{"floor":40,"key":"Dream Catcher"},{"floor":43,"key":"Regal Pillow"},{"floor":44,"key":"ReplayTheSpireMod:Lightbulb"},{"floor":46,"key":"Magic Flower"}],"event_choices":[{"cards_removed":["Defy Death"],"damage_healed":0,"gold_gain":0,"player_choice":"Removed Skill","damage_taken":0,"max_hp_gain":0,"max_hp_loss":0,"event_name":"Falling","floor":36,"gold_loss":0},{"damage_healed":0,"gold_gain":0,"player_choice":"Forge","damage_taken":0,"max_hp_gain":0,"max_hp_loss":0,"event_name":"Accursed Blacksmith","floor":37,"gold_loss":0,"cards_upgraded":["Feed"]}],"is_beta":false,"boss_relics":[{"not_picked":["relicPack:KazumaCape","halation:Prosthetics"],"picked":"ChewingGum"},{"not_picked":["halation:SmartPhone","halation:Yufonium"],"picked":"Black Blood"}],"items_purged_floors":[],"is_endless":false,"potions_floor_spawned":[3,13,14,19,22,23,25,33,35,38,44,45,46],"ascension_level":1}}