{"host":"2se5dq1do2gp0x9k","time":1609733577,"event":{"mods":["AchievementEnabler","BaseMod","Block Reminder","Colored Map","Colored Powertips","Minty Spire (QoL Compilation)","Relic Stats","StSLib","SuperFastMode"],"gold_per_floor":[111,121,296,311,311,311,341,205,231,245,245,245],"floor_reached":11,"playtime":315,"items_purged":[],"score":113,"play_id":"9dbdbd6d-8729-49c9-91a3-ee4bea283529","local_time":"20210103201257","is_ascension_mode":true,"campfire_choices":[{"data":"Weave","floor":6,"key":"SMITH"}],"circlet_count":0,"master_deck":["AscendersBane","Strike_P","Strike_P","Strike_P","Defend_P","Defend_P","Defend_P","Defend_P","Eruption","Vigilance","Weave+1","TalkToTheHand","Doubt","Wireheading","FearNoEvil","Consecrate","FlurryOfBlows","Trip","ThirdEye"],"relics":["PureWater","NeowsBlessing","Oddly Smooth Stone","Tiny Chest"],"acts_visited":["Exordium"],"potions_floor_usage":[7],"damage_taken":[{"damage":0,"enemies":"2 Louse","floor":1,"turns":1},{"damage":0,"enemies":"Small Slimes","floor":2,"turns":1},{"damage":0,"enemies":"Jaw Worm","floor":4,"turns":1},{"damage":29,"enemies":"Lagavulin","floor":7,"turns":9},{"damage":5,"enemies":"Exordium Thugs","floor":10,"turns":5},{"damage":24,"enemies":"3 Sentries","floor":11,"turns":5}],"seed_played":"8765456741290755591","potions_obtained":[{"floor":4,"key":"GamblersBrew"},{"floor":7,"key":"BlessingOfTheForge"}],"is_trial":false,"path_per_floor":["M","M","?","M","?","R","E","$","T","M","E"],"character_chosen":"WATCHER","items_purchased":["FlurryOfBlows","Trip"],"campfire_rested":0,"item_purchase_floors":[8,8],"current_hp_per_floor":[65,65,65,65,65,65,36,36,36,31,7,7],"gold":245,"neow_bonus":"THREE_ENEMY_KILL","is_daily":false,"chose_seed":false,"campfire_upgraded":1,"win_rate":0.0,"timestamp":1609733577,"path_taken":["M","M","?","M","?","R","E","?","T","?","E"],"items_purchased_type":["Card","Card"],"build_version":"2020-12-22","purchased_purges":0,"victory":false,"max_hp_per_floor":[72,72,72,72,72,72,72,72,72,72,72,72],"relic_stats":{"counters":[6,22],"Tiny Chest":0,"obtain_stats":[{"NeowsBlessing":0,"Oddly Smooth Stone":7,"Tiny Chest":9,"PureWater":0},{"NeowsBlessing":0,"Oddly Smooth Stone":4,"Tiny Chest":4,"PureWater":0},{"NeowsBlessing":0,"Oddly Smooth Stone":12,"Tiny Chest":12,"PureWater":0}]},"card_choices":[{"not_picked":["Crescendo","Prostrate"],"picked":"Weave","floor":1},{"not_picked":["Indignation","WaveOfTheHand"],"picked":"TalkToTheHand","floor":2},{"not_picked":["ReachHeaven","Pray"],"picked":"Wireheading","floor":4},{"not_picked":["Crescendo","Vault"],"picked":"Consecrate","floor":7},{"not_picked":["Halt","ForeignInfluence"],"picked":"ThirdEye","floor":10}],"player_experience":3761536,"relics_obtained":[{"floor":7,"key":"Oddly Smooth Stone"},{"floor":9,"key":"Tiny Chest"}],"event_choices":[{"damage_healed":0,"gold_gain":175,"player_choice":"AGREE","damage_taken":0,"max_hp_gain":0,"max_hp_loss":0,"event_name":"Liars Game","floor":3,"gold_loss":0,"cards_obtained":["Doubt"]},{"damage_healed":0,"gold_gain":0,"cards_transformed":["Strike_P"],"player_choice":"Change","damage_taken":0,"max_hp_gain":0,"max_hp_loss":0,"event_name":"Living Wall","floor":5,"gold_loss":0,"cards_obtained":["FearNoEvil"]}],"is_beta":false,"boss_relics":[],"items_purged_floors":[],"is_endless":false,"potions_floor_spawned":[4,7],"killed_by":"3 Sentries","ascension_level":11}}