{"host":"a5lz0e76zb3fcwkm","time":1609786556,"event":{"mods":["AchievementEnabler","BaseMod","Colored Map","Colored Powertips","Minty Spire (QoL Compilation)","StSLib","SuperFastMode"],"gold_per_floor":[110,127,137,62,77,105,105,105,105,115,140,140,169,169,169,245,245,257,257,139,154,169,169,204,218,218,244,344,363,396,413,413,487,487,506,526,426,451,451,483,495,537,549,578,590,292,324,351,351,351,351,351,351,29,57,57],"floor_reached":57,"playtime":1901,"items_purged":["Writhe","Strike_G","Strike_G","Strike_G"],"score":3921,"play_id":"35ddf0f5-49bb-4084-8ae7-cac47dd42554","local_time":"20210105035556","is_ascension_mode":true,"campfire_choices":[{"data":"Blade Dance","floor":7,"key":"SMITH"},{"data":"Blade Dance","floor":12,"key":"SMITH"},{"data":"Blade Dance","floor":15,"key":"SMITH"},{"data":"Storm of Steel","floor":23,"key":"SMITH"},{"floor":32,"key":"RECALL"},{"data":"Jack Of All Trades","floor":45,"key":"SMITH"},{"data":"Concentrate","floor":49,"key":"SMITH"},{"data":"Crippling Poison","floor":53,"key":"SMITH"}],"circlet_count":0,"master_deck":["AscendersBane","Strike_G","Defend_G","Defend_G","Defend_G","Defend_G","Defend_G","Survivor","Neutralize","Corruption+1","PiercingWail","Blade Dance+1","Blade Dance+1","Finisher","Outmaneuver","Calculated Gamble","Blade Dance+1","Storm of Steel+1","Backflip","Blur","Acrobatics+1","Deadly Poison","Leg Sweep+1","Phantasmal Killer","Crippling Poison+1","Finesse","Jack Of All Trades+1","Blade Dance+1","Apotheosis","Concentrate+1"],"relics":["Ring of the Snake","Dead Branch","Bottled Tornado","NeowsBlessing","Eternal Feather","Kunai","Molten Egg 2","Ninja Scroll","Busted Crown","Strawberry","Anchor","Regal Pillow","Lizard Tail","Ancient Tea Set","Sozu","WingedGreaves","MawBank","Toy Ornithopter","Pantograph","Pocketwatch","Pear","Lantern","Centennial Puzzle"],"acts_visited":["Exordium","TheCity","TheBeyond","TheEnding"],"potions_floor_usage":[33,56],"damage_taken":[{"damage":0,"enemies":"2 Louse","floor":1,"turns":1},{"damage":0,"enemies":"Jaw Worm","floor":2,"turns":1},{"damage":0,"enemies":"Cultist","floor":3,"turns":1},{"damage":0,"enemies":"3 Louse","floor":5,"turns":3},{"damage":0,"enemies":"Gremlin Nob","floor":6,"turns":2},{"damage":0,"enemies":"Blue Slaver","floor":10,"turns":2},{"damage":0,"enemies":"Lagavulin","floor":11,"turns":3},{"damage":0,"enemies":"Gremlin Nob","floor":13,"turns":2},{"damage":40,"enemies":"The Guardian","floor":16,"turns":4},{"damage":0,"enemies":"Spheric Guardian","floor":18,"turns":2},{"damage":0,"enemies":"2 Thieves","floor":21,"turns":1},{"damage":0,"enemies":"Centurion and Healer","floor":22,"turns":2},{"damage":0,"enemies":"Slavers","floor":24,"turns":2},{"damage":0,"enemies":"Snake Plant","floor":25,"turns":3},{"damage":0,"enemies":"Gremlin Leader","floor":27,"turns":3},{"damage":0,"enemies":"Colosseum Slavers","floor":28,"turns":2},{"damage":0,"enemies":"Colosseum Nobs","floor":28,"turns":2},{"damage":0,"enemies":"Sentry and Sphere","floor":29,"turns":2},{"damage":0,"enemies":"Book of Stabbing","floor":30,"turns":1},{"damage":0,"enemies":"Shelled Parasite and Fungi","floor":31,"turns":1},{"damage":0,"enemies":"Champ","floor":33,"turns":2},{"damage":0,"enemies":"Orb Walker","floor":35,"turns":1},{"damage":0,"enemies":"3 Shapes","floor":36,"turns":2},{"damage":0,"enemies":"Mind Bloom Boss Battle","floor":38,"turns":2},{"damage":0,"enemies":"Nemesis","floor":40,"turns":3},{"damage":0,"enemies":"Reptomancer","floor":42,"turns":1},{"damage":0,"enemies":"Maw","floor":44,"turns":3},{"damage":0,"enemies":"Giant Head","floor":47,"turns":3},{"damage":0,"enemies":"Nemesis","floor":48,"turns":3},{"damage":0,"enemies":"Donu and Deca","floor":50,"turns":2},{"damage":0,"enemies":"Awakened One","floor":51,"turns":2},{"damage":0,"enemies":"Shield and Spear","floor":55,"turns":2},{"damage":64,"enemies":"The Heart","floor":56,"turns":5}],"seed_played":"7084210494808202546","potions_obtained":[{"floor":1,"key":"SteroidPotion"},{"floor":2,"key":"Poison Potion"},{"floor":3,"key":"Energy Potion"},{"floor":18,"key":"DuplicationPotion"},{"floor":33,"key":"EssenceOfSteel"}],"is_trial":false,"path_per_floor":["M","M","M","?","M","E","R","?","T","M","E","R","E","?","R","B",null,"M","?","$","M","M","R","E","M","T","E","?","M","E","M","R","B",null,"M","M","$","?","?","E","?","E","T","M","R","$","E","E","R","B","B",null,"R","$","E","B",null],"character_chosen":"THE_SILENT","items_purchased":["Blur","Apotheosis","Lantern"],"campfire_rested":0,"item_purchase_floors":[20,46,54],"current_hp_per_floor":[59,59,59,59,59,59,66,66,66,66,66,66,66,66,66,26,56,56,63,63,63,63,73,73,73,73,73,73,73,73,73,73,73,73,73,73,73,73,63,63,63,63,63,63,73,73,73,83,83,83,83,83,83,83,83,19],"gold":57,"neow_bonus":"THREE_ENEMY_KILL","is_daily":false,"chose_seed":false,"campfire_upgraded":7,"win_rate":0.0,"timestamp":1609786556,"path_taken":["M","M","M","?","M","E","R","?","T","?","E","R","E","?","R","BOSS","M","?","$","M","M","R","E","M","T","E","?","M","E","M","R","BOSS","M","M","$","?","?","E","?","E","T","M","R","$","E","E","R","BOSS","BOSS","R","$","E","BOSS"],"items_purchased_type":["Card","Card","Relic"],"build_version":"2020-12-22","purchased_purges":4,"victory":true,"max_hp_per_floor":[66,66,66,66,66,66,66,66,66,66,66,66,66,66,66,66,66,66,73,73,73,73,73,73,73,73,73,73,73,73,73,73,73,73,73,73,73,73,73,73,73,73,73,73,73,73,73,83,83,83,83,83,83,83,83,83],"card_choices":[{"not_picked":["Footwork","Acrobatics"],"picked":"Backstab","floor":1},{"not_picked":["Acrobatics","Flechettes"],"picked":"PiercingWail","floor":2},{"not_picked":["Underhanded Strike","All Out Attack"],"picked":"Blade Dance","floor":3},{"not_picked":["Slice","Dagger Spray"],"picked":"Blade Dance","floor":5},{"not_picked":["Bane","Noxious Fumes"],"picked":"Finisher","floor":6},{"not_picked":["Reflex","Skewer"],"picked":"Outmaneuver","floor":10},{"not_picked":["Flying Knee+1","Tools of the Trade"],"picked":"Calculated Gamble","floor":11},{"not_picked":["Well Laid Plans","Heel Hook+1"],"picked":"Blade Dance","floor":13},{"not_picked":["Doppelganger","Grand Finale+1"],"picked":"Storm of Steel","floor":16},{"not_picked":[],"picked":"Backflip","floor":18},{"not_picked":["Flying Knee+1"],"picked":"SKIP","floor":21},{"not_picked":["Sucker Punch+1"],"picked":"SKIP","floor":22},{"not_picked":["Bane+1"],"picked":"SKIP","floor":24},{"not_picked":[],"picked":"Acrobatics+1","floor":25},{"not_picked":["Dagger Throw+1"],"picked":"SKIP","floor":27},{"not_picked":[],"picked":"Deadly Poison","floor":28},{"not_picked":["Dagger Throw+1"],"picked":"SKIP","floor":29},{"not_picked":[],"picked":"Leg Sweep+1","floor":30},{"not_picked":["Sucker Punch+1"],"picked":"SKIP","floor":31},{"not_picked":[],"picked":"Phantasmal Killer","floor":33},{"not_picked":[],"picked":"Crippling Poison","floor":35},{"not_picked":["Acrobatics"],"picked":"SKIP","floor":36},{"not_picked":[],"picked":"Finesse","floor":39},{"not_picked":[],"picked":"Jack Of All Trades","floor":39},{"not_picked":["Footwork"],"picked":"SKIP","floor":40},{"not_picked":["PiercingWail+1"],"picked":"SKIP","floor":42},{"not_picked":[],"picked":"Blade Dance+1","floor":44},{"not_picked":["Quick Slash+1"],"picked":"SKIP","floor":47},{"not_picked":[],"picked":"Concentrate","floor":48},{"not_picked":["All Out Attack+1"],"picked":"SKIP","floor":55}],"player_experience":1668269,"relics_obtained":[{"floor":6,"key":"Eternal Feather"},{"floor":9,"key":"Kunai"},{"floor":11,"key":"Molten Egg 2"},{"floor":13,"key":"Ninja Scroll"},{"floor":24,"key":"Anchor"},{"floor":27,"key":"Regal Pillow"},{"floor":28,"key":"Lizard Tail"},{"floor":30,"key":"Ancient Tea Set"},{"floor":38,"key":"WingedGreaves"},{"floor":40,"key":"MawBank"},{"floor":42,"key":"Toy Ornithopter"},{"floor":43,"key":"Pantograph"},{"floor":47,"key":"Pocketwatch"},{"floor":48,"key":"Pear"},{"floor":55,"key":"Centennial Puzzle"}],"event_choices":[{"cards_removed":["Strike_G"],"damage_healed":0,"gold_gain":0,"player_choice":"Card Removal","damage_taken":0,"max_hp_gain":0,"max_hp_loss":0,"event_name":"The Cleric","floor":4,"gold_loss":75},{"cards_removed":["Backstab"],"damage_healed":0,"gold_gain":0,"player_choice":"Offered Uncommon","damage_taken":0,"max_hp_gain":0,"max_hp_loss":0,"event_name":"Bonfire Elementals","floor":8,"gold_loss":0},{"damage_healed":0,"gold_gain":0,"player_choice":"Ignored","damage_taken":0,"max_hp_gain":0,"max_hp_loss":0,"event_name":"Liars Game","floor":14,"gold_loss":0},{"damage_healed":0,"gold_gain":0,"player_choice":"Opened","damage_taken":0,"relics_obtained":["Strawberry"],"max_hp_gain":0,"max_hp_loss":0,"event_name":"The Mausoleum","floor":19,"gold_loss":0,"cards_obtained":["Writhe"]},{"damage_healed":0,"gold_gain":0,"player_choice":"Fight","damage_taken":0,"max_hp_gain":0,"max_hp_loss":0,"event_name":"Colosseum","floor":28,"gold_loss":0},{"damage_healed":0,"gold_gain":0,"player_choice":"Fought Nobs","damage_taken":0,"max_hp_gain":0,"max_hp_loss":0,"event_name":"Colosseum","floor":28,"gold_loss":0},{"damage_healed":0,"gold_gain":0,"player_choice":"Fight","damage_taken":0,"max_hp_gain":0,"max_hp_loss":0,"event_name":"MindBloom","floor":38,"gold_loss":0},{"damage_healed":0,"gold_gain":0,"player_choice":"Memory 3","damage_taken":10,"max_hp_gain":0,"max_hp_loss":0,"event_name":"SensoryStone","floor":39,"gold_loss":0},{"damage_healed":0,"gold_gain":0,"player_choice":"Ignored","damage_taken":0,"max_hp_gain":0,"max_hp_loss":0,"event_name":"Tomb of Lord Red Mask","floor":41,"gold_loss":0}],"is_beta":false,"boss_relics":[{"not_picked":["Astrolabe","Black Star"],"picked":"Busted Crown"},{"not_picked":["Cursed Key","Runic Pyramid"],"picked":"Sozu"}],"items_purged_floors":[20,37,46,54],"is_endless":false,"potions_floor_spawned":[1,2,3,6,10,18,22,25,28,28,30,33,35,36,44,55],"ascension_level":20}}