{"host":"l2dnabsh5e0fsksb","time":1609725304,"event":{"mods":["2.2 Compatiblity","BaseMod","Downfall","Minty Spire (QoL Compilation)","Quick Restart","StSLib"],"gold_per_floor":[99,110,174,274,449,549,549,474,484,522,546,129,129,154,177,285,285,285,311,311,311,420,420,420,420,65,92,134,154,154,154,182,288,288,288,310,337,7,27,41,41,41,60,60,54,79,4,6,21,21],"floor_reached":51,"playtime":2596,"items_purged":["Doubt","champ:Strike"],"score":850,"play_id":"3677742b-f5e5-47c1-9651-c3c4058f489a","local_time":"20210104122504","is_ascension_mode":true,"campfire_choices":[{"floor":1.0,"key":"RECALL"},{"floor":8.0,"key":"REST"},{"data":"champ:PreciseThrust","floor":18.0,"key":"SMITH"},{"floor":25.0,"key":"REST"},{"data":"champ:SteelEdge","floor":30.0,"key":"SMITH"},{"data":"champ:StrikeOfGenius","floor":35.0,"key":"SMITH"},{"data":"expansioncontent:Flail","floor":44,"key":"SMITH"},{"data":"expansioncontent:DonusPower","floor":47,"key":"SMITH"}],"circlet_count":0,"master_deck":["champ:Strike+1","champ:Strike","champ:Strike","champ:Defend","champ:Defend","champ:Defend","champ:Defend","champ:Execute","champ:Taunt","champ:ShieldWall","champ:PreciseThrust+1","champ:FlashCut","champ:FocusedDefense","champ:Haymaker","champ:BringItOn","champ:SteelEdge+1","champ:FanOfKnives","champ:Balance","champ:StanceDance","champ:SteelEdge","champ:BladeFlurry+1","champ:Control+1","champ:CrookedStrike+1","champ:FaceSlap","champ:Haymaker","champ:Riposte+1","champ:PreciseThrust+1","champ:StrikeOfGenius+1","champ:GladiatorStyle","expansioncontent:Chronoboost","expansioncontent:DonusPower+1","expansioncontent:Flail+1","champ:GladiatorsShout+1","champ:SkillfulDodge+1","champ:Circumvent+1","champ:CrookedStrike+1"],"relics":["champ:ChampionCrown","Centennial Puzzle","Meat on the Bone","downfall:HeartBlessingRed","CeramicFish","Oddly Smooth Stone","Guardian:PocketSentry","SlaversCollar","Letter Opener","champ:BlackKnightHelmet","MutagenicStrength","The Courier","champ:GladiatorsBookOfMartialProwess","hexamod:BolsterEngine","Matryoshka","champ:DefensiveTrainingManual","Busted Crown","Whetstone","Omamori","Blue Candle","FossilizedHelix","Blood Vial","Orichalcum","downfall:HeartBlessingGreen","Membership Card","champ:FightingForDummies","Torii","Bag of Preparation"],"acts_visited":["Exordium","TheCity","TheBeyond"],"potions_floor_usage":[40,50,50],"damage_taken":[{"damage":17.0,"enemies":"Small Slimes","floor":2.0,"turns":4.0},{"damage":67.0,"enemies":"Lagavulin Event","floor":3.0,"turns":8.0},{"damage":8.0,"enemies":"2 Louse","floor":9.0,"turns":3.0},{"damage":19.0,"enemies":"Lagavulin","floor":10.0,"turns":9.0},{"damage":3.0,"enemies":"Jaw Worm","floor":11.0,"turns":4.0},{"damage":5.0,"enemies":"downfall:FleeingMerchant","floor":12.0,"turns":4.0},{"damage":5.0,"enemies":"Large Slime","floor":14.0,"turns":5.0},{"damage":0.0,"enemies":"3 Louse","floor":15.0,"turns":1.0},{"damage":39.0,"enemies":"downfall:Ironclad","floor":16.0,"turns":7.0},{"damage":26.0,"enemies":"3 Byrds","floor":19.0,"turns":6.0},{"damage":62.0,"enemies":"3 Byrds","floor":22.0,"turns":11.0},{"damage":10.0,"enemies":"downfall:FleeingMerchant","floor":26.0,"turns":4.0},{"damage":13.0,"enemies":"Shell Parasite","floor":27.0,"turns":4.0},{"damage":9.0,"enemies":"Slavers","floor":28.0,"turns":5.0},{"damage":12.0,"enemies":"Centurion and Healer","floor":29.0,"turns":7.0},{"damage":5.0,"enemies":"Chosen and Byrds","floor":32.0,"turns":4.0},{"damage":13.0,"enemies":"downfall:Defect","floor":33.0,"turns":7.0},{"damage":4.0,"enemies":"Orb Walker","floor":36.0,"turns":1.0},{"damage":5.0,"enemies":"downfall:FleeingMerchant","floor":38.0,"turns":4.0},{"damage":12.0,"enemies":"3 Darklings","floor":39.0,"turns":3.0},{"damage":16,"enemies":"Jaw Worm Horde","floor":40,"turns":3},{"damage":6,"enemies":"Sphere and 2 Shapes","floor":43,"turns":5},{"damage":0,"enemies":"downfall:FleeingMerchant","floor":45,"turns":4},{"damage":32,"enemies":"Nemesis","floor":46,"turns":9},{"damage":4,"enemies":"downfall:FleeingMerchant","floor":48,"turns":3},{"damage":10,"enemies":"Transient","floor":49,"turns":5},{"damage":9,"enemies":"downfall:Watcher","floor":50,"turns":8}],"seed_played":"262994150550784986","potions_obtained":[{"floor":2.0,"key":"champ:UltimateStancePotion"},{"floor":14.0,"key":"BlessingOfTheForge"},{"floor":15.0,"key":"champ:UltimateStancePotion"},{"floor":16.0,"key":"SmokeBomb"},{"floor":19.0,"key":"LiquidBronze"},{"floor":22.0,"key":"EntropicBrew"},{"floor":27.0,"key":"GamblersBrew"},{"floor":33.0,"key":"BlessingOfTheForge"},{"floor":36.0,"key":"SteroidPotion"},{"floor":40,"key":"champ:CounterPotion"},{"floor":46,"key":"Dexterity Potion"}],"is_trial":false,"path_per_floor":["R","M","?","?","?","?","T","R","M","E","M","$","?","M","M","B",null,"R","M","?","?","?","?","T","R","$","M","E","M","R","?","M","B",null,"R","M","?","$","M","M","T","T","M","R","$","E","R","$","M","B",null],"character_chosen":"THE_CHAMP","items_purchased":["Oddly Smooth Stone","champ:SteelEdge","champ:FanOfKnives","champ:GladiatorsBookOfMartialProwess","hexamod:BolsterEngine","Whetstone","Omamori","Membership Card","champ:FightingForDummies","Torii","Bag of Preparation"],"campfire_rested":2,"item_purchase_floors":[12,12,12,26,26,38,38,48,48,48,48],"current_hp_per_floor":[81,74,17,17,17,17,17,49,53,46,55,67,55,55,55,28,108,108,90,90,90,45,45,45,77,67,66,57,62,62,62,62,68,108,108,108,98,98,86,75,75,75,71,71,73,73,73,71,66,64],"gold":21,"neow_bonus":"TWENTY_PERCENT_HP_BONUS","is_daily":false,"chose_seed":false,"campfire_upgraded":5,"win_rate":0.0,"timestamp":1609725304,"path_taken":["R","M","?","?","?","?","T","R","M","E","M","$","?","M","M","BOSS","R","M","?","?","?","?","T","R","$","M","E","M","R","?","M","BOSS","R","M","?","$","M","M","T","?","M","R","$","E","R","$","M","BOSS"],"items_purchased_type":["Relic","Card","Card","Relic","Relic","Relic","Relic","Relic","Relic","Relic","Relic"],"build_version":"2020-12-22","purchased_purges":2,"victory":true,"max_hp_per_floor":[108,108,108,108,108,108,108,108,108,108,108,108,108,108,108,108,108,108,108,108,108,108,108,108,108,108,108,108,108,108,108,108,108,108,108,108,108,108,108,108,108,108,108,108,108,108,108,108,108,108],"card_choices":[{"not_picked":["champ:FanOfKnives","champ:EndlessRage"],"picked":"champ:ShieldWall","floor":2.0},{"not_picked":["champ:FlashCut","champ:Circumvent"],"picked":"champ:PreciseThrust","floor":3.0},{"not_picked":["champ:CrookedStrike","champ:RecklessLeap"],"picked":"champ:FlashCut","floor":9.0},{"not_picked":["champ:EnragedBash","champ:BerserkersShout"],"picked":"champ:FocusedDefense","floor":10.0},{"not_picked":["champ:FlashCut","champ:SkillfulDodge"],"picked":"champ:Haymaker","floor":11.0},{"not_picked":["champ:PerfectForm","champ:DefensiveShout"],"picked":"champ:BringItOn","floor":12.0},{"not_picked":["champ:PerfectedStrike","champ:BladeFlurry"],"picked":"champ:Balance","floor":14.0},{"not_picked":["champ:Control","champ:TornadoPunch"],"picked":"champ:StanceDance","floor":15.0},{"not_picked":["champ:CheapShot","champ:SwordThrow"],"picked":"champ:SteelEdge","floor":16.0},{"not_picked":["champ:AdrenalArmor","champ:BringItOn"],"picked":"champ:BladeFlurry","floor":19.0},{"not_picked":["champ:BringItOn","champ:EnGarde"],"picked":"champ:Control+1","floor":22.0},{"not_picked":["champ:FocusedBerserking","champ:RisingSlash"],"picked":"champ:CrookedStrike+1","floor":26.0},{"not_picked":["champ:BerserkersShout+1","champ:PerfectedStrike"],"picked":"champ:FaceSlap","floor":27.0},{"not_picked":["champ:IgnorePain","champ:GutPunch"],"picked":"champ:Haymaker","floor":28.0},{"not_picked":["champ:GutPunch","champ:BerserkersShout"],"picked":"champ:Riposte+1","floor":29.0},{"not_picked":["champ:BladeFlurry","champ:AdrenalArmor+1"],"picked":"champ:PreciseThrust+1","floor":32.0},{"not_picked":["champ:Devastate","champ:HeavySlash"],"picked":"champ:StrikeOfGenius","floor":33.0},{"not_picked":[],"picked":"champ:GladiatorStyle","floor":36.0},{"not_picked":[],"picked":"expansioncontent:Chronoboost","floor":37.0},{"not_picked":[],"picked":"expansioncontent:DonusPower","floor":37.0},{"not_picked":[],"picked":"expansioncontent:Flail","floor":37.0},{"not_picked":[],"picked":"champ:GladiatorsShout+1","floor":38.0},{"not_picked":[],"picked":"champ:SkillfulDodge+1","floor":39.0},{"not_picked":["champ:GutPunch"],"picked":"SKIP","floor":40},{"not_picked":["champ:GutPunch"],"picked":"SKIP","floor":43},{"not_picked":[],"picked":"champ:Circumvent+1","floor":45},{"not_picked":["champ:DefensiveStyle"],"picked":"SKIP","floor":46},{"not_picked":[],"picked":"champ:CrookedStrike+1","floor":48},{"not_picked":["champ:GutPunch"],"picked":"SKIP","floor":49}],"player_experience":1727923,"relics_obtained":[{"floor":3.0,"key":"Centennial Puzzle"},{"floor":7.0,"key":"Meat on the Bone"},{"floor":10.0,"key":"CeramicFish"},{"floor":22.0,"key":"Letter Opener"},{"floor":22.0,"key":"champ:BlackKnightHelmet"},{"floor":24.0,"key":"The Courier"},{"floor":28.0,"key":"Matryoshka"},{"floor":41,"key":"Blue Candle"},{"floor":41,"key":"FossilizedHelix"},{"floor":42,"key":"Blood Vial"},{"floor":46,"key":"Orichalcum"}],"event_choices":[{"damage_healed":0.0,"max_hp_gain":0.0,"max_hp_loss":0.0,"gold_gain":0.0,"event_name":"Scrap Ooze","player_choice":"Success","floor":13.0,"gold_loss":0.0,"damage_taken":12.0,"relics_obtained":["Guardian:PocketSentry"]},{"damage_healed":0.0,"max_hp_gain":0.0,"max_hp_loss":0.0,"gold_gain":0.0,"event_name":"Vampires","player_choice":"Ignored","floor":21.0,"gold_loss":0.0,"damage_taken":0.0},{"damage_healed":0.0,"max_hp_gain":0.0,"max_hp_loss":0.0,"gold_gain":0.0,"event_name":"Drug Dealer","player_choice":"Inject Mutagens","floor":23.0,"gold_loss":0.0,"damage_taken":0.0,"relics_obtained":["MutagenicStrength"]}],"is_beta":false,"boss_relics":[{"not_picked":["Runic Dome","SacredBark"],"picked":"SlaversCollar"},{"not_picked":["Cursed Key","Astrolabe"],"picked":"Busted Crown"}],"items_purged_floors":[12,38],"is_endless":false,"potions_floor_spawned":[2,14,15,16,19,22,27,33,36,39,40,46,49],"ascension_level":1}}