{"host":"yy8mitdds7tg9c5m","time":1609730228,"event":{"mods":["Act Like it!","AlwaysNeverKeys","BaseMod","Better Note","Downfall","GifTheSpireLib","Minty Spire (QoL Compilation)","Permanent Neow","Quick Restart","StSLib","egg"],"gold_per_floor":[0,12,26,26,11,40,40,40,68,88,113,144,6,36,60,176,188,125,150,162,192,218,263,275,307,319,348,378,390,105,105,115,210,210,210,210,229,289,308,308,308,326,326,345,345,345,369,403,415,415],"floor_reached":51,"playtime":4158,"items_purged":["Guardian:Strike_Guardian"],"score":1021,"play_id":"73a9bdda-f25d-47f8-8c77-e0ed6c8a46fe","local_time":"20210103231708","is_ascension_mode":false,"campfire_choices":[{"data":"Magnetism","floor":1.0,"key":"SMITH"},{"data":"Guardian:PrismaticBarrier","floor":13.0,"key":"SMITH"},{"data":"Guardian:PrismaticBeam","floor":18.0,"key":"SMITH"},{"data":"Guardian:TwinSlam","floor":26.0,"key":"SMITH"},{"data":"Guardian:CrystalBeam","floor":29.0,"key":"SMITH"},{"data":"Guardian:ExploitGems","floor":35,"key":"SMITH"},{"data":"Guardian:EvasiveProtocol","floor":40,"key":"SMITH"},{"data":"Guardian:StasisStrike","floor":46,"key":"SMITH"}],"circlet_count":0,"master_deck":["Guardian:Strike_Guardian","Guardian:Strike_Guardian","Guardian:Strike_Guardian+1","Guardian:Defend_Guardian","Guardian:Defend_Guardian","Guardian:Defend_Guardian","Guardian:Defend_Guardian+1","Guardian:CurlUp","Guardian:TwinSlam+1","Magnetism+1","Guardian:CrystalBeam+1","Guardian:PrismaticBarrier+1","Guardian:PrismaticBeam+1","Guardian:StasisStrike+1","Guardian:VentSteam","Decay","Guardian:ExploitGems+1","Guardian:EvasiveProtocol+1","Regret","Guardian:PiercingHide+1","Guardian:Gem_Green","Parasite","Guardian:Gem_Crimson","Pain","Clumsy","Guardian:SpikerProtocol","Guardian:BronzeArmor+1"],"relics":["Guardian:ModeShifter","Oddly Smooth Stone","Darkstone Periapt","Bottled Tornado","Smiling Mask","MawBank","downfall:HeartBlessingBlue","downfall:HeartBlessingRed","Cursed Key","downfall:HeartBlessingGreen","Anchor","Question Card","Lee\u0027s Waffle","downfall:KnowingSkull","Philosopher\u0027s Stone","Pantograph","Toy Ornithopter","Ornamental Fan"],"acts_visited":["Exordium","TheCity","TheBeyond"],"potions_floor_usage":[48,50],"damage_taken":[{"damage":2.0,"enemies":"Small Slimes","floor":2.0,"turns":3.0},{"damage":0.0,"enemies":"Jaw Worm","floor":3.0,"turns":3.0},{"damage":5.0,"enemies":"downfall:FleeingMerchant","floor":5.0,"turns":4.0},{"damage":23.0,"enemies":"Lagavulin","floor":6.0,"turns":8.0},{"damage":0.0,"enemies":"Cultist","floor":8.0,"turns":1.0},{"damage":11.0,"enemies":"3 Sentries","floor":9.0,"turns":6.0},{"damage":3.0,"enemies":"2 Fungi Beasts","floor":10.0,"turns":5.0},{"damage":10.0,"enemies":"Lagavulin","floor":12.0,"turns":6.0},{"damage":0.0,"enemies":"Red Slaver","floor":14.0,"turns":3.0},{"damage":9.0,"enemies":"Lots of Slimes","floor":15.0,"turns":3.0},{"damage":0.0,"enemies":"downfall:Watcher","floor":16.0,"turns":8.0},{"damage":0.0,"enemies":"Chosen","floor":19.0,"turns":4.0},{"damage":2.0,"enemies":"Shelled Parasite and Fungi","floor":21.0,"turns":5.0},{"damage":2.0,"enemies":"Centurion and Healer","floor":22.0,"turns":6.0},{"damage":13.0,"enemies":"Slavers","floor":23.0,"turns":6.0},{"damage":19.0,"enemies":"3 Cultists","floor":25.0,"turns":6.0},{"damage":13.0,"enemies":"Cultist and Chosen","floor":27.0,"turns":5.0},{"damage":2.0,"enemies":"Shelled Parasite and Fungi","floor":28.0,"turns":5.0},{"damage":0.0,"enemies":"downfall:FleeingMerchant","floor":30.0,"turns":4.0},{"damage":18.0,"enemies":"Snake Plant","floor":32.0,"turns":4.0},{"damage":36.0,"enemies":"downfall:Ironclad","floor":33.0,"turns":8.0},{"damage":3,"enemies":"3 Shapes","floor":37,"turns":4},{"damage":9,"enemies":"3 Darklings","floor":38,"turns":7},{"damage":0,"enemies":"Transient","floor":39,"turns":5},{"damage":9,"enemies":"Spire Growth","floor":42,"turns":4},{"damage":27,"enemies":"Writhing Mass","floor":44,"turns":7},{"damage":38,"enemies":"Nemesis","floor":48,"turns":7},{"damage":55,"enemies":"Transient","floor":49,"turns":5},{"damage":25,"enemies":"downfall:Silent","floor":50,"turns":9}],"seed_played":"7383918741484515534","potions_obtained":[{"floor":2.0,"key":"Explosive Potion"},{"floor":6.0,"key":"SkillPotion"},{"floor":9.0,"key":"CultistPotion"},{"floor":14.0,"key":"Weak Potion"},{"floor":16.0,"key":"FairyPotion"},{"floor":21.0,"key":"Guardian:DefensiveModePotion"},{"floor":25.0,"key":"DuplicationPotion"},{"floor":28.0,"key":"champ:CounterPotion"},{"floor":32.0,"key":"SpeedPotion"},{"floor":33.0,"key":"Guardian:BlockOnCardUsePotion"},{"floor":37,"key":"Guardian:BlockOnCardUsePotion"},{"floor":42,"key":"PowerPotion"}],"is_trial":false,"path_per_floor":["R","M","M","?","$","E","T","M","E","M","T","E","R","M","M","B",null,"R","M","?","M","M","E","T","M","R","M","M","R","$","?","M","B",null,"R","?","M","M","M","R","T","M","?","M","?","R","T","E","M","B",null],"character_chosen":"GUARDIAN","items_purchased":["Lee\u0027s Waffle","Guardian:Gem_Fragmented"],"campfire_rested":0,"item_purchase_floors":[30,30],"current_hp_per_floor":[80,78,78,78,73,50,50,50,39,36,36,26,36,36,27,27,90,90,90,82,80,78,65,71,52,52,39,37,37,103,95,77,41,103,103,103,100,91,91,91,97,88,88,67,90,90,96,63,8,13],"gold":415,"neow_bonus":"RANDOM_COLORLESS_2","is_daily":false,"chose_seed":false,"campfire_upgraded":8,"win_rate":0.0,"timestamp":1609730228,"path_taken":["R","M","M","?","$","E","T","M","E","M","?","E","R","?","M","BOSS","R","M","?","?","M","E","T","M","R","M","M","R","?","?","M","BOSS","R","?","M","M","M","R","T","?","?","?","?","R","?","E","M","BOSS"],"items_purchased_type":["Relic","Card"],"build_version":"2020-12-22","purchased_purges":1,"victory":true,"max_hp_per_floor":[80,80,80,80,80,80,80,80,80,80,80,80,90,90,90,90,90,90,90,90,90,90,90,96,96,96,96,96,96,103,103,103,103,103,103,103,103,103,103,103,109,109,109,115,138,138,144,144,144,144],"card_choices":[{"not_picked":["Violence","Master of Strategy"],"picked":"Magnetism","floor":0.0},{"not_picked":["Guardian:ArmoredProtocol","Guardian:BronzeArmor"],"picked":"Guardian:CrystalBeam","floor":2.0},{"not_picked":["Guardian:Planning","Guardian:ShieldCharger","Guardian:Recover"],"picked":"SKIP","floor":3.0},{"not_picked":["Guardian:StasisField","Guardian:Gem_Lightblue"],"picked":"Guardian:PrismaticBarrier","floor":5.0},{"not_picked":["Guardian:WalkerClaw","Guardian:ShieldCharger"],"picked":"Guardian:Gem_White","floor":6.0},{"not_picked":["Guardian:Gem_Cyan","Guardian:Suspension"],"picked":"Guardian:Gem_Fragmented","floor":8.0},{"not_picked":["Guardian:ChargeCore","Guardian:Harden","Guardian:PolyBeam"],"picked":"SKIP","floor":9.0},{"not_picked":["Guardian:RollAttack","Guardian:PolyBeam"],"picked":"Guardian:Gem_Blue","floor":10.0},{"not_picked":["Guardian:TimeBomb","Guardian:PrimingBeam"],"picked":"Guardian:Gem_Lightblue","floor":12.0},{"not_picked":["Guardian:Harden","Guardian:Recover"],"picked":"Guardian:Gem_Red","floor":14.0},{"not_picked":["Guardian:SpikerProtocol","Guardian:PrimingBeam"],"picked":"Guardian:PrismaticBeam","floor":15.0},{"not_picked":["Guardian:SphericShield","Guardian:HyperBeam_Guardian"],"picked":"Guardian:StasisStrike","floor":16.0},{"not_picked":["Guardian:Orbwalk","Guardian:Suspension+1"],"picked":"Guardian:Gem_Purple","floor":19.0},{"not_picked":["Guardian:Clone","Guardian:RefractedBeam"],"picked":"Guardian:VentSteam","floor":21.0},{"not_picked":["Guardian:PrismaticBarrier","Guardian:WalkerClaw"],"picked":"Guardian:Gem_Green","floor":22.0},{"not_picked":["Guardian:WalkerClaw+1","Guardian:TimeBomb+1","Guardian:TimeCapacitor"],"picked":"SKIP","floor":23.0},{"not_picked":["Guardian:ChargeUp","Guardian:Clone","Guardian:CrystalBeam+1","Guardian:Incinerate"],"picked":"SKIP","floor":25.0},{"not_picked":["Guardian:Gem_Red","Guardian:Incinerate","Guardian:ChargeCore+1"],"picked":"Guardian:Gem_Fragmented","floor":27.0},{"not_picked":["Guardian:Incinerate","Guardian:ChargeCore","Guardian:RollAttack+1"],"picked":"Guardian:Gem_Crimson","floor":28.0},{"not_picked":["Guardian:DecasProtection","Guardian:FastForward","Guardian:TimeBomb","Guardian:Incinerate"],"picked":"SKIP","floor":30.0},{"not_picked":["Guardian:PrimingBeam","Guardian:Gem_Lightblue","Guardian:BronzeOrb"],"picked":"Guardian:Gem_Red","floor":32.0},{"not_picked":["Guardian:StasisField","Guardian:FierceBash","Guardian:TimeSifter"],"picked":"Guardian:ExploitGems","floor":33.0},{"not_picked":["Guardian:CrystalBeam","Guardian:VentSteam","Guardian:DecasProtection"],"picked":"Guardian:Gem_Green","floor":37},{"not_picked":["Guardian:PiercingHide+1","Guardian:CrystalBeam","Guardian:Clone+1"],"picked":"Guardian:Gem_Fragmented","floor":38},{"not_picked":["Guardian:PiercingHide","Guardian:Orbwalk+1","Guardian:Planning"],"picked":"Guardian:Gem_Crimson","floor":39},{"not_picked":["Guardian:VentSteam+1","Guardian:RefractedBeam","Guardian:ChargeCore+1"],"picked":"Guardian:PiercingHide+1","floor":42},{"not_picked":["Guardian:Orbwalk+1","Guardian:Gem_Blue","Guardian:EvasiveProtocol+1"],"picked":"Guardian:Gem_Crimson","floor":44},{"not_picked":["Guardian:ArmoredProtocol","Guardian:WalkerClaw+1","Guardian:ChargeCore"],"picked":"Guardian:SpikerProtocol","floor":48},{"not_picked":["Guardian:FloatingOrbs","Guardian:Gem_Lightblue","Guardian:Orbwalk+1"],"picked":"Guardian:BronzeArmor+1","floor":49}],"player_experience":173916,"relics_obtained":[{"floor":6.0,"key":"Oddly Smooth Stone"},{"floor":7.0,"key":"Darkstone Periapt"},{"floor":9.0,"key":"Bottled Tornado"},{"floor":11.0,"key":"Smiling Mask"},{"floor":12.0,"key":"MawBank"},{"floor":23.0,"key":"Anchor"},{"floor":24.0,"key":"Question Card"},{"floor":41,"key":"Pantograph"},{"floor":47,"key":"Toy Ornithopter"},{"floor":48,"key":"Ornamental Fan"}],"event_choices":[],"is_beta":false,"boss_relics":[{"not_picked":["SlaversCollar","downfall:Hecktoplasm"],"picked":"Cursed Key"},{"not_picked":["Calling Bell","Snecko Eye"],"picked":"Philosopher\u0027s Stone"}],"items_purged_floors":[30],"is_endless":false,"potions_floor_spawned":[2,6,9,14,16,21,25,28,32,33,37,39,42,44],"ascension_level":0}}