{"host":"cv77zuuuekizn3ic","time":1609739238,"event":{"mods":["AchievementEnabler","BaseMod","Marisa£®ÏF”Í°°ƒß¿Ì…≥£©","Minty Spire (QoL Compilation)","StSLib","Waifu the Spire","everything is the same but u backflip on backflip","slay the spire mod where everything is the same but ironclad has a cowboy hat"],"gold_per_floor":[115,132,207,223,233,233,258,258,281,293,309,309,320,338,338,438,438,456,381,86,101,111,111,111,111],"floor_reached":24,"playtime":1289,"items_purged":["Strike_B"],"score":365,"play_id":"6aaeb541-513c-479b-867b-38525b3d0e53","local_time":"20210104134718","is_ascension_mode":true,"campfire_choices":[{"data":"Coolheaded","floor":6.0,"key":"SMITH"},{"data":"Heatsinks","floor":15.0,"key":"SMITH"},{"data":"Creative AI","floor":23,"key":"SMITH"}],"circlet_count":0,"master_deck":["Strike_B","Defend_B","Defend_B","Defend_B","Defend_B","Zap","Dualcast","Capacitor","Hologram","Coolheaded+1","Compile Driver","Cold Snap","Sweeping Beam","Hello World","Heatsinks+1","Creative AI+1","Chill"],"relics":["Cursed Key","Strawberry","Busted Crown","PreservedInsect"],"acts_visited":["Exordium","TheCity"],"potions_floor_usage":[21],"damage_taken":[{"damage":0.0,"enemies":"Cultist","floor":1.0,"turns":4.0},{"damage":0.0,"enemies":"2 Louse","floor":2.0,"turns":4.0},{"damage":0.0,"enemies":"Small Slimes","floor":4.0,"turns":3.0},{"damage":12.0,"enemies":"3 Louse","floor":5.0,"turns":6.0},{"damage":8.0,"enemies":"Lagavulin","floor":7.0,"turns":9.0},{"damage":17.0,"enemies":"Lots of Slimes","floor":10.0,"turns":5.0},{"damage":2.0,"enemies":"Exordium Wildlife","floor":11.0,"turns":4.0},{"damage":0.0,"enemies":"Large Slime","floor":13.0,"turns":6.0},{"damage":12.0,"enemies":"Exordium Thugs","floor":14.0,"turns":4.0},{"damage":0.0,"enemies":"Hexaghost","floor":16.0,"turns":14.0},{"damage":38.0,"enemies":"2 Thieves","floor":18.0,"turns":5.0},{"damage":6,"enemies":"3 Byrds","floor":21,"turns":5},{"damage":11,"enemies":"Snake Plant","floor":22,"turns":7},{"damage":6,"enemies":"Book of Stabbing","floor":24,"turns":2}],"seed_played":"-1772963820919727584","potions_obtained":[{"floor":1.0,"key":"FocusPotion"},{"floor":2.0,"key":"Strength Potion"},{"floor":4.0,"key":"Regen Potion"},{"floor":7.0,"key":"EntropicBrew"},{"floor":14.0,"key":"GamblersBrew"},{"floor":18.0,"key":"BlessingOfTheForge"},{"floor":22,"key":"BlessingOfTheForge"}],"is_trial":false,"path_per_floor":["M","M","?","M","M","R","E","?","T","M","M","?","M","M","R","B",null,"M","?","$","M","M","R","E"],"character_chosen":"DEFECT","items_purchased":["PreservedInsect","Chill"],"campfire_rested":0,"item_purchase_floors":[20,20],"current_hp_per_floor":[68,68,57,57,45,45,44,44,44,39,37,30,30,18,18,18,66,28,28,28,22,11,11,5,5],"gold":111,"neow_bonus":"BOSS_RELIC","is_daily":false,"chose_seed":false,"campfire_upgraded":3,"win_rate":0.0,"timestamp":1609739238,"path_taken":["M","?","?","M","M","R","E","?","T","M","?","?","M","M","R","BOSS","M","?","$","M","M","R","E"],"items_purchased_type":["Relic","Card"],"build_version":"2020-12-22","purchased_purges":1,"victory":false,"max_hp_per_floor":[75,75,75,75,75,75,82,82,82,82,82,82,82,82,82,82,82,82,82,82,82,82,82,82,82],"card_choices":[{"not_picked":["Turbo","Blizzard"],"picked":"Capacitor","floor":1.0},{"not_picked":["Compile Driver","Aggregate"],"picked":"Hologram","floor":2.0},{"not_picked":["Barrage","Go for the Eyes"],"picked":"Coolheaded","floor":4.0},{"not_picked":["Compile Driver","Beam Cell","Stack"],"picked":"SKIP","floor":5.0},{"not_picked":["Beam Cell","Stack"],"picked":"Compile Driver","floor":5.0},{"not_picked":["Rebound","Amplify"],"picked":"Cold Snap","floor":7.0},{"not_picked":["Consume","Beam Cell"],"picked":"Sweeping Beam","floor":10.0},{"not_picked":["Leap","Sweeping Beam"],"picked":"Hello World","floor":11.0},{"not_picked":["Aggregate","Genetic Algorithm"],"picked":"Heatsinks","floor":13.0},{"not_picked":["Lockon","Reprogram","Thunder Strike"],"picked":"SKIP","floor":14.0},{"not_picked":["Machine Learning","Core Surge"],"picked":"Creative AI","floor":16.0},{"not_picked":["Scrape+1"],"picked":"SKIP","floor":18.0},{"not_picked":["Compile Driver"],"picked":"SKIP","floor":21},{"not_picked":["Leap"],"picked":"SKIP","floor":22}],"player_experience":700291,"relics_obtained":[{"floor":7.0,"key":"Strawberry"}],"event_choices":[{"damage_healed":0.0,"max_hp_gain":0.0,"max_hp_loss":0.0,"gold_gain":75.0,"event_name":"World of Goop","player_choice":"Gather Gold","floor":3.0,"gold_loss":0.0,"damage_taken":11.0},{"cards_removed":["Strike_B"],"damage_healed":0.0,"max_hp_gain":0.0,"max_hp_loss":0.0,"gold_gain":0.0,"event_name":"Purifier","player_choice":"Purged","floor":8.0,"gold_loss":0.0,"damage_taken":0.0},{"cards_removed":["Regret"],"damage_healed":0.0,"max_hp_gain":0.0,"max_hp_loss":0.0,"gold_gain":0.0,"event_name":"Golden Wing","player_choice":"Card Removal","floor":12.0,"gold_loss":0.0,"damage_taken":7.0},{"cards_removed":["Strike_B"],"damage_healed":0.0,"max_hp_gain":0.0,"max_hp_loss":0.0,"gold_gain":0.0,"event_name":"Beggar","player_choice":"Gave Gold","floor":19.0,"gold_loss":75.0,"damage_taken":0.0}],"is_beta":false,"boss_relics":[{"not_picked":["Tiny House","Velvet Choker"],"picked":"Busted Crown"}],"items_purged_floors":[20],"is_endless":false,"potions_floor_spawned":[1,2,4,7,14,18,22],"killed_by":"Book of Stabbing","ascension_level":9}}