{"host":"v0dnu0zs4qo0v13s","time":1609741343,"event":{"mods":["BaseMod","Colored Map","Colored Powertips","Minty Spire (QoL Compilation)","Relic Stats","StSLib","SuperFastMode","everything is the same but u backflip on backflip"],"gold_per_floor":[114,132,149,74,90,119,119,151,151,43,13,13,47,58,58,135,135,148,163,163,182,41,41,41],"floor_reached":23,"playtime":1249,"items_purged":["Strike_R"],"score":369,"play_id":"1382beb2-33fa-493e-ac11-a1044f4cbe3d","local_time":"20210104012223","is_ascension_mode":true,"campfire_choices":[{"floor":7.0,"key":"REST"},{"floor":15.0,"key":"REST"}],"circlet_count":0,"master_deck":["AscendersBane","Strike_R","Strike_R","Strike_R","Strike_R","Defend_R","Defend_R","Defend_R","Defend_R","Bash","Metallicize","True Grit","Flame Barrier","Bloodletting","Power Through","Feel No Pain","Dual Wield","Warcry","Berserk","Warcry","Anger+1","Ghostly","Ghostly","Ghostly","Bludgeon"],"relics":["Busted Crown","Dream Catcher","Tiny Chest","Letter Opener","Sundial","SlaversCollar"],"acts_visited":["Exordium","TheCity"],"potions_floor_usage":[16,19],"damage_taken":[{"damage":0.0,"enemies":"Small Slimes","floor":1.0,"turns":3.0},{"damage":3.0,"enemies":"Cultist","floor":2.0,"turns":4.0},{"damage":7.0,"enemies":"Jaw Worm","floor":3.0,"turns":4.0},{"damage":4.0,"enemies":"2 Fungi Beasts","floor":5.0,"turns":4.0},{"damage":29.0,"enemies":"Lagavulin","floor":6.0,"turns":6.0},{"damage":40.0,"enemies":"Gremlin Nob","floor":8.0,"turns":5.0},{"damage":0.0,"enemies":"Looter","floor":11.0,"turns":4.0},{"damage":18.0,"enemies":"3 Sentries","floor":13.0,"turns":14.0},{"damage":12.0,"enemies":"3 Louse","floor":14.0,"turns":5.0},{"damage":44,"enemies":"The Guardian","floor":16,"turns":19},{"damage":41,"enemies":"Chosen","floor":18,"turns":13},{"damage":17,"enemies":"3 Byrds","floor":19,"turns":5},{"damage":4,"enemies":"Snake Plant","floor":21,"turns":6},{"damage":13,"enemies":"Book of Stabbing","floor":23,"turns":2}],"seed_played":"4908093904198535331","potions_obtained":[{"floor":1.0,"key":"SpeedPotion"},{"floor":2.0,"key":"Strength Potion"},{"floor":5.0,"key":"LiquidMemories"},{"floor":13.0,"key":"CultistPotion"},{"floor":14.0,"key":"SpeedPotion"},{"floor":18,"key":"BloodPotion"}],"is_trial":false,"path_per_floor":["M","M","M","$","M","E","R","E","T","$","M","?","E","M","R","B",null,"M","M","?","M","$","E"],"character_chosen":"IRONCLAD","items_purchased":["Power Through","Feel No Pain","Bludgeon"],"campfire_rested":2,"item_purchase_floors":[10,10,22],"current_hp_per_floor":[68,65,58,58,54,25,47,7,7,7,7,75,57,45,67,23,62,21,19,19,15,15,2,2],"gold":41,"neow_bonus":"BOSS_RELIC","is_daily":false,"chose_seed":false,"campfire_upgraded":0,"win_rate":0.0,"timestamp":1609741343,"path_taken":["M","M","M","$","M","E","R","E","T","$","M","?","E","M","R","BOSS","M","?","?","M","$","E"],"items_purchased_type":["Card","Card","Card"],"build_version":"2020-12-22","purchased_purges":1,"victory":false,"max_hp_per_floor":[75,75,75,75,75,75,75,75,75,75,75,75,75,75,75,75,75,75,75,37,37,37,37,37],"relic_stats":{"Dream Catcher":2,"Busted Crown":30,"counters":[14,94],"Sundial":[8],"Tiny Chest":0,"Letter Opener":[55],"obtain_stats":[{"SlaversCollar":17,"Dream Catcher":6,"Busted Crown":0,"Sundial":13,"Tiny Chest":8,"Letter Opener":9,"Burning Blood":0},{"SlaversCollar":10,"Dream Catcher":5,"Busted Crown":0,"Sundial":8,"Tiny Chest":6,"Letter Opener":6,"Burning Blood":0},{"SlaversCollar":68,"Dream Catcher":21,"Busted Crown":0,"Sundial":44,"Tiny Chest":26,"Letter Opener":26,"Burning Blood":0}]},"card_choices":[{"not_picked":[],"picked":"Metallicize","floor":1.0},{"not_picked":[],"picked":"True Grit","floor":2.0},{"not_picked":[],"picked":"Reckless Charge","floor":3.0},{"not_picked":["Body Slam"],"picked":"SKIP","floor":5.0},{"not_picked":["Armaments"],"picked":"SKIP","floor":6.0},{"not_picked":[],"picked":"Flame Barrier","floor":7.0},{"not_picked":[],"picked":"Bloodletting","floor":8.0},{"not_picked":["Reckless Charge"],"picked":"SKIP","floor":11.0},{"not_picked":[],"picked":"Dual Wield","floor":13.0},{"not_picked":[],"picked":"Warcry","floor":14.0},{"not_picked":[],"picked":"Berserk","floor":16},{"not_picked":[],"picked":"Warcry","floor":18},{"not_picked":[],"picked":"Anger+1","floor":19},{"not_picked":["Flex"],"picked":"SKIP","floor":21}],"player_experience":645135,"relics_obtained":[{"floor":6.0,"key":"Dream Catcher"},{"floor":8.0,"key":"Tiny Chest"},{"floor":9.0,"key":"Letter Opener"},{"floor":13.0,"key":"Sundial"}],"event_choices":[{"cards_removed":["Reckless Charge"],"damage_healed":68.0,"max_hp_gain":0.0,"max_hp_loss":0.0,"gold_gain":0.0,"event_name":"Bonfire Elementals","player_choice":"Offered Uncommon","floor":12.0,"gold_loss":0.0,"damage_taken":0.0},{"damage_healed":0,"gold_gain":0,"player_choice":"Became a Ghost","damage_taken":0,"max_hp_gain":0,"max_hp_loss":38,"event_name":"Ghosts","floor":20,"gold_loss":0,"cards_obtained":["Ghostly","Ghostly","Ghostly"]}],"is_beta":false,"boss_relics":[{"not_picked":["Velvet Choker","Fusion Hammer"],"picked":"SlaversCollar"}],"items_purged_floors":[4],"is_endless":false,"potions_floor_spawned":[1,2,5,13,14,18],"killed_by":"Book of Stabbing","ascension_level":15}}