{"host":"ewfe3cr33ktd9xzj","time":1609754240,"event":{"mods":["AchievementEnabler","BaseMod","Colored Map","Custom Start","DeckTracker","Minty Spire (QoL Compilation)","Rare Cards Sparkle","StSLib","everything is the same but u backflip on backflip"],"gold_per_floor":[110,35,35,110,122,155,166,177,177,193,206,231,76,91,91,188,188,207,207,207,232,331,331,359,374,398,409,422,347,347,360,360,465,465,478,478,491,507,256,256,279,58,85,85,307,336,336,336],"floor_reached":47,"playtime":1329,"items_purged":["Shame","Combust"],"score":510,"play_id":"ef2842e5-922f-471e-ba79-e6baf2c724a6","local_time":"20210104185720","is_ascension_mode":false,"campfire_choices":[{"data":"Apotheosis","floor":15.0,"key":"SMITH"},{"data":"Offering","floor":23.0,"key":"SMITH"},{"data":"Battle Trance","floor":30.0,"key":"SMITH"},{"data":"Spot Weakness","floor":32.0,"key":"SMITH"},{"data":"Sever Soul","floor":40,"key":"SMITH"}],"circlet_count":0,"master_deck":["Bash","Apotheosis+1","Wild Strike","Fire Breathing","Flex","Shrug It Off","Spot Weakness+1","Second Wind","Perfected Strike","Infernal Blade","Offering+1","Dropkick","Rampage","Reaper","Cleave","Battle Trance+1","Dropkick","Sever Soul+1","Feel No Pain","Fiend Fire"],"relics":["Burning Blood","Torii","Bottled Tornado","Eternal Feather","ClockworkSouvenir","Pandora\u0027s Box","Red Mask","Art of War","Tiny Chest","Busted Crown","Omamori","Toy Ornithopter","PreservedInsect"],"acts_visited":["TheCity","TheBeyond"],"potions_floor_usage":[38,46],"damage_taken":[{"damage":9.0,"enemies":"Jaw Worm","floor":1.0,"turns":5.0},{"damage":0.0,"enemies":"Small Slimes","floor":5.0,"turns":2.0},{"damage":27.0,"enemies":"Gremlin Nob","floor":6.0,"turns":4.0},{"damage":1.0,"enemies":"Cultist","floor":7.0,"turns":4.0},{"damage":11.0,"enemies":"Looter","floor":8.0,"turns":3.0},{"damage":12.0,"enemies":"Large Slime","floor":10.0,"turns":5.0},{"damage":12.0,"enemies":"2 Fungi Beasts","floor":11.0,"turns":3.0},{"damage":11.0,"enemies":"Lagavulin","floor":12.0,"turns":6.0},{"damage":1.0,"enemies":"Exordium Wildlife","floor":14.0,"turns":3.0},{"damage":12.0,"enemies":"Slime Boss","floor":16.0,"turns":8.0},{"damage":9.0,"enemies":"Chosen","floor":18.0,"turns":3.0},{"damage":6.0,"enemies":"Masked Bandits","floor":21.0,"turns":2.0},{"damage":24.0,"enemies":"Gremlin Leader","floor":24.0,"turns":4.0},{"damage":13.0,"enemies":"2 Thieves","floor":25.0,"turns":2.0},{"damage":10.0,"enemies":"Snake Plant","floor":27.0,"turns":3.0},{"damage":29.0,"enemies":"3 Cultists","floor":28.0,"turns":4.0},{"damage":16.0,"enemies":"Snecko","floor":31.0,"turns":3.0},{"damage":24,"enemies":"Champ","floor":33,"turns":6},{"damage":7,"enemies":"Orb Walker","floor":35,"turns":3},{"damage":23,"enemies":"3 Darklings","floor":37,"turns":4},{"damage":57,"enemies":"Maw","floor":38,"turns":6},{"damage":56,"enemies":"Nemesis","floor":46,"turns":9},{"damage":6,"enemies":"Writhing Mass","floor":47,"turns":2}],"seed_played":"8484415978688301281","potions_obtained":[{"floor":5.0,"key":"Swift Potion"},{"floor":6.0,"key":"SteroidPotion"},{"floor":7.0,"key":"PowerPotion"},{"floor":11.0,"key":"Dexterity Potion"},{"floor":16.0,"key":"BlessingOfTheForge"},{"floor":24.0,"key":"Explosive Potion"},{"floor":27.0,"key":"Explosive Potion"},{"floor":33,"key":"BloodPotion"},{"floor":38,"key":"DistilledChaos"}],"is_trial":false,"path_per_floor":["M","$","?","?","M","E","M","M","T","M","M","E","$","M","R","B",null,"M","?","$","?","?","R","E","M","T","M","M","?","R","M","R","B",null,"M","?","M","M","$","R","T","$","T","$","?","E","M"],"character_chosen":"IRONCLAD","items_purchased":["ClockworkSouvenir","Omamori","Feel No Pain","Fiend Fire"],"campfire_rested":0,"item_purchase_floors":[13,39,42,42],"current_hp_per_floor":[77,77,61,50,56,35,40,35,35,29,23,18,18,23,32,26,80,77,62,62,62,62,71,63,75,75,71,63,63,72,62,71,53,85,85,85,68,37,37,46,46,46,46,46,46,8,2,2],"gold":336,"neow_bonus":"RANDOM_COLORLESS_2","is_daily":false,"chose_seed":false,"campfire_upgraded":5,"win_rate":0.0,"timestamp":1609754240,"path_taken":["M","$","?","?","M","E","M","M","T","M","?","E","?","M","R","BOSS","M","?","$","?","?","R","E","M","T","?","M","?","R","M","R","BOSS","M","?","M","M","$","R","?","$","T","?","?","E","M"],"items_purchased_type":["Relic","Relic","Card","Card"],"build_version":"2020-12-22","purchased_purges":2,"victory":false,"max_hp_per_floor":[80,80,80,80,80,80,80,80,80,80,80,80,80,80,80,80,80,80,85,85,85,85,85,85,85,85,85,85,85,85,85,85,85,85,85,85,85,85,85,85,85,85,85,85,85,85,85,85],"card_choices":[{"not_picked":["Panache","Violence"],"picked":"Apotheosis","floor":0.0},{"not_picked":["Fire Breathing","Flame Barrier"],"picked":"Wild Strike","floor":1.0},{"not_picked":["Warcry","Shockwave","Anger"],"picked":"SKIP","floor":5.0},{"not_picked":["Armaments","Intimidate","Disarm"],"picked":"SKIP","floor":6.0},{"not_picked":["Shrug It Off","Clothesline"],"picked":"Fire Breathing","floor":7.0},{"not_picked":["Dark Embrace","Reckless Charge"],"picked":"Flex","floor":8.0},{"not_picked":["Double Tap","Armaments","Anger"],"picked":"SKIP","floor":10.0},{"not_picked":["Anger","Thunderclap"],"picked":"Shrug It Off","floor":11.0},{"not_picked":["Twin Strike","Dark Embrace","Dropkick"],"picked":"SKIP","floor":12.0},{"not_picked":["Rage","Juggernaut"],"picked":"Spot Weakness","floor":14.0},{"not_picked":["Shockwave","Shrug It Off+1"],"picked":"Clash","floor":18.0},{"not_picked":["Wild Strike","Armaments"],"picked":"Battle Trance","floor":21.0},{"not_picked":["Dual Wield","Uppercut+1","Barricade"],"picked":"SKIP","floor":24.0},{"not_picked":["Bloodletting","Rupture"],"picked":"Dropkick","floor":25.0},{"not_picked":["Disarm+1","Heavy Blade","Ghostly Armor"],"picked":"SKIP","floor":27.0},{"not_picked":["Wild Strike","Anger","Body Slam"],"picked":"SKIP","floor":28.0},{"not_picked":["Rampage+1","Warcry","Twin Strike"],"picked":"SKIP","floor":31.0},{"not_picked":["Pommel Strike+1"],"picked":"SKIP","floor":35},{"not_picked":[],"picked":"Sever Soul","floor":37},{"not_picked":["Shrug It Off+1"],"picked":"SKIP","floor":38},{"not_picked":["Clothesline"],"picked":"SKIP","floor":46}],"player_experience":10857,"relics_obtained":[{"floor":6.0,"key":"Torii"},{"floor":9.0,"key":"Bottled Tornado"},{"floor":12.0,"key":"Eternal Feather"},{"floor":21.0,"key":"Red Mask"},{"floor":24.0,"key":"Art of War"},{"floor":26.0,"key":"Tiny Chest"},{"floor":43,"key":"Toy Ornithopter"},{"floor":46,"key":"PreservedInsect"}],"event_choices":[{"damage_healed":0.0,"max_hp_gain":0.0,"max_hp_loss":0.0,"gold_gain":0.0,"event_name":"Shining Light","player_choice":"Entered Light","floor":3.0,"gold_loss":0.0,"damage_taken":16.0,"cards_upgraded":["Defend_R","Defend_R"]},{"damage_healed":0.0,"max_hp_gain":0.0,"max_hp_loss":0.0,"gold_gain":75.0,"event_name":"World of Goop","player_choice":"Gather Gold","floor":4.0,"gold_loss":0.0,"damage_taken":11.0},{"damage_healed":0.0,"max_hp_gain":5.0,"max_hp_loss":0.0,"gold_gain":0.0,"event_name":"Forgotten Altar","player_choice":"Shed Blood","floor":19.0,"gold_loss":0.0,"damage_taken":20.0},{"damage_healed":0.0,"max_hp_gain":0.0,"max_hp_loss":0.0,"gold_gain":0.0,"event_name":"Masked Bandits","player_choice":"Fought Bandits","floor":21.0,"gold_loss":0.0,"damage_taken":0.0},{"damage_healed":0.0,"max_hp_gain":0.0,"max_hp_loss":0.0,"gold_gain":99.0,"event_name":"Nest","player_choice":"Stole From Cult","floor":22.0,"gold_loss":0.0,"damage_taken":0.0},{"cards_removed":["Clash"],"damage_healed":0.0,"max_hp_gain":0.0,"max_hp_loss":0.0,"gold_gain":0.0,"event_name":"Beggar","player_choice":"Gave Gold","floor":29.0,"gold_loss":75.0,"damage_taken":0.0},{"damage_healed":0,"gold_gain":0,"player_choice":"Ignored","damage_taken":0,"max_hp_gain":0,"max_hp_loss":0,"event_name":"SecretPortal","floor":36,"gold_loss":0},{"damage_healed":0,"gold_gain":222,"player_choice":"Wore Mask","damage_taken":0,"max_hp_gain":0,"max_hp_loss":0,"event_name":"Tomb of Lord Red Mask","floor":45,"gold_loss":0}],"is_beta":false,"boss_relics":[{"not_picked":["Black Blood","Runic Dome"],"picked":"Pandora\u0027s Box"},{"not_picked":["Runic Cube","Sozu"],"picked":"Busted Crown"}],"items_purged_floors":[2,39],"is_endless":false,"potions_floor_spawned":[5,6,7,11,16,24,27,33,37,38],"killed_by":"Writhing Mass","ascension_level":0}}