{"host":"5wznv0010959mrmz","time":1609731310,"event":{"mods":["BaseMod","Highlight Path","Minty Spire (QoL Compilation)"],"gold_per_floor":[215,230,67,67,80,115,115,450,450,450,450,60,79,93,93,93,93],"floor_reached":16,"playtime":419,"items_purged":["Strike_G"],"score":270,"play_id":"36de3acd-e54d-4adb-b3ad-d7a5b6a3f6b0","local_time":"20210103213510","is_ascension_mode":true,"campfire_choices":[{"data":"Wraith Form v2","floor":11,"key":"SMITH"},{"data":"Calculated Gamble","floor":15,"key":"SMITH"}],"circlet_count":0,"master_deck":["AscendersBane","Strike_G","Strike_G","Strike_G","Strike_G","Defend_G+1","Defend_G","Defend_G","Defend_G","Defend_G","Survivor","Neutralize","Dash+1","Dagger Spray","Calculated Gamble+1","Wraith Form v2+1","All Out Attack","Endless Agony"],"relics":["Ring of the Snake","Sling","Ninja Scroll","Old Coin","Gambling Chip","Question Card","Prayer Wheel"],"acts_visited":["Exordium"],"potions_floor_usage":[6,16,16],"damage_taken":[{"damage":5,"enemies":"Small Slimes","floor":1,"turns":6},{"damage":2,"enemies":"Cultist","floor":2,"turns":4},{"damage":0,"enemies":"2 Louse","floor":5,"turns":2},{"damage":0,"enemies":"Gremlin Nob","floor":6,"turns":3},{"damage":7,"enemies":"3 Sentries","floor":8,"turns":5},{"damage":3,"enemies":"Blue Slaver","floor":13,"turns":3},{"damage":0,"enemies":"Lots of Slimes","floor":14,"turns":1},{"damage":22,"enemies":"Hexaghost","floor":16,"turns":9}],"seed_played":"-5460893639758328395","potions_obtained":[{"floor":1,"key":"Block Potion"},{"floor":4,"key":"Poison Potion"},{"floor":8,"key":"SteroidPotion"}],"is_trial":false,"path_per_floor":["M","M","$","?","M","E","?","E","T","T","R","$","M","M","R","B"],"character_chosen":"THE_SILENT","items_purchased":["Sling","Prayer Wheel"],"campfire_rested":0,"item_purchase_floors":[3,12],"current_hp_per_floor":[54,52,52,52,52,52,32,25,25,25,25,25,22,22,22,0,0],"gold":93,"neow_bonus":"HUNDRED_GOLD","is_daily":false,"chose_seed":false,"campfire_upgraded":2,"win_rate":0.0,"timestamp":1609731310,"path_taken":["M","M","$","?","?","E","?","E","T","?","R","$","M","M","R","BOSS"],"items_purchased_type":["Relic","Relic"],"build_version":"2020-12-22","purchased_purges":1,"victory":false,"max_hp_per_floor":[66,66,66,66,66,66,66,66,66,66,66,66,66,66,66,66,66],"card_choices":[{"not_picked":["Masterful Stab","Eviscerate"],"picked":"Dash","floor":1},{"not_picked":["PiercingWail","Dodge and Roll"],"picked":"Dagger Spray","floor":2},{"not_picked":["Masterful Stab","Prepared"],"picked":"Calculated Gamble","floor":5},{"not_picked":["Deflect","Slice","Prepared"],"picked":"SKIP","floor":6},{"not_picked":["Backflip","Calculated Gamble"],"picked":"Wraith Form v2","floor":8},{"not_picked":["Catalyst","Slice","Quick Slash"],"picked":"All Out Attack","floor":13},{"not_picked":["Quick Slash","Cloak And Dagger","Backflip","Dash"],"picked":"SKIP","floor":13},{"not_picked":["Bane","Flechettes","Dodge and Roll"],"picked":"Endless Agony","floor":14},{"not_picked":["Bane","Catalyst","Dagger Spray","Outmaneuver"],"picked":"SKIP","floor":14}],"player_experience":395499,"relics_obtained":[{"floor":6,"key":"Ninja Scroll"},{"floor":8,"key":"Old Coin"},{"floor":9,"key":"Gambling Chip"},{"floor":10,"key":"Question Card"}],"event_choices":[{"damage_healed":0,"gold_gain":0,"player_choice":"Got Potions","damage_taken":0,"max_hp_gain":0,"max_hp_loss":0,"event_name":"Lab","floor":4,"gold_loss":0},{"damage_healed":0,"gold_gain":0,"player_choice":"Entered Light","damage_taken":20,"max_hp_gain":0,"max_hp_loss":0,"event_name":"Shining Light","floor":7,"gold_loss":0,"cards_upgraded":["Defend_G","Dash"]}],"is_beta":false,"boss_relics":[],"items_purged_floors":[12],"is_endless":false,"potions_floor_spawned":[1,8,13],"killed_by":"Hexaghost","ascension_level":20}}