{"host":"9ndbo4kgsfoemf7y","time":1609758025,"event":{"mods":["AchievementEnabler","BaseMod","Colored Map","DeckTracker","Keyboard Shortcuts","Minty Spire (QoL Compilation)","Permanent Neow","Quick Restart","Relic Stats","StSLib","SuperFastMode"],"gold_per_floor":[119,138,154,174,194,223,223,255,255,271,271,281,313,313,313,313,313],"floor_reached":16,"playtime":389,"items_purged":[],"score":248,"play_id":"bbf3b580-24c3-49c9-b392-8dd95e7fcabb","local_time":"20210104200025","is_ascension_mode":true,"campfire_choices":[{"floor":7.0,"key":"REST"},{"data":"Seeing Red","floor":11,"key":"SMITH"},{"floor":15,"key":"REST"}],"circlet_count":0,"master_deck":["AscendersBane","Strike_R","Strike_R","Strike_R","Strike_R","Strike_R","Defend_R","Defend_R","Defend_R","Defend_R","Bash","Berserk","Cleave","Twin Strike","Headbutt","Seeing Red+1","Perfected Strike","Ghostly Armor","Evolve","Demon Form"],"relics":["Burning Blood","Tiny Chest","White Beast Statue","Charon\u0027s Ashes","Ornamental Fan"],"acts_visited":["Exordium"],"potions_floor_usage":[8,12,13],"damage_taken":[{"damage":11.0,"enemies":"Cultist","floor":1.0,"turns":4.0},{"damage":12.0,"enemies":"Small Slimes","floor":2.0,"turns":4.0},{"damage":8.0,"enemies":"2 Louse","floor":3.0,"turns":2.0},{"damage":23.0,"enemies":"Red Slaver","floor":4.0,"turns":4.0},{"damage":16.0,"enemies":"Large Slime","floor":5.0,"turns":6.0},{"damage":8.0,"enemies":"Gremlin Nob","floor":6.0,"turns":3.0},{"damage":25,"enemies":"Lagavulin","floor":8,"turns":6},{"damage":7,"enemies":"Exordium Wildlife","floor":10,"turns":2},{"damage":7,"enemies":"Gremlin Gang","floor":12,"turns":4},{"damage":26,"enemies":"Gremlin Nob","floor":13,"turns":4},{"damage":33,"enemies":"Hexaghost","floor":16,"turns":3}],"seed_played":"-2405837121809298688","potions_obtained":[{"floor":1.0,"key":"ColorlessPotion"},{"floor":5.0,"key":"Fire Potion"},{"floor":6.0,"key":"Ancient Potion"},{"floor":10,"key":"Weak Potion"},{"floor":12,"key":"SmokeBomb"},{"floor":13,"key":"Dexterity Potion"}],"is_trial":false,"path_per_floor":["M","M","M","M","M","E","R","E","T","M","R","M","E","?","R","B"],"character_chosen":"IRONCLAD","items_purchased":[],"campfire_rested":2,"item_purchase_floors":[],"current_hp_per_floor":[63,57,55,38,28,26,48,29,29,28,28,27,7,7,29,0,0],"gold":313,"neow_bonus":"ONE_RANDOM_RARE_CARD","is_daily":false,"chose_seed":false,"campfire_upgraded":1,"win_rate":0.0,"timestamp":1609758025,"path_taken":["M","M","?","M","M","E","R","E","T","M","R","M","E","?","R","BOSS"],"items_purchased_type":[],"build_version":"2020-12-22","purchased_purges":0,"victory":false,"max_hp_per_floor":[75,75,75,75,75,75,75,75,75,75,75,75,75,75,75,75,75],"relic_stats":{"counters":[11,42],"Ornamental Fan":[0],"Tiny Chest":0,"Charon\u0027s Ashes":[15],"obtain_stats":[{"Ornamental Fan":13,"Tiny Chest":6,"Charon\u0027s Ashes":9,"Burning Blood":0,"White Beast Statue":8},{"Ornamental Fan":10,"Tiny Chest":6,"Charon\u0027s Ashes":7,"Burning Blood":0,"White Beast Statue":7},{"Ornamental Fan":39,"Tiny Chest":23,"Charon\u0027s Ashes":29,"Burning Blood":0,"White Beast Statue":29}],"Burning Blood":60},"card_choices":[{"not_picked":["Seeing Red","Second Wind"],"picked":"Cleave","floor":1.0},{"not_picked":["Cleave","Body Slam"],"picked":"Twin Strike","floor":2.0},{"not_picked":["Sword Boomerang","Heavy Blade"],"picked":"Headbutt","floor":3.0},{"not_picked":["True Grit","Thunderclap","Berserk"],"picked":"SKIP","floor":4.0},{"not_picked":["Sword Boomerang","Warcry"],"picked":"Seeing Red","floor":5.0},{"not_picked":["Shockwave","Dual Wield"],"picked":"Perfected Strike","floor":6.0},{"not_picked":["Clothesline","Carnage"],"picked":"Ghostly Armor","floor":8},{"not_picked":["Cleave","Headbutt"],"picked":"Evolve","floor":10},{"not_picked":["Infernal Blade","True Grit","Anger"],"picked":"SKIP","floor":12},{"not_picked":["Flex","Heavy Blade"],"picked":"Demon Form","floor":13}],"player_experience":774456,"relics_obtained":[{"floor":6.0,"key":"Tiny Chest"},{"floor":8,"key":"White Beast Statue"},{"floor":9,"key":"Charon\u0027s Ashes"},{"floor":13,"key":"Ornamental Fan"}],"event_choices":[{"damage_healed":0,"gold_gain":0,"player_choice":"Ignored","damage_taken":0,"max_hp_gain":0,"max_hp_loss":0,"event_name":"Shining Light","floor":14,"gold_loss":0}],"is_beta":false,"boss_relics":[],"items_purged_floors":[],"is_endless":false,"potions_floor_spawned":[1,5,6,10,12,13],"killed_by":"Hexaghost","ascension_level":20}}