{"host":"qj91dvco5uhu9oti","time":1609768192,"event":{"mods":["BaseMod","Colored Map","Keyboard Shortcuts","Minty Spire (QoL Compilation)","Permanent Neow","Relic Stats","StSLib","SuperFastMode","everything is the same but u backflip on backflip"],"gold_per_floor":[110,126,138,49,49,49,80,90,90,124,41,56,66,86,86,165,165,183,183,21,21,33,33,68,68,68,93,127,127,162,181,181,254,254,274,289,46,46,62,62,82,114,114,127,157,157,183,200,200,200,200,200,200,43,76,76,76],"floor_reached":56,"playtime":1610,"items_purged":["Strike_G","Catalyst+1","Defend_G"],"score":2089,"play_id":"1381033c-6413-493d-8eb6-d117760f35a4","local_time":"20210104224952","is_ascension_mode":true,"campfire_choices":[{"data":"Blade Dance","floor":6.0,"key":"SMITH"},{"data":"Accuracy","floor":15.0,"key":"SMITH"},{"data":"Blade Dance","floor":23.0,"key":"SMITH"},{"data":"After Image","floor":29.0,"key":"SMITH"},{"floor":32.0,"key":"REST"},{"data":"Accuracy","floor":40.0,"key":"SMITH"},{"floor":46.0,"key":"REST"},{"floor":49.0,"key":"RECALL"},{"data":"Prepared","floor":53.0,"key":"SMITH"}],"circlet_count":0,"master_deck":["AscendersBane","Defend_G","Defend_G","Defend_G","Defend_G","Survivor","Neutralize","Burst","Blade Dance+1","Predator","Outmaneuver","Accuracy+1","Quick Slash","Caltrops","Blade Dance+1","Terror+1","PiercingWail","A Thousand Cuts","Escape Plan+1","Accuracy+1","Blade Dance+1","Prepared","After Image+1","Tactician+1","Prepared+1","Acrobatics","Adrenaline","Phantasmal Killer+1","Venomology+1","Acrobatics+1","Accuracy","Blade Dance","Backflip+1"],"relics":["Ring of the Snake","Boot","MealTicket","Meat on the Bone","WristBlade","Mercury Hourglass","Ornamental Fan","Smiling Mask","Bottled Lightning","Nunchaku","Astrolabe","White Beast Statue","Sundial","Strawberry","War Paint"],"acts_visited":["Exordium","TheCity","TheBeyond","TheEnding"],"potions_floor_usage":[55,56,56,56],"damage_taken":[{"damage":2.0,"enemies":"2 Louse","floor":1.0,"turns":3.0},{"damage":4.0,"enemies":"Cultist","floor":2.0,"turns":5.0},{"damage":4.0,"enemies":"Jaw Worm","floor":3.0,"turns":3.0},{"damage":17.0,"enemies":"Lagavulin","floor":7.0,"turns":7.0},{"damage":2.0,"enemies":"2 Fungi Beasts","floor":8.0,"turns":4.0},{"damage":25.0,"enemies":"3 Sentries","floor":10.0,"turns":6.0},{"damage":1.0,"enemies":"Blue Slaver","floor":12.0,"turns":2.0},{"damage":12.0,"enemies":"3 Louse","floor":13.0,"turns":3.0},{"damage":20.0,"enemies":"Red Slaver","floor":14.0,"turns":5.0},{"damage":6.0,"enemies":"Hexaghost","floor":16.0,"turns":6.0},{"damage":8.0,"enemies":"2 Thieves","floor":18.0,"turns":3.0},{"damage":7.0,"enemies":"Chosen","floor":22.0,"turns":3.0},{"damage":0.0,"enemies":"Gremlin Leader","floor":24.0,"turns":4.0},{"damage":20.0,"enemies":"Book of Stabbing","floor":28.0,"turns":2.0},{"damage":19.0,"enemies":"Gremlin Leader","floor":30.0,"turns":3.0},{"damage":31.0,"enemies":"Snake Plant","floor":31.0,"turns":3.0},{"damage":27.0,"enemies":"Champ","floor":33.0,"turns":7.0},{"damage":2.0,"enemies":"Orb Walker","floor":35.0,"turns":2.0},{"damage":29.0,"enemies":"3 Darklings","floor":36.0,"turns":3.0},{"damage":2.0,"enemies":"Maw","floor":39.0,"turns":5.0},{"damage":18.0,"enemies":"4 Shapes","floor":41.0,"turns":7.0},{"damage":20.0,"enemies":"Reptomancer","floor":42.0,"turns":5.0},{"damage":0.0,"enemies":"Jaw Worm Horde","floor":44.0,"turns":3.0},{"damage":36.0,"enemies":"Nemesis","floor":45.0,"turns":5.0},{"damage":0.0,"enemies":"Giant Head","floor":47.0,"turns":4.0},{"damage":17.0,"enemies":"3 Darklings","floor":48.0,"turns":3.0},{"damage":33.0,"enemies":"Awakened One","floor":50.0,"turns":8.0},{"damage":41.0,"enemies":"Donu and Deca","floor":51.0,"turns":8.0},{"damage":61,"enemies":"Shield and Spear","floor":55,"turns":6},{"damage":48,"enemies":"The Heart","floor":56,"turns":3}],"seed_played":"-2345090506548692010","potions_obtained":[{"floor":3.0,"key":"FearPotion"},{"floor":8.0,"key":"Energy Potion"},{"floor":13.0,"key":"LiquidBronze"},{"floor":28.0,"key":"SkillPotion"},{"floor":44.0,"key":"DuplicationPotion"},{"floor":55,"key":"DuplicationPotion"}],"is_trial":false,"path_per_floor":["M","M","M","$","?","R","E","M","T","E","$","M","M","M","R","B",null,"M","?","$","?","M","R","E","$","T","T","E","R","E","M","R","B",null,"M","M","$","?","M","R","M","E","T","M","E","R","E","M","R","B","B",null,"R","$","E","B"],"character_chosen":"THE_SILENT","items_purchased":["Accuracy","Terror","Accuracy","FairyPotion","Accuracy","PowerPotion","Energy Potion"],"campfire_rested":2,"item_purchase_floors":[4,11,20,37,37,54,54],"current_hp_per_floor":[57,53,49,49,49,49,32,30,30,5,20,31,31,23,23,29,52,44,28,43,43,36,36,36,51,51,51,43,43,36,17,36,21,54,52,35,50,50,48,48,42,34,34,43,19,38,45,40,40,19,15,58,58,72,23,0,0],"gold":76,"neow_bonus":"THREE_RARE_CARDS","is_daily":false,"chose_seed":false,"campfire_upgraded":6,"win_rate":0.0,"timestamp":1609768192,"path_taken":["M","M","M","$","?","R","E","M","T","E","$","?","?","M","R","BOSS","M","?","$","?","M","R","E","$","T","?","E","R","E","M","R","BOSS","M","M","$","?","?","R","M","E","T","?","E","R","E","?","R","BOSS","BOSS","R","$","E","BOSS"],"items_purchased_type":["Card","Card","Card","Potion","Card","Potion","Potion"],"build_version":"2020-12-22","purchased_purges":3,"victory":false,"max_hp_per_floor":[60,60,60,60,60,60,60,60,60,60,60,60,60,60,60,60,60,60,65,65,65,65,65,65,65,65,65,65,65,65,65,65,65,65,65,65,65,65,65,65,65,65,65,65,65,65,72,72,72,72,72,72,72,72,72,72,72],"relic_stats":{"counters":[30,131],"Astrolabe":["Catalyst","Phantasmal Killer","Venomology"],"War Paint":["Escape Plan","Terror"],"Boot":[70],"Smiling Mask":125,"Mercury Hourglass":[295],"Nunchaku":[22],"Ornamental Fan":[224],"Sundial":[2],"MealTicket":74,"obtain_stats":[{"Astrolabe":34,"War Paint":55,"Boot":7,"Smiling Mask":27,"White Beast Statue":42,"Mercury Hourglass":24,"Nunchaku":30,"WristBlade":17,"Ornamental Fan":26,"Sundial":45,"Strawberry":47,"MealTicket":9,"Bottled Lightning":28,"Ring of the Snake":0,"Meat on the Bone":10},{"Astrolabe":17,"War Paint":29,"Boot":4,"Smiling Mask":13,"White Beast Statue":22,"Mercury Hourglass":13,"Nunchaku":15,"WristBlade":10,"Ornamental Fan":13,"Sundial":24,"Strawberry":25,"MealTicket":5,"Bottled Lightning":14,"Ring of the Snake":0,"Meat on the Bone":6},{"Astrolabe":69,"War Paint":128,"Boot":18,"Smiling Mask":54,"White Beast Statue":91,"Mercury Hourglass":54,"Nunchaku":59,"WristBlade":44,"Ornamental Fan":54,"Sundial":99,"Strawberry":103,"MealTicket":22,"Bottled Lightning":56,"Ring of the Snake":0,"Meat on the Bone":28}],"Ring of the Snake":[60],"Meat on the Bone":192},"card_choices":[{"not_picked":["Malaise","Venomology"],"picked":"Burst","floor":0.0},{"not_picked":["Flying Knee","Caltrops"],"picked":"Blade Dance","floor":1.0},{"not_picked":["PiercingWail","Concentrate"],"picked":"Predator","floor":2.0},{"not_picked":["Flying Knee","Cloak And Dagger"],"picked":"Outmaneuver","floor":3.0},{"not_picked":["Grand Finale","Endless Agony","Dodge and Roll"],"picked":"SKIP","floor":7.0},{"not_picked":["Deflect","Caltrops","Bouncing Flask"],"picked":"SKIP","floor":8.0},{"not_picked":["Deflect","Bouncing Flask"],"picked":"Caltrops","floor":8.0},{"not_picked":["Choke","Terror"],"picked":"Blade Dance","floor":10.0},{"not_picked":["Poisoned Stab","Slice","Infinite Blades"],"picked":"SKIP","floor":12.0},{"not_picked":["Calculated Gamble","All Out Attack","Sucker Punch"],"picked":"SKIP","floor":13.0},{"not_picked":["Calculated Gamble","All Out Attack","Sucker Punch"],"picked":"SKIP","floor":13.0},{"not_picked":["Poisoned Stab","Distraction"],"picked":"PiercingWail","floor":14.0},{"not_picked":["Storm of Steel","Wraith Form v2"],"picked":"A Thousand Cuts","floor":16.0},{"not_picked":["Dodge and Roll","Slice"],"picked":"Escape Plan","floor":18.0},{"not_picked":["Outmaneuver","Deadly Poison+1"],"picked":"Prepared","floor":22.0},{"not_picked":["Skewer","Dagger Throw"],"picked":"After Image","floor":24.0},{"not_picked":["Setup","Outmaneuver+1"],"picked":"Tactician+1","floor":28.0},{"not_picked":["Dodge and Roll","Slice"],"picked":"Prepared","floor":30.0},{"not_picked":["Bane","Well Laid Plans"],"picked":"Acrobatics","floor":31.0},{"not_picked":["Doppelganger","Envenom"],"picked":"Adrenaline","floor":33.0},{"not_picked":["Poisoned Stab+1","Dagger Spray","Outmaneuver"],"picked":"SKIP","floor":35.0},{"not_picked":["Terror","Dagger Spray+1"],"picked":"Acrobatics+1","floor":36.0},{"not_picked":["Dagger Spray","Calculated Gamble"],"picked":"Blade Dance","floor":39.0},{"not_picked":["Flying Knee","Deadly Poison","Caltrops+1"],"picked":"SKIP","floor":41.0},{"not_picked":["Slice","Outmaneuver","Riddle With Holes"],"picked":"SKIP","floor":42.0},{"not_picked":["Distraction+1","Dagger Spray"],"picked":"Backflip+1","floor":44.0},{"not_picked":["Flechettes+1","Well Laid Plans","Tactician"],"picked":"SKIP","floor":45.0},{"not_picked":["Underhanded Strike","Sucker Punch","Deadly Poison"],"picked":"SKIP","floor":47.0},{"not_picked":["Flying Knee","Dodge and Roll","Outmaneuver+1"],"picked":"SKIP","floor":48.0},{"not_picked":["Concentrate","Catalyst","Distraction+1"],"picked":"SKIP","floor":55}],"player_experience":349873,"relics_obtained":[{"floor":7.0,"key":"Boot"},{"floor":9.0,"key":"MealTicket"},{"floor":10.0,"key":"Meat on the Bone"},{"floor":24.0,"key":"Mercury Hourglass"},{"floor":26.0,"key":"Ornamental Fan"},{"floor":27.0,"key":"Smiling Mask"},{"floor":28.0,"key":"Bottled Lightning"},{"floor":30.0,"key":"Nunchaku"},{"floor":42.0,"key":"White Beast Statue"},{"floor":45.0,"key":"Sundial"},{"floor":47.0,"key":"Strawberry"},{"floor":55,"key":"War Paint"}],"event_choices":[{"damage_healed":0.0,"max_hp_gain":0.0,"max_hp_loss":0.0,"gold_gain":0.0,"cards_transformed":["Strike_G"],"event_name":"Transmorgrifier","player_choice":"Transformed","floor":5.0,"gold_loss":0.0,"damage_taken":0.0,"cards_obtained":["Quick Slash"]},{"damage_healed":0.0,"max_hp_gain":5.0,"max_hp_loss":0.0,"gold_gain":0.0,"event_name":"Forgotten Altar","player_choice":"Shed Blood","floor":19.0,"gold_loss":0.0,"damage_taken":21.0},{"damage_healed":0.0,"max_hp_gain":0.0,"max_hp_loss":0.0,"gold_gain":0.0,"event_name":"The Library","player_choice":"Read","floor":21.0,"gold_loss":0.0,"damage_taken":0.0,"cards_obtained":["Blade Dance"]},{"damage_healed":0.0,"max_hp_gain":0.0,"max_hp_loss":0.0,"gold_gain":0.0,"event_name":"Accursed Blacksmith","player_choice":"Forge","floor":38.0,"gold_loss":0.0,"damage_taken":0.0,"cards_upgraded":["Blade Dance"]}],"is_beta":false,"boss_relics":[{"not_picked":["Pandora\u0027s Box","Tiny House"],"picked":"WristBlade"},{"not_picked":["Runic Dome","Calling Bell"],"picked":"Astrolabe"}],"items_purged_floors":[20,37,54],"is_endless":false,"potions_floor_spawned":[3,8,13,16,22,24,28,39,41,44,45,47,48,55],"killed_by":"The Heart","ascension_level":20}}