{"host":"c59zqhrgluvxuu0k","time":1609720372,"event":{"mods":["BaseMod","Better Altar","Better Third Choice","BetterRewards","Colored Map","Colored Powertips","Curses Come First","Downfall","Duelist Mod","Friendly Minions","Hermit","Minty Spire (QoL Compilation)","Replay The Spire","Shop Mod","Spicy Shops","StSLib","The Blackbeard","The Cursed","The Death Knight","The Druid","The Jungle","The Runesmith","The Wild Card"],"gold_per_floor":[109,121,84,94,126,172,172,211,211,211,262,262,262,317,317,432,432,471,84,84,117,66,66,119,119,119,144,157,157,157,1,1,123,123,159,178,178,191,221,271,271,322,412,58,58,105,141,66,66,86,86,86,5,60,80],"floor_reached":56,"playtime":5141,"items_purged":["theDuelist:CurseAnubis"],"score":1679,"play_id":"5240b16f-9435-4af2-992d-6325aaf1c10d","local_time":"20210103173252","is_ascension_mode":true,"campfire_choices":[{"data":"blackbeard:BuriedTreasure","floor":7,"key":"SMITH"},{"data":"blackbeard:GoldenDefense","floor":10,"key":"SMITH"},{"floor":15,"key":"REST"},{"data":"1","floor":23,"key":"LIFT"},{"data":"2","floor":25,"key":"LIFT"},{"data":"3","floor":29,"key":"LIFT"},{"floor":32,"key":"RECALL"},{"data":"blackbeard:CaptainsHat","floor":41,"key":"SMITH"},{"data":"blackbeard:Salvager","floor":45,"key":"SMITH"},{"data":"expansioncontent:DonusPower","floor":49,"key":"SMITH"},{"data":"blackbeard:Cutlass","floor":52,"key":"SMITH"}],"circlet_count":0,"master_deck":["blackbeard:BlackbeardStrike","blackbeard:BlackbeardStrike","blackbeard:BlackbeardStrike","blackbeard:BlackbeardStrike","blackbeard:IntimidatingStrike","blackbeard:BlackbeardDefend","blackbeard:BlackbeardDefend","blackbeard:BlackbeardDefend","blackbeard:BlackbeardDefend","blackbeard:Cutlass+1","blackbeard:Spear","blackbeard:PiratesWill","blackbeard:BuriedTreasure+1","blackbeard:GoldenCannonball","blackbeard:Eyepatch","blackbeard:FishingNets","blackbeard:GoldenDefense+1","blackbeard:PirateEarring+1","Apotheosis+1","blackbeard:BrownPants","blackbeard:CaptainsHat+1","blackbeard:GoldenCannonball","blackbeard:BrownPants","blackbeard:Toast","blackbeard:CatONineTails+1","Panache","expansioncontent:DonusPower+1","expansioncontent:DefensiveStance","blackbeard:PirateHook+1","blackbeard:CaptainsCabin+1","blackbeard:GoldenStrike","blackbeard:Lifeboat+1","blackbeard:InfiniteBarrage","blackbeard:Intoxication","blackbeard:Toast+1","blackbeard:Provisioning+1","ReplayTheSpireMod:Faulty Equipment","blackbeard:PiratesWill+1","blackbeard:GoldenDefense+1","blackbeard:Anchor+1","blackbeard:Salvager+1","blackbeard:Parrot","blackbeard:BrownPants","blackbeard:GoldenCannonball"],"relics":["blackbeard:LoadTheCannons","NeowsBlessing","Ice Cream","Unceasing Top","CaptainsWheel","Girya","expansioncontent:StudyCardRelic","Omamori","Kunai","ReplayTheSpireMod:ShopPack","Potion Belt","Toxic Egg 2","ClockworkSouvenir","Replay:Grab Bag","Cursed Key","ChewingGum","Calling Bell","Replay:Mystery Machine","Mirror","Bird Faced Urn","Divine Protection","Oddly Smooth Stone","MawBank","Gremlin Horn","Medical Kit","Bag of Preparation","DeathKnight:SindragosasSkull","Strange Spoon","Calipers"],"acts_visited":["Exordium","TheCity","TheBeyond","TheEnding"],"potions_floor_usage":[6,6,8,11,14,24,42,46,46,47,50,50,54,55,55,55,55],"damage_taken":[{"damage":0,"enemies":"Cultist","floor":1,"turns":1},{"damage":0,"enemies":"2 Louse","floor":2,"turns":2},{"damage":0,"enemies":"Small Slimes","floor":4,"turns":1},{"damage":2,"enemies":"Looter","floor":5,"turns":4},{"damage":23,"enemies":"3 Sentries","floor":6,"turns":7},{"damage":14,"enemies":"Exordium Wildlife","floor":8,"turns":4},{"damage":24,"enemies":"Gremlin Nob","floor":11,"turns":5},{"damage":5,"enemies":"3 Sentries","floor":14,"turns":7},{"damage":22,"enemies":"The Guardian","floor":16,"turns":10},{"damage":0,"enemies":"Shell Parasite","floor":18,"turns":5},{"damage":20,"enemies":"2 Thieves","floor":21,"turns":4},{"damage":0,"enemies":"Slavers","floor":24,"turns":5},{"damage":0,"enemies":"theDuelist:KaibaA2","floor":27,"turns":4},{"damage":10,"enemies":"Centurion and Healer","floor":28,"turns":3},{"damage":0,"enemies":"Collector","floor":33,"turns":10},{"damage":0,"enemies":"3 Darklings","floor":35,"turns":4},{"damage":0,"enemies":"3 Shapes","floor":36,"turns":3},{"damage":3,"enemies":"Transient","floor":38,"turns":5},{"damage":0,"enemies":"Sphere and 2 Shapes","floor":39,"turns":4},{"damage":20,"enemies":"Reptomancer","floor":40,"turns":5},{"damage":0,"enemies":"R_Hoarder","floor":42,"turns":7},{"damage":7,"enemies":"Nemesis","floor":46,"turns":5},{"damage":0,"enemies":"Jaw Worm Horde","floor":47,"turns":3},{"damage":0,"enemies":"Donu and Deca","floor":50,"turns":8},{"damage":0,"enemies":"Shield and Spear","floor":54,"turns":8},{"damage":0,"enemies":"The Heart","floor":55,"turns":8}],"seed_played":"2564541106262812279","potions_obtained":[{"floor":2,"key":"FearPotion"},{"floor":4,"key":"Guardian:BlockOnCardUsePotion"},{"floor":5,"key":"champ:CounterPotion"},{"floor":8,"key":"Adrenaline Potion"},{"floor":11,"key":"EssenceOfSteel"},{"floor":21,"key":"Guardian:BlockOnCardUsePotion"},{"floor":27,"key":"SpeedPotion"},{"floor":36,"key":"BlessingOfTheForge"},{"floor":39,"key":"AttackPotion"},{"floor":40,"key":"Weak Potion"},{"floor":54,"key":"blackbeard:OrangeJuicePotion"}],"is_trial":false,"path_per_floor":["M","M","$","M","M","E","R","M","T","R","E","?","?","E","R","B",null,"M","$","?","M","$","R","E","R","T","E","M","R","?","$","R","B",null,"M","M","T","M","M","E","R","E","T","$","R","E","M","$","R","B",null,"R","$","E","B",null],"character_chosen":"BLACKBEARD_CLASS","items_purchased":["blackbeard:BuriedTreasure","Omamori","blackbeard:BrownPants","Kunai","ReplayTheSpireMod:ShopPack","ClockworkSouvenir","Medical Kit","Bag of Preparation","Strange Spoon","blackbeard:BrownPants"],"campfire_rested":1,"item_purchase_floors":[3,19,19,19,22,31,44,44,48,53],"current_hp_per_floor":[75,75,75,75,73,50,50,36,36,36,12,12,12,7,29,7,75,75,75,75,55,55,55,55,55,55,55,45,45,45,45,45,45,75,75,75,75,74,75,55,55,75,75,75,75,75,75,75,75,75,75,75,75,75,75],"gold":80,"neow_bonus":"THREE_ENEMY_KILL","is_daily":false,"chose_seed":false,"campfire_upgraded":6,"win_rate":0.0,"timestamp":1609720372,"path_taken":["M","?","$","M","?","E","R","M","T","R","E","?","?","E","R","BOSS","M","?","?","M","?","R","E","R","T","E","M","R","?","$","R","BOSS","M","M","?","M","M","E","R","E","T","$","R","E","M","$","R","BOSS","R","$","E","BOSS"],"items_purchased_type":["Card","Relic","Card","Relic","Relic","Relic","Relic","Relic","Relic","Card"],"build_version":"2020-12-22","purchased_purges":1,"victory":true,"max_hp_per_floor":[75,75,75,75,75,75,75,75,75,75,75,75,75,75,75,75,75,75,75,75,75,75,75,75,75,75,75,75,75,75,75,75,75,75,75,75,75,75,75,75,75,75,75,75,75,75,75,75,75,75,75,75,75,75,75],"card_choices":[{"not_picked":["blackbeard:Sword","blackbeard:WiseDefense"],"picked":"blackbeard:Spear","floor":1},{"not_picked":["blackbeard:Scrap","blackbeard:FieryDefense"],"picked":"blackbeard:PiratesWill","floor":2},{"not_picked":["blackbeard:SwordDance","blackbeard:Provisioning"],"picked":"blackbeard:GoldenCannonball","floor":4},{"not_picked":["blackbeard:Provisioning","blackbeard:Shrapnel"],"picked":"blackbeard:Eyepatch","floor":5},{"not_picked":["blackbeard:Boarding","blackbeard:GoldenGuillotine"],"picked":"blackbeard:FishingNets","floor":6},{"not_picked":["blackbeard:CatONineTails","blackbeard:Sharpening"],"picked":"blackbeard:GoldenDefense","floor":8},{"not_picked":["blackbeard:WiseDefense","blackbeard:Sharpening"],"picked":"blackbeard:PirateEarring","floor":11},{"not_picked":["blackbeard:Sword","blackbeard:Provisioning"],"picked":"blackbeard:BrownPants","floor":14},{"not_picked":["blackbeard:Lifeboat","blackbeard:GoldenGuillotine"],"picked":"blackbeard:CaptainsHat","floor":16},{"not_picked":["blackbeard:GoldenStrike","blackbeard:CloakAndCannonball+1"],"picked":"blackbeard:GoldenCannonball","floor":18},{"not_picked":["blackbeard:PowderKeg","blackbeard:Revenge+1"],"picked":"blackbeard:CatONineTails+1","floor":21},{"not_picked":["ReplayTheSpireMod:Necrogeddon","ReplayTheSpireMod:Brewmster"],"picked":"Panache","floor":22},{"not_picked":["Replay:Sssssssssstrike","Survey Options"],"picked":"expansioncontent:DonusPower","floor":22},{"not_picked":["expansioncontent:CaCaw","Swift Strike"],"picked":"expansioncontent:DefensiveStance","floor":22},{"not_picked":["blackbeard:RemoveScurvy","blackbeard:CloakAndCannonball"],"picked":"blackbeard:PirateHook+1","floor":24},{"not_picked":["blackbeard:Shrapnel+1","blackbeard:Dagger+1","blackbeard:ArmorUp+1"],"picked":"SKIP","floor":27},{"not_picked":["blackbeard:PiratesWill+1","blackbeard:TacticalRetreat+1"],"picked":"blackbeard:CaptainsCabin+1","floor":28},{"not_picked":["blackbeard:Murder","blackbeard:Salvager"],"picked":"blackbeard:Intoxication","floor":33},{"not_picked":["blackbeard:FieryDefense+1","blackbeard:Sword+1"],"picked":"blackbeard:Toast+1","floor":35},{"not_picked":["blackbeard:WiseDefense+1","blackbeard:FieryDefense+1"],"picked":"blackbeard:Provisioning+1","floor":36},{"not_picked":["blackbeard:ArmorUp+1","blackbeard:DeadlyArsenal+1"],"picked":"blackbeard:PiratesWill+1","floor":38},{"not_picked":["blackbeard:DeadlyArsenal+1","blackbeard:BuriedTreasure+1"],"picked":"blackbeard:GoldenDefense+1","floor":39},{"not_picked":["blackbeard:CannonballSupply+1","blackbeard:Halberd+1"],"picked":"blackbeard:Anchor+1","floor":40},{"not_picked":["blackbeard:Lifeboat+1","blackbeard:TerrorOfTheSeas+1"],"picked":"blackbeard:Salvager","floor":42},{"not_picked":["blackbeard:BeatUp+1","blackbeard:Shrapnel+1","blackbeard:WiseDefense+1"],"picked":"SKIP","floor":46},{"not_picked":["blackbeard:DeadlyArsenal+1","blackbeard:Sharpening+1"],"picked":"blackbeard:Parrot","floor":47},{"not_picked":["blackbeard:ChaoticDefense+1","blackbeard:RemoveScurvy+1"],"picked":"blackbeard:GoldenCannonball","floor":54}],"player_experience":2154797,"relics_obtained":[{"floor":6,"key":"Ice Cream"},{"floor":9,"key":"Unceasing Top"},{"floor":11,"key":"CaptainsWheel"},{"floor":14,"key":"Girya"},{"floor":24,"key":"Potion Belt"},{"floor":27,"key":"Toxic Egg 2"},{"floor":34,"key":"Replay:Mystery Machine"},{"floor":34,"key":"Mirror"},{"floor":34,"key":"Bird Faced Urn"},{"floor":37,"key":"Divine Protection"},{"floor":40,"key":"Oddly Smooth Stone"},{"floor":42,"key":"MawBank"},{"floor":43,"key":"Gremlin Horn"},{"floor":46,"key":"DeathKnight:SindragosasSkull"},{"floor":54,"key":"Calipers"}],"event_choices":[{"damage_healed":12,"gold_gain":0,"player_choice":"Embrace","damage_taken":0,"max_hp_gain":0,"max_hp_loss":75,"event_name":"betterThird:BetterShining","floor":12,"gold_loss":0},{"damage_healed":0,"gold_gain":0,"player_choice":"Forge","damage_taken":0,"max_hp_gain":0,"max_hp_loss":0,"event_name":"Accursed Blacksmith","floor":13,"gold_loss":0,"cards_upgraded":["blackbeard:PirateEarring"]},{"damage_healed":0,"gold_gain":0,"player_choice":"Read","damage_taken":0,"max_hp_gain":0,"max_hp_loss":0,"event_name":"The Library","floor":20,"gold_loss":0,"cards_obtained":["blackbeard:Toast"]},{"damage_healed":0,"gold_gain":0,"player_choice":"3 cards matched","damage_taken":0,"max_hp_gain":0,"max_hp_loss":0,"event_name":"Match and Keep!","floor":30,"gold_loss":0,"cards_obtained":["blackbeard:GoldenStrike","blackbeard:Lifeboat","blackbeard:InfiniteBarrage"]}],"is_beta":false,"boss_relics":[{"not_picked":["Busted Crown","blackbeard:SoberMinded"],"picked":"expansioncontent:StudyCardRelic"},{"not_picked":["SacredBark","Ring of Chaos"],"picked":"Replay:Grab Bag"},{"not_picked":["Sozu","Replay:Bronze Core"],"picked":"Cursed Key"},{"not_picked":["Runesmith:UraniumAnvil","ReplayTheSpireMod:DimensionalGlitch"],"picked":"ChewingGum"},{"not_picked":["Pandora\u0027s Box","blackbeard:Karategi"],"picked":"Calling Bell"}],"items_purged_floors":[44],"is_endless":false,"potions_floor_spawned":[2,4,5,8,11,21,27,36,39,40,54],"ascension_level":1}}