{"host":"7sy3dyg71hje4mzx","time":1609750943,"event":{"mods":["BaseMod","Downfall","Minty Spire (QoL Compilation)","StSLib"],"gold_per_floor":[99,116,116,116,128,53,78,78,98,108,108,128,160,175,194,298,298,223,237,250,265,275,275,301,315,315,335,350,384,399,15,25,120,120,45,59,59,73,123,123,123,423,49,49,63,82,82,93,105,105,105,133,29,29,29],"floor_reached":56,"playtime":4540,"items_purged":["Pain"],"score":1254,"play_id":"b331d49c-ddf5-4832-8809-6fb5fd0566bf","local_time":"20210104200223","is_ascension_mode":false,"campfire_choices":[{"floor":1,"key":"RECALL"},{"data":"Slimebound:Schlurp","floor":6,"key":"SMITH"},{"data":"Slimebound:LeadByExample","floor":11,"key":"SMITH"},{"data":"Slimebound:Overexert","floor":18,"key":"SMITH"},{"floor":23,"key":"REST"},{"data":"Slimebound:Nibble","floor":26,"key":"SMITH"},{"data":"Slimebound:Prepare","floor":35,"key":"SMITH"},{"floor":44,"key":"REST"},{"data":"Slimebound:Nibble","floor":47,"key":"SMITH"},{"floor":54,"key":"REST"}],"circlet_count":0,"master_deck":["Slimebound:Strike_Slimebound","Slimebound:Strike_Slimebound","Slimebound:Strike_Slimebound","Slimebound:Tackle+1","Slimebound:Defend_Slimebound","Slimebound:Defend_Slimebound","Slimebound:Defend_Slimebound","Slimebound:Defend_Slimebound","Slimebound:Split+1","Slimebound:CorrosiveSpit","Slimebound:Schlurp+1","Slimebound:SplitBruiser+1","Slimebound:LeadByExample+1","Slimebound:Overexert+1","Slimebound:LeechingTouch","Slimebound:SplitLeeching","Slimebound:GoopSpray","Slimebound:SplitMire","Slimebound:Teamwork","Slimebound:Nibble+1","Slimebound:SlimeSpikes","Slimebound:Gluttony","Slimebound:RainOfGoop+1","Slimebound:SplitLeeching+1","Slimebound:Prepare+1","Slimebound:LeechingTouch+1","Slimebound:MassRepurpose","Slimebound:Chomp","Slimebound:FlameTackle+1","Slimebound:GoopTackle","Slimebound:SplitLeeching+1","Slimebound:LevelUp+1","Slimebound:CheckThePlaybook","Slimebound:SplitAcid+1","Slimebound:SlimeBarrage+1","expansioncontent:Hexaburn","expansioncontent:TimeRipple","expansioncontent:LastStand","Slimebound:Chomp+1","Slimebound:LeechingTouch+1","Slimebound:CheckThePlaybook","Guardian:Aged","Slimebound:RollThrough","Slimebound:SplitBruiser+1","Slimebound:LevelUp","Slimebound:Nibble+1","Master of Strategy+1","Slimebound:FinishingTackle+1","Slimebound:SamplingLick+1","Slimebound:Prepare+1","Slimebound:SlimeTap+1","Slimebound:Replication+1","Slimebound:Nibble+1","Parasite","Slimebound:SlimeBrawl+1","Slimebound:SplitMire+1","Slimebound:LeadByExample+1","Slimebound:SplitMire+1"],"relics":["Slimebound:AbsorbEndCombat","downfall:HeartBlessingRed","Lantern","Toy Ornithopter","Slimebound:TarBlob","downfall:HeartBlessingGreen","InkBottle","Prayer Wheel","Cursed Key","downfall:HeartBlessingBlue","Incense Burner","Toxic Egg 2","Whetstone","Strawberry","Bag of Preparation"],"acts_visited":["Exordium","TheCity","TheBeyond","TheEnding"],"potions_floor_usage":[16,16,16,29,33,43,43,52,55],"damage_taken":[{"damage":8,"enemies":"Cultist","floor":2,"turns":3},{"damage":9,"enemies":"Jaw Worm","floor":5,"turns":4},{"damage":6,"enemies":"Small Slimes","floor":9,"turns":3},{"damage":18,"enemies":"Blue Slaver","floor":10,"turns":3},{"damage":13,"enemies":"2 Fungi Beasts","floor":12,"turns":3},{"damage":12,"enemies":"Lagavulin","floor":13,"turns":5},{"damage":12,"enemies":"Large Slime","floor":14,"turns":4},{"damage":17,"enemies":"Red Slaver","floor":15,"turns":2},{"damage":39,"enemies":"downfall:Watcher","floor":16,"turns":5},{"damage":42,"enemies":"Spheric Guardian","floor":19,"turns":4},{"damage":42,"enemies":"Centurion and Healer","floor":20,"turns":4},{"damage":30,"enemies":"3 Cultists","floor":21,"turns":3},{"damage":46,"enemies":"Snecko","floor":22,"turns":5},{"damage":33,"enemies":"Chosen and Byrds","floor":25,"turns":4},{"damage":42,"enemies":"Shelled Parasite and Fungi","floor":27,"turns":5},{"damage":47,"enemies":"Centurion and Healer","floor":28,"turns":6},{"damage":36,"enemies":"Book of Stabbing","floor":29,"turns":4},{"damage":21,"enemies":"Snake Plant","floor":30,"turns":3},{"damage":36,"enemies":"downfall:FleeingMerchant","floor":31,"turns":4},{"damage":24,"enemies":"Snecko","floor":32,"turns":4},{"damage":62,"enemies":"downfall:Ironclad","floor":33,"turns":7},{"damage":44,"enemies":"3 Shapes","floor":36,"turns":3},{"damage":33,"enemies":"Orb Walker","floor":38,"turns":2},{"damage":30,"enemies":"Mind Bloom Boss Battle","floor":39,"turns":4},{"damage":59,"enemies":"downfall:FleeingMerchant","floor":43,"turns":4},{"damage":7,"enemies":"Sphere and 2 Shapes","floor":45,"turns":4},{"damage":49,"enemies":"Maw","floor":46,"turns":5},{"damage":30,"enemies":"Spire Growth","floor":48,"turns":3},{"damage":32,"enemies":"Writhing Mass","floor":49,"turns":4},{"damage":73,"enemies":"downfall:Silent","floor":50,"turns":5},{"damage":88,"enemies":"downfall:CharBossMerchant","floor":52,"turns":5},{"damage":102,"enemies":"downfall:NeowBoss","floor":55,"turns":19}],"seed_played":"-7423592691601552422","potions_obtained":[{"floor":9,"key":"Fire Potion"},{"floor":10,"key":"Regen Potion"},{"floor":14,"key":"champ:CounterPotion"},{"floor":20,"key":"DuplicationPotion"},{"floor":21,"key":"Ancient Potion"},{"floor":30,"key":"BlessingOfTheForge"},{"floor":32,"key":"SkillPotion"},{"floor":45,"key":"Strength Potion"},{"floor":46,"key":"AttackPotion"}],"is_trial":false,"path_per_floor":["R","M","?","?","M","R","T","?","M","M","R","M","E","M","M","B",null,"R","M","M","M","M","R","T","M","R","M","M","E","M","$","M","B",null,"R","M","?","M","?","T","T","?","$","R","M","M","R","M","M","B",null,"E","$","R","B",null],"character_chosen":"SLIMEBOUND","items_purchased":["Prayer Wheel","Slimebound:GoopTackle","Strawberry","Energy Potion","DuplicationPotion","Slimebound:SplitBruiser+1","Slimebound:LevelUp","Slimebound:Nibble","Master of Strategy+1","PowerPotion","Slimebound:SplitMire+1"],"campfire_rested":3,"item_purchase_floors":[31,31,43,43,43,43,43,43,43,53,53],"current_hp_per_floor":[60,60,65,65,65,65,65,65,63,51,51,44,48,52,41,44,65,65,51,45,49,31,50,50,51,51,43,42,51,52,60,65,63,65,75,57,47,38,42,42,42,42,24,48,61,70,70,66,60,49,82,52,52,76,73],"gold":29,"neow_bonus":"UPGRADE_CARD","is_daily":false,"chose_seed":false,"campfire_upgraded":6,"win_rate":0.0,"timestamp":1609750943,"path_taken":["R","M","?","?","M","R","T","?","M","M","R","M","E","M","M","BOSS","R","M","M","M","M","R","T","M","R","M","M","E","?","$","M","BOSS","R","M","?","M","?","?","T","?","$","R","M","?","R","M","M","BOSS","E","$","R","BOSS"],"items_purchased_type":["Relic","Card","Relic","Potion","Potion","Card","Card","Card","Card","Potion","Card"],"build_version":"2020-12-22","purchased_purges":1,"victory":true,"max_hp_per_floor":[60,60,65,65,65,65,65,65,65,65,65,65,65,65,65,65,65,65,65,65,65,65,65,65,65,65,65,65,65,65,65,65,65,65,75,75,75,75,75,75,75,75,82,82,82,82,82,82,82,82,82,82,82,82,82],"card_choices":[{"not_picked":["Slimebound:FlameTackle","Slimebound:LeechEnergy"],"picked":"Slimebound:Schlurp","floor":2},{"not_picked":["Slimebound:ViciousTackle","Slimebound:SlimeSpikes"],"picked":"Slimebound:SplitBruiser","floor":5},{"not_picked":["Slimebound:SplitLeeching","Slimebound:SamplingLick"],"picked":"Slimebound:LeadByExample","floor":9},{"not_picked":["Slimebound:ComboTackle","Slimebound:Schlurp"],"picked":"Slimebound:Overexert","floor":10},{"not_picked":["Slimebound:SplitMire","Slimebound:LeechEnergy"],"picked":"Slimebound:LeechingTouch","floor":12},{"not_picked":["Slimebound:PressTheAttack","Slimebound:LeechEnergy"],"picked":"Slimebound:SplitLeeching","floor":13},{"not_picked":["Slimebound:Chomp","Slimebound:Equalize"],"picked":"Slimebound:GoopSpray","floor":14},{"not_picked":["Slimebound:GrowthPunch","Slimebound:FlameTackle"],"picked":"Slimebound:SplitMire","floor":15},{"not_picked":["Slimebound:PrepareCrush","Slimebound:MinionMaster"],"picked":"Slimebound:Teamwork","floor":16},{"not_picked":["Slimebound:SplitBruiser","Slimebound:LivingWall"],"picked":"Slimebound:Nibble","floor":19},{"not_picked":["Slimebound:SplitLeeching","Slimebound:AcidTongue"],"picked":"Slimebound:SlimeSpikes","floor":20},{"not_picked":["Slimebound:SplitAcid","Slimebound:FormOfPuddle"],"picked":"Slimebound:Gluttony","floor":21},{"not_picked":["Slimebound:ViciousTackle+1","Slimebound:SplitMire+1"],"picked":"Slimebound:RainOfGoop+1","floor":22},{"not_picked":["Slimebound:Teamwork","Slimebound:ComboTackle+1"],"picked":"Slimebound:SplitLeeching+1","floor":25},{"not_picked":["Slimebound:GrowthPunch","Slimebound:ViciousTackle"],"picked":"Slimebound:Prepare","floor":27},{"not_picked":["Slimebound:Chomp","Slimebound:SplitLeeching"],"picked":"Slimebound:LeechingTouch+1","floor":28},{"not_picked":["Slimebound:SplitBruiser","Slimebound:RainOfGoop"],"picked":"Slimebound:MassRepurpose","floor":29},{"not_picked":["Slimebound:Equalize","Slimebound:LeechingTouch"],"picked":"Slimebound:Chomp","floor":30},{"not_picked":["Slimebound:FirmFortitude","Slimebound:PressTheAttack"],"picked":"Slimebound:FlameTackle","floor":31},{"not_picked":["Slimebound:SlimeSpikes","Slimebound:SpikyOuterGoop+1"],"picked":"Slimebound:SplitLeeching+1","floor":32},{"not_picked":["Slimebound:ForwardTackle+1","Slimebound:FinishingTackle+1"],"picked":"Slimebound:LevelUp+1","floor":32},{"not_picked":["Slimebound:LeechLife","Slimebound:Teamwork"],"picked":"Slimebound:CheckThePlaybook","floor":33},{"not_picked":["Slimebound:Repurpose","Slimebound:RejuvenatingLick"],"picked":"Slimebound:SplitAcid+1","floor":36},{"not_picked":["Slimebound:SplitAcid","Slimebound:SamplingLick+1"],"picked":"Slimebound:SlimeBarrage+1","floor":36},{"not_picked":["expansioncontent:TimeRipple","expansioncontent:DecasProtection"],"picked":"expansioncontent:Hexaburn","floor":37},{"not_picked":["expansioncontent:Torchfire","expansioncontent:DarkVoid"],"picked":"expansioncontent:TimeRipple","floor":37},{"not_picked":["expansioncontent:Torchfire","expansioncontent:DonusPower"],"picked":"expansioncontent:LastStand","floor":37},{"not_picked":["Slimebound:SplitBruiser","Slimebound:GrowthPunch"],"picked":"Slimebound:Chomp+1","floor":38},{"not_picked":["Slimebound:ComboTackle","Slimebound:RollThrough"],"picked":"Slimebound:LeechingTouch+1","floor":38},{"not_picked":["Slimebound:LeechEnergy+1","Slimebound:SamplingLick+1"],"picked":"Slimebound:CheckThePlaybook","floor":39},{"not_picked":["Slimebound:GoopTackle+1","Slimebound:ViciousTackle"],"picked":"Slimebound:RollThrough","floor":43},{"not_picked":["Slimebound:ViciousTackle","Slimebound:PressTheAttack"],"picked":"Slimebound:FinishingTackle+1","floor":45},{"not_picked":["Slimebound:TongueLash+1","Slimebound:ComboTackle+1"],"picked":"Slimebound:SamplingLick+1","floor":45},{"not_picked":["Slimebound:SamplingLick+1","Slimebound:GoopTackle+1"],"picked":"Slimebound:Prepare+1","floor":46},{"not_picked":["Slimebound:Dissolve+1","Slimebound:GoopSpray+1"],"picked":"Slimebound:SlimeTap+1","floor":46},{"not_picked":["Slimebound:DuplicatedForm","Slimebound:LeechingTouch"],"picked":"Slimebound:Replication+1","floor":48},{"not_picked":["Slimebound:Prepare+1","Slimebound:SplitMire+1"],"picked":"Slimebound:Nibble+1","floor":48},{"not_picked":["Slimebound:GrowthPunch","Slimebound:SplitLeeching+1"],"picked":"Slimebound:SlimeBrawl+1","floor":49},{"not_picked":["Slimebound:GrowthPunch","Slimebound:GoopSpray+1"],"picked":"Slimebound:SplitMire+1","floor":49},{"not_picked":["Slimebound:ItLooksTasty+1","Slimebound:SplitBruiser+1"],"picked":"Slimebound:LeadByExample+1","floor":52}],"player_experience":146629,"relics_obtained":[{"floor":7,"key":"Lantern"},{"floor":13,"key":"Toy Ornithopter"},{"floor":29,"key":"InkBottle"},{"floor":39,"key":"Incense Burner"},{"floor":40,"key":"Toxic Egg 2"},{"floor":41,"key":"Whetstone"},{"floor":52,"key":"Bag of Preparation"}],"event_choices":[{"damage_healed":0,"gold_gain":0,"player_choice":"Donut","damage_taken":0,"max_hp_gain":5,"max_hp_loss":0,"event_name":"Big Fish","floor":3,"gold_loss":0},{"damage_healed":0,"gold_gain":0,"player_choice":"Upgraded","damage_taken":0,"max_hp_gain":0,"max_hp_loss":0,"event_name":"Upgrade Shrine","floor":8,"gold_loss":0,"cards_upgraded":["Slimebound:SplitBruiser"]},{"damage_healed":0,"gold_gain":300,"player_choice":"Gold","damage_taken":0,"max_hp_gain":0,"max_hp_loss":0,"event_name":"Wheel of Change","floor":42,"gold_loss":0}],"is_beta":false,"boss_relics":[{"not_picked":["Busted Crown","Philosopher\u0027s Stone"],"picked":"Slimebound:TarBlob"},{"not_picked":["Runic Dome","Pandora\u0027s Box"],"picked":"Cursed Key"}],"items_purged_floors":[43],"is_endless":false,"potions_floor_spawned":[9,10,14,15,20,21,30,32,45,46,48],"ascension_level":0}}