{"host":"hfvpa4llnnjpeawn","time":1609734987,"event":{"mods":["2.2 Compatiblity","AchievementEnabler","Act Like it!","Aspiration","Bard","BaseMod","Beaked The Cultist","Better Sensory Stone","Better Skull","Better Third Choice","BetterRewards","CapriCore","Conspire","Downfall","Elementarium","Energized Spire","Hubris","Infinite Spire","Jorbs\u0027s Wanderer Trilogy","Minty Spire (QoL Compilation)","Replay The Spire","Shade Mod","Spicy Shops","StSLib","The Bladedancer","The Factory","The Gatherer","The Jungle","Waifu the Spire","Wandering Minibosses"],"gold_per_floor":[109,109,125,137,25,50,50,83,106,106,120,120,149,169,169,240,240,259,135,18,29,29,61,81,409,409,409,409,409,419,434,434,434,434],"floor_reached":33,"playtime":1393,"items_purged":["Strike_R"],"score":570,"play_id":"f7cd3aea-35a9-4eb4-a826-82c520d2842f","local_time":"20210103233627","is_ascension_mode":true,"campfire_choices":[{"data":"infinitespire:OneForAll","floor":7.0,"key":"SMITH"},{"floor":10.0,"key":"REST"},{"floor":15.0,"key":"REST"},{"floor":27.0,"key":"REST"},{"floor":32.0,"key":"REST"}],"circlet_count":0,"master_deck":["AscendersBane","Strike_R","Strike_R","Strike_R","Strike_R","Defend_R","Defend_R","Defend_R","Defend_R","Bash","Cleave","Cleave","Fiend Fire","infinitespire:OneForAll+1","Hemogenesis+1","Battle Trance","Sword Boomerang","Limit Break+1","Headbutt","Second Wind+1","Feed","Shockwave","Flame Barrier+1","Decay","infinitespire:Starlight"],"relics":["Burning Blood","NeowsBlessing","infinitespire:PuzzleCube","Red Skull","Question Card","Pen Nib","hubris:SlimyHat","Smiling Mask","Black Star","Elementarium:HuntersBracer","conspire:GiftBox","Anchor","King of Hearts","Old Coin","Snack Pack"],"acts_visited":["Exordium","Exordium"],"potions_floor_usage":[33],"damage_taken":[{"damage":0.0,"enemies":"Jaw Worm","floor":1.0,"turns":1.0},{"damage":0.0,"enemies":"Cultist","floor":3.0,"turns":1.0},{"damage":0.0,"enemies":"conspire:RoseBush","floor":4.0,"turns":1.0},{"damage":18.0,"enemies":"3 Sentries","floor":6.0,"turns":5.0},{"damage":32.0,"enemies":"Gremlin Nob","floor":8.0,"turns":4.0},{"damage":12.0,"enemies":"Looter","floor":11.0,"turns":3.0},{"damage":11.0,"enemies":"Replay:BlueRogue","floor":13.0,"turns":3.0},{"damage":15.0,"enemies":"Exordium Thugs","floor":14.0,"turns":3.0},{"damage":43.0,"enemies":"Slime Boss","floor":16.0,"turns":7.0},{"damage":0.0,"enemies":"Elementarium:2_ELEMENTALS","floor":18.0,"turns":2.0},{"damage":22.0,"enemies":"Elementarium:Cyclone","floor":21.0,"turns":7.0},{"damage":27.0,"enemies":"Nightmare","floor":23.0,"turns":5.0},{"damage":8.0,"enemies":"Elementarium:3_ELEMENTALS","floor":24.0,"turns":4.0},{"damage":26.0,"enemies":"Elementarium:FIRE_NOBILITY","floor":25.0,"turns":5.0},{"damage":34.0,"enemies":"Elementarium:CYCLONE_AND_ORB_OF_FIRE","floor":30.0,"turns":6.0},{"damage":26.0,"enemies":"Elementarium:STONE_GOLEMS","floor":31.0,"turns":3.0},{"damage":74,"enemies":"Elementarium:PHOENIXES","floor":33,"turns":7}],"seed_played":"4601884939327260473","potions_obtained":[{"floor":1.0,"key":"hexamod:EctoCoolerPotion"},{"floor":3.0,"key":"Block Potion"},{"floor":6.0,"key":"SteroidPotion"},{"floor":13.0,"key":"AttackPotion"},{"floor":16.0,"key":"SteroidPotion"},{"floor":18.0,"key":"SpeedPotion"},{"floor":24.0,"key":"SpeedPotion"},{"floor":30.0,"key":"ColorlessPotion"},{"floor":31.0,"key":"Languid Potion"}],"is_trial":false,"path_per_floor":["M","?","M","M","$","E","R","E","T","R","M","?","E","M","R","B",null,"M","?","$","M","?","NM","M","E","T","R","?","AVR","M","M","R","B"],"character_chosen":"IRONCLAD","items_purchased":["Fiend Fire","Headbutt"],"campfire_rested":4,"item_purchase_floors":[5,20],"current_hp_per_floor":[74,39,45,51,51,39,39,13,13,35,34,34,29,20,42,13,60,66,66,66,50,37,16,22,13,13,36,36,36,26,20,43,0,0],"gold":434,"neow_bonus":"THREE_ENEMY_KILL","is_daily":false,"chose_seed":false,"campfire_upgraded":1,"win_rate":0.0,"timestamp":1609734987,"path_taken":["M","?","M","?","?","E","R","E","T","R","M","?","E","M","R","BOSS","M","?","$","M","?","NM","?","E","T","R","?","AVR","M","M","R","BOSS"],"items_purchased_type":["Card","Card"],"build_version":"2020-12-22","purchased_purges":1,"victory":false,"max_hp_per_floor":[75,75,75,75,75,75,75,75,75,75,75,75,75,75,75,75,75,75,75,75,75,75,75,75,78,78,78,78,78,78,78,78,78,78],"card_choices":[{"not_picked":["Headbutt","Iron Wave"],"picked":"Cleave","floor":1.0},{"not_picked":["Run Through","Sword Boomerang"],"picked":"Cleave","floor":3.0},{"not_picked":["hubris:ReadiedAction","Dropkick","ReplayTheSpireMod:Strike From Hell"],"picked":"SKIP","floor":4.0},{"not_picked":["Shrug It Off","Exhume"],"picked":"infinitespire:OneForAll","floor":6.0},{"not_picked":["Uppercut","Clothesline","Feel No Pain"],"picked":"Hemogenesis","floor":8.0},{"not_picked":["Warcry","ReplayTheSpireMod:Muscle Training","Heavy Blade"],"picked":"Battle Trance","floor":11.0},{"not_picked":["Twin Strike","Headbutt","Thunderclap"],"picked":"Sword Boomerang","floor":13.0},{"not_picked":["Pommel Strike","Armaments","True Grit","Thunderclap"],"picked":"SKIP","floor":14.0},{"not_picked":["Exhume","Fiend Fire","conspire:HitWhereItHurts"],"picked":"Limit Break","floor":16.0},{"not_picked":["Warcry","Run Through","Heavy Blade","Headbutt"],"picked":"SKIP","floor":18.0},{"not_picked":["Wild Strike","Run Through","hubris:ReadiedAction"],"picked":"Second Wind+1","floor":21.0},{"not_picked":["conspire:Purge","Replay:Many Hands","Demon Form"],"picked":"Feed","floor":23.0},{"not_picked":["Massacre","Body Slam","Sever Soul+1"],"picked":"Shockwave","floor":23.0},{"not_picked":["Massacre","ReplayTheSpireMod:Corrosion Curse","Clash","Second Wind"],"picked":"SKIP","floor":24.0},{"not_picked":["Sword Boomerang","Impervious","Rage"],"picked":"Flame Barrier+1","floor":25.0},{"not_picked":["ReplayTheSpireMod:Strike From Hell","Sword Boomerang","Twin Strike","Anger"],"picked":"SKIP","floor":30.0},{"not_picked":["ReplayReversal+1","Havoc","Bloodletting","Thunderclap"],"picked":"SKIP","floor":31.0}],"player_experience":378959,"relics_obtained":[{"floor":6.0,"key":"Question Card"},{"floor":8.0,"key":"Pen Nib"},{"floor":9.0,"key":"hubris:SlimyHat"},{"floor":13.0,"key":"Smiling Mask"},{"floor":23.0,"key":"conspire:GiftBox"},{"floor":23.0,"key":"Anchor"},{"floor":25.0,"key":"King of Hearts"},{"floor":25.0,"key":"Old Coin"},{"floor":26.0,"key":"Snack Pack"}],"event_choices":[{"damage_healed":0.0,"max_hp_gain":0.0,"max_hp_loss":0.0,"gold_gain":0.0,"event_name":"betterSkull:BetterSkull","player_choice":"RE RE ","floor":2.0,"gold_loss":0.0,"damage_taken":39.0,"cards_upgraded":[],"relics_obtained":["infinitespire:PuzzleCube","Red Skull"]},{"damage_healed":0.0,"max_hp_gain":0.0,"max_hp_loss":0.0,"gold_gain":0.0,"event_name":"Accursed Blacksmith","player_choice":"Forge","floor":12.0,"gold_loss":0.0,"damage_taken":0.0,"cards_upgraded":["Hemogenesis"]},{"damage_healed":0.0,"max_hp_gain":0.0,"max_hp_loss":0.0,"gold_gain":0.0,"event_name":"Elementarium:BigGameHunter","player_choice":"Sling","floor":19.0,"gold_loss":124.0,"damage_taken":0.0,"relics_obtained":["Elementarium:HuntersBracer"]},{"damage_healed":0.0,"max_hp_gain":0.0,"max_hp_loss":0.0,"gold_gain":0.0,"event_name":"betterSkull:BetterSkull","player_choice":"UP ","floor":22.0,"gold_loss":0.0,"damage_taken":15.0,"cards_upgraded":["Limit Break"],"relics_obtained":[]},{"damage_healed":0.0,"max_hp_gain":0.0,"max_hp_loss":0.0,"gold_gain":0.0,"event_name":"Elementarium:RadiantAltar","player_choice":"Desecrate","floor":28.0,"gold_loss":0.0,"damage_taken":0.0,"cards_obtained":["Decay"]}],"is_beta":false,"boss_relics":[{"not_picked":["Ooze Armor","Coffee Dripper"],"picked":"Black Star"}],"items_purged_floors":[20],"is_endless":true,"potions_floor_spawned":[1,3,6,13,16,18,24,30,31],"killed_by":"Elementarium:PHOENIXES","ascension_level":20}}