{"host":"tw7a6rmo9h75ssrt","time":1609790251,"event":{"mods":["AchievementEnabler","Act Like it!","BaseMod","Colored Map","Highlight Path","Minty Spire (QoL Compilation)","Permanent Neow","Quick Restart","Relic Stats","SuperFastMode"],"gold_per_floor":[111,125,125,145,157,157,107,32,32,32,32,64,64,77,77,181,181,196,207,107,122,138,138,158,158,183,202,202,202,117,142,142,241,241,251,301,301,301,328,355,355,355,355],"floor_reached":42,"playtime":1217,"items_purged":["Strike_R","Bludgeon+1"],"score":567,"play_id":"046847e7-f897-4151-8507-b91916a1e7b9","local_time":"20210105035731","is_ascension_mode":true,"campfire_choices":[{"data":"Searing Blow+1","floor":6.0,"key":"SMITH"},{"data":"Searing Blow+3","floor":11.0,"key":"SMITH"},{"data":"Searing Blow+4","floor":13.0,"key":"SMITH"},{"data":"Searing Blow+5","floor":15.0,"key":"SMITH"},{"data":"Searing Blow+6","floor":23.0,"key":"SMITH"},{"data":"Searing Blow+7","floor":25.0,"key":"SMITH"},{"data":"Searing Blow+8","floor":28.0,"key":"SMITH"},{"data":"Armaments","floor":32.0,"key":"SMITH"},{"floor":41.0,"key":"REST"}],"circlet_count":0,"master_deck":["Defend_R","Defend_R","Defend_R","Defend_R","Bash","Searing Blow+9","Dual Wield","Shrug It Off","Impervious","True Grit+1","Havoc+1","Inflame+1","Armaments+1","Barricade","Uppercut+1"],"relics":["Burning Blood","NeowsBlessing","Kunai","Darkstone Periapt","Astrolabe","MealTicket","Paper Frog","Pear","Black Star","Mango","Dream Catcher","Red Skull","Vajra"],"acts_visited":["Exordium","TheCity","TheBeyond"],"potions_floor_usage":[42],"damage_taken":[{"damage":0.0,"enemies":"Small Slimes","floor":1.0,"turns":1.0},{"damage":0.0,"enemies":"Cultist","floor":2.0,"turns":1.0},{"damage":0.0,"enemies":"Jaw Worm","floor":4.0,"turns":1.0},{"damage":12.0,"enemies":"Looter","floor":5.0,"turns":3.0},{"damage":30.0,"enemies":"Lagavulin","floor":12.0,"turns":5.0},{"damage":0.0,"enemies":"2 Fungi Beasts","floor":14.0,"turns":3.0},{"damage":21.0,"enemies":"The Guardian","floor":16.0,"turns":7.0},{"damage":3.0,"enemies":"Chosen","floor":18.0,"turns":4.0},{"damage":0.0,"enemies":"Spheric Guardian","floor":19.0,"turns":2.0},{"damage":0.0,"enemies":"Snake Plant","floor":21.0,"turns":3.0},{"damage":6.0,"enemies":"Centurion and Healer","floor":22.0,"turns":3.0},{"damage":0.0,"enemies":"3 Cultists","floor":24.0,"turns":3.0},{"damage":3.0,"enemies":"Cultist and Chosen","floor":27.0,"turns":4.0},{"damage":1.0,"enemies":"Book of Stabbing","floor":31.0,"turns":3.0},{"damage":49.0,"enemies":"Collector","floor":33.0,"turns":6.0},{"damage":2.0,"enemies":"Orb Walker","floor":35.0,"turns":3.0},{"damage":0.0,"enemies":"Mind Bloom Boss Battle","floor":36.0,"turns":8.0},{"damage":0.0,"enemies":"3 Darklings","floor":38.0,"turns":1.0},{"damage":121.0,"enemies":"Reptomancer","floor":40.0,"turns":4.0},{"damage":53,"enemies":"Giant Head","floor":42,"turns":9}],"seed_played":"7783735199007988454","potions_obtained":[{"floor":12.0,"key":"BloodPotion"},{"floor":14.0,"key":"Swift Potion"},{"floor":19.0,"key":"Fire Potion"},{"floor":31.0,"key":"GamblersBrew"},{"floor":35.0,"key":"SmokeBomb"},{"floor":40.0,"key":"EssenceOfSteel"}],"is_trial":false,"path_per_floor":["M","M","?","M","M","R","?","$","T","?","R","E","R","M","R","B",null,"M","M","$","M","M","R","M","R","T","M","R","?","?","E","R","B",null,"M","?","?","M","T","E","R","E"],"character_chosen":"IRONCLAD","items_purchased":[],"campfire_rested":1,"item_purchase_floors":[],"current_hp_per_floor":[80,80,80,80,74,74,74,74,74,74,74,50,50,56,56,41,80,80,80,80,80,80,80,80,80,80,80,80,80,80,90,90,47,90,90,104,104,104,104,9,40,0,0],"gold":355,"neow_bonus":"THREE_ENEMY_KILL","is_daily":false,"chose_seed":false,"campfire_upgraded":8,"win_rate":0.0,"timestamp":1609790251,"path_taken":["M","M","?","?","M","R","?","$","T","?","R","E","R","M","R","BOSS","M","M","$","M","M","R","M","R","T","M","R","?","?","E","R","BOSS","M","?","?","?","?","E","R","E"],"items_purchased_type":[],"build_version":"2020-12-22","purchased_purges":2,"victory":false,"max_hp_per_floor":[80,80,80,80,80,80,80,80,80,80,80,80,80,80,80,80,80,80,80,80,80,80,80,80,80,80,80,80,80,80,90,90,90,90,90,104,104,104,104,104,104,104,104],"relic_stats":{"Darkstone Periapt":0,"Dream Catcher":1,"counters":[20,74],"Astrolabe":["True Grit","Havoc","Bludgeon"],"MealTicket":0,"Black Star":1,"Kunai":[0],"obtain_stats":[{"Darkstone Periapt":12,"Pear":31,"NeowsBlessing":0,"Astrolabe":17,"Vajra":40,"Mango":36,"Burning Blood":0,"Dream Catcher":39,"MealTicket":26,"Black Star":34,"Kunai":9,"Red Skull":40,"Paper Frog":30},{"Darkstone Periapt":5,"Pear":14,"NeowsBlessing":0,"Astrolabe":7,"Vajra":19,"Mango":17,"Burning Blood":0,"Dream Catcher":18,"MealTicket":12,"Black Star":15,"Kunai":4,"Red Skull":19,"Paper Frog":13},{"Darkstone Periapt":11,"Pear":43,"NeowsBlessing":0,"Astrolabe":21,"Vajra":65,"Mango":60,"Burning Blood":0,"Dream Catcher":61,"MealTicket":36,"Black Star":49,"Kunai":6,"Red Skull":65,"Paper Frog":40}],"Burning Blood":51},"card_choices":[{"not_picked":["Clash","Wild Strike","Headbutt"],"picked":"SKIP","floor":1.0},{"not_picked":["Rage","Bloodletting"],"picked":"Searing Blow","floor":2.0},{"not_picked":["Sentinel","Flex","Heavy Blade"],"picked":"SKIP","floor":4.0},{"not_picked":["Power Through","Second Wind"],"picked":"Dual Wield","floor":5.0},{"not_picked":["Pummel","Body Slam","Iron Wave"],"picked":"SKIP","floor":12.0},{"not_picked":["Perfected Strike","Thunderclap"],"picked":"Shrug It Off","floor":14.0},{"not_picked":["Limit Break","Fiend Fire"],"picked":"Impervious","floor":16.0},{"not_picked":["Flex","Rupture","Clothesline"],"picked":"SKIP","floor":18.0},{"not_picked":["Searing Blow","Flex","Pummel+1"],"picked":"SKIP","floor":19.0},{"not_picked":["Combust","Blood for Blood+1","True Grit+1"],"picked":"SKIP","floor":21.0},{"not_picked":["Iron Wave+1","Wild Strike"],"picked":"Inflame+1","floor":22.0},{"not_picked":["Shockwave+1","Hemokinesis","Warcry"],"picked":"SKIP","floor":24.0},{"not_picked":["Pommel Strike","Body Slam","Warcry"],"picked":"SKIP","floor":27.0},{"not_picked":["Carnage","Iron Wave+1"],"picked":"Armaments","floor":31.0},{"not_picked":["Berserk","Reaper"],"picked":"Barricade","floor":33.0},{"not_picked":["Perfected Strike+1","Wild Strike","Armaments"],"picked":"SKIP","floor":35.0},{"not_picked":["Clothesline+1","Cleave+1"],"picked":"Uppercut+1","floor":40.0}],"player_experience":12301,"relics_obtained":[{"floor":9.0,"key":"Kunai"},{"floor":12.0,"key":"Darkstone Periapt"},{"floor":26.0,"key":"MealTicket"},{"floor":31.0,"key":"Pear"},{"floor":36.0,"key":"Mango"},{"floor":39.0,"key":"Dream Catcher"},{"floor":40.0,"key":"Red Skull"},{"floor":40.0,"key":"Vajra"}],"event_choices":[{"damage_healed":0.0,"max_hp_gain":0.0,"max_hp_loss":0.0,"gold_gain":0.0,"event_name":"Upgrade Shrine","player_choice":"Upgraded","floor":3.0,"gold_loss":0.0,"damage_taken":0.0,"cards_upgraded":["Searing Blow"]},{"cards_removed":["Strike_R"],"damage_healed":0.0,"max_hp_gain":0.0,"max_hp_loss":0.0,"gold_gain":0.0,"event_name":"The Cleric","player_choice":"Card Removal","floor":7.0,"gold_loss":50.0,"damage_taken":0.0},{"damage_healed":0.0,"max_hp_gain":0.0,"max_hp_loss":0.0,"gold_gain":0.0,"event_name":"Living Wall","player_choice":"Grow","floor":10.0,"gold_loss":0.0,"damage_taken":0.0,"cards_upgraded":["Searing Blow"]},{"damage_healed":0.0,"max_hp_gain":0.0,"max_hp_loss":0.0,"gold_gain":0.0,"event_name":"Vampires","player_choice":"Ignored","floor":29.0,"gold_loss":0.0,"damage_taken":0.0},{"damage_healed":0.0,"max_hp_gain":0.0,"max_hp_loss":0.0,"gold_gain":0.0,"event_name":"Addict","player_choice":"Obtained Relic","floor":30.0,"gold_loss":85.0,"damage_taken":0.0,"relics_obtained":["Paper Frog"]},{"damage_healed":0.0,"max_hp_gain":0.0,"max_hp_loss":0.0,"gold_gain":0.0,"event_name":"MindBloom","player_choice":"Fight","floor":36.0,"gold_loss":0.0,"damage_taken":0.0},{"damage_healed":0.0,"max_hp_gain":0.0,"max_hp_loss":0.0,"gold_gain":0.0,"event_name":"SecretPortal","player_choice":"Ignored","floor":37.0,"gold_loss":0.0,"damage_taken":0.0}],"is_beta":false,"boss_relics":[{"not_picked":["Busted Crown","Calling Bell"],"picked":"Astrolabe"},{"not_picked":["Fusion Hammer","Tiny House"],"picked":"Black Star"}],"items_purged_floors":[8,20],"is_endless":false,"potions_floor_spawned":[12,14,19,22,31,35,38,40],"killed_by":"Giant Head","ascension_level":3}}