{"host":"2ola2xmu4hnwjqd4","time":1609790649,"event":{"mods":["ATMod(°¢èªMod)","Act Like it!","BaseMod","BetterRewards","Conspire","Minty Spire (QoL Compilation)","MostiFishMod","Pale of the Ancients","Permanent Neow","Shop Mod","StSLib","TestMod","[IsaacMod]ÒÔÈö¼âËþ"],"gold_per_floor":[109,184,194,213,213,213,246,246,270,302,319,335,368,388,388,463,463,480,103,103,103,116,147,161,194,194,194,226,163,175,21,21,98,98,110,110,121,121,121,121,153,28,82,108,133,163,163,177,177,177,177,177,177,10,39,39],"floor_reached":57,"playtime":2270,"items_purged":["Strike_R","Strike_R","Strike_R","Defend_R"],"score":4228,"play_id":"55102f2e-202b-4e0b-99ef-f0d78c04ad0b","local_time":"20210105040409","is_ascension_mode":true,"campfire_choices":[{"data":"Whirlwind","floor":6.0,"key":"SMITH"},{"data":"Shockwave","floor":8.0,"key":"SMITH"},{"data":"MostiFishMod:HellRitual","floor":15.0,"key":"SMITH"},{"floor":27.0,"key":"REST"},{"floor":32.0,"key":"REST"},{"data":"Feed","floor":40.0,"key":"SMITH"},{"data":"Burning Pact","floor":47.0,"key":"SMITH"},{"floor":49.0,"key":"RECALL"},{"data":"Offering","floor":53.0,"key":"SMITH"}],"circlet_count":0,"master_deck":["AscendersBane","Defend_R","Defend_R","AT_FamilyPortrait+1","MostiFishMod:#F4004","Whirlwind+1","Shrug It Off+1","Shockwave+1","MostiFishMod:HellRitual+1","Burning Pact+1","Feed+1","Offering+1","Sword Boomerang","Offering","MostiFishMod:ChineseTea","Armaments+1","testmod-SelfRegulatingSystem","testmod-CardIndex","Power Through","Entrench"],"relics":["Burning Blood","testmod-TestBox","HushsDoor","DaveBox","AT_ATBox","ArrowTower","GuppysHead","Brimstone","SynthV:TestCard","BelialBook","War Paint","TheBible","Peace Pipe","testmod-Prudence","GuppysHairball","Succubus","HornCleat","testmod-ConstraintPeriapt","Bottled Flame","Potion Belt","MawBank","Nilry\u0027s Codex","Chemical X","Empty Cage","SatanicBible","DeathBook","GuppysCollar","HowToJump","Vajra","Thread and Needle","Dream Catcher","testmod-IndustrialRevolution","Akabeko"],"acts_visited":["Exordium","TheCity","TheBeyond","TheEnding"],"potions_floor_usage":[56,56],"damage_taken":[{"damage":0.0,"enemies":"Small Slimes","floor":1.0,"turns":2.0},{"damage":9.0,"enemies":"2 Louse","floor":3.0,"turns":2.0},{"damage":8.0,"enemies":"conspire:RoseBush","floor":4.0,"turns":3.0},{"damage":0.0,"enemies":"Lagavulin","floor":7.0,"turns":4.0},{"damage":12.0,"enemies":"3 Sentries","floor":10.0,"turns":3.0},{"damage":1.0,"enemies":"Looter","floor":11.0,"turns":2.0},{"damage":14.0,"enemies":"Exordium Wildlife","floor":12.0,"turns":2.0},{"damage":0.0,"enemies":"Lagavulin","floor":13.0,"turns":3.0},{"damage":7.0,"enemies":"conspire:2 RoseBushes","floor":14.0,"turns":3.0},{"damage":0.0,"enemies":"Hexaghost","floor":16.0,"turns":2.0},{"damage":12.0,"enemies":"3 Byrds","floor":18.0,"turns":2.0},{"damage":23.0,"enemies":"Shell Parasite","floor":22.0,"turns":3.0},{"damage":6.0,"enemies":"Slavers","floor":23.0,"turns":1.0},{"damage":12.0,"enemies":"Shelled Parasite and Fungi","floor":24.0,"turns":2.0},{"damage":4.0,"enemies":"Book of Stabbing","floor":25.0,"turns":3.0},{"damage":6.0,"enemies":"conspire:SneckoGhost","floor":28.0,"turns":4.0},{"damage":12.0,"enemies":"Champ","floor":33.0,"turns":3.0},{"damage":0.0,"enemies":"3 Shapes","floor":35.0,"turns":4.0},{"damage":14.0,"enemies":"Orb Walker","floor":37.0,"turns":3.0},{"damage":12.0,"enemies":"Nemesis","floor":41.0,"turns":3.0},{"damage":3.0,"enemies":"Giant Head","floor":44.0,"turns":4.0},{"damage":12.0,"enemies":"Mind Bloom Boss Battle","floor":45.0,"turns":3.0},{"damage":0.0,"enemies":"Nemesis","floor":46.0,"turns":1.0},{"damage":6.0,"enemies":"Spire Growth","floor":48.0,"turns":2.0},{"damage":12.0,"enemies":"Donu and Deca","floor":50.0,"turns":3.0},{"damage":24.0,"enemies":"conspire:OrnateMirror","floor":51.0,"turns":6.0},{"damage":6.0,"enemies":"Shield and Spear","floor":55.0,"turns":3.0},{"damage":0,"enemies":"The Heart","floor":56,"turns":5}],"seed_played":"5090779978721121065","potions_obtained":[{"floor":3.0,"key":"LiquidMemories"},{"floor":33.0,"key":"BlessingOfTheForge"},{"floor":35.0,"key":"Energy Potion"},{"floor":41.0,"key":"ElixirPotion"},{"floor":55.0,"key":"Weak Potion"}],"is_trial":false,"path_per_floor":["M","?","M","M","?","R","E","R","T","E","M","M","E","M","R","B",null,"M","$","?","$","M","E","M","E","T","R","E","?","?","$","R","B",null,"M","?","M","?","?","R","E","$","T","E","?","E","R","M","R","B","B",null,"R","$","E","B",null],"character_chosen":"IRONCLAD","items_purchased":["Brimstone","MostiFishMod:#F4004","DuplicationPotion","Offering","GuppysHairball","Succubus","HornCleat","Chemical X","SatanicBible","DeathBook","GuppysCollar","testmod-IndustrialRevolution"],"campfire_rested":2,"item_purchase_floors":[0,0,0,17,17,17,19,31,34,34,34,54],"current_hp_per_floor":[61,50,47,45,38,38,44,44,44,38,43,35,41,40,40,46,41,35,35,26,26,12,12,9,11,11,26,26,26,5,5,20,17,21,25,15,12,10,10,10,7,7,7,16,11,17,17,24,24,21,22,36,36,36,40,45],"gold":39,"neow_bonus":"","is_daily":false,"chose_seed":false,"campfire_upgraded":6,"win_rate":0.0,"timestamp":1609790649,"path_taken":["M","?","M","M","?","R","E","R","T","E","M","M","E","M","R","BOSS","M","$","?","?","?","E","M","E","T","R","E","?","?","$","R","BOSS","M","?","?","?","?","R","E","$","T","E","?","E","R","?","R","BOSS","BOSS","R","$","E","BOSS"],"items_purchased_type":["Relic","Card","Potion","Card","Relic","Relic","Relic","Relic","Relic","Relic","Relic","Relic"],"build_version":"2020-12-22","purchased_purges":4,"victory":true,"max_hp_per_floor":[75,75,75,75,75,75,75,75,75,75,75,75,75,75,75,75,41,41,41,46,46,49,49,52,52,52,52,52,52,52,52,52,55,22,25,25,28,28,28,28,29,29,29,33,33,33,33,37,37,37,41,41,41,41,41,45],"card_choices":[{"not_picked":["Body Slam","Sever Soul"],"picked":"Bomb","floor":1.0},{"not_picked":["Carnage","Warcry","Bomb","Perfected Strike"],"picked":"Whirlwind","floor":3.0},{"not_picked":["Armaments","Inflame","Flex","Body Slam"],"picked":"Shrug It Off","floor":4.0},{"not_picked":["Armaments","Bomb","Warcry","Perfected Strike"],"picked":"Shockwave","floor":7.0},{"not_picked":["Uppercut","conspire:Purge","Headbutt","Armaments"],"picked":"MostiFishMod:HellRitual","floor":10.0},{"not_picked":["Iron Wave","Carnage","AT_BodySlamDance","Wild Strike","MostiFishMod:BrandingRite"],"picked":"SKIP","floor":11.0},{"not_picked":["Armaments","Flame Barrier","Wild Strike","Dual Wield","Spot Weakness"],"picked":"SKIP","floor":12.0},{"not_picked":["AT_BodySlamDance","AT_IchimonjiDouble","Pommel Strike","True Grit"],"picked":"Burning Pact","floor":13.0},{"not_picked":["Headbutt","Perfected Strike","Flex","Dropkick","Sentinel"],"picked":"SKIP","floor":14.0},{"not_picked":["conspire:HitWhereItHurts","conspire:Purge","MostiFishMod:FireWorks","Barricade"],"picked":"Feed","floor":16.0},{"not_picked":["Pommel Strike","Flame Barrier","Spot Weakness","Sentinel"],"picked":"Sword Boomerang","floor":18.0},{"not_picked":["True Grit","Iron Wave","Heavy Blade","Dropkick","Rampage"],"picked":"SKIP","floor":22.0},{"not_picked":["Headbutt","Heavy Blade","Body Slam","Armaments","True Grit"],"picked":"SKIP","floor":23.0},{"not_picked":["Perfected Strike","MostiFishMod:BrandingRite","Warcry","Twin Strike","Armaments"],"picked":"SKIP","floor":24.0},{"not_picked":["Combust","Thunderclap","Second Wind","Infernal Blade+1"],"picked":"Offering","floor":25.0},{"not_picked":["Spot Weakness","conspire:ExplosiveBarrier+1","AT_DiedThrough","Clash","Sentinel"],"picked":"SKIP","floor":28.0},{"not_picked":["MostiFishMod:FireWorks","MostiFishMod:DarkDeal","MostiFishMod:PerfectStrikeMKII","MostiFishMod:Chiaki"],"picked":"MostiFishMod:ChineseTea","floor":33.0},{"not_picked":["Clash","AT_BodySlamDance","Ghostly Armor","Pommel Strike"],"picked":"Armaments+1","floor":35.0},{"not_picked":["Flash of Steel","testmod-Provocation","Forethought","Panacea"],"picked":"ChaosCard","floor":36.0},{"not_picked":["AT_Homeward","Dramatic Entrance","BettingIsNotGood","testmod-BackupPower"],"picked":"testmod-SelfRegulatingSystem","floor":36.0},{"not_picked":["testmod-HandmadeProducts","Dark Shackles","Chrysalis","testmod-Recap"],"picked":"testmod-CardIndex","floor":36.0},{"not_picked":["Warcry","Heavy Blade","AT_BodySlamDance","Shrug It Off","Clothesline+1"],"picked":"SKIP","floor":37.0},{"not_picked":["Cleave","Bloodletting+1","Iron Wave","Dual Wield","Flex+1"],"picked":"SKIP","floor":41.0},{"not_picked":["Pommel Strike","Wild Strike+1","AT_IchimonjiDouble","conspire:HitWhereItHurts","Rage"],"picked":"SKIP","floor":44.0},{"not_picked":["Anger","Clash","Cleave","AT_IchimonjiDouble"],"picked":"Power Through","floor":45.0},{"not_picked":["Wild Strike","Flex","Whirlwind+1","Body Slam","AT_ShrugMaster"],"picked":"SKIP","floor":46.0},{"not_picked":["Flame Barrier+1","Fire Breathing+1","Combust","Pommel Strike","Rupture"],"picked":"SKIP","floor":48.0},{"not_picked":["MostiFishMod:BrandingRite","Cleave","AT_IchimonjiDouble+1","True Grit"],"picked":"Entrench","floor":55.0}],"player_experience":1617896,"relics_obtained":[{"floor":1.0,"key":"SynthV:TestCard"},{"floor":7.0,"key":"BelialBook"},{"floor":9.0,"key":"War Paint"},{"floor":10.0,"key":"TheBible"},{"floor":13.0,"key":"Peace Pipe"},{"floor":23.0,"key":"testmod-ConstraintPeriapt"},{"floor":25.0,"key":"Bottled Flame"},{"floor":26.0,"key":"Potion Belt"},{"floor":28.0,"key":"MawBank"},{"floor":30.0,"key":"Nilry\u0027s Codex"},{"floor":41.0,"key":"HowToJump"},{"floor":44.0,"key":"Vajra"},{"floor":45.0,"key":"Thread and Needle"},{"floor":46.0,"key":"Dream Catcher"},{"floor":55.0,"key":"Akabeko"}],"event_choices":[{"damage_healed":0.0,"max_hp_gain":0.0,"max_hp_loss":0.0,"gold_gain":75.0,"event_name":"World of Goop","player_choice":"Gather Gold","floor":2.0,"gold_loss":0.0,"damage_taken":11.0},{"cards_removed":["Strike_R"],"damage_healed":0.0,"max_hp_gain":0.0,"max_hp_loss":0.0,"gold_gain":0.0,"event_name":"Golden Wing","player_choice":"Card Removal","floor":5.0,"gold_loss":0.0,"damage_taken":7.0},{"damage_healed":0.0,"max_hp_gain":5.0,"max_hp_loss":0.0,"gold_gain":0.0,"event_name":"Forgotten Altar","player_choice":"Shed Blood","floor":20.0,"gold_loss":0.0,"damage_taken":14.0},{"cards_removed":["Defend_R"],"damage_healed":0.0,"max_hp_gain":0.0,"max_hp_loss":0.0,"gold_gain":0.0,"event_name":"Beggar","player_choice":"Gave Gold","floor":29.0,"gold_loss":75.0,"damage_taken":0.0},{"damage_healed":0.0,"max_hp_gain":0.0,"max_hp_loss":0.0,"gold_gain":0.0,"event_name":"Cursed Tome","player_choice":"Obtained Book","floor":30.0,"gold_loss":0.0,"damage_taken":21.0},{"damage_healed":0.0,"max_hp_gain":0.0,"max_hp_loss":0.0,"gold_gain":0.0,"event_name":"SensoryStone","player_choice":"Memory 3","floor":36.0,"gold_loss":0.0,"damage_taken":10.0},{"damage_healed":0.0,"max_hp_gain":0.0,"max_hp_loss":0.0,"gold_gain":0.0,"event_name":"conspire:Investor","player_choice":"Leave","floor":38.0,"gold_loss":0.0,"damage_taken":0.0},{"damage_healed":0.0,"max_hp_gain":0.0,"max_hp_loss":0.0,"gold_gain":0.0,"event_name":"Tomb of Lord Red Mask","player_choice":"Ignored","floor":39.0,"gold_loss":0.0,"damage_taken":0.0},{"damage_healed":0.0,"max_hp_gain":0.0,"max_hp_loss":0.0,"gold_gain":0.0,"event_name":"MindBloom","player_choice":"Fight","floor":45.0,"gold_loss":0.0,"damage_taken":0.0}],"is_beta":false,"boss_relics":[{"not_picked":["conspire:RoyalGoblet","testmod-Temperance"],"picked":"testmod-Prudence"},{"not_picked":[]},{"not_picked":["Velvet Choker","FeatherPendant"],"picked":"Empty Cage"},{"not_picked":[]}],"items_purged_floors":[0,17,19,42],"is_endless":false,"potions_floor_spawned":[3,4,7,10,16,18,22,33,35,41,46,55],"ascension_level":20}}