{"host":"zntn5kfpqqjb7mu3","time":1609758632,"event":{"mods":["AchievementEnabler","Aspiration","BaseMod","Better-Laid Plans","Colored Map","Colored Powertips","DNKmod","Friendly Minions","Marked Mod","Minty Spire (QoL Compilation)","MostiFishMod","Permanent Neow","Quick Restart","Rare Cards Sparkle","Relic Stats","Remove Card Discount Mod","Replay The Spire","Spicy Shops","StSLib","SuperFastMode","TestMod","vexMod","【遗物卡牌】REMEMod","篝火指南"],"gold_per_floor":[10011,10011,10021,10038,9116,9116,9116,8623,8623,8637,8168,7818,7818,7125,6016,6120,6120,6137,6156,6156,5821,5836,5862,5862,5541,5553,5565,5380,5391,5405,5436,5098,5195,5195,5207,5219,4990,4990,5008,4624,4468,4479,4479,4282,4282,4282,4301,4333,3953,3963,3718,3718,3718,3718,3587,3616,3616],"floor_reached":58,"playtime":1971,"items_purged":["Vigilance"],"score":1787,"play_id":"f240cf98-6d8e-46f4-9dba-410002745a75","local_time":"20210104191032","is_ascension_mode":true,"campfire_choices":[{"floor":6,"key":"RECALL"},{"data":"1","floor":54,"key":"LIFT"}],"circlet_count":0,"master_deck":["Strike_P","Strike_P","Strike_P","Strike_P","Defend_P","Defend_P","Defend_P","Defend_P","Eruption+1","MostiFishMod:Confrontation+1","MarkedMod:GentlePulse","Ragnarok+1","MarkedMod:FirstStrike","REME_EyeOfCthun+1","Conclude+1","PathToVictory","Tantrum+1","SpiritShield+1","SashWhip","SashWhip+1","Tantrum+1","CarveReality+1","MostiFishMod:Pointsdynamics","LessonLearned+1","MasterReality+1","PathToVictory","MostiFishMod:PathToVictory+1","PathToVictory","MostiFishMod:StarWish","Master of Strategy","ForeignInfluence+1","MarkedMod:FirstStrike","Tantrum+1","MostiFishMod:Unraveling","PathToVictory","MostiFishMod:Pointsdynamics+1","PathToVictory","MasterReality+1","FollowUp+1","MarkedMod:FirstStrike","MostiFishMod:PathToVictory+1","SashWhip+1","Consecrate","Consecrate","PathToVictory+1","REME_Flogging+1","MostiFishMod:PathToVictory+1","REME_HeartOfCthun+1"],"relics":["PureWater","testmod-TestBox","REME_ComplimentaryCards","DaveBox","Ancient Tea Set","JellyFishMachine","testmod-ArcanaOfDestiny","SynthV:TestCard","Civilization","Calipers","HornCleat","aspiration:SeaSaltIceCream","Nloth\u0027s Gift","DollysMirror","REME_CardOfGreed","Boot","testmod-LifeArmor","Onion Ring","Iron Hammer","vexMod:PlasmaPancake","Sling","Frozen Egg 2","Simple Rune","aspiration:RandomNobGenerator","aspiration:DSix","Juzu Bracelet","MawBank","Guide Book","Blue Doll","Girya","Dodecahedron","Bag of Marbles","RhineCircuit","Nunchaku","aspiration:HummingbirdHeart","Technique","vexMod:PaidLearning","Happy Flower","Golden Egg","ReplayTheSpireMod:ShopPack","Replay:Rubber Ducky"],"acts_visited":["Exordium","TheCity","TheBeyond","TheEnding"],"potions_floor_usage":[],"damage_taken":[{"damage":0,"enemies":"Jaw Worm","floor":1,"turns":1},{"damage":0,"enemies":"2 Louse","floor":3,"turns":2},{"damage":0,"enemies":"Small Slimes","floor":4,"turns":1},{"damage":0,"enemies":"Exordium Thugs","floor":10,"turns":1},{"damage":0,"enemies":"The Guardian","floor":16,"turns":2},{"damage":0,"enemies":"Shell Parasite","floor":18,"turns":2},{"damage":0,"enemies":"Chosen","floor":19,"turns":1},{"damage":0,"enemies":"Snake Plant","floor":22,"turns":1},{"damage":0,"enemies":"Book of Stabbing","floor":23,"turns":1},{"damage":0,"enemies":"Snecko","floor":29,"turns":1},{"damage":0,"enemies":"3 Cultists","floor":30,"turns":1},{"damage":0,"enemies":"Gremlin Leader","floor":31,"turns":1},{"damage":0,"enemies":"Champ","floor":33,"turns":1},{"damage":4,"enemies":"3 Shapes","floor":35,"turns":1},{"damage":0,"enemies":"3 Darklings","floor":36,"turns":1},{"damage":0,"enemies":"Maw","floor":39,"turns":1},{"damage":0,"enemies":"Jaw Worm Horde","floor":42,"turns":2},{"damage":0,"enemies":"3 Darklings","floor":47,"turns":1},{"damage":0,"enemies":"R_Hoarder","floor":48,"turns":1},{"damage":0,"enemies":"Spire Growth","floor":50,"turns":1},{"damage":0,"enemies":"Donu and Deca","floor":52,"turns":1},{"damage":0,"enemies":"Shield and Spear","floor":56,"turns":1},{"damage":3,"enemies":"The Heart","floor":57,"turns":2}],"seed_played":"8731021532419185672","potions_obtained":[{"floor":4,"key":"testmod-TestPotion"},{"floor":10,"key":"ColorlessPotion"},{"floor":19,"key":"Venom Potion"},{"floor":30,"key":"Fire Potion"}],"is_trial":false,"path_per_floor":["M","?","M","M","$","R","?","R","T","M","$","R","?","$","R","B",null,"M","M","?","$","M","E","?","R","T","?","$","M","M","E","R","B",null,"M","M","$","?","M","R","$","M","T","R","PTL","PTL","M","E","R","M","R","B",null,"R","$","E","B",null],"character_chosen":"WATCHER","items_purchased":["Civilization","REME_EyeOfCthun","Calipers","Conclude","HornCleat","aspiration:SeaSaltIceCream","Tantrum","SpiritShield","SashWhip","DollysMirror","REME_CardOfGreed","CarveReality+1","MostiFishMod:Pointsdynamics","Boot","LessonLearned+1","testmod-LifeArmor","Onion Ring","Iron Hammer","vexMod:PlasmaPancake","Sling","Frozen Egg 2","Simple Rune","PathToVictory","aspiration:DSix","Guide Book","Master of Strategy","Blue Doll","ForeignInfluence+1","Dodecahedron","Bag of Marbles","PathToVictory","Nunchaku","FollowUp+1","MarkedMod:FirstStrike","aspiration:HummingbirdHeart","Technique","vexMod:PaidLearning","Happy Flower","Consecrate","REME_Flogging+1","Golden Egg","ReplayTheSpireMod:ShopPack"],"campfire_rested":0,"item_purchase_floors":[5,5,5,5,8,8,11,11,11,11,12,12,12,14,14,14,14,15,15,15,15,15,21,21,25,25,28,28,32,32,32,37,37,37,40,40,41,44,44,49,51,55],"current_hp_per_floor":[72,72,72,72,72,72,65,65,65,67,67,67,74,74,80,83,83,88,94,94,94,102,111,111,111,111,111,111,121,134,148,148,164,164,179,205,205,205,232,232,232,262,262,262,262,262,299,337,337,376,376,418,422,422,422,466,509],"gold":3616,"neow_bonus":"RANDOM_COMMON_RELIC","is_daily":false,"chose_seed":false,"campfire_upgraded":0,"win_rate":0.0,"timestamp":1609758632,"path_taken":["M","?","M","M","$","R","?","R","T","M","?","R","?","$","R","BOSS","M","M","?","$","M","E","?","R","T","?","$","M","M","E","R","BOSS","M","M","$","?","M","R","$","M","T","R","PTL","PTL","M","E","R","M","R","BOSS","R","$","E","BOSS"],"items_purchased_type":["Relic","Card","Relic","Card","Relic","Relic","Card","Card","Card","Relic","Relic","Card","Card","Relic","Card","Relic","Relic","Relic","Relic","Relic","Relic","Relic","Card","Relic","Relic","Card","Relic","Card","Relic","Relic","Card","Relic","Card","Card","Relic","Relic","Relic","Relic","Card","Card","Relic","Relic"],"build_version":"2020-12-22","purchased_purges":1,"victory":true,"max_hp_per_floor":[72,72,72,72,72,72,72,72,72,74,74,74,74,74,80,83,83,88,94,94,94,102,111,111,111,111,111,111,121,134,148,148,164,164,183,209,209,209,236,236,236,266,266,266,266,266,303,341,341,380,380,422,422,422,422,466,512],"relic_stats":{"Nunchaku":[2],"Happy Flower":[2],"counters":[23,28],"Nloth\u0027s Gift":6,"Juzu Bracelet":2,"Boot":[1],"MawBank":48,"obtain_stats":[{"vexMod:PlasmaPancake":15,"Golden Egg":51,"Calipers":5,"DaveBox":0,"Blue Doll":28,"testmod-LifeArmor":14,"Juzu Bracelet":23,"Ancient Tea Set":0,"Boot":14,"Sling":15,"Replay:Rubber Ducky":56,"Civilization":5,"Nunchaku":37,"HornCleat":8,"DollysMirror":11,"Iron Hammer":15,"aspiration:DSix":21,"testmod-ArcanaOfDestiny":0,"Girya":31,"testmod-TestBox":0,"Dodecahedron":32,"Happy Flower":44,"JellyFishMachine":0,"Guide Book":25,"aspiration:RandomNobGenerator":17,"aspiration:HummingbirdHeart":40,"vexMod:PaidLearning":41,"aspiration:SeaSaltIceCream":8,"Frozen Egg 2":15,"MawBank":24,"RhineCircuit":34,"SynthV:TestCard":1,"Onion Ring":14,"Simple Rune":15,"Nloth\u0027s Gift":8,"Bag of Marbles":32,"REME_CardOfGreed":12,"Technique":40,"PureWater":0,"REME_ComplimentaryCards":0,"ReplayTheSpireMod:ShopPack":55},{"vexMod:PlasmaPancake":4,"Golden Egg":20,"Calipers":3,"DaveBox":0,"Blue Doll":9,"testmod-LifeArmor":4,"Juzu Bracelet":9,"Ancient Tea Set":0,"Boot":4,"Sling":4,"Replay:Rubber Ducky":22,"Civilization":3,"Nunchaku":15,"HornCleat":3,"DollysMirror":4,"Iron Hammer":4,"aspiration:DSix":7,"testmod-ArcanaOfDestiny":0,"Girya":12,"testmod-TestBox":0,"Dodecahedron":12,"Happy Flower":17,"JellyFishMachine":0,"Guide Book":9,"aspiration:RandomNobGenerator":5,"aspiration:HummingbirdHeart":16,"vexMod:PaidLearning":16,"aspiration:SeaSaltIceCream":3,"Frozen Egg 2":4,"MawBank":9,"RhineCircuit":13,"SynthV:TestCard":1,"Onion Ring":4,"Simple Rune":4,"Nloth\u0027s Gift":3,"Bag of Marbles":12,"REME_CardOfGreed":4,"Technique":16,"PureWater":0,"REME_ComplimentaryCards":0,"ReplayTheSpireMod:ShopPack":21},{"vexMod:PlasmaPancake":5,"Golden Egg":24,"Calipers":4,"DaveBox":0,"Blue Doll":12,"testmod-LifeArmor":5,"Juzu Bracelet":12,"Ancient Tea Set":0,"Boot":5,"Sling":5,"Replay:Rubber Ducky":26,"Civilization":4,"Nunchaku":18,"HornCleat":4,"DollysMirror":5,"Iron Hammer":5,"aspiration:DSix":10,"testmod-ArcanaOfDestiny":0,"Girya":15,"testmod-TestBox":0,"Dodecahedron":15,"Happy Flower":21,"JellyFishMachine":0,"Guide Book":12,"aspiration:RandomNobGenerator":7,"aspiration:HummingbirdHeart":19,"vexMod:PaidLearning":19,"aspiration:SeaSaltIceCream":4,"Frozen Egg 2":5,"MawBank":12,"RhineCircuit":16,"SynthV:TestCard":1,"Onion Ring":5,"Simple Rune":5,"Nloth\u0027s Gift":4,"Bag of Marbles":15,"REME_CardOfGreed":5,"Technique":19,"PureWater":0,"REME_ComplimentaryCards":0,"ReplayTheSpireMod:ShopPack":25}]},"card_choices":[{"not_picked":["MarkedMod:GracefulMovements","ThirdEye"],"picked":"MarkedMod:GentlePulse","floor":1},{"not_picked":["Replay:Hum","WaveOfTheHand","CutThroughFate","Protect"],"picked":"Ragnarok","floor":3},{"not_picked":["MostiFishMod:Clarity","EmptyMind","MentalFortress","ClearTheMind"],"picked":"MarkedMod:FirstStrike","floor":4},{"not_picked":["Nirvana","WreathOfFlame","Replay:AtTheReady","SandsOfTime"],"picked":"PathToVictory","floor":10},{"not_picked":["SpiritShield","Brilliance","Blasphemy","Alpha"],"picked":"MasterReality+1","floor":16},{"not_picked":["Nirvana+1","FlurryOfBlows","FearNoEvil","FollowUp"],"picked":"PathToVictory","floor":18},{"not_picked":["MarkedMod:FirstStrike","Halt+1","Replay:AtTheReady","MarkedMod:GracefulMovements+1"],"picked":"MostiFishMod:PathToVictory+1","floor":19},{"not_picked":["BowlingBash","DevaForm+1","CarveReality","EmptyMind","Replay:Cycle"],"picked":"SKIP","floor":22},{"not_picked":["Tantrum","Evaluate+1","REME_Repentance","MarkedMod:PinPointDefense+1"],"picked":"MostiFishMod:StarWish","floor":23},{"not_picked":["Protect","ClearTheMind","FollowUp","SashWhip"],"picked":"MarkedMod:FirstStrike","floor":29},{"not_picked":["CarveReality","MarkedMod:Acupuncture+1","EmptyMind","EmptyFist"],"picked":"Tantrum+1","floor":30},{"not_picked":["Fasting2+1","REME_WorshipGod","WheelKick","FlurryOfBlows"],"picked":"MostiFishMod:Unraveling","floor":31},{"not_picked":["DevaForm+1","MostiFishMod:StarWish","MostiFishMod:Disappear","MostiFishMod:Unraveling"],"picked":"MostiFishMod:Pointsdynamics+1","floor":33},{"not_picked":["Prostrate+1","Replay:Cycle+1","Conclude+1","Replay:BluntJabs+1"],"picked":"PathToVictory","floor":35},{"not_picked":["SandsOfTime","Prostrate","JustLucky","EmptyBody+1"],"picked":"MasterReality+1","floor":36},{"not_picked":["REME_MusicOfDeath+1","MarkedMod:GracefulMovements+1","FlurryOfBlows","BowlingBash+1"],"picked":"MostiFishMod:PathToVictory+1","floor":39},{"not_picked":["FearNoEvil+1","Replay:AtTheReady","JustLucky+1","REME_MusicOfDeath+1"],"picked":"SashWhip+1","floor":42},{"not_picked":["Conclude","FlyingSleeves+1","JustLucky+1","WreathOfFlame+1"],"picked":"PathToVictory+1","floor":47},{"not_picked":["WindmillStrike","REME_Repentance+1","Nirvana+1","MostiFishMod:DisColor","Prostrate+1"],"picked":"SKIP","floor":48},{"not_picked":["Evaluate+1","Nirvana+1","CrushJoints+1","Replay:Vibes"],"picked":"MostiFishMod:PathToVictory+1","floor":50},{"not_picked":["testmod-PowerStrike","testmod-VirtualReality","Secret Weapon","The Bomb"],"picked":"REME_HeartOfCthun","floor":55},{"not_picked":["REME_WorshipGod","CarveReality","FlurryOfBlows","Ragnarok","EmptyMind"],"picked":"SKIP","floor":56}],"player_experience":57256,"relics_obtained":[{"floor":1,"key":"SynthV:TestCard"},{"floor":23,"key":"Juzu Bracelet"},{"floor":31,"key":"Girya"},{"floor":56,"key":"Replay:Rubber Ducky"}],"event_choices":[{"damage_healed":0,"gold_gain":0,"player_choice":"Ignored","damage_taken":7,"max_hp_gain":0,"max_hp_loss":0,"event_name":"恩洛斯的盘子","floor":7,"gold_loss":0},{"damage_healed":24,"gold_gain":0,"player_choice":"Banana","damage_taken":0,"max_hp_gain":0,"max_hp_loss":0,"event_name":"Big Fish","floor":13,"gold_loss":0},{"damage_healed":0,"gold_gain":0,"player_choice":"Ignored","damage_taken":0,"max_hp_gain":0,"max_hp_loss":0,"event_name":"N\u0027loth","floor":20,"gold_loss":0},{"damage_healed":0,"gold_gain":0,"player_choice":"Gave Potion","damage_taken":0,"relics_obtained":["MawBank"],"max_hp_gain":0,"max_hp_loss":0,"event_name":"WeMeetAgain","floor":24,"gold_loss":0},{"damage_healed":0,"gold_gain":0,"player_choice":"Memory 1","damage_taken":0,"max_hp_gain":0,"max_hp_loss":0,"event_name":"SensoryStone","floor":38,"gold_loss":0}],"is_beta":false,"boss_relics":[{"not_picked":["RhineFirstAidKit","testmod-SaigiyounoYou"],"picked":"aspiration:RandomNobGenerator"},{"not_picked":["TimeKeys","PatriotShield"],"picked":"RhineCircuit"}],"items_purged_floors":[25],"is_endless":false,"potions_floor_spawned":[4,10,19,30,31,39,48,50,56],"ascension_level":2}}