{"host":"g61l9u03ah4b44ex","time":1609763370,"event":{"mods":["Aspiration","BaseMod","Better Altar","Better Match","Better Sensory Stone","Better Skull","Better Third Choice","Conspire","Downfall","Hermit","Hubris","Minty Spire (QoL Compilation)","Replay The Spire","Robot Space Explorer","Spicy Shops","StSLib","The Marked","Waifu the Spire"],"gold_per_floor":[117,155,255,266,277,303,303,314,314,331,351,367,367,377,377,474,474,500,529,34,61,90,90,90,117,117,117,160,194,194,226,226,226,226],"floor_reached":33,"playtime":2692,"items_purged":["RobotSpaceExplorer:Strike","Hallucinations","Amnesia"],"score":300,"play_id":"37f2099e-674c-470c-b040-fecd4ef3fe39","local_time":"20210104202930","is_ascension_mode":false,"campfire_choices":[{"data":"RobotSpaceExplorer:ToxicBomb","floor":7.0,"key":"SMITH"},{"floor":13.0,"key":"REST"},{"data":"RobotSpaceExplorer:Fix","floor":15.0,"key":"SMITH"},{"floor":27,"key":"RECALL"},{"data":"RobotSpaceExplorer:Jetpack","floor":32,"key":"SMITH"}],"circlet_count":0,"master_deck":["RobotSpaceExplorer:Strike","RobotSpaceExplorer:Strike","RobotSpaceExplorer:Strike","RobotSpaceExplorer:Defend","RobotSpaceExplorer:Defend","RobotSpaceExplorer:Defend","RobotSpaceExplorer:Defend","RobotSpaceExplorer:Scan","RobotSpaceExplorer:MiniLasers+1","RobotSpaceExplorer:MiniDrones","RobotSpaceExplorer:ToxicBomb+1","RobotSpaceExplorer:ShovelStrike","RobotSpaceExplorer:PlasmaMissile","RobotSpaceExplorer:Counterblock","RobotSpaceExplorer:Probe","RobotSpaceExplorer:Discharger","RobotSpaceExplorer:Jetpack+1","RobotSpaceExplorer:GlueShot","RobotSpaceExplorer:Fix+1","RobotSpaceExplorer:Accelerator+1","hubris:Greed","hubris:Greed","RobotSpaceExplorer:FreezeRay+1","hubris:Greed","RobotSpaceExplorer:GlueSpray+1","RobotSpaceExplorer:Multitool","RobotSpaceExplorer:Multitool","RobotSpaceExplorer:Electropulse+1","RobotSpaceExplorer:DoubleFind","RobotSpaceExplorer:GearShield+1","RobotSpaceExplorer:ScrapShield+1","hubris:Greed","RobotSpaceExplorer:ShockKick+1"],"relics":["RobotSpaceExplorer:RoboCore","Turnip","Kunai","hubris:BottledRain","Replay:Ancient Bell","sneckomod:BlankCard","hubris:Metronome","Calipers","Sling","Matryoshka","Meat on the Bone","Golden Egg","Iron Hammer"],"acts_visited":["Exordium","TheCity"],"potions_floor_usage":[22,31,33,33],"damage_taken":[{"damage":0.0,"enemies":"conspire:RoseBush","floor":1.0,"turns":3.0},{"damage":27.0,"enemies":"conspire:MimicChest","floor":2.0,"turns":10.0},{"damage":0.0,"enemies":"Jaw Worm","floor":4.0,"turns":2.0},{"damage":1.0,"enemies":"Cultist","floor":5.0,"turns":3.0},{"damage":28.0,"enemies":"Lagavulin","floor":6.0,"turns":7.0},{"damage":6.0,"enemies":"Gremlin Gang","floor":8.0,"turns":2.0},{"damage":4.0,"enemies":"Lots of Slimes","floor":10.0,"turns":2.0},{"damage":1.0,"enemies":"3 Louse","floor":11.0,"turns":2.0},{"damage":0.0,"enemies":"Looter","floor":12.0,"turns":3.0},{"damage":3.0,"enemies":"conspire:2 RoseBushes","floor":14.0,"turns":5.0},{"damage":2.0,"enemies":"Slime Boss","floor":16.0,"turns":8.0},{"damage":9,"enemies":"Shell Parasite","floor":18,"turns":6},{"damage":21,"enemies":"2 Thieves","floor":19,"turns":5},{"damage":1,"enemies":"conspire:HollyBat","floor":21,"turns":7},{"damage":5,"enemies":"Shelled Parasite and Fungi","floor":22,"turns":7},{"damage":4,"enemies":"Centurion and Healer","floor":25,"turns":6},{"damage":9,"enemies":"conspire:SneckoGhost","floor":28,"turns":9},{"damage":8,"enemies":"3 Cultists","floor":29,"turns":5},{"damage":42,"enemies":"Cultist and Chosen","floor":31,"turns":9},{"damage":43,"enemies":"Automaton","floor":33,"turns":12}],"seed_played":"7295296824883802156","potions_obtained":[{"floor":2.0,"key":"Regen Potion"},{"floor":6.0,"key":"conspire:TimeTravelPotion"},{"floor":10.0,"key":"SneckoOil"},{"floor":12.0,"key":"RobotSpaceExplorer:RecyclePotion"},{"floor":14.0,"key":"Toxic Potion"},{"floor":21,"key":"LifebloodPotion"},{"floor":22,"key":"SteroidPotion"},{"floor":28,"key":"Dexterity Potion"}],"is_trial":false,"path_per_floor":["M","?","?","M","M","E","R","M","T","M","M","M","R","M","R","B",null,"M","M","$","M","M","$","?","M","T","R","E","M","?","M","R","B"],"character_chosen":"RobotSpaceExplorer","items_purchased":["RobotSpaceExplorer:Multitool","Sling","Matryoshka"],"campfire_rested":1,"item_purchase_floors":[20,20,20],"current_hp_per_floor":[75,48,48,48,47,33,33,27,27,23,22,22,44,41,41,45,75,69,48,48,53,54,42,42,44,44,44,41,39,39,26,26,0,0],"gold":226,"neow_bonus":"UPGRADE_CARD","is_daily":false,"chose_seed":false,"campfire_upgraded":3,"win_rate":0.0,"timestamp":1609763370,"path_taken":["M","?","?","M","M","E","R","M","T","M","?","M","R","M","R","BOSS","M","M","$","?","M","?","?","M","T","R","E","M","?","M","R","BOSS"],"items_purchased_type":["Card","Relic","Relic"],"build_version":"2020-12-22","purchased_purges":3,"victory":false,"max_hp_per_floor":[75,75,75,75,75,75,75,75,75,75,75,75,75,75,75,75,75,75,75,75,75,75,75,75,75,75,75,75,75,75,75,75,75,75],"card_choices":[{"not_picked":["RobotSpaceExplorer:ImprovisedAttack","RobotSpaceExplorer:GlueShot"],"picked":"RobotSpaceExplorer:MiniDrones","floor":1.0},{"not_picked":["RobotSpaceExplorer:GlueSpray","RobotSpaceExplorer:GlueShot"],"picked":"RobotSpaceExplorer:ToxicBomb","floor":2.0},{"not_picked":["RobotSpaceExplorer:SwiftStep","RobotSpaceExplorer:SurgingStrike"],"picked":"RobotSpaceExplorer:ShovelStrike","floor":4.0},{"not_picked":["RobotSpaceExplorer:MiniDrones","RobotSpaceExplorer:PowerCollector"],"picked":"RobotSpaceExplorer:PlasmaMissile","floor":5.0},{"not_picked":["RobotSpaceExplorer:FranticSearch","RobotSpaceExplorer:SurgingStrike"],"picked":"RobotSpaceExplorer:Counterblock","floor":6.0},{"not_picked":["RobotSpaceExplorer:Calculate","RobotSpaceExplorer:SwiftStep"],"picked":"RobotSpaceExplorer:Probe","floor":8.0},{"not_picked":["RobotSpaceExplorer:StarDust","RobotSpaceExplorer:Counterblock"],"picked":"RobotSpaceExplorer:Discharger","floor":10.0},{"not_picked":["RobotSpaceExplorer:FrostMissile","RobotSpaceExplorer:SwiftStep"],"picked":"RobotSpaceExplorer:Jetpack","floor":11.0},{"not_picked":["RobotSpaceExplorer:ShovelStrike","RobotSpaceExplorer:Counterblock"],"picked":"RobotSpaceExplorer:GlueShot","floor":12.0},{"not_picked":["RobotSpaceExplorer:SwiftStep","RobotSpaceExplorer:Comet"],"picked":"RobotSpaceExplorer:Fix","floor":14.0},{"not_picked":["RobotSpaceExplorer:Wormhole","RobotSpaceExplorer:ShockMissile"],"picked":"RobotSpaceExplorer:Accelerator","floor":16.0},{"not_picked":["Pain","hubris:Gluttony"],"picked":"Hallucinations","floor":17},{"not_picked":["Looming Evil","Regret"],"picked":"Amnesia","floor":17},{"not_picked":["Languid","Pain"],"picked":"hubris:Greed","floor":17},{"not_picked":["RobotSpaceExplorer:SurgingStrike","RobotSpaceExplorer:ScrapShield"],"picked":"RobotSpaceExplorer:FreezeRay+1","floor":18},{"not_picked":["RobotSpaceExplorer:TurboDodge","RobotSpaceExplorer:SlimeMissile"],"picked":"RobotSpaceExplorer:GlueSpray+1","floor":19},{"not_picked":["RobotSpaceExplorer:Fix+1","RobotSpaceExplorer:MakeshiftVolley"],"picked":"RobotSpaceExplorer:Electropulse+1","floor":21},{"not_picked":["RobotSpaceExplorer:FrostMissile","RobotSpaceExplorer:GlueShot","RobotSpaceExplorer:Counterblock"],"picked":"SKIP","floor":22},{"not_picked":["RobotSpaceExplorer:SlimeMissile","RobotSpaceExplorer:SwiftStep"],"picked":"RobotSpaceExplorer:DoubleFind","floor":25},{"not_picked":["RobotSpaceExplorer:Ammunition","RobotSpaceExplorer:GlueShot"],"picked":"RobotSpaceExplorer:GearShield+1","floor":28},{"not_picked":["RobotSpaceExplorer:RigExplosive","RobotSpaceExplorer:Accelerator"],"picked":"RobotSpaceExplorer:ScrapShield+1","floor":29},{"not_picked":["RobotSpaceExplorer:SurgingStrike","RobotSpaceExplorer:JunkDive"],"picked":"RobotSpaceExplorer:ShockKick+1","floor":31}],"player_experience":840744,"relics_obtained":[{"floor":2.0,"key":"Turnip"},{"floor":6.0,"key":"Kunai"},{"floor":9.0,"key":"hubris:BottledRain"},{"floor":26,"key":"Meat on the Bone"},{"floor":26,"key":"Golden Egg"},{"floor":28,"key":"Iron Hammer"}],"event_choices":[{"damage_healed":0.0,"max_hp_gain":0.0,"max_hp_loss":0.0,"gold_gain":100.0,"event_name":"Golden Shrine","player_choice":"Pray","floor":3.0,"gold_loss":0.0,"damage_taken":0.0}],"is_beta":false,"boss_relics":[{"not_picked":["Replay:Grab Bag","hubris:VirtuousBlindfold"],"picked":"Replay:Ancient Bell"},{"not_picked":["aspiration:ChemicalBlood","Smiling Mask"],"picked":"sneckomod:BlankCard"},{"not_picked":["Replay:Bottled Flurry","aspiration:SeaSaltIceCream"],"picked":"hubris:Metronome"},{"not_picked":["aspiration:HatOfInfinitePower","Replay:Towering Pillar of Hats"],"picked":"Calipers"}],"items_purged_floors":[20,23,23],"is_endless":false,"potions_floor_spawned":[2,6,10,12,14,21,22,28],"killed_by":"Automaton","ascension_level":0}}