{"host":"54vghy6hfkyy1r39","time":1609721674,"event":{"mods":["AchievementEnabler","BaseMod","Minty Spire (QoL Compilation)","StSLib","SuperFastMode","everything is the same but u backflip on backflip"],"gold_per_floor":[116,41,41,41,53,53,85,101,128,128,28,47,47,58,58,161,161,178,197,73,84,104,104,104,115,115,115,146,165,0,0,0,0,0],"floor_reached":33,"playtime":691,"items_purged":["Strike_R","Strike_R"],"score":321,"play_id":"1c8b3a9b-fdcc-4e41-bb0d-31e1b99f401d","local_time":"20210104095434","is_ascension_mode":true,"campfire_choices":[{"data":"Seeing Red","floor":6,"key":"SMITH"},{"data":"Searing Blow","floor":10,"key":"SMITH"},{"data":"Searing Blow+1","floor":13,"key":"SMITH"},{"data":"Searing Blow+2","floor":15,"key":"SMITH"},{"floor":23,"key":"REST"},{"data":"Searing Blow+3","floor":27,"key":"SMITH"},{"floor":32,"key":"REST"}],"circlet_count":0,"master_deck":["Strike_R","Strike_R","Strike_R","Defend_R","Defend_R","Defend_R","Defend_R","Bash+1","Seeing Red+1","Demon Form","Searing Blow+4","Offering","Offering","Shrug It Off","Armaments","Blood for Blood"],"relics":["Burning Blood","NeowsBlessing","Anchor","Omamori","Calling Bell","Happy Flower","Kunai","FossilizedHelix","StoneCalendar","Turnip","The Courier"],"acts_visited":["Exordium","TheCity"],"potions_floor_usage":[16,16,28,29,29,33],"damage_taken":[{"damage":0,"enemies":"Small Slimes","floor":1,"turns":1},{"damage":0,"enemies":"Cultist","floor":5,"turns":1},{"damage":0,"enemies":"Lagavulin","floor":7,"turns":1},{"damage":2,"enemies":"Jaw Worm","floor":8,"turns":3},{"damage":2,"enemies":"3 Louse","floor":12,"turns":3},{"damage":11,"enemies":"Looter","floor":14,"turns":3},{"damage":40,"enemies":"Slime Boss","floor":16,"turns":9},{"damage":20,"enemies":"Spheric Guardian","floor":18,"turns":4},{"damage":17,"enemies":"2 Thieves","floor":19,"turns":4},{"damage":17,"enemies":"Snake Plant","floor":21,"turns":4},{"damage":12,"enemies":"Centurion and Healer","floor":22,"turns":5},{"damage":9,"enemies":"Snecko","floor":25,"turns":3},{"damage":56,"enemies":"Gremlin Leader","floor":28,"turns":3},{"damage":12,"enemies":"Sentry and Sphere","floor":29,"turns":5},{"damage":41,"enemies":"Automaton","floor":33,"turns":4}],"seed_played":"2407307469934894243","potions_obtained":[{"floor":5,"key":"AttackPotion"},{"floor":8,"key":"Explosive Potion"},{"floor":12,"key":"EssenceOfSteel"},{"floor":16,"key":"SneckoOil"},{"floor":18,"key":"Regen Potion"},{"floor":29,"key":"PowerPotion"}],"is_trial":false,"path_per_floor":["M","$","?","?","M","R","E","M","T","R","$","M","R","M","R","B",null,"M","M","$","M","M","R","?","M","T","R","E","M","?","T","R","B"],"character_chosen":"IRONCLAD","items_purchased":["Offering","Shrug It Off"],"campfire_rested":2,"item_purchase_floors":[20,20],"current_hp_per_floor":[80,80,80,80,80,80,80,80,80,80,80,80,80,75,75,41,80,66,55,55,44,38,62,62,59,59,59,18,12,12,12,36,0,0],"gold":0,"neow_bonus":"THREE_ENEMY_KILL","is_daily":false,"chose_seed":false,"campfire_upgraded":5,"win_rate":0.0,"timestamp":1609721674,"path_taken":["M","$","?","?","M","R","E","?","T","R","$","M","R","M","R","BOSS","M","M","$","?","?","R","?","M","T","R","E","M","?","?","R","BOSS"],"items_purchased_type":["Card","Card"],"build_version":"2020-12-22","purchased_purges":2,"victory":false,"max_hp_per_floor":[80,80,80,80,80,80,80,80,80,80,80,80,80,80,80,80,80,80,80,80,80,80,80,80,80,80,80,80,80,80,80,80,80,80],"card_choices":[{"not_picked":["Cleave","Second Wind","Havoc"],"picked":"SKIP","floor":1},{"not_picked":["Clothesline","Infernal Blade"],"picked":"Seeing Red","floor":5},{"not_picked":["Iron Wave","Berserk"],"picked":"Demon Form","floor":7},{"not_picked":["Clothesline","Armaments"],"picked":"Searing Blow","floor":8},{"not_picked":["True Grit","Thunderclap","Clash"],"picked":"SKIP","floor":12},{"not_picked":["Clash","Iron Wave","Cleave"],"picked":"SKIP","floor":14},{"not_picked":["Immolate","Brutality"],"picked":"Offering","floor":16},{"not_picked":["Headbutt+1","Perfected Strike","Cleave+1"],"picked":"SKIP","floor":18},{"not_picked":["Clothesline","Cleave","Rampage+1"],"picked":"SKIP","floor":19},{"not_picked":["Combust","Rampage"],"picked":"Armaments","floor":21},{"not_picked":["Sever Soul","Carnage","Inflame"],"picked":"SKIP","floor":22},{"not_picked":["Clothesline","Feel No Pain+1","Wild Strike+1"],"picked":"SKIP","floor":25},{"not_picked":["Demon Form","Seeing Red","Havoc"],"picked":"SKIP","floor":28},{"not_picked":["Anger","Twin Strike","Ghostly Armor"],"picked":"SKIP","floor":29}],"player_experience":178941,"relics_obtained":[{"floor":7,"key":"Anchor"},{"floor":9,"key":"Omamori"},{"floor":17,"key":"Happy Flower"},{"floor":17,"key":"Kunai"},{"floor":17,"key":"FossilizedHelix"},{"floor":26,"key":"StoneCalendar"},{"floor":28,"key":"Turnip"},{"floor":31,"key":"The Courier"}],"event_choices":[{"damage_healed":0,"gold_gain":0,"player_choice":"Leave","damage_taken":0,"max_hp_gain":0,"max_hp_loss":0,"event_name":"The Cleric","floor":3,"gold_loss":0},{"damage_healed":0,"gold_gain":0,"player_choice":"Forge","damage_taken":0,"max_hp_gain":0,"max_hp_loss":0,"event_name":"Accursed Blacksmith","floor":4,"gold_loss":0,"cards_upgraded":["Bash"]},{"damage_healed":0,"gold_gain":0,"player_choice":"Read","damage_taken":0,"max_hp_gain":0,"max_hp_loss":0,"event_name":"The Library","floor":24,"gold_loss":0,"cards_obtained":["Blood for Blood"]},{"damage_healed":0,"gold_gain":0,"player_choice":"Paid Fearfully","damage_taken":0,"max_hp_gain":0,"max_hp_loss":0,"event_name":"Masked Bandits","floor":30,"gold_loss":165}],"is_beta":false,"boss_relics":[{"not_picked":["Busted Crown","Sozu"],"picked":"Calling Bell"}],"items_purged_floors":[2,11],"is_endless":false,"potions_floor_spawned":[5,8,12,14,16,18,29],"killed_by":"Automaton","ascension_level":2}}