{"host":"w6bv7e6dabj27l4i","time":1609793224,"event":{"mods":["Act Like it!","BaseMod","Colored Map","Custom Start","Downfall","Minty Spire (QoL Compilation)","Quick Restart","StSLib","Synergy Search","Unceasing Turn Reminder","slay the spire mod where everything is the same but ironclad has a cowboy hat"],"gold_per_floor":[109,125,31,45,20,38,38,38,38,38,38,58,389,399,399,399,399],"floor_reached":16,"playtime":570,"items_purged":[],"score":102,"play_id":"f231670d-78f0-458a-9659-3979bef4adda","local_time":"20210104144704","is_ascension_mode":false,"campfire_choices":[{"floor":7,"key":"RECALL"},{"data":"sneckomod:CheapStock","floor":11,"key":"SMITH"},{"data":"sneckomod:MasterEye","floor":15,"key":"SMITH"}],"circlet_count":0,"master_deck":["sneckomod:Strike+1","sneckomod:Strike","sneckomod:Defend","sneckomod:Defend","sneckomod:Defend","sneckomod:TailWhip","sneckomod:SnekBite","sneckomod:Unknown","sneckomod:Unknown","sneckomod:SnekBeam","sneckomod:WideSting","sneckomod:CheapStock+1","sneckomod:DiceCrush","sneckomod:DiceBlock+1","sneckomod:DiceCrush","sneckomod:DefensiveFlair","sneckomod:UnknownBlock","sneckomod:MasterEye+1","sneckomod:UnknownRarePower","sneckomod:WideSting"],"relics":["sneckomod:SneckoSoul","NeowsBlessing","Bottled Flame","Old Coin"],"acts_visited":["Exordium"],"potions_floor_usage":[16,16,16,16,16],"damage_taken":[{"damage":0,"enemies":"Cultist","floor":1,"turns":1},{"damage":0,"enemies":"Jaw Worm","floor":2,"turns":1},{"damage":0,"enemies":"2 Louse","floor":4,"turns":1},{"damage":21,"enemies":"Exordium Wildlife","floor":6,"turns":4},{"damage":0,"enemies":"3 Louse","floor":12,"turns":2},{"damage":17,"enemies":"Lagavulin","floor":13,"turns":7},{"damage":12,"enemies":"Blue Slaver","floor":14,"turns":3},{"damage":14,"enemies":"Slime Boss","floor":16,"turns":5}],"seed_played":"1525785338430938807","potions_obtained":[{"floor":1,"key":"sneckomod:DiceRollPotion"},{"floor":2,"key":"CultistPotion"},{"floor":6,"key":"EntropicBrew"}],"is_trial":false,"path_per_floor":["M","M","$","M","$","M","R","?","T","?","R","M","E","M","R","B"],"character_chosen":"THE_SNECKO","items_purchased":["sneckomod:CheapStock","sneckomod:DiceCrush","sneckomod:DiceCrush"],"campfire_rested":0,"item_purchase_floors":[3,3,5],"current_hp_per_floor":[90,90,90,90,90,69,69,70,70,52,52,52,36,24,24,10,10],"gold":399,"neow_bonus":"THREE_ENEMY_KILL","is_daily":false,"chose_seed":false,"campfire_upgraded":2,"win_rate":0.0,"timestamp":1609793224,"path_taken":["M","M","$","?","?","M","R","?","T","?","R","M","E","M","R","BOSS"],"items_purchased_type":["Card","Card","Card"],"build_version":"2020-12-22","purchased_purges":0,"victory":false,"max_hp_per_floor":[90,90,90,90,90,90,90,91,91,91,91,91,92,92,92,92,92],"card_choices":[{"not_picked":["sneckomod:UnknownDexterity","sneckomod:UnknownClassGUARDIAN"],"picked":"sneckomod:SnekBeam","floor":1},{"not_picked":["sneckomod:ImprovisedAttack","sneckomod:UnknownStrike"],"picked":"sneckomod:WideSting","floor":2},{"not_picked":["sneckomod:UnknownCommonSkill","sneckomod:SoulRoll"],"picked":"sneckomod:DiceBlock","floor":4},{"not_picked":["sneckomod:UnknownCommonAttack","sneckomod:UnknownVulnerable"],"picked":"sneckomod:DefensiveFlair","floor":6},{"not_picked":["sneckomod:UnknownX","sneckomod:Rotation"],"picked":"sneckomod:MasterEye","floor":12},{"not_picked":["sneckomod:CheapStock","sneckomod:Rotation"],"picked":"sneckomod:UnknownRarePower","floor":13},{"not_picked":["sneckomod:UnknownVulnerable","sneckomod:QuickBite"],"picked":"sneckomod:WideSting","floor":14}],"player_experience":483953,"relics_obtained":[{"floor":9,"key":"Bottled Flame"},{"floor":13,"key":"Old Coin"}],"event_choices":[{"damage_healed":0,"gold_gain":0,"cards_transformed":["sneckomod:Strike"],"player_choice":"Change","damage_taken":0,"max_hp_gain":0,"max_hp_loss":0,"event_name":"Living Wall","floor":8,"gold_loss":0,"cards_obtained":["sneckomod:UnknownBlock"]},{"damage_healed":0,"gold_gain":0,"player_choice":"Entered Light","damage_taken":18,"max_hp_gain":0,"max_hp_loss":0,"event_name":"Shining Light","floor":10,"gold_loss":0,"cards_upgraded":["sneckomod:Strike","sneckomod:DiceBlock"]}],"is_beta":false,"boss_relics":[],"items_purged_floors":[],"is_endless":false,"potions_floor_spawned":[1,2,6,14],"killed_by":"Slime Boss","ascension_level":0}}