{"host":"8hy8aczuekhxmmq8","time":1609743064,"event":{"mods":["Act Like it!","BaseMod","Colored Map","Colored Powertips","DeckTracker","FoggyMod","Gensokyo","Minty Spire (QoL Compilation)","Quick Restart","StSLib","SuperFastMode","The Servant 0.9.4"],"gold_per_floor":[110,110,110,210,210,237,249,249,276,276,116,151,151,151,151,151,151],"floor_reached":16,"playtime":378,"items_purged":[],"score":129,"play_id":"77cb42e1-6838-4d05-85dc-251d576071fe","local_time":"20210104155104","is_ascension_mode":false,"campfire_choices":[{"data":"RealityMarble","floor":8,"key":"SMITH"},{"data":"Gouge","floor":10,"key":"SMITH"},{"data":"SpecialFormula","floor":15,"key":"SMITH"}],"circlet_count":0,"master_deck":["Strike_S","Strike_S","Strike_S","Strike_S","Defend_S","Defend_S","Defend_S","Defend_S","KidneyShot","Exchange","SpecialFormula+1","Gouge+1","Spin","RealityMarble+1"],"relics":["Uniform","NeowsBlessing","Gensokyo:OccultBall","Mango","Bottled Flame","Enchiridion","Pantograph"],"acts_visited":["Exordium"],"potions_floor_usage":[12,16,16],"damage_taken":[{"damage":0,"enemies":"Gensokyo:Gryphon","floor":1,"turns":1},{"damage":0,"enemies":"Gensokyo:Aya","floor":6,"turns":1},{"damage":0,"enemies":"Gensokyo:Python","floor":7,"turns":1},{"damage":43,"enemies":"Gensokyo:Cirno","floor":12,"turns":8},{"damage":87,"enemies":"Gensokyo:Reimu","floor":16,"turns":10}],"seed_played":"1055357130170753856","potions_obtained":[{"floor":1,"key":"Fire Potion"},{"floor":6,"key":"Regen Potion"},{"floor":7,"key":"SneckoOil"}],"is_trial":false,"path_per_floor":["M","?","?","?","?","E","M","R","T","R","?","E","$","?","R","B"],"character_chosen":"THE_SERVANT","items_purchased":[],"campfire_rested":0,"item_purchase_floors":[],"current_hp_per_floor":[65,65,65,65,58,58,58,58,58,58,58,20,20,13,13,0,0],"gold":151,"neow_bonus":"THREE_ENEMY_KILL","is_daily":false,"chose_seed":false,"campfire_upgraded":3,"win_rate":0.0,"timestamp":1609743064,"path_taken":["M","?","?","?","?","E","?","R","T","R","?","E","?","?","R","BOSS"],"items_purchased_type":[],"build_version":"2020-12-22","purchased_purges":0,"victory":false,"max_hp_per_floor":[65,65,65,65,79,79,79,79,79,79,79,79,79,79,79,79,79],"card_choices":[{"not_picked":["FastForward","WasteNot"],"picked":"Hightail","floor":1},{"not_picked":["SilverBlades","TimeWarp"],"picked":"SpecialFormula","floor":3},{"not_picked":["ShatteredReality","ShiftingGears"],"picked":"Gouge","floor":3},{"not_picked":["ReturningBlade","Collapse","Spin"],"picked":"SKIP","floor":6},{"not_picked":["ReturningBlade","Collapse"],"picked":"Spin","floor":6},{"not_picked":["ReturningBlade","TimeWarp"],"picked":"RealityMarble","floor":7},{"not_picked":["Moonlight","Revamp","Snipe"],"picked":"SKIP","floor":12}],"player_experience":42695,"relics_obtained":[{"floor":6,"key":"Bottled Flame"},{"floor":12,"key":"Pantograph"}],"event_choices":[],"is_beta":false,"boss_relics":[],"items_purged_floors":[],"is_endless":false,"potions_floor_spawned":[1,6,7],"killed_by":"Gensokyo:Reimu","ascension_level":0}}