{"host":"z9grmtg2w0nmz8n1","time":1609729599,"event":{"mods":["Aspiration","Bard","BaseMod","Beaked The Cultist","Better Altar","Better Match","Better Note","Better Sensory Stone","Better Skull","Better Third Choice","BetterRewards","CCEM","Colored Map","Conspire","Downfall","GifTheSpireLib","Googly Eyes","Halation","Hermit","Highlight Path","Hubris","Hunter ??","Jedi Mod","Jorbs\u0027s Wanderer Trilogy","Mad Scientist","Marisa????????","Minty Spire (QoL Compilation)","Permanent Neow","Replay The Spire","Shade Mod","Shop Mod","Spicy Shops","StSLib","Stuff the Spire","The Bug Knight","The Construct","The Necromancer","The Runesmith","The Witch"],"gold_per_floor":[110,125,137,62,62,88,102,102,126,143,173,173,191,191,191],"floor_reached":14,"playtime":478,"items_purged":["Strike_B"],"score":107,"play_id":"c31400d0-69bc-4638-a049-bf2a4ef7ebd9","local_time":"20210104010639","is_ascension_mode":true,"campfire_choices":[{"floor":8,"key":"RECALL"}],"circlet_count":0,"master_deck":["Strike_B","Strike_B","Strike_B","Defend_B","Defend_B","Defend_B","Defend_B","Zap","Dualcast","Tempest","Streamline","Regret","Gash","Go for the Eyes","Leap","Defragment","Conserve Battery"],"relics":["Cracked Core","MealTicket","StuffTheSpire:RedRose","Letter Opener","Tiny Chest","StuffTheSpire:Barrel"],"acts_visited":["Exordium"],"potions_floor_usage":[13],"damage_taken":[{"damage":1,"enemies":"Jaw Worm","floor":1,"turns":3},{"damage":0,"enemies":"Small Slimes","floor":2,"turns":3},{"damage":1,"enemies":"2 Louse","floor":3,"turns":2},{"damage":17,"enemies":"Replay:BlueRogue","floor":6,"turns":5},{"damage":11,"enemies":"Large Slime","floor":7,"turns":4},{"damage":9,"enemies":"conspire:2 RoseBushes","floor":10,"turns":4},{"damage":22,"enemies":"HollowMod:MossKnight","floor":11,"turns":5},{"damage":0,"enemies":"Red Slaver","floor":13,"turns":2},{"damage":11,"enemies":"Replay:BlueRogue","floor":14,"turns":3}],"seed_played":"5990844751137451652","potions_obtained":[{"floor":1,"key":"Dexterity Potion"},{"floor":6,"key":"PotionOfCapacity"},{"floor":7,"key":"jedi:coolantleak"}],"is_trial":false,"path_per_floor":["M","M","M","$","?","E","M","R","T","M","E","?","M","E"],"character_chosen":"DEFECT","items_purchased":[],"campfire_rested":0,"item_purchase_floors":[],"current_hp_per_floor":[74,74,73,75,75,58,47,47,47,38,16,16,16,5,5],"gold":191,"neow_bonus":"RANDOM_COMMON_RELIC","is_daily":false,"chose_seed":false,"campfire_upgraded":0,"win_rate":0.0,"timestamp":1609729599,"path_taken":["M","M","M","$","?","E","M","R","T","M","E","?","M","E"],"items_purchased_type":[],"build_version":"2020-12-22","purchased_purges":1,"victory":false,"max_hp_per_floor":[75,75,75,75,75,75,75,75,75,75,75,75,75,75,75],"card_choices":[{"not_picked":["Coolheaded","Rebound"],"picked":"Tempest","floor":1},{"not_picked":["Gash","BasicCrystalCard"],"picked":"Streamline","floor":2},{"not_picked":["Hello World","StuffTheSpire:Rend","Stack"],"picked":"SKIP","floor":3},{"not_picked":["ReplaySolidLightProjector","StuffTheSpire:CleanHardDrive"],"picked":"Gash","floor":6},{"not_picked":["ReplayTheSpireMod:Dual Polarity","conspire:Rain"],"picked":"Go for the Eyes","floor":7},{"not_picked":["Fusion","StuffTheSpire:Coldhearted"],"picked":"Leap","floor":10},{"not_picked":["jedi:blockon","jedi:markofdeath"],"picked":"Defragment","floor":11},{"not_picked":["StuffTheSpire:Coldhearted","Heatsinks"],"picked":"Conserve Battery","floor":13}],"player_experience":765540,"relics_obtained":[{"floor":6,"key":"Letter Opener"},{"floor":9,"key":"Tiny Chest"},{"floor":11,"key":"StuffTheSpire:Barrel"}],"event_choices":[{"damage_healed":0,"gold_gain":0,"player_choice":"Disagree","damage_taken":0,"max_hp_gain":0,"max_hp_loss":0,"event_name":"conspire:LoneGhost","floor":12,"gold_loss":0}],"is_beta":false,"boss_relics":[],"items_purged_floors":[4],"is_endless":false,"potions_floor_spawned":[1,6,7],"killed_by":"Replay:BlueRogue","ascension_level":1}}