{"host":"g01l53quoe6lrer0","time":1609755009,"event":{"mods":["2.2 Compatiblity","AchievementEnabler","BaseMod","Colored Map","Highlight Path","Keyboard Shortcuts","Minty Spire (QoL Compilation)","Permanent Neow","Quick Restart","StSLib","SuperFastMode","everything is the same but u backflip on backflip"],"gold_per_floor":[368,381,381,381,395,395,423,423,468,468,487,506,521,536,536,641,641,654,667,686,686,704,1032,1032,1032,1032],"floor_reached":25,"playtime":1378,"items_purged":[],"score":305,"play_id":"84a8d888-3e64-4002-b70e-c268b872e5e2","local_time":"20210104191009","is_ascension_mode":true,"campfire_choices":[{"data":"Devotion","floor":6.0,"key":"SMITH"},{"data":"ThirdEye","floor":8.0,"key":"SMITH"},{"data":"Nirvana","floor":10.0,"key":"SMITH"},{"floor":15.0,"key":"REST"},{"floor":24,"key":"REST"}],"circlet_count":0,"master_deck":["Strike_P","Strike_P","Strike_P","Strike_P","Defend_P","Defend_P","Defend_P","Defend_P","Eruption","Vigilance","ThirdEye+1","CrushJoints","Wireheading","Devotion+1","Prostrate","Nirvana+1","Pray","PathToVictory","Judgement","SandsOfTime+1","Nirvana","PathToVictory+1","Scrawl"],"relics":["PureWater","Tiny Chest","Bag of Preparation","MealTicket","Black Star","Old Coin","Potion Belt"],"acts_visited":["Exordium","TheCity"],"potions_floor_usage":[22,23],"damage_taken":[{"damage":0.0,"enemies":"Cultist","floor":1.0,"turns":2.0},{"damage":0.0,"enemies":"2 Louse","floor":2.0,"turns":3.0},{"damage":2.0,"enemies":"Jaw Worm","floor":5.0,"turns":4.0},{"damage":2.0,"enemies":"Lagavulin","floor":7.0,"turns":7.0},{"damage":1.0,"enemies":"Lots of Slimes","floor":11.0,"turns":2.0},{"damage":16.0,"enemies":"Gremlin Gang","floor":12.0,"turns":5.0},{"damage":0.0,"enemies":"2 Fungi Beasts","floor":13.0,"turns":4.0},{"damage":5.0,"enemies":"Looter","floor":14.0,"turns":5.0},{"damage":24.0,"enemies":"The Guardian","floor":16.0,"turns":13.0},{"damage":0.0,"enemies":"Spheric Guardian","floor":18.0,"turns":2.0},{"damage":5.0,"enemies":"Shell Parasite","floor":19.0,"turns":4.0},{"damage":29.0,"enemies":"Shelled Parasite and Fungi","floor":20.0,"turns":7.0},{"damage":25,"enemies":"Centurion and Healer","floor":22,"turns":6},{"damage":0,"enemies":"Book of Stabbing","floor":23,"turns":3},{"damage":36,"enemies":"Slavers","floor":25,"turns":3}],"seed_played":"2783825260017787429","potions_obtained":[{"floor":2.0,"key":"Explosive Potion"},{"floor":5.0,"key":"Swift Potion"},{"floor":7.0,"key":"PowerPotion"},{"floor":16.0,"key":"Ambrosia"},{"floor":19.0,"key":"Fruit Juice"},{"floor":20.0,"key":"ColorlessPotion"}],"is_trial":false,"path_per_floor":["M","M","?","?","M","R","E","R","T","R","M","M","M","M","R","B",null,"M","M","M","T","M","E","R","E"],"character_chosen":"WATCHER","items_purchased":[],"campfire_rested":2,"item_purchase_floors":[],"current_hp_per_floor":[51,51,48,48,46,46,44,44,44,44,43,27,27,22,43,19,72,72,72,43,43,18,18,41,5,5],"gold":1032,"neow_bonus":"TWO_FIFTY_GOLD","is_daily":false,"chose_seed":false,"campfire_upgraded":3,"win_rate":0.0,"timestamp":1609755009,"path_taken":["M","?","?","?","M","R","E","R","T","R","M","?","M","M","R","BOSS","M","M","?","?","?","E","R","E"],"items_purchased_type":[],"build_version":"2020-12-22","purchased_purges":0,"victory":false,"max_hp_per_floor":[72,72,72,72,72,72,72,72,72,72,72,72,72,72,72,72,72,72,77,77,77,77,77,77,77,77],"card_choices":[{"not_picked":["Prostrate","JustLucky"],"picked":"ThirdEye","floor":1.0},{"not_picked":["WindmillStrike","EmptyFist"],"picked":"CrushJoints","floor":2.0},{"not_picked":["InnerPeace","BowlingBash"],"picked":"Prostrate","floor":5.0},{"not_picked":["FollowUp","Swivel"],"picked":"Nirvana","floor":7.0},{"not_picked":["JustLucky","Conclude","ThirdEye"],"picked":"SKIP","floor":11.0},{"not_picked":["Halt","LikeWater","BowlingBash"],"picked":"SKIP","floor":12.0},{"not_picked":["Consecrate","FollowUp"],"picked":"Pray","floor":13.0},{"not_picked":["Vengeance","FlyingSleeves"],"picked":"PathToVictory","floor":14.0},{"not_picked":["Alpha","Omniscience"],"picked":"Judgement","floor":16.0},{"not_picked":["FlyingSleeves","Conclude"],"picked":"SandsOfTime+1","floor":18.0},{"not_picked":["EmptyFist+1","PathToVictory"],"picked":"Nirvana","floor":19.0},{"not_picked":["ForeignInfluence+1","ThirdEye"],"picked":"PathToVictory+1","floor":20.0},{"not_picked":["Consecrate","FlyingSleeves","ClearTheMind"],"picked":"SKIP","floor":22},{"not_picked":["Pray","ReachHeaven"],"picked":"Scrawl","floor":23}],"player_experience":69787,"relics_obtained":[{"floor":7.0,"key":"Bag of Preparation"},{"floor":9.0,"key":"MealTicket"},{"floor":23,"key":"Old Coin"},{"floor":23,"key":"Potion Belt"}],"event_choices":[{"damage_healed":0.0,"max_hp_gain":0.0,"max_hp_loss":0.0,"gold_gain":0.0,"event_name":"Scrap Ooze","player_choice":"Success","floor":3.0,"gold_loss":0.0,"damage_taken":3.0,"relics_obtained":["Tiny Chest"]},{"damage_healed":0.0,"max_hp_gain":0.0,"max_hp_loss":0.0,"gold_gain":0.0,"event_name":"Match and Keep!","player_choice":"2 cards matched","floor":4.0,"gold_loss":0.0,"damage_taken":0.0,"cards_obtained":["Wireheading","Devotion"]}],"is_beta":false,"boss_relics":[{"not_picked":["Coffee Dripper","HolyWater"],"picked":"Black Star"}],"items_purged_floors":[],"is_endless":false,"potions_floor_spawned":[2,5,7,16,19,20],"killed_by":"Slavers","ascension_level":2}}