{"host":"vhikgave70uorr7d","time":1609726764,"event":{"mods":["AchievementEnabler","Act Like it!","Ascension Reborn","Ascension Unlocker","BaseMod","Beaked The Cultist","Better Altar","Better Match","Better Note","Better Sensory Stone","Better Skull","Better Third Choice","BetterRewards","ChefMod","Colored Powertips","Custom Start","Defuse TimeMaze Blight","Downfall","Elementarium","Energized Spire","GifTheSpireLib","GungeonMod","Hermit","Hero for Fun","Highlight Path","Hubris","Infinite Spire","JesterMod","Marisa????????","Menagerie","Mimic Mod","Minty Spire (QoL Compilation)","MostiFishMod","Permanent Neow","Quick Restart","Rare Cards Sparkle","Relic Filter","Remove Card Discount Mod","Replay The Spire","Retaliation","Shade Mod","Small Relic Pack","Spicy Shops","StSLib","Swap Starting Deck Mod","Td1madao Mod","The Accelerator","The Alterego","The Animator","The Bladedancer","The Blue Laboratory","The Bug Knight","The Construct","The Cursed","The Disciple","The Hayseed","The Hierophant","The Mystic","The Necromancer","The Runesmith","The Servant 0.9.4","The Vixen","The Wild Card","TheSwordswoman","TheVacant","Transform Curses"],"gold_per_floor":[121,157,173,195,195,195,211,247,247,247,316,263,263,28,28,150,150,244,244],"floor_reached":18,"playtime":1833,"items_purged":["Defend_MRS","Defend_MRS+1","Defend_MRS+1","Parasite","Parasite","NonDirectionalLaser","Acceleration+1","Strike_MRS","Occultation","AlicesGift","OortCloud","IllusionStar"],"score":262,"play_id":"1e93dc10-1138-4aca-8038-d63dd76565d4","local_time":"20210103211924","is_ascension_mode":true,"campfire_choices":[{"data":"ChargingUp","floor":6,"key":"SMITH"},{"data":"theWildCard:Michael","floor":15,"key":"SMITH"}],"circlet_count":0,"master_deck":["Strike_MRS+1","Strike_MRS+1","Strike_MRS+1","MasterSpark+1","UpSweep+1","RefractionSpark+1","PowerUp","ChargingUp+1","Robbery+1","theWildCard:Michael+1","PowerUp+1","TreasureHunter"],"relics":["MiniHakkero","DaveBox","Transparent","ReplayTheSpireMod:Lightbulb","DSteel32","SynthV:TestCard","Lantern","Replay:Bottled Steam","ShroomBag","DemoMod:GlassGuonStoneRelic","Gremlin Food","Nunchaku","Vajra","hubris:EmptyBottle","Prayer Wheel","DemoMod:NanoMachines","DemoMod:Armor","Sozu"],"acts_visited":["Exordium","TheCity"],"potions_floor_usage":[],"damage_taken":[{"damage":14,"enemies":"Jaw Worm","floor":1,"turns":2},{"damage":7,"enemies":"Small Slimes","floor":2,"turns":1},{"damage":7,"enemies":"Cultist","floor":3,"turns":1},{"damage":7,"enemies":"Lots of Slimes","floor":4,"turns":1},{"damage":7,"enemies":"Exordium Thugs","floor":7,"turns":1},{"damage":7,"enemies":"Gremlin Nob","floor":8,"turns":1},{"damage":22,"enemies":"The Mushroom Lair","floor":11,"turns":2},{"damage":6,"enemies":"Slime Boss","floor":16,"turns":1},{"damage":0,"enemies":"2 Thieves","floor":18,"turns":1}],"seed_played":"-1597427203686213888","potions_obtained":[{"floor":7,"key":"BlessingOfTheForge"},{"floor":8,"key":"Adrenaline Potion"},{"floor":11,"key":"Elixir"}],"is_trial":false,"path_per_floor":["M","M","M","M","?","R","M","E","T","?","?","$","?","$","R","B",null,"M"],"character_chosen":"MARISA","items_purchased":["Gremlin Food","Nunchaku","Vajra","hubris:EmptyBottle","FairyPotion","Prayer Wheel"],"campfire_rested":0,"item_purchase_floors":[12,12,12,12,12,14],"current_hp_per_floor":[75,75,75,75,75,75,75,75,75,68,75,69,69,69,69,69,69,69,69],"gold":244,"neow_bonus":"RANDOM_COMMON_RELIC","is_daily":false,"chose_seed":false,"campfire_upgraded":2,"win_rate":0.0,"timestamp":1609726764,"path_taken":["M","M","M","M","?","R","M","E","T","?","?","$","?","$","R","BOSS","M"],"items_purchased_type":["Relic","Relic","Relic","Relic","Potion","Relic"],"build_version":"2020-12-22","purchased_purges":12,"victory":false,"max_hp_per_floor":[75,75,75,75,75,75,75,75,75,75,75,69,69,69,69,69,69,69,69],"card_choices":[{"not_picked":["MysteriousBeam+1","IllusionStar+1"],"picked":"RefractionSpark+1","floor":1},{"not_picked":["ShootingEcho","LuminesStrike","MysteriousBeam","DC"],"picked":"PowerUp","floor":2},{"not_picked":["StarlightTyphoon+1","GravityBeat","GalacticHalo","MillisecondPulsars"],"picked":"ChargingUp","floor":3},{"not_picked":["StarBarrage","WitchOfGreed","Occultation","6A+1"],"picked":"Robbery","floor":4},{"not_picked":["GalacticHalo","IllusionStar","6A","GravityBeat","Singularity"],"picked":"SKIP","floor":7},{"not_picked":["ManaConvection","DeepEcoloBomb","6A","Singularity"],"picked":"Acceleration","floor":8},{"not_picked":["6A","OortCloud+1","AsteroidBelt","ManaRampage"],"picked":"NonDirectionalLaser","floor":11},{"not_picked":["CollectingQuirk","BigCrunch","StarDustReverie","ManaRampage"],"picked":"TreasureHunter","floor":16}],"player_experience":358276,"relics_obtained":[{"floor":1,"key":"SynthV:TestCard"},{"floor":8,"key":"Lantern"},{"floor":9,"key":"Replay:Bottled Steam"},{"floor":11,"key":"ShroomBag"},{"floor":16,"key":"DemoMod:NanoMachines"}],"event_choices":[{"damage_healed":0,"gold_gain":0,"player_choice":"Fought Mushrooms","damage_taken":0,"max_hp_gain":0,"max_hp_loss":0,"event_name":"Mushrooms_MRS","floor":11,"gold_loss":0}],"is_beta":false,"boss_relics":[{"not_picked":["Honey Jar","hubris:BlackHole"],"picked":"Sozu"}],"items_purged_floors":[12,12,12,12,12,12,12,12,14,14,14,14],"is_endless":false,"potions_floor_spawned":[7,8,11,18],"killed_by":"2 Thieves","ascension_level":0}}