{"host":"t7mx8yfj1no5p62f","time":1609725155,"event":{"mods":["BaseMod","Colored Map","Colored Powertips","Minty Spire (QoL Compilation)","Relic Stats","StSLib"],"gold_per_floor":[112,125,138,63,82,82,101,136,136,171,193,268,268,293,293,378,450,475,493,493,493,515,515,515,515],"floor_reached":24,"playtime":845,"items_purged":[],"score":416,"play_id":"01b8a8ba-5afb-465f-bdf3-3dad2b5e7372","local_time":"20210103205235","is_ascension_mode":true,"campfire_choices":[{"data":"Hemokinesis","floor":6,"key":"SMITH"},{"data":"Rupture","floor":13,"key":"SMITH"},{"data":"Hemokinesis","floor":15,"key":"SMITH"},{"floor":23,"key":"REST"}],"circlet_count":0,"master_deck":["AscendersBane","Bash","Hemokinesis+1","Clothesline","Hemokinesis+1","Anger","Rupture+1","Shrug It Off","Rage","Barricade","Pommel Strike","Immolate","True Grit","Heavy Blade","Battle Trance","Pummel","Shrug It Off","Sentinel","Bloodletting","Rage"],"relics":["Burning Blood","Pen Nib","Question Card","CeramicFish","Pandora\u0027s Box","Nilry\u0027s Codex"],"acts_visited":["Exordium","TheCity"],"potions_floor_usage":[7,8,16,16,22],"damage_taken":[{"damage":1,"enemies":"2 Louse","floor":1,"turns":2},{"damage":6,"enemies":"Jaw Worm","floor":2,"turns":4},{"damage":11,"enemies":"Small Slimes","floor":3,"turns":4},{"damage":8,"enemies":"2 Fungi Beasts","floor":5,"turns":3},{"damage":21,"enemies":"Gremlin Gang","floor":7,"turns":4},{"damage":29,"enemies":"3 Sentries","floor":8,"turns":6},{"damage":12,"enemies":"Gremlin Nob","floor":10,"turns":3},{"damage":8,"enemies":"Looter","floor":11,"turns":3},{"damage":4,"enemies":"2 Fungi Beasts","floor":14,"turns":3},{"damage":14,"enemies":"Hexaghost","floor":16,"turns":7},{"damage":22,"enemies":"Chosen","floor":18,"turns":4},{"damage":16,"enemies":"Spheric Guardian","floor":22,"turns":3},{"damage":42,"enemies":"Snake Plant","floor":24,"turns":8}],"seed_played":"-884564825745784549","potions_obtained":[{"floor":1,"key":"Swift Potion"},{"floor":3,"key":"PowerPotion"},{"floor":11,"key":"GamblersBrew"},{"floor":14,"key":"Swift Potion"},{"floor":16,"key":"Explosive Potion"}],"is_trial":false,"path_per_floor":["M","M","M","?","M","R","M","E","T","E","M","?","R","M","R","B",null,"M","?","?","?","M","R","M"],"character_chosen":"IRONCLAD","items_purchased":[],"campfire_rested":1,"item_purchase_floors":[],"current_hp_per_floor":[80,80,75,75,73,73,58,35,35,29,27,16,16,18,18,10,64,48,48,48,27,17,41,0,0],"gold":515,"neow_bonus":"TEN_PERCENT_HP_BONUS","is_daily":false,"chose_seed":false,"campfire_upgraded":3,"win_rate":0.0,"timestamp":1609725155,"path_taken":["M","M","M","?","M","R","M","E","T","E","M","?","R","?","R","BOSS","M","?","?","?","M","R","?"],"items_purchased_type":[],"build_version":"2020-12-22","purchased_purges":0,"victory":false,"max_hp_per_floor":[82,82,82,82,82,82,82,82,82,82,82,82,82,82,82,82,82,82,82,82,82,82,82,82,82],"relic_stats":{"counters":[13,54],"CeramicFish":144,"Pandora\u0027s Box":["Pommel Strike","Immolate","True Grit","Heavy Blade","Battle Trance","Wild Strike","Pummel","Exhume"],"Pen Nib":[6],"Question Card":6,"obtain_stats":[{"Nilry\u0027s Codex":21,"CeramicFish":10,"Pandora\u0027s Box":17,"Pen Nib":8,"Question Card":9,"Burning Blood":0},{"Nilry\u0027s Codex":11,"CeramicFish":7,"Pandora\u0027s Box":10,"Pen Nib":6,"Question Card":6,"Burning Blood":0},{"Nilry\u0027s Codex":43,"CeramicFish":26,"Pandora\u0027s Box":39,"Pen Nib":23,"Question Card":23,"Burning Blood":0}],"Burning Blood":72},"card_choices":[{"not_picked":["Havoc","Clash"],"picked":"Hemokinesis","floor":1},{"not_picked":["Rage","True Grit"],"picked":"Clothesline","floor":2},{"not_picked":["Dropkick","Heavy Blade"],"picked":"Hemokinesis","floor":3},{"not_picked":["Havoc","Entrench","Iron Wave"],"picked":"SKIP","floor":5},{"not_picked":["Armaments","Evolve"],"picked":"Anger","floor":7},{"not_picked":["Thunderclap","Sword Boomerang","Berserk"],"picked":"SKIP","floor":8},{"not_picked":["Perfected Strike","Thunderclap","Flex"],"picked":"Rupture","floor":10},{"not_picked":["Metallicize","Sentinel","Havoc"],"picked":"Shrug It Off","floor":11},{"not_picked":["True Grit","Anger","Double Tap"],"picked":"Rage","floor":14},{"not_picked":["Exhume","Fiend Fire","Juggernaut"],"picked":"Barricade","floor":16},{"not_picked":["Pommel Strike","Clash","Limit Break"],"picked":"Shrug It Off","floor":18},{"not_picked":["Heavy Blade+1","Sword Boomerang","Power Through"],"picked":"Rage","floor":22}],"player_experience":1653964,"relics_obtained":[{"floor":8,"key":"Pen Nib"},{"floor":9,"key":"Question Card"},{"floor":10,"key":"CeramicFish"},{"floor":21,"key":"Nilry\u0027s Codex"}],"event_choices":[{"cards_removed":["Strike_R"],"damage_healed":0,"gold_gain":0,"player_choice":"Card Removal","damage_taken":0,"max_hp_gain":0,"max_hp_loss":0,"event_name":"The Cleric","floor":4,"gold_loss":75},{"damage_healed":0,"gold_gain":75,"player_choice":"Gather Gold","damage_taken":11,"max_hp_gain":0,"max_hp_loss":0,"event_name":"World of Goop","floor":12,"gold_loss":0},{"damage_healed":0,"gold_gain":0,"cards_transformed":["Wild Strike","Exhume"],"player_choice":"Became Test Subject","damage_taken":0,"max_hp_gain":0,"max_hp_loss":0,"event_name":"Drug Dealer","floor":19,"gold_loss":0,"cards_obtained":["Sentinel","Bloodletting"]},{"damage_healed":0,"gold_gain":0,"player_choice":"Ignored","damage_taken":0,"max_hp_gain":0,"max_hp_loss":0,"event_name":"Vampires","floor":20,"gold_loss":0},{"damage_healed":0,"gold_gain":0,"player_choice":"Obtained Book","damage_taken":21,"max_hp_gain":0,"max_hp_loss":0,"event_name":"Cursed Tome","floor":21,"gold_loss":0}],"is_beta":false,"boss_relics":[{"not_picked":["Velvet Choker","Philosopher\u0027s Stone"],"picked":"Pandora\u0027s Box"}],"items_purged_floors":[],"is_endless":false,"potions_floor_spawned":[1,3,11,14,16],"killed_by":"Snake Plant","ascension_level":20}}