{"host":"u25um2at8ivhxl8o","time":1609798319,"event":{"mods":["BaseMod","Colored Map","Downfall","Minty Spire (QoL Compilation)","StSLib"],"gold_per_floor":[99,109,153,164,164,164,211,238,254,354,354,366,379,405,415,415,415],"floor_reached":16,"playtime":2061,"items_purged":[],"score":114,"play_id":"1c5f1dcc-d939-4fd2-b0fb-b26e1a62ed28","local_time":"20210104141159","is_ascension_mode":false,"campfire_choices":[{"data":"sneckomod:SnekBite","floor":1,"key":"SMITH"},{"floor":11,"key":"REST"}],"circlet_count":0,"master_deck":["sneckomod:Strike","sneckomod:Defend","sneckomod:Defend","sneckomod:Defend","sneckomod:TailWhip","sneckomod:SnekBite+1","sneckomod:Unknown","sneckomod:Unknown","sneckomod:UnknownClassHEXA_GHOST_PURPLE+1","sneckomod:DiceBoulder","sneckomod:UnknownRareSkill","expansioncontent:FaceSlap","sneckomod:UnknownRarePower","sneckomod:UnknownClassTHE_CHAMP_GRAY","sneckomod:SerpentMind","sneckomod:CheapStock","sneckomod:TrashToTreasure"],"relics":["sneckomod:SneckoSoul","Anchor","MealTicket","Thread and Needle"],"acts_visited":["Exordium"],"potions_floor_usage":[10,10,10,16],"damage_taken":[{"damage":3,"enemies":"Jaw Worm","floor":2,"turns":2},{"damage":15,"enemies":"Small Slimes","floor":3,"turns":4},{"damage":0,"enemies":"Cultist","floor":4,"turns":3},{"damage":12,"enemies":"3 Sentries","floor":8,"turns":13},{"damage":18,"enemies":"2 Fungi Beasts","floor":9,"turns":4},{"damage":38,"enemies":"downfall:Heads","floor":10,"turns":6},{"damage":19,"enemies":"Exordium Wildlife","floor":12,"turns":4},{"damage":6,"enemies":"Red Slaver","floor":13,"turns":3},{"damage":33,"enemies":"Gremlin Nob","floor":14,"turns":5},{"damage":10,"enemies":"3 Louse","floor":15,"turns":4},{"damage":22,"enemies":"downfall:Ironclad","floor":16,"turns":5}],"seed_played":"684330560592966494","potions_obtained":[{"floor":3,"key":"Fire Potion"},{"floor":4,"key":"Fire Potion"},{"floor":8,"key":"sneckomod:DiceRollPotion"},{"floor":9,"key":"EntropicBrew"},{"floor":14,"key":"BlessingOfTheForge"}],"is_trial":false,"path_per_floor":["R","M","M","M","?","?","T","E","M","?","R","M","M","E","M","B"],"character_chosen":"THE_SNECKO","items_purchased":[],"campfire_rested":1,"item_purchase_floors":[],"current_hp_per_floor":[99,97,82,82,82,83,83,71,53,17,47,28,22,30,20,0,0],"gold":415,"neow_bonus":"TEN_PERCENT_HP_BONUS","is_daily":false,"chose_seed":false,"campfire_upgraded":1,"win_rate":0.0,"timestamp":1609798319,"path_taken":["R","M","M","M","?","?","T","E","?","?","R","M","M","E","M","BOSS"],"items_purchased_type":[],"build_version":"2020-12-22","purchased_purges":0,"victory":false,"max_hp_per_floor":[99,100,100,100,100,101,101,101,101,103,103,103,103,103,103,103,103],"card_choices":[{"not_picked":["sneckomod:SnekBeam","sneckomod:QuickMove"],"picked":"sneckomod:UnknownClassHEXA_GHOST_PURPLE","floor":2},{"not_picked":["sneckomod:ImprovisedGuard","sneckomod:UnknownWeak"],"picked":"sneckomod:DiceBoulder","floor":3},{"not_picked":["sneckomod:Nope","sneckomod:UnknownBlock","sneckomod:IronFang"],"picked":"SKIP","floor":4},{"not_picked":["sneckomod:Unknown1Cost","sneckomod:UnknownCommonSkill","sneckomod:IronFang"],"picked":"SKIP","floor":8},{"not_picked":["sneckomod:ImprovisedAttack","sneckomod:DiceCrush","sneckomod:Unknown0Cost"],"picked":"SKIP","floor":9},{"not_picked":["sneckomod:UnknownExhaust","sneckomod:UnknownVulnerable"],"picked":"sneckomod:UnknownClassTHE_CHAMP_GRAY","floor":10},{"not_picked":["sneckomod:QuickBite","sneckomod:DefensiveFlair"],"picked":"sneckomod:SerpentMind","floor":12},{"not_picked":["sneckomod:UnknownWeak","sneckomod:UnknownBlock"],"picked":"sneckomod:CheapStock","floor":13},{"not_picked":["sneckomod:WideSting","sneckomod:UnknownX"],"picked":"sneckomod:TrashToTreasure","floor":14},{"not_picked":["sneckomod:UnknownCommonAttack","sneckomod:DiceBlock","sneckomod:ImprovisedAttack"],"picked":"SKIP","floor":15}],"player_experience":345957,"relics_obtained":[{"floor":7,"key":"Anchor"},{"floor":8,"key":"MealTicket"},{"floor":14,"key":"Thread and Needle"}],"event_choices":[],"is_beta":false,"boss_relics":[],"items_purged_floors":[],"is_endless":false,"potions_floor_spawned":[3,4,8,12,13,14],"killed_by":"downfall:Ironclad","ascension_level":0}}