{"host":"o4w63qr3r67r509f","time":1609777099,"event":{"mods":["2.2 Compatiblity","AchievementEnabler","BaseMod","Colored Map","DeckTracker","Hermit","KOR Keyword Fix","Minty Spire (QoL Compilation)","StSLib"],"gold_per_floor":[110,110,35,35,49,82,82,116,190,225,225,225,225,116,116,237,237,237,137,12,12,12,12,12,12,12,12,12,12,12,12,12,12,12,12,12,12,12],"floor_reached":37,"playtime":5725,"items_purged":["hermit:Strike_Hermit","hermit:Maintenance+1","hermit:Strike_Hermit"],"score":541,"play_id":"6a38306d-b4b2-4ac7-b838-d8b11342a8a4","local_time":"20210105011819","is_ascension_mode":false,"campfire_choices":[{"data":"hermit:Maintenance","floor":7,"key":"SMITH"},{"data":"hermit:Combo","floor":13,"key":"SMITH"},{"data":"hermit:Combo","floor":15,"key":"SMITH"},{"floor":25,"key":"REST"},{"floor":30,"key":"RECALL"},{"data":"hermit:BigShot","floor":32,"key":"SMITH"}],"circlet_count":0,"master_deck":["hermit:Strike_Hermit","hermit:Strike_Hermit","hermit:Defend_Hermit","hermit:Defend_Hermit","hermit:Snapshot","hermit:Covet","hermit:Deadeye","hermit:BigShot+1","Regret","hermit:Combo+1","hermit:Combo+1","hermit:Showdown","hermit:FromBeyond","Pain","hermit:FinalCanter","Shame","hermit:Dissolve","CurseOfTheBell","hermit:TrackingShot+1","hermit:Gestalt"],"relics":["hermit:Momento","NeowsBlessing","Golden Idol","Oddly Smooth Stone","Pear","Darkstone Periapt","Odd Mushroom","WingedGreaves","Ectoplasm","WarpedTongs","Bottled Flame","Vajra","Art of War","Calling Bell","Smiling Mask","Singing Bowl","Ginger"],"acts_visited":["Exordium","TheCity","TheBeyond"],"potions_floor_usage":[23,28,33,33,33,33,36],"damage_taken":[{"damage":0,"enemies":"Small Slimes","floor":1,"turns":1},{"damage":0,"enemies":"Cultist","floor":5,"turns":1},{"damage":0,"enemies":"3 Sentries","floor":6,"turns":1},{"damage":0,"enemies":"Lagavulin","floor":8,"turns":9},{"damage":9,"enemies":"The Mushroom Lair","floor":10,"turns":5},{"damage":0,"enemies":"Slime Boss","floor":16,"turns":6},{"damage":9,"enemies":"Chosen","floor":18,"turns":5},{"damage":64,"enemies":"Gremlin Leader","floor":23,"turns":8},{"damage":0,"enemies":"Spheric Guardian","floor":24,"turns":1},{"damage":0,"enemies":"3 Cultists","floor":28,"turns":4},{"damage":13,"enemies":"Sentry and Sphere","floor":29,"turns":4},{"damage":44,"enemies":"Automaton","floor":33,"turns":7},{"damage":65,"enemies":"Orb Walker","floor":35,"turns":6},{"damage":27,"enemies":"3 Darklings","floor":36,"turns":3},{"damage":13,"enemies":"4 Shapes","floor":37,"turns":2}],"seed_played":"29797669626832617","potions_obtained":[{"floor":6,"key":"LiquidBronze"},{"floor":10,"key":"Fire Potion"},{"floor":16,"key":"EntropicBrew"},{"floor":23,"key":"Energy Potion"},{"floor":24,"key":"ColorlessPotion"},{"floor":29,"key":"hermit:BlackBile"},{"floor":35,"key":"SkillPotion"},{"floor":36,"key":"PowerPotion"}],"is_trial":false,"path_per_floor":["M","?","$","?","M","E","R","E","T","?","?","?","R","$","R","B",null,"M","$","$","?","?","E","M","R","T","?","M","M","R","T","R","B",null,"M","M","M"],"character_chosen":"HERMIT","items_purchased":["hermit:Combo","hermit:Showdown"],"campfire_rested":1,"item_purchase_floors":[14,14],"current_hp_per_floor":[75,75,75,75,75,75,75,85,85,76,82,82,82,82,82,82,91,82,82,82,82,88,24,24,53,53,59,59,46,46,46,46,2,109,44,26,13,13],"gold":12,"neow_bonus":"THREE_ENEMY_KILL","is_daily":false,"chose_seed":false,"campfire_upgraded":4,"win_rate":0.0,"timestamp":1609777099,"path_taken":["M","?","$","?","?","E","R","E","T","?","?","?","R","?","R","BOSS","M","?","$","?","?","E","?","R","T","?","M","M","R","?","R","BOSS","M","?","M"],"items_purchased_type":["Card","Card"],"build_version":"2020-12-22","purchased_purges":3,"victory":false,"max_hp_per_floor":[75,75,75,75,75,75,75,85,85,85,91,91,91,91,91,91,91,91,91,91,91,97,97,97,97,97,103,103,103,103,103,103,103,109,109,109,109,109],"card_choices":[{"not_picked":["hermit:LowProfile","hermit:HighCaliber","hermit:Vantage"],"picked":"SKIP","floor":1},{"not_picked":["hermit:Roulette","hermit:SprayPray"],"picked":"hermit:Maintenance","floor":5},{"not_picked":["hermit:LuckOfTheDraw","hermit:PistolWhip"],"picked":"hermit:Deadeye","floor":6},{"not_picked":["hermit:CalledShot","hermit:Dive","hermit:ItchyTrigger"],"picked":"SKIP","floor":8},{"not_picked":["hermit:Desperado","hermit:Snipe"],"picked":"hermit:BigShot","floor":10},{"not_picked":["hermit:RoundhouseKick","hermit:Gambit"],"picked":"hermit:FromBeyond","floor":16},{"not_picked":["hermit:Coalescence","hermit:WideOpen","hermit:Ricochet+1"],"picked":"SKIP","floor":18},{"not_picked":["hermit:Misfire","hermit:SprayPray+1"],"picked":"hermit:FinalCanter","floor":23},{"not_picked":["hermit:Glare+1","hermit:Combo","hermit:Coalescence"],"picked":"SKIP","floor":24},{"not_picked":["hermit:WideOpen","hermit:Cheat","hermit:HighCaliber"],"picked":"SKIP","floor":28},{"not_picked":["hermit:Cheat","hermit:Desperado","hermit:RoundhouseKick"],"picked":"SKIP","floor":29},{"not_picked":["hermit:Gambit","hermit:OverwhelmingPower"],"picked":"hermit:Dissolve","floor":33},{"not_picked":["hermit:Combo","hermit:HighCaliber"],"picked":"hermit:TrackingShot+1","floor":35},{"not_picked":["hermit:Coalescence","hermit:Feint"],"picked":"hermit:Gestalt","floor":36}],"player_experience":108252,"relics_obtained":[{"floor":6,"key":"Oddly Smooth Stone"},{"floor":8,"key":"Pear"},{"floor":9,"key":"Darkstone Periapt"},{"floor":10,"key":"Odd Mushroom"},{"floor":23,"key":"Bottled Flame"},{"floor":26,"key":"Vajra"},{"floor":34,"key":"Smiling Mask"},{"floor":34,"key":"Singing Bowl"},{"floor":34,"key":"Ginger"}],"event_choices":[{"damage_healed":0,"gold_gain":0,"player_choice":"Take Wound","damage_taken":0,"relics_obtained":["Golden Idol"],"max_hp_gain":0,"max_hp_loss":0,"event_name":"Golden Idol","floor":2,"gold_loss":0,"cards_obtained":["Injury"]},{"cards_removed":["Injury"],"damage_healed":0,"gold_gain":0,"player_choice":"Purged","damage_taken":0,"max_hp_gain":0,"max_hp_loss":0,"event_name":"Purifier","floor":4,"gold_loss":0},{"damage_healed":0,"gold_gain":0,"player_choice":"Fought Mushrooms","damage_taken":0,"max_hp_gain":0,"max_hp_loss":0,"event_name":"Mushrooms","floor":10,"gold_loss":0},{"damage_healed":0,"gold_gain":0,"player_choice":"Box","damage_taken":0,"relics_obtained":["WingedGreaves"],"max_hp_gain":0,"max_hp_loss":0,"event_name":"Big Fish","floor":11,"gold_loss":0,"cards_obtained":["Regret"]},{"damage_healed":0,"gold_gain":0,"cards_transformed":["hermit:Defend_Hermit"],"player_choice":"Change","damage_taken":0,"max_hp_gain":0,"max_hp_loss":0,"event_name":"Living Wall","floor":12,"gold_loss":0,"cards_obtained":["hermit:Combo"]},{"cards_removed":["hermit:Defend_Hermit"],"damage_healed":0,"gold_gain":0,"player_choice":"Elegance","damage_taken":0,"max_hp_gain":0,"max_hp_loss":0,"event_name":"Back to Basics","floor":21,"gold_loss":0},{"damage_healed":0,"gold_gain":0,"player_choice":"Rummage","damage_taken":0,"relics_obtained":["WarpedTongs"],"max_hp_gain":0,"max_hp_loss":0,"event_name":"Accursed Blacksmith","floor":22,"gold_loss":0,"cards_obtained":["Pain"]},{"damage_healed":0,"gold_gain":0,"player_choice":"Stole Relic","damage_taken":0,"relics_obtained":["Art of War"],"max_hp_gain":0,"max_hp_loss":0,"event_name":"Addict","floor":27,"gold_loss":0,"cards_obtained":["Shame"]}],"is_beta":false,"boss_relics":[{"not_picked":["Astrolabe","Runic Dome"],"picked":"Ectoplasm"},{"not_picked":["Runic Pyramid","Velvet Choker"],"picked":"Calling Bell"}],"items_purged_floors":[3,19,20],"is_endless":false,"potions_floor_spawned":[6,10,16,23,24,29,35,36],"killed_by":"4 Shapes","ascension_level":0}}