{"host":"ac6e1xz8pi3qqstb","time":1609772594,"event":{"mods":["BaseMod","Minty Spire (QoL Compilation)","MostiFishMod","Relic Stats","Replay The Spire","StSLib","[IsaacMod]ÒÔÈö¼âËþ","¡¾ÒÅÎï¿¨ÅÆ¡¿REMEMod"],"gold_per_floor":[111,131,51,61,61,61,136,136,136,155,166,113,127,142,142,246,246,864,880,880,911,373,373,393,404,486,486,506,354,354,368,368,469,469,486,503,520,535,384,411,423,473,497,508,521,555,555,575,575,575],"floor_reached":51,"playtime":3070,"items_purged":["Strike_B"],"score":634,"play_id":"205f48a3-39a6-476b-a117-ef3401f337b6","local_time":"20210104230314","is_ascension_mode":false,"campfire_choices":[{"data":"MostiFishMod:ATRI","floor":6.0,"key":"SMITH"},{"data":"Coolheaded","floor":15.0,"key":"SMITH"},{"data":"MostiFishMod:Hijack","floor":23.0,"key":"SMITH"},{"data":"MostiFishMod:Impulse","floor":32.0,"key":"SMITH"},{"floor":49,"key":"REST"}],"circlet_count":0,"master_deck":["Strike_B","Strike_B","Strike_B","Defend_B","Defend_B","Defend_B","Defend_B","Zap","Dualcast","MostiFishMod:Hijack+1","Steam","Fan","MostiFishMod:ATRI+1","Redo","Sweeping Beam","Panic Button","Leap","MostiFishMod:GatherIntelligence","Coolheaded+1","Rainbow","Hologram","Redo+1","MostiFishMod:PushDownKick","MostiFishMod:Impulse+1","Reboot+1","Double Energy","Stack+1","MostiFishMod:ActiveDefenseSystem","Electrodynamics","Double Energy+1","Chill+1","Hologram+1","ReplayTheSpireMod:Calculation Training+1","ReplaySolidLightProjector+1","ReplayTheSpireMod:Repulse+1","MostiFishMod:Impulse+1"],"relics":["Cracked Core","DaveBox","REME_ComplimentaryCards","HushsDoor","xbg","D6","NeowsBlessing","SynthV:TestCard","Pen Nib","StrikeDummy","Inserter","TungstenRod","TimeFreeze","Question Card","Gremlin Food","MutagenicStrength","Replay:Ancient Bell","REME_HandOfSuture","ReplayFunnel","REME_HourglassOfDeath","Omamori","Replay:Antivirus Software"],"acts_visited":["Exordium","TheCity","TheBeyond"],"potions_floor_usage":[50],"damage_taken":[{"damage":0.0,"enemies":"Cultist","floor":1.0,"turns":1.0},{"damage":0.0,"enemies":"2 Louse","floor":2.0,"turns":1.0},{"damage":0.0,"enemies":"Jaw Worm","floor":4.0,"turns":1.0},{"damage":0.0,"enemies":"Large Slime","floor":10.0,"turns":3.0},{"damage":10.0,"enemies":"Gremlin Gang","floor":11.0,"turns":3.0},{"damage":0.0,"enemies":"2 Fungi Beasts","floor":13.0,"turns":2.0},{"damage":2.0,"enemies":"Large Slime","floor":14.0,"turns":2.0},{"damage":18.0,"enemies":"Hexaghost","floor":16.0,"turns":9.0},{"damage":0.0,"enemies":"Spheric Guardian","floor":18.0,"turns":1.0},{"damage":1.0,"enemies":"3 Byrds","floor":19.0,"turns":3.0},{"damage":0.0,"enemies":"3 Cultists","floor":21.0,"turns":3.0},{"damage":4.0,"enemies":"Snake Plant","floor":24.0,"turns":3.0},{"damage":0.0,"enemies":"Centurion and Healer","floor":25.0,"turns":6.0},{"damage":5.0,"enemies":"Shelled Parasite and Fungi","floor":28.0,"turns":5.0},{"damage":21.0,"enemies":"Cultist and Chosen","floor":31.0,"turns":5.0},{"damage":11.0,"enemies":"Champ","floor":33.0,"turns":8.0},{"damage":18.0,"enemies":"3 Darklings","floor":35.0,"turns":6.0},{"damage":0.0,"enemies":"Orb Walker","floor":36.0,"turns":2.0},{"damage":4.0,"enemies":"Jaw Worm Horde","floor":37.0,"turns":2.0},{"damage":4.0,"enemies":"4 Shapes","floor":38.0,"turns":6.0},{"damage":0.0,"enemies":"R_Hoarder","floor":40.0,"turns":7.0},{"damage":0.0,"enemies":"Sphere and 2 Shapes","floor":41.0,"turns":4.0},{"damage":0.0,"enemies":"Hiden Room Battle","floor":42.0,"turns":4.0},{"damage":0.0,"enemies":"3 Darklings","floor":44.0,"turns":4.0},{"damage":0.0,"enemies":"Transient","floor":45.0,"turns":5.0},{"damage":4.0,"enemies":"Reptomancer","floor":46.0,"turns":6.0},{"damage":0,"enemies":"Sphere and 2 Shapes","floor":48,"turns":3},{"damage":2,"enemies":"Replay:Hell Engine","floor":50,"turns":12}],"seed_played":"8002099151540177978","potions_obtained":[{"floor":4.0,"key":"LiquidBronze"},{"floor":10.0,"key":"Elixir"},{"floor":14.0,"key":"Swift Potion"},{"floor":19.0,"key":"FocusPotion"},{"floor":36.0,"key":"FearPotion"},{"floor":40.0,"key":"SkillPotion"},{"floor":44.0,"key":"BlessingOfTheForge"},{"floor":46.0,"key":"PowerPotion"}],"is_trial":false,"path_per_floor":["M","M","$","M","$","R","?","?","T","M","M","$","M","M","R","B",null,"M","M","?","M","$","R","M","M","T","?","M","$","?","M","R","B",null,"M","M","M","M","$","E","M","?","T","M","M","E","?","M","R","B",null],"character_chosen":"DEFECT","items_purchased":["MostiFishMod:ATRI","Leap","TungstenRod","TimeFreeze","Gremlin Food","Electrodynamics","ReplayFunnel"],"campfire_rested":1,"item_purchase_floors":[3,12,22,22,29,34,39],"current_hp_per_floor":[75,75,75,75,75,75,64,49,49,49,39,39,39,37,37,19,75,75,74,74,74,74,74,70,70,70,70,65,65,65,44,44,33,71,53,53,49,45,45,45,45,31,31,31,31,27,27,27,48,46],"gold":575,"neow_bonus":"THREE_ENEMY_KILL","is_daily":false,"chose_seed":false,"campfire_upgraded":4,"win_rate":0.0,"timestamp":1609772594,"path_taken":["M","M","?","M","$","R","?","?","T","M","?","?","?","?","R","BOSS","M","?","?","M","$","R","M","M","T","?","M","?","?","M","R","BOSS","M","M","M","M","$","E","M","?","T","M","M","E","?","M","R","BOSS"],"items_purchased_type":["Card","Card","Relic","Relic","Relic","Card","Relic"],"build_version":"2020-12-22","purchased_purges":1,"victory":true,"max_hp_per_floor":[75,75,75,75,75,75,75,75,75,75,75,75,75,75,75,75,75,75,75,75,75,75,75,75,75,75,75,75,75,75,75,75,75,71,71,71,71,71,71,71,71,71,71,71,71,71,71,71,71,71],"relic_stats":{"Inserter":[47],"counters":[28,117],"Pen Nib":[12],"Question Card":14,"obtain_stats":[{"KeepersGift":0,"Gremlin Food":29,"ReplayFunnel":39,"Inserter":17,"DaveBox":0,"NeowsBlessing":0,"Pen Nib":8,"Replay:Ancient Bell":34,"Omamori":42,"TimeFreeze":22,"Question Card":26,"D6":0,"SynthV:TestCard":1,"REME_HourglassOfDeath":42,"MutagenicStrength":30,"REME_HandOfSuture":34,"xbg":0,"Replay:Antivirus Software":46,"Cracked Core":0,"HushsDoor":0,"StrikeDummy":9,"TungstenRod":22,"REME_ComplimentaryCards":0},{"KeepersGift":0,"Gremlin Food":14,"ReplayFunnel":20,"Inserter":8,"DaveBox":0,"NeowsBlessing":0,"Pen Nib":3,"Replay:Ancient Bell":16,"Omamori":23,"TimeFreeze":11,"Question Card":13,"D6":0,"SynthV:TestCard":1,"REME_HourglassOfDeath":23,"MutagenicStrength":14,"REME_HandOfSuture":16,"xbg":0,"Replay:Antivirus Software":26,"Cracked Core":0,"HushsDoor":0,"StrikeDummy":3,"TungstenRod":11,"REME_ComplimentaryCards":0},{"KeepersGift":0,"Gremlin Food":43,"ReplayFunnel":72,"Inserter":22,"DaveBox":0,"NeowsBlessing":0,"Pen Nib":3,"Replay:Ancient Bell":56,"Omamori":87,"TimeFreeze":29,"Question Card":38,"D6":0,"SynthV:TestCard":1,"REME_HourglassOfDeath":87,"MutagenicStrength":43,"REME_HandOfSuture":56,"xbg":0,"Replay:Antivirus Software":102,"Cracked Core":0,"HushsDoor":0,"StrikeDummy":3,"TungstenRod":29,"REME_ComplimentaryCards":0}],"TungstenRod":15},"card_choices":[{"not_picked":["Rebound","Conserve Battery"],"picked":"Steam","floor":1.0},{"not_picked":["Stack","Ball Lightning","Aggregate","Hologram"],"picked":"Fan","floor":2.0},{"not_picked":["Steam","Blizzard","Auto Shields","Hyperbeam"],"picked":"Redo","floor":4.0},{"not_picked":["Compile Driver","Reinforced Body","ReplayTheSpireMod:System Scan","Rebound"],"picked":"Sweeping Beam","floor":10.0},{"not_picked":["Ball Lightning","REME_SelfUpgrade","MostiFishMod:PushDownKick","Auto Shields"],"picked":"Panic Button","floor":11.0},{"not_picked":["Turbo","Defragment","Force Field","BootSequence"],"picked":"MostiFishMod:GatherIntelligence","floor":13.0},{"not_picked":["REME_Compress","Panic Button","Fan","Compile Driver"],"picked":"Coolheaded","floor":14.0},{"not_picked":["MostiFishMod:Culaccino","MostiFishMod:TalkingToTheRain","Fission","MostiFishMod:IceShield"],"picked":"Rainbow","floor":16.0},{"not_picked":["Coolheaded","Turbo+1","Rebound+1","REME_Compress"],"picked":"Hologram","floor":18.0},{"not_picked":["Cold Snap+1","Sweeping Beam","Sunder","Hologram"],"picked":"Redo+1","floor":19.0},{"not_picked":["Rebound+1","Panic Button","Rip and Tear","Sweeping Beam"],"picked":"MostiFishMod:PushDownKick","floor":21.0},{"not_picked":["Rainbow","ReplaySort+1","Blizzard","FTL","Gash"],"picked":"SKIP","floor":24.0},{"not_picked":["Melter","Coolheaded","Lockon","Cold Snap"],"picked":"MostiFishMod:Impulse","floor":25.0},{"not_picked":["Gash","Leap","REME_SelfUpgrade+1","Compile Driver+1","Cold Snap"],"picked":"Double Energy","floor":28.0},{"not_picked":["Beam Cell","Hologram","MostiFishMod:ReprogramOld+1","Compile Driver","Redo"],"picked":"Stack+1","floor":31.0},{"not_picked":["Core Surge","All For One","Fission","Meteor Strike","MostiFishMod:IntelligentEquipment"],"picked":"MostiFishMod:ActiveDefenseSystem","floor":33.0},{"not_picked":["Coolheaded","Rebound","Beam Cell","Conserve Battery","Ball Lightning"],"picked":"Double Energy+1","floor":35.0},{"not_picked":["Steam","Beam Cell+1","Conserve Battery+1","ReplayTheSpireMod:GoodbyeWorld","Tempest"],"picked":"Chill+1","floor":36.0},{"not_picked":["Compile Driver","Aggregate","Cold Snap","Genetic Algorithm+1","MostiFishMod:PushDownKick"],"picked":"Hologram+1","floor":37.0},{"not_picked":["Force Field+1","Reboot","Compile Driver","BasicCrystalCard+1","Beam Cell"],"picked":"ReplayTheSpireMod:Calculation Training+1","floor":38.0},{"not_picked":["Ball Lightning+1","Compile Driver","Melter+1","ReplayTheSpireMod:Calculation Training+1","Streamline+1"],"picked":"ReplaySolidLightProjector+1","floor":40.0},{"not_picked":["MostiFishMod:PushDownKick+1","MostiFishMod:DeathFromBelow","REME_Whirling+1","Genetic Algorithm","Coolheaded","Fusion+1"],"picked":"SKIP","floor":41.0},{"not_picked":["Streamline+1","Fusion+1","Biased Cognition","MostiFishMod:ReprogramOld+1","Leap","MostiFishMod:LinkProtocol+1"],"picked":"SKIP","floor":44.0},{"not_picked":["Leap+1","Sunder","Streamline","Barrage","Consume+1","Gash"],"picked":"SKIP","floor":45.0},{"not_picked":["Coolheaded","Barrage","Panic Button","Turbo","FTL"],"picked":"ReplayTheSpireMod:Repulse+1","floor":46.0},{"not_picked":["Redo+1","Skim","Static Discharge","ReplayTheSpireMod:GoodbyeWorld+1","Compile Driver+1"],"picked":"MostiFishMod:Impulse+1","floor":48}],"player_experience":406762,"relics_obtained":[{"floor":1.0,"key":"SynthV:TestCard"},{"floor":9.0,"key":"StrikeDummy"},{"floor":26.0,"key":"Question Card"},{"floor":42.0,"key":"REME_HourglassOfDeath"},{"floor":42.0,"key":"Omamori"},{"floor":46.0,"key":"Replay:Antivirus Software"}],"event_choices":[{"damage_healed":0.0,"max_hp_gain":0.0,"max_hp_loss":0.0,"gold_gain":75.0,"event_name":"World of Goop","player_choice":"Gather Gold","floor":7.0,"gold_loss":0.0,"damage_taken":11.0},{"damage_healed":0.0,"max_hp_gain":0.0,"max_hp_loss":0.0,"gold_gain":0.0,"event_name":"The Library","player_choice":"Read","floor":27.0,"gold_loss":0.0,"damage_taken":0.0,"cards_obtained":["Reboot"]},{"damage_healed":0.0,"max_hp_gain":0.0,"max_hp_loss":0.0,"gold_gain":0.0,"event_name":"Drug Dealer","player_choice":"Inject Mutagens","floor":30.0,"gold_loss":0.0,"damage_taken":0.0,"relics_obtained":["MutagenicStrength"]},{"damage_healed":0.0,"max_hp_gain":0.0,"max_hp_loss":0.0,"gold_gain":0.0,"event_name":"HidenRoomEvent","player_choice":"Fight","floor":42.0,"gold_loss":0.0,"damage_taken":0.0}],"is_beta":false,"boss_relics":[{"not_picked":["Painkiller Herb","Empty Cage"],"picked":"Inserter"},{"not_picked":[]},{"not_picked":["TakeMeEscape","ReplayTheSpireMod:DimensionalGlitch"],"picked":"Replay:Ancient Bell"},{"not_picked":["Ancient Tea Set","BelialBook"],"picked":"REME_HandOfSuture"},{"not_picked":[]}],"items_purged_floors":[22],"is_endless":false,"potions_floor_spawned":[4,10,14,19,25,28,36,40,44,46],"ascension_level":0}}