{"host":"0ydzwspkajt4brzd","time":1609742760,"event":{"mods":["AchievementEnabler","BaseMod","Colored Map","DeckTracker","Googly Eyes","Highlight Path","Minty Spire (QoL Compilation)","Quick Restart","Random Character Button","Rare Cards Sparkle"],"gold_per_floor":[112,130,130,90,108,140,140,170,170,228,228,241,306,321,321,426,426,445,457,21,40,40,40,56,56,56],"floor_reached":25,"playtime":1407,"items_purged":["Strike_B"],"score":245,"play_id":"a700f80a-c41b-4468-a588-e37766d8092a","local_time":"20210103224600","is_ascension_mode":true,"campfire_choices":[{"data":"Fusion","floor":7,"key":"SMITH"},{"floor":11,"key":"REST"},{"floor":15,"key":"REST"},{"data":"J.A.X.","floor":23,"key":"SMITH"}],"circlet_count":0,"master_deck":["Strike_B","Strike_B+1","Strike_B","Defend_B","Defend_B","Defend_B","Defend_B","Zap+1","Dualcast","Melter+1","Conserve Battery","Gash","Fusion+1","Steam","Darkness","Rebound","Machine Learning","All For One","Aggregate+1","Steam","Bandage Up","Hologram","Beam Cell","J.A.X.+1","Chaos+1"],"relics":["Cracked Core","NeowsBlessing","Whetstone","Gremlin Horn","Singing Bowl","Bronze Scales","SlaversCollar","Eternal Feather"],"acts_visited":["Exordium","TheCity"],"potions_floor_usage":[8,13,16,19,21,25],"damage_taken":[{"damage":0,"enemies":"Cultist","floor":1,"turns":1},{"damage":0,"enemies":"Small Slimes","floor":2,"turns":1},{"damage":0,"enemies":"Jaw Worm","floor":5,"turns":1},{"damage":42,"enemies":"Lagavulin","floor":6,"turns":6},{"damage":28,"enemies":"3 Sentries","floor":8,"turns":11},{"damage":4,"enemies":"Large Slime","floor":12,"turns":4},{"damage":5,"enemies":"3 Sentries","floor":13,"turns":7},{"damage":13,"enemies":"Blue Slaver","floor":14,"turns":2},{"damage":39,"enemies":"The Guardian","floor":16,"turns":8},{"damage":18,"enemies":"Shell Parasite","floor":18,"turns":4},{"damage":1,"enemies":"Spheric Guardian","floor":19,"turns":3},{"damage":25,"enemies":"Snecko","floor":21,"turns":6},{"damage":19,"enemies":"Centurion and Healer","floor":24,"turns":6},{"damage":32,"enemies":"Book of Stabbing","floor":25,"turns":4}],"seed_played":"3218085307629539463","potions_obtained":[{"floor":4,"key":"FairyPotion"},{"floor":4,"key":"SneckoOil"},{"floor":4,"key":"SteroidPotion"},{"floor":5,"key":"DuplicationPotion"},{"floor":12,"key":"BlessingOfTheForge"},{"floor":13,"key":"LiquidBronze"},{"floor":16,"key":"Fire Potion"},{"floor":19,"key":"Block Potion"},{"floor":21,"key":"Weak Potion"},{"floor":24,"key":"SteroidPotion"}],"is_trial":false,"path_per_floor":["M","M","?","?","M","E","R","E","T","?","R","M","?","M","R","B",null,"M","M","$","M","?","R","M","E"],"character_chosen":"DEFECT","items_purchased":["Bandage Up","Eternal Feather","Hologram"],"campfire_rested":2,"item_purchase_floors":[20,20,20],"current_hp_per_floor":[75,75,75,75,75,33,33,5,5,5,27,23,18,5,27,14,75,57,56,56,31,31,43,28,0,0],"gold":56,"neow_bonus":"THREE_ENEMY_KILL","is_daily":false,"chose_seed":false,"campfire_upgraded":2,"win_rate":0.0,"timestamp":1609742760,"path_taken":["M","M","?","?","?","E","R","E","T","?","R","M","?","M","R","BOSS","M","M","$","M","?","R","M","E"],"items_purchased_type":["Card","Relic","Card"],"build_version":"2020-12-22","purchased_purges":1,"victory":false,"max_hp_per_floor":[75,75,75,75,75,75,75,75,75,75,75,75,75,75,75,75,75,75,75,75,75,75,75,75,75,75],"card_choices":[{"not_picked":["Leap","Chill"],"picked":"Melter","floor":1},{"not_picked":["Barrage","Double Energy"],"picked":"Conserve Battery","floor":2},{"not_picked":["Barrage","Ball Lightning"],"picked":"Gash","floor":5},{"not_picked":["Sweeping Beam","Coolheaded"],"picked":"Fusion","floor":6},{"not_picked":["Cold Snap","Force Field"],"picked":"Steam","floor":8},{"not_picked":["Loop","Steam"],"picked":"Darkness","floor":12},{"not_picked":["Chill","Steam"],"picked":"Rebound","floor":13},{"not_picked":["Redo","Conserve Battery"],"picked":"Machine Learning","floor":14},{"not_picked":["Electrodynamics","Amplify"],"picked":"All For One","floor":16},{"not_picked":["Barrage+1","Beam Cell"],"picked":"Aggregate+1","floor":18},{"not_picked":["Sunder","Melter"],"picked":"Steam","floor":19},{"not_picked":["Fusion","Steam"],"picked":"Beam Cell","floor":21},{"not_picked":["Streamline","Redo"],"picked":"Chaos+1","floor":24}],"player_experience":453839,"relics_obtained":[{"floor":6,"key":"Whetstone"},{"floor":8,"key":"Gremlin Horn"},{"floor":9,"key":"Singing Bowl"},{"floor":13,"key":"Bronze Scales"}],"event_choices":[{"damage_healed":0,"gold_gain":0,"player_choice":"Grow","damage_taken":0,"max_hp_gain":0,"max_hp_loss":0,"event_name":"Living Wall","floor":3,"gold_loss":0,"cards_upgraded":["Zap"]},{"damage_healed":0,"gold_gain":0,"player_choice":"Bought 3 Potions","damage_taken":0,"max_hp_gain":0,"max_hp_loss":0,"event_name":"The Woman in Blue","floor":4,"gold_loss":0},{"damage_healed":0,"gold_gain":58,"player_choice":"Gained Gold","damage_taken":0,"max_hp_gain":0,"max_hp_loss":0,"event_name":"Golden Wing","floor":10,"gold_loss":0},{"damage_healed":0,"gold_gain":0,"player_choice":"Searched \u00272\u0027 times","damage_taken":0,"max_hp_gain":0,"max_hp_loss":0,"event_name":"Dead Adventurer","floor":13,"gold_loss":0},{"damage_healed":0,"gold_gain":0,"player_choice":"Obtain J.A.X.","damage_taken":0,"max_hp_gain":0,"max_hp_loss":0,"event_name":"Drug Dealer","floor":22,"gold_loss":0,"cards_obtained":["J.A.X."]}],"is_beta":false,"boss_relics":[{"not_picked":["Astrolabe","Inserter"],"picked":"SlaversCollar"}],"items_purged_floors":[20],"is_endless":false,"potions_floor_spawned":[5,12,13,14,16,19,21,24],"killed_by":"Book of Stabbing","ascension_level":3}}