{"host":"6pgtslebjnyv5xmi","time":1609740065,"event":{"mods":["AchievementEnabler","BaseMod","Colored Map","Minty Spire (QoL Compilation)","Rare Cards Sparkle","StSLib","SuperFastMode","everything is the same but u backflip on backflip"],"gold_per_floor":[110,110,122,141,141,141,141,141,164,72,72,72,91,103,103,198,198,215,140,157,2,2,2,2,2,2,28,75,88,88,88,88,88,88],"floor_reached":33,"playtime":1210,"items_purged":["Strike_G"],"score":389,"play_id":"1e131355-616b-4569-809a-fe4169151658","local_time":"20210104150105","is_ascension_mode":true,"campfire_choices":[{"data":"Catalyst","floor":6.0,"key":"SMITH"},{"data":"Deadly Poison","floor":8.0,"key":"SMITH"},{"data":"Bandage Up","floor":11.0,"key":"SMITH"},{"floor":15.0,"key":"REST"},{"floor":23.0,"key":"REST"},{"data":"Catalyst","floor":30.0,"key":"SMITH"},{"floor":32,"key":"REST"}],"circlet_count":0,"master_deck":["AscendersBane","Strike_G","Strike_G","Strike_G","Defend_G","Defend_G","Defend_G","Defend_G","Defend_G","Survivor+1","Neutralize+1","Catalyst+1","Well Laid Plans","Deadly Poison+1","Prepared","Bandage Up+1","Bullet Time","Catalyst+1","Deadly Poison+1","Injury","Decay","Parasite"],"relics":["Ring of the Snake","Snake Skull","Shuriken","Cursed Key","DollysMirror","Orichalcum","Unceasing Top","Singing Bowl","Bag of Marbles","Regal Pillow"],"acts_visited":["Exordium","TheCity"],"potions_floor_usage":[33],"damage_taken":[{"damage":10.0,"enemies":"Small Slimes","floor":1.0,"turns":6.0},{"damage":8.0,"enemies":"Cultist","floor":3.0,"turns":6.0},{"damage":1.0,"enemies":"Jaw Worm","floor":4.0,"turns":3.0},{"damage":28.0,"enemies":"Lots of Slimes","floor":13.0,"turns":7.0},{"damage":0.0,"enemies":"Red Slaver","floor":14.0,"turns":3.0},{"damage":2.0,"enemies":"The Guardian","floor":16.0,"turns":5.0},{"damage":49.0,"enemies":"Spheric Guardian","floor":18.0,"turns":6.0},{"damage":2.0,"enemies":"Shell Parasite","floor":20.0,"turns":4.0},{"damage":13.0,"enemies":"Book of Stabbing","floor":27.0,"turns":4.0},{"damage":5.0,"enemies":"Centurion and Healer","floor":29.0,"turns":7.0},{"damage":26,"enemies":"Colosseum Slavers","floor":31,"turns":5},{"damage":101,"enemies":"Automaton","floor":33,"turns":6}],"seed_played":"4563590713046506894","potions_obtained":[{"floor":4.0,"key":"Weak Potion"},{"floor":13.0,"key":"DuplicationPotion"},{"floor":16.0,"key":"DistilledChaos"},{"floor":27.0,"key":"CultistPotion"}],"is_trial":false,"path_per_floor":["M","?","M","M","$","R","?","R","T","$","R","T","M","M","R","B",null,"M","$","M","$","?","R","?","T","T","E","T","M","R","?","R","B"],"character_chosen":"THE_SILENT","items_purchased":["Bandage Up","DollysMirror"],"campfire_rested":3,"item_purchase_floors":[10,21],"current_hp_per_floor":[53,53,45,44,44,44,30,30,30,30,30,30,8,14,35,39,62,19,19,23,23,23,44,44,44,44,39,39,42,42,22,59,0,0],"gold":88,"neow_bonus":"THREE_CARDS","is_daily":false,"chose_seed":false,"campfire_upgraded":4,"win_rate":0.0,"timestamp":1609740065,"path_taken":["M","?","M","?","$","R","?","R","T","$","R","?","M","M","R","BOSS","M","?","?","?","?","R","?","?","T","E","?","M","R","?","R","BOSS"],"items_purchased_type":["Card","Relic"],"build_version":"2020-12-22","purchased_purges":1,"victory":false,"max_hp_per_floor":[70,70,70,70,70,70,70,70,70,70,70,70,70,70,70,70,70,70,70,70,70,70,70,70,70,70,72,72,74,74,74,74,74,74],"card_choices":[{"not_picked":["Underhanded Strike","Bane"],"picked":"Catalyst","floor":0.0},{"not_picked":["Quick Slash","Outmaneuver"],"picked":"Well Laid Plans","floor":1.0},{"not_picked":["Bane","Flying Knee"],"picked":"Deadly Poison","floor":3.0},{"not_picked":["Accuracy","Slice"],"picked":"Prepared","floor":4.0},{"not_picked":["Flying Knee","Finisher","Sucker Punch"],"picked":"SKIP","floor":13.0},{"not_picked":["Cloak And Dagger","Quick Slash","Dodge and Roll"],"picked":"SKIP","floor":14.0},{"not_picked":["A Thousand Cuts","Glass Knife"],"picked":"Bullet Time","floor":16.0},{"not_picked":["Dagger Throw","Well Laid Plans","Poisoned Stab"],"picked":"SKIP","floor":18.0},{"not_picked":["Dagger Spray+1","Escape Plan"],"picked":"Catalyst","floor":20.0},{"not_picked":["Sucker Punch","Accuracy","Glass Knife"],"picked":"Singing Bowl","floor":27.0},{"not_picked":["Terror+1","Quick Slash","Leg Sweep"],"picked":"Singing Bowl","floor":29.0}],"player_experience":688844,"relics_obtained":[{"floor":9.0,"key":"Snake Skull"},{"floor":12.0,"key":"Shuriken"},{"floor":25.0,"key":"Unceasing Top"},{"floor":26.0,"key":"Singing Bowl"},{"floor":27.0,"key":"Bag of Marbles"},{"floor":28.0,"key":"Regal Pillow"}],"event_choices":[{"cards_removed":["Strike_G"],"damage_healed":0.0,"max_hp_gain":0.0,"max_hp_loss":0.0,"gold_gain":0.0,"event_name":"Purifier","player_choice":"Purged","floor":2.0,"gold_loss":0.0,"damage_taken":0.0},{"damage_healed":0.0,"max_hp_gain":0.0,"max_hp_loss":0.0,"gold_gain":0.0,"event_name":"Shining Light","player_choice":"Entered Light","floor":7.0,"gold_loss":0.0,"damage_taken":14.0,"cards_upgraded":["Survivor","Neutralize"]},{"damage_healed":0.0,"max_hp_gain":0.0,"max_hp_loss":0.0,"gold_gain":0.0,"event_name":"Cursed Tome","player_choice":"Ignored","floor":22.0,"gold_loss":0.0,"damage_taken":0.0},{"damage_healed":0.0,"max_hp_gain":0.0,"max_hp_loss":0.0,"gold_gain":0.0,"event_name":"The Mausoleum","player_choice":"Opened","floor":24.0,"gold_loss":0.0,"damage_taken":0.0,"relics_obtained":["Orichalcum"]},{"damage_healed":0,"gold_gain":0,"player_choice":"Fight","damage_taken":0,"max_hp_gain":0,"max_hp_loss":0,"event_name":"Colosseum","floor":31,"gold_loss":0},{"damage_healed":0,"gold_gain":0,"player_choice":"Fled From Nobs","damage_taken":0,"max_hp_gain":0,"max_hp_loss":0,"event_name":"Colosseum","floor":31,"gold_loss":0}],"is_beta":false,"boss_relics":[{"not_picked":["Busted Crown","SacredBark"],"picked":"Cursed Key"}],"items_purged_floors":[19],"is_endless":false,"potions_floor_spawned":[4,13,16,27],"killed_by":"Automaton","ascension_level":11}}