{"host":"ec09novo68szpe7d","time":1609795722,"event":{"mods":["AchievementEnabler","BaseMod","Bestiary","BetterRewards","Minty Spire (QoL Compilation)","StSLib"],"gold_per_floor":[119,119,19,194,194,223,28,45,71,71,105,119,119,129,129,234,234,244,259,358,358,372,372,404,422,449,482,68,97,97,128,128,226,226,243,153,170,170,107,107,157,157,157,176,210,210,210,227,227,227,227],"floor_reached":50,"playtime":2042,"items_purged":["Pain","Strike_G"],"score":905,"play_id":"7b27ee19-59ad-48f8-bf9b-6f6ce790decf","local_time":"20210104222842","is_ascension_mode":true,"campfire_choices":[{"data":"Apotheosis","floor":10,"key":"SMITH"},{"data":"Accuracy","floor":13,"key":"SMITH"},{"floor":15,"key":"RECALL"},{"data":"A Thousand Cuts","floor":23,"key":"SMITH"},{"data":"Backstab","floor":32,"key":"SMITH"},{"data":"Cloak And Dagger","floor":40,"key":"SMITH"},{"data":"Prepared","floor":42,"key":"SMITH"},{"data":"Blade Dance","floor":46,"key":"SMITH"},{"data":"Blade Dance","floor":49,"key":"SMITH"}],"circlet_count":0,"master_deck":["Strike_G","Strike_G","Strike_G","Defend_G","Defend_G","Defend_G","Defend_G","Defend_G","Survivor","Neutralize+1","Backflip+1","Blade Dance+1","Predator","Apotheosis+1","Prepared+1","Accuracy+1","A Thousand Cuts+1","Blade Dance+1","Cloak And Dagger+1","Backstab+1","Blade Dance+1","Envenom+1","Slice+1","Accuracy+1","Terror+1"],"relics":["Ring of the Snake","NeowsBlessing","WarpedTongs","HornCleat","PreservedInsect","Ninja Scroll","Sozu","MutagenicStrength","Frozen Egg 2","Ginger","FossilizedHelix","The Courier","Bag of Preparation","WristBlade","Ice Cream","Darkstone Periapt","CaptainsWheel"],"acts_visited":["Exordium","TheCity","TheBeyond"],"potions_floor_usage":[16],"damage_taken":[{"damage":0,"enemies":"Jaw Worm","floor":1,"turns":1},{"damage":0,"enemies":"Lagavulin","floor":6,"turns":1},{"damage":0,"enemies":"Cultist","floor":8,"turns":1},{"damage":0,"enemies":"Gremlin Nob","floor":11,"turns":3},{"damage":0,"enemies":"2 Louse","floor":12,"turns":1},{"damage":6,"enemies":"Exordium Thugs","floor":14,"turns":4},{"damage":14,"enemies":"The Guardian","floor":16,"turns":13},{"damage":0,"enemies":"Spheric Guardian","floor":18,"turns":3},{"damage":17,"enemies":"2 Thieves","floor":19,"turns":3},{"damage":0,"enemies":"3 Cultists","floor":22,"turns":3},{"damage":2,"enemies":"Slavers","floor":24,"turns":5},{"damage":0,"enemies":"Snecko","floor":25,"turns":2},{"damage":0,"enemies":"Book of Stabbing","floor":27,"turns":3},{"damage":0,"enemies":"Slavers","floor":29,"turns":3},{"damage":0,"enemies":"Gremlin Leader","floor":31,"turns":2},{"damage":33,"enemies":"Automaton","floor":33,"turns":8},{"damage":0,"enemies":"3 Shapes","floor":35,"turns":2},{"damage":0,"enemies":"3 Darklings","floor":37,"turns":2},{"damage":0,"enemies":"Mind Bloom Boss Battle","floor":41,"turns":2},{"damage":0,"enemies":"Jaw Worm Horde","floor":44,"turns":2},{"damage":0,"enemies":"Reptomancer","floor":45,"turns":3},{"damage":0,"enemies":"Maw","floor":48,"turns":2},{"damage":56,"enemies":"Time Eater","floor":50,"turns":6}],"seed_played":"1236234421512979282","potions_obtained":[{"floor":6,"key":"Explosive Potion"},{"floor":8,"key":"DistilledChaos"},{"floor":14,"key":"Dexterity Potion"}],"is_trial":false,"path_per_floor":["M","?","$","?","?","E","$","M","T","R","E","M","R","M","R","B",null,"M","M","?","?","M","R","E","M","T","E","$","E","$","E","R","B",null,"M","?","M","?","$","R","?","R","T","M","E","R","?","M","R","B"],"character_chosen":"THE_SILENT","items_purchased":["Blade Dance","Apotheosis","FossilizedHelix","Accuracy+1"],"campfire_rested":0,"item_purchase_floors":[3,7,28,39],"current_hp_per_floor":[70,70,70,70,70,70,70,70,70,70,70,70,70,64,64,50,65,65,48,48,48,48,48,46,46,46,46,46,46,46,46,46,13,56,56,56,56,56,56,56,56,56,56,56,56,56,56,56,56,0,0],"gold":227,"neow_bonus":"THREE_ENEMY_KILL","is_daily":false,"chose_seed":false,"campfire_upgraded":8,"win_rate":0.0,"timestamp":1609795722,"path_taken":["M","?","$","?","?","E","$","?","T","R","E","M","R","M","R","BOSS","M","M","?","?","M","R","E","M","T","E","$","E","$","E","R","BOSS","M","?","?","?","?","R","?","R","T","M","E","R","?","M","R","BOSS"],"items_purchased_type":["Card","Card","Relic","Card"],"build_version":"2020-12-22","purchased_purges":2,"victory":false,"max_hp_per_floor":[70,70,70,70,70,70,70,70,70,70,70,70,70,70,70,70,70,70,70,70,70,70,70,70,70,70,70,70,70,70,70,70,70,70,70,70,70,70,70,70,70,70,70,70,70,70,70,70,70,70,70],"card_choices":[{"not_picked":["Dodge and Roll","Dagger Throw"],"picked":"Backflip","floor":1},{"not_picked":["Underhanded Strike","Quick Slash"],"picked":"Predator","floor":6},{"not_picked":["Flying Knee","Eviscerate","Dodge and Roll"],"picked":"SKIP","floor":8},{"not_picked":["Flying Knee","Eviscerate","Dodge and Roll"],"picked":"SKIP","floor":8},{"not_picked":["Flechettes","Deadly Poison"],"picked":"Prepared","floor":11},{"not_picked":["Cloak And Dagger","Envenom"],"picked":"Accuracy","floor":12},{"not_picked":["Flechettes","Predator","Flying Knee"],"picked":"SKIP","floor":14},{"not_picked":["Grand Finale","Bullet Time"],"picked":"A Thousand Cuts","floor":16},{"not_picked":["Tactician","Outmaneuver","Dagger Spray+1"],"picked":"SKIP","floor":18},{"not_picked":["Slice","Dodge and Roll","Deadly Poison"],"picked":"SKIP","floor":19},{"not_picked":["Masterful Stab+1","Die Die Die"],"picked":"Blade Dance","floor":22},{"not_picked":["PiercingWail","Skewer","Poisoned Stab"],"picked":"SKIP","floor":24},{"not_picked":["PiercingWail","Blur"],"picked":"Cloak And Dagger","floor":25},{"not_picked":["Footwork+1","PiercingWail"],"picked":"Backstab","floor":27},{"not_picked":["Heel Hook","Deadly Poison"],"picked":"Blade Dance+1","floor":29},{"not_picked":["Slice+1","Underhanded Strike+1","Heel Hook"],"picked":"SKIP","floor":31},{"not_picked":["Wraith Form v2+1","Burst"],"picked":"Envenom+1","floor":33},{"not_picked":["Quick Slash","Crippling Poison","Masterful Stab+1"],"picked":"SKIP","floor":35},{"not_picked":["Footwork+1","Dagger Throw+1"],"picked":"Slice+1","floor":37},{"not_picked":["Flying Knee+1","PiercingWail+1","Prepared+1"],"picked":"SKIP","floor":44},{"not_picked":["Dagger Spray","Endless Agony"],"picked":"Terror+1","floor":45},{"not_picked":["Dagger Spray+1","Catalyst+1","Caltrops+1"],"picked":"SKIP","floor":48}],"player_experience":254961,"relics_obtained":[{"floor":6,"key":"HornCleat"},{"floor":9,"key":"PreservedInsect"},{"floor":11,"key":"Ninja Scroll"},{"floor":24,"key":"Frozen Egg 2"},{"floor":27,"key":"Ginger"},{"floor":29,"key":"The Courier"},{"floor":31,"key":"Bag of Preparation"},{"floor":41,"key":"Ice Cream"},{"floor":43,"key":"Darkstone Periapt"},{"floor":45,"key":"CaptainsWheel"}],"event_choices":[{"damage_healed":0,"gold_gain":0,"player_choice":"Rummage","damage_taken":0,"relics_obtained":["WarpedTongs"],"max_hp_gain":0,"max_hp_loss":0,"event_name":"Accursed Blacksmith","floor":2,"gold_loss":0,"cards_obtained":["Pain"]},{"damage_healed":0,"gold_gain":175,"player_choice":"AGREE","damage_taken":0,"max_hp_gain":0,"max_hp_loss":0,"event_name":"Liars Game","floor":4,"gold_loss":0,"cards_obtained":["Doubt"]},{"damage_healed":0,"gold_gain":0,"player_choice":"Upgraded","damage_taken":0,"max_hp_gain":0,"max_hp_loss":0,"event_name":"Upgrade Shrine","floor":5,"gold_loss":0,"cards_upgraded":["Backflip"]},{"damage_healed":0,"gold_gain":99,"player_choice":"Stole From Cult","damage_taken":0,"max_hp_gain":0,"max_hp_loss":0,"event_name":"Nest","floor":20,"gold_loss":0},{"damage_healed":0,"gold_gain":0,"player_choice":"Inject Mutagens","damage_taken":0,"relics_obtained":["MutagenicStrength"],"max_hp_gain":0,"max_hp_loss":0,"event_name":"Drug Dealer","floor":21,"gold_loss":0},{"cards_removed":["Doubt"],"damage_healed":0,"gold_gain":0,"player_choice":"Upgrade and Remove","damage_taken":0,"max_hp_gain":0,"max_hp_loss":0,"event_name":"Designer","floor":36,"gold_loss":90,"cards_upgraded":["Neutralize"]},{"damage_healed":0,"gold_gain":0,"player_choice":"Ignored","damage_taken":0,"max_hp_gain":0,"max_hp_loss":0,"event_name":"SecretPortal","floor":38,"gold_loss":0},{"damage_healed":0,"gold_gain":0,"player_choice":"Fight","damage_taken":0,"max_hp_gain":0,"max_hp_loss":0,"event_name":"MindBloom","floor":41,"gold_loss":0},{"cards_removed":["Strike_G"],"damage_healed":0,"gold_gain":0,"player_choice":"Removed Attack","damage_taken":0,"max_hp_gain":0,"max_hp_loss":0,"event_name":"Falling","floor":47,"gold_loss":0}],"is_beta":false,"boss_relics":[{"not_picked":["Runic Dome","Fusion Hammer"],"picked":"Sozu"},{"not_picked":["Runic Pyramid","Empty Cage"],"picked":"WristBlade"}],"items_purged_floors":[3,28],"is_endless":false,"potions_floor_spawned":[6,8,14,24,27,29,31,35,48],"killed_by":"Time Eater","ascension_level":5}}