{"host":"6bsan6hkua32tfq7","time":1609784381,"event":{"mods":["BaseMod","Better Third Choice","Colored Map","Highlight Path","Minty Spire (QoL Compilation)","StSLib"],"gold_per_floor":[113,46,46,11,11,11,36,36,36,56,66,93,113,139,139,139,139],"floor_reached":16,"playtime":374,"items_purged":[],"score":286,"play_id":"ff83feae-a818-457c-ae53-7f0b3c55bad0","local_time":"20210104191941","is_ascension_mode":true,"campfire_choices":[{"data":"Bouncing Flask","floor":6,"key":"SMITH"},{"data":"Neutralize","floor":8,"key":"SMITH"},{"data":"Wraith Form v2","floor":15,"key":"SMITH"}],"circlet_count":0,"master_deck":["AscendersBane","Strike_G","Strike_G","Strike_G","Strike_G","Strike_G","Defend_G","Defend_G","Defend_G","Defend_G","Survivor","Neutralize+1","Skewer","Bouncing Flask+1","Backstab","Wraith Form v2+1","Catalyst","Noxious Fumes"],"relics":["Ring of the Snake","NeowsBlessing","betterThird:SlimedRelic","Matryoshka","Tiny Chest","Bag of Preparation","Tough Bandages","Oddly Smooth Stone"],"acts_visited":["Exordium"],"potions_floor_usage":[13,14,16],"damage_taken":[{"damage":0,"enemies":"Small Slimes","floor":1,"turns":1},{"damage":0,"enemies":"Gremlin Nob","floor":7,"turns":1},{"damage":0,"enemies":"Jaw Worm","floor":10,"turns":1},{"damage":0,"enemies":"2 Louse","floor":11,"turns":2},{"damage":10,"enemies":"Lagavulin","floor":12,"turns":6},{"damage":1,"enemies":"Lots of Slimes","floor":13,"turns":3},{"damage":22,"enemies":"3 Sentries","floor":14,"turns":7},{"damage":26,"enemies":"The Guardian","floor":16,"turns":6}],"seed_played":"60906688717754013","potions_obtained":[{"floor":7,"key":"Energy Potion"},{"floor":10,"key":"Fire Potion"},{"floor":13,"key":"Swift Potion"}],"is_trial":false,"path_per_floor":["M","?","?","?","?","R","E","R","T","M","M","E","M","E","R","B"],"character_chosen":"THE_SILENT","items_purchased":[],"campfire_rested":0,"item_purchase_floors":[],"current_hp_per_floor":[59,48,41,57,57,57,57,57,57,57,57,47,46,24,24,0,0],"gold":139,"neow_bonus":"THREE_ENEMY_KILL","is_daily":false,"chose_seed":false,"campfire_upgraded":3,"win_rate":0.0,"timestamp":1609784381,"path_taken":["M","?","?","?","?","R","E","R","T","M","?","E","M","E","R","BOSS"],"items_purchased_type":[],"build_version":"2020-12-22","purchased_purges":0,"victory":false,"max_hp_per_floor":[66,66,66,66,66,66,66,66,66,66,66,66,66,66,66,66,66],"card_choices":[{"not_picked":["Cloak And Dagger","Choke"],"picked":"Skewer","floor":1},{"not_picked":["Night Terror","Escape Plan"],"picked":"Backstab","floor":7},{"not_picked":["Flying Knee","Cloak And Dagger","Prepared"],"picked":"SKIP","floor":10},{"not_picked":["Outmaneuver","Blade Dance"],"picked":"Wraith Form v2","floor":11},{"not_picked":["PiercingWail","Deflect"],"picked":"Catalyst","floor":12},{"not_picked":["Dagger Throw","Outmaneuver"],"picked":"Noxious Fumes","floor":13},{"not_picked":["Finisher","Quick Slash","Tactician"],"picked":"SKIP","floor":14}],"player_experience":5246577,"relics_obtained":[{"floor":7,"key":"Matryoshka"},{"floor":9,"key":"Tiny Chest"},{"floor":9,"key":"Bag of Preparation"},{"floor":12,"key":"Tough Bandages"},{"floor":14,"key":"Oddly Smooth Stone"}],"event_choices":[{"damage_healed":0,"gold_gain":0,"player_choice":"Slimed","damage_taken":11,"max_hp_gain":0,"max_hp_loss":0,"event_name":"betterThird:BetterGoop","floor":2,"gold_loss":67},{"cards_removed":["Defend_G"],"damage_healed":0,"gold_gain":0,"player_choice":"Card Removal","damage_taken":7,"max_hp_gain":0,"max_hp_loss":0,"event_name":"Golden Wing","floor":3,"gold_loss":0},{"damage_healed":16,"gold_gain":0,"player_choice":"Healed","damage_taken":0,"max_hp_gain":0,"max_hp_loss":0,"event_name":"The Cleric","floor":4,"gold_loss":35},{"damage_healed":0,"gold_gain":0,"player_choice":"1 cards matched","damage_taken":0,"max_hp_gain":0,"max_hp_loss":0,"event_name":"Match and Keep!","floor":5,"gold_loss":0,"cards_obtained":["Bouncing Flask"]}],"is_beta":false,"boss_relics":[],"items_purged_floors":[],"is_endless":false,"potions_floor_spawned":[7,10,11,13],"killed_by":"The Guardian","ascension_level":20}}