{"host":"4w8ocelhatf0iefc","time":1609732728,"event":{"mods":["AchievementEnabler","Act Like it!","Aspiration","BaseMod","Colored Map","Colored Powertips","Downfall","GifTheSpireLib","Hubris","Infinite Spire","Minty Spire (QoL Compilation)","Replay The Spire","StSLib"],"gold_per_floor":[118,118,137,151,161,161,174,203,228,247,11,29,73,73,73,185,185,204,253,275,18,45,45,55,55],"floor_reached":24,"playtime":895,"items_purged":["Strike_B","Defend_B"],"score":242,"play_id":"40543dc3-fde3-4713-a9d8-989f6e2cdeb8","local_time":"20210104115848","is_ascension_mode":true,"campfire_choices":[{"data":"Streamline","floor":6,"key":"SMITH"},{"floor":15,"key":"REST"},{"floor":23,"key":"REST"}],"circlet_count":0,"master_deck":["Strike_B","Strike_B","Strike_B","Defend_B","Defend_B","Zap","Dualcast","Cold Snap+1","Compile Driver","Streamline","Streamline+1","Rainbow","Ball Lightning","Crystallizer","Defragment","Rip and Tear","Streamline","All For One","Electrodynamics","Self Repair","Coolheaded","aspiration:Polymerization","Double Energy+1"],"relics":["Cracked Core","hubris:RGBLights","Replay:Bandana","Kunai","Nuclear Battery","Red Mask","Medical Kit"],"acts_visited":["Exordium","TheCity"],"potions_floor_usage":[8,16,16,22],"damage_taken":[{"damage":1,"enemies":"2 Louse","floor":1,"turns":2},{"damage":0,"enemies":"Cultist","floor":3,"turns":3},{"damage":2,"enemies":"Jaw Worm","floor":4,"turns":3},{"damage":9,"enemies":"Exordium Thugs","floor":5,"turns":3},{"damage":3,"enemies":"Blue Slaver","floor":7,"turns":2},{"damage":14,"enemies":"Gremlin Nob","floor":8,"turns":3},{"damage":0,"enemies":"3 Louse","floor":10,"turns":2},{"damage":4,"enemies":"Looter","floor":12,"turns":3},{"damage":20,"enemies":"3 Sentries","floor":13,"turns":5},{"damage":46,"enemies":"Fading Forest","floor":16,"turns":11},{"damage":0,"enemies":"Chosen","floor":18,"turns":4},{"damage":49,"enemies":"Masked Bandits","floor":19,"turns":4},{"damage":15,"enemies":"Shell Parasite","floor":20,"turns":3},{"damage":10,"enemies":"Centurion and Healer","floor":22,"turns":6},{"damage":49,"enemies":"Book of Stabbing","floor":24,"turns":3}],"seed_played":"-8490260083917721920","potions_obtained":[{"floor":3,"key":"SteroidPotion"},{"floor":4,"key":"SpeedPotion"},{"floor":12,"key":"Swift Potion"},{"floor":13,"key":"DuplicationPotion"},{"floor":18,"key":"SpeedPotion"}],"is_trial":false,"path_per_floor":["M","?","M","M","M","R","M","E","T","M","$","M","E","?","R","B",null,"M","?","M","$","M","R","E"],"character_chosen":"DEFECT","items_purchased":["Defragment","Rip and Tear","Medical Kit"],"campfire_rested":2,"item_purchase_floors":[11,11,21],"current_hp_per_floor":[81,81,81,79,70,70,67,53,53,53,53,49,29,29,53,15,82,82,40,25,25,22,46,0,0],"gold":55,"neow_bonus":"TEN_PERCENT_HP_BONUS","is_daily":false,"chose_seed":false,"campfire_upgraded":1,"win_rate":0.0,"timestamp":1609732728,"path_taken":["M","?","?","M","M","R","M","E","T","M","$","M","E","?","R","BOSS","M","?","M","$","M","R","E"],"items_purchased_type":["Card","Card","Relic"],"build_version":"2020-12-22","purchased_purges":2,"victory":false,"max_hp_per_floor":[82,82,82,82,82,82,82,82,82,82,82,82,82,82,82,82,82,82,82,82,82,82,82,82,82],"card_choices":[{"not_picked":["Ball Lightning","Leap"],"picked":"Cold Snap","floor":1},{"not_picked":["Hello World","Coolheaded"],"picked":"Compile Driver","floor":3},{"not_picked":["Coolheaded","Double Energy"],"picked":"Streamline","floor":4},{"not_picked":["Hologram","Compile Driver"],"picked":"Streamline","floor":5},{"not_picked":["Rebound","Beam Cell"],"picked":"Rainbow","floor":7},{"not_picked":["Auto Shields","Panic Button"],"picked":"Ball Lightning","floor":8},{"not_picked":["Steam","Steam Power"],"picked":"Crystallizer","floor":10},{"not_picked":["Cold Snap","Steam Power"],"picked":"Streamline","floor":12},{"not_picked":["Leap","Auto Shields"],"picked":"All For One","floor":13},{"not_picked":["ReplayRNGCard","ReplayTheSpireMod:Fabricate Wheel"],"picked":"Electrodynamics","floor":16},{"not_picked":["Go for the Eyes","Cold Snap+1"],"picked":"Self Repair","floor":18},{"not_picked":["BasicCrystalCard","Compile Driver"],"picked":"Coolheaded","floor":19},{"not_picked":["ReplaySort","Rebound"],"picked":"aspiration:Polymerization","floor":20},{"not_picked":["Ball Lightning+1","Sweeping Beam"],"picked":"Double Energy+1","floor":22}],"player_experience":515659,"relics_obtained":[{"floor":8,"key":"hubris:RGBLights"},{"floor":9,"key":"Replay:Bandana"},{"floor":13,"key":"Kunai"},{"floor":19,"key":"Red Mask"}],"event_choices":[{"damage_healed":0,"gold_gain":0,"player_choice":"Upgraded","damage_taken":0,"max_hp_gain":0,"max_hp_loss":0,"event_name":"Upgrade Shrine","floor":2,"gold_loss":0,"cards_upgraded":["Cold Snap"]},{"cards_removed":["Defend_B"],"damage_healed":0,"gold_gain":0,"player_choice":"Purged","damage_taken":0,"max_hp_gain":0,"max_hp_loss":0,"event_name":"Purifier","floor":14,"gold_loss":0},{"damage_healed":0,"gold_gain":0,"player_choice":"Fought Bandits","damage_taken":0,"max_hp_gain":0,"max_hp_loss":0,"event_name":"Masked Bandits","floor":19,"gold_loss":0}],"is_beta":false,"boss_relics":[{"not_picked":["Kintsugi","aspiration:BursterCore"],"picked":"Nuclear Battery"}],"items_purged_floors":[11,21],"is_endless":false,"potions_floor_spawned":[3,4,12,13,18],"killed_by":"Book of Stabbing","ascension_level":3}}