{"host":"l84l8xigz5v5foa2","time":1609764758,"event":{"mods":["2.2 Compatiblity","AchievementEnabler","BaseMod","Better Note","Better Vampires","Card Filter","Colored Map","DeckTracker","Downfall","Gremlin Skip","Highlight Path","Keyboard Shortcuts","Minty Spire (QoL Compilation)","Permanent Neow","Quick Restart","Relic Filter","Relic Stats","StSLib","SuperFastMode","Transform Curses","Unknown Chances"],"gold_per_floor":[99,58,76,176,194,194,194,194,212,212,18,18,118,28,44,122,122,122,142,162,162,162,162],"floor_reached":21,"playtime":1024,"items_purged":["Slimebound:Icky"],"score":434,"play_id":"4e7a6a83-6c99-4301-b804-0c0bacd7bba8","local_time":"20210104215238","is_ascension_mode":true,"campfire_choices":[{"data":"hexamod:Float","floor":1.0,"key":"SMITH"},{"data":"hexamod:FastForward","floor":8.0,"key":"SMITH"},{"data":"hexamod:InspiringFlames","floor":10.0,"key":"SMITH"},{"data":"hexamod:RadiantFlame","floor":12.0,"key":"SMITH"},{"data":"hexamod:GhostOfSpirePast","floor":18.0,"key":"SMITH"}],"circlet_count":0,"master_deck":["AscendersBane","hexamod:Strike","hexamod:Strike","hexamod:Strike","hexamod:Defend","hexamod:Defend","hexamod:Float+1","hexamod:Hexaguard","hexamod:InspiringFlames+1","hexamod:FastForward+1","hexamod:FourthSeal","hexamod:RadiantFlame+1","hexamod:TimeWarp","hexamod:FourthSeal","hexamod:NightmareStrike+1","hexamod:HauntingEcho","hexamod:GhostOfSpirePast+1","hexamod:TimeWarp","hexamod:GhostflameBarrier"],"relics":["hexamod:SpiritBrand","Eternal Feather","Philosopher\u0027s Stone"],"acts_visited":["TheCity"],"potions_floor_usage":[21,21],"damage_taken":[{"damage":0.0,"enemies":"downfall:FleeingMerchant","floor":2.0,"turns":4.0},{"damage":0.0,"enemies":"2 Louse","floor":3.0,"turns":3.0},{"damage":0.0,"enemies":"Small Slimes","floor":5.0,"turns":4.0},{"damage":1.0,"enemies":"Jaw Worm","floor":9.0,"turns":4.0},{"damage":4.0,"enemies":"downfall:FleeingMerchant","floor":11.0,"turns":4.0},{"damage":17.0,"enemies":"downfall:Heads","floor":13.0,"turns":5.0},{"damage":0.0,"enemies":"downfall:FleeingMerchant","floor":14.0,"turns":4.0},{"damage":4.0,"enemies":"Blue Slaver","floor":15.0,"turns":3.0},{"damage":0.0,"enemies":"downfall:Defect","floor":16.0,"turns":6.0},{"damage":43.0,"enemies":"3 Byrds","floor":19.0,"turns":6.0},{"damage":28.0,"enemies":"Snake Plant","floor":20.0,"turns":3.0},{"damage":30,"enemies":"downfall:Silent","floor":21,"turns":4}],"seed_played":"4353803523662044009","potions_obtained":[{"floor":11.0,"key":"Strength Potion"},{"floor":13.0,"key":"Energy Potion"},{"floor":14.0,"key":"SneckoOil"},{"floor":14.0,"key":"SmokeBomb"},{"floor":15.0,"key":"hexamod:DoubleChargePotion"},{"floor":15.0,"key":"ColorlessPotion"},{"floor":16.0,"key":"Regen Potion"},{"floor":16.0,"key":"Regen Potion"},{"floor":19.0,"key":"Fire Potion"},{"floor":19.0,"key":"EntropicBrew"},{"floor":20.0,"key":"Fire Potion"}],"is_trial":false,"path_per_floor":["R","$","M","?","M","?","T","R","M","R","$","R","?","$","M","B",null,"R","M","M","?"],"character_chosen":"THE_SPIRIT","items_purchased":["hexamod:InspiringFlames","hexamod:TimeWarp"],"campfire_rested":0,"item_purchase_floors":[2,11],"current_hp_per_floor":[57,57,57,57,57,57,57,63,62,63,59,63,46,46,42,42,58,63,54,26,0,0,0],"gold":162,"neow_bonus":"REMOVE_CARD","is_daily":false,"chose_seed":false,"campfire_upgraded":5,"win_rate":0.0,"timestamp":1609764758,"path_taken":["R","$","M","?","M","?","T","R","M","R","$","R","?","?","M","BOSS","R","M","M","?"],"items_purchased_type":["Card","Card"],"build_version":"2020-12-22","purchased_purges":1,"victory":false,"max_hp_per_floor":[63,63,63,63,63,63,63,63,63,63,63,63,63,63,63,63,63,63,63,63,63,63,63],"relic_stats":{"counters":[12,50],"Eternal Feather":16,"obtain_stats":[{"Eternal Feather":7,"Philosopher\u0027s Stone":17,"hexamod:SpiritBrand":0},{"Eternal Feather":3,"Philosopher\u0027s Stone":9,"hexamod:SpiritBrand":0},{"Eternal Feather":11,"Philosopher\u0027s Stone":37,"hexamod:SpiritBrand":0}]},"card_choices":[{"not_picked":["hexamod:Firestarter","hexamod:BurningTouch"],"picked":"hexamod:Hexaguard","floor":2.0},{"not_picked":["hexamod:Hexaguard","hexamod:NightmareGuise","hexamod:EtherealExpedition"],"picked":"SKIP","floor":3.0},{"not_picked":["hexamod:RetreatToShadows","hexamod:ShieldOfDarkness"],"picked":"hexamod:FastForward","floor":5.0},{"not_picked":["hexamod:AdvancingGuard","hexamod:HeatCrush"],"picked":"hexamod:FourthSeal","floor":9.0},{"not_picked":["hexamod:Again","hexamod:Hexaguard"],"picked":"hexamod:RadiantFlame","floor":11.0},{"not_picked":["hexamod:ChargedBarrage","hexamod:BurningTouch"],"picked":"hexamod:NightmareStrike","floor":13.0},{"not_picked":["hexamod:NightmareStrike","hexamod:EmpoweringStance"],"picked":"hexamod:HauntingEcho","floor":14.0},{"not_picked":["hexamod:GhostShield","hexamod:SoulSteal"],"picked":"hexamod:GhostOfSpirePast","floor":15.0},{"not_picked":["hexamod:GiftsFromTheDead","hexamod:WildfireWeapon"],"picked":"hexamod:TimeWarp","floor":16.0},{"not_picked":["hexamod:RainOfEmbers","hexamod:FastForward","hexamod:DynamicBlow"],"picked":"SKIP","floor":19.0},{"not_picked":["hexamod:ThermalTransfer","hexamod:RainOfEmbers"],"picked":"hexamod:GhostflameBarrier","floor":20.0}],"player_experience":2844527,"relics_obtained":[{"floor":7.0,"key":"Eternal Feather"}],"event_choices":[],"is_beta":false,"boss_relics":[{"not_picked":["expansioncontent:StudyCardRelic","Pandora\u0027s Box"],"picked":"Philosopher\u0027s Stone"}],"items_purged_floors":[14],"is_endless":false,"potions_floor_spawned":[15,16,20],"killed_by":"downfall:Silent","ascension_level":20}}