{"host":"b2gck3v68i09pmif","time":1609725947,"event":{"mods":["AchievementEnabler","BaseMod","Minty Spire (QoL Compilation)","StSLib"],"gold_per_floor":[112,112,131,150,160,190,202,214,226,268,291,303,39,53,53,53,53],"floor_reached":16,"playtime":594,"items_purged":[],"score":207,"play_id":"253ce3b6-3971-439e-8206-c5fe27377f30","local_time":"20210104100547","is_ascension_mode":true,"campfire_choices":[{"data":"Flame Barrier","floor":7,"key":"SMITH"},{"data":"Shrug It Off","floor":12,"key":"SMITH"},{"floor":15,"key":"REST"}],"circlet_count":0,"master_deck":["AscendersBane","Strike_R","Strike_R","Strike_R","Strike_R","Strike_R","Defend_R","Defend_R","Defend_R","Defend_R","Bash","Twin Strike","Flex+1","Flame Barrier+1","Shrug It Off+1","Offering"],"relics":["Burning Blood","MawBank","Happy Flower","Bottled Flame","Singing Bowl"],"acts_visited":["Exordium"],"potions_floor_usage":[6,6,16],"damage_taken":[{"damage":11,"enemies":"Jaw Worm","floor":1,"turns":5},{"damage":0,"enemies":"Cultist","floor":3,"turns":2},{"damage":5,"enemies":"Small Slimes","floor":4,"turns":4},{"damage":3,"enemies":"Exordium Thugs","floor":5,"turns":4},{"damage":31,"enemies":"Lagavulin","floor":6,"turns":6},{"damage":20,"enemies":"Gremlin Nob","floor":10,"turns":3},{"damage":7,"enemies":"3 Louse","floor":11,"turns":4},{"damage":10,"enemies":"Exordium Wildlife","floor":14,"turns":6},{"damage":61,"enemies":"Slime Boss","floor":16,"turns":11}],"seed_played":"-6001705275530413989","potions_obtained":[{"floor":3,"key":"FearPotion"},{"floor":5,"key":"DuplicationPotion"},{"floor":11,"key":"Dexterity Potion"}],"is_trial":false,"path_per_floor":["M","?","M","M","M","E","R","?","T","E","M","R","$","M","R","B"],"character_chosen":"IRONCLAD","items_purchased":["Singing Bowl"],"campfire_rested":1,"item_purchase_floors":[13],"current_hp_per_floor":[63,63,69,70,73,48,48,48,48,34,33,33,33,31,54,0,0],"gold":53,"neow_bonus":"THREE_CARDS","is_daily":false,"chose_seed":false,"campfire_upgraded":2,"win_rate":0.0,"timestamp":1609725947,"path_taken":["M","?","M","M","?","E","R","?","T","E","?","R","?","M","R","BOSS"],"items_purchased_type":["Relic"],"build_version":"2020-12-22","purchased_purges":0,"victory":false,"max_hp_per_floor":[75,75,75,75,75,75,75,75,75,75,75,75,75,77,77,77,77],"card_choices":[{"not_picked":["True Grit","Anger"],"picked":"Twin Strike","floor":0},{"not_picked":["Sword Boomerang","Fire Breathing"],"picked":"Flex","floor":1},{"not_picked":["Carnage","Havoc"],"picked":"Flame Barrier","floor":3},{"not_picked":["Pommel Strike","Body Slam"],"picked":"Shrug It Off","floor":4},{"not_picked":["Sword Boomerang","Warcry","Anger"],"picked":"SKIP","floor":5},{"not_picked":["Twin Strike","Armaments"],"picked":"Offering","floor":6},{"not_picked":["Body Slam","Havoc","Headbutt"],"picked":"SKIP","floor":10},{"not_picked":["Warcry","Wild Strike","Anger"],"picked":"SKIP","floor":11},{"not_picked":["Havoc","Perfected Strike","Clothesline"],"picked":"Singing Bowl","floor":14}],"player_experience":269946,"relics_obtained":[{"floor":6,"key":"MawBank"},{"floor":9,"key":"Happy Flower"},{"floor":10,"key":"Bottled Flame"}],"event_choices":[{"damage_healed":0,"gold_gain":0,"player_choice":"0 cards matched","damage_taken":0,"max_hp_gain":0,"max_hp_loss":0,"event_name":"Match and Keep!","floor":2,"gold_loss":0,"cards_obtained":[]},{"damage_healed":0,"gold_gain":0,"player_choice":"Forge","damage_taken":0,"max_hp_gain":0,"max_hp_loss":0,"event_name":"Accursed Blacksmith","floor":8,"gold_loss":0,"cards_upgraded":["Flex"]}],"is_beta":false,"boss_relics":[],"items_purged_floors":[],"is_endless":false,"potions_floor_spawned":[3,5,11],"killed_by":"Slime Boss","ascension_level":17}}