{"host":"6dypmz777xraikqf","time":1609765436,"event":{"mods":["AchievementEnabler","BaseMod","BetterRewards","Colored Map","Colored Powertips","Downfall","Highlight Path","Hubris","Infinite Spire","Minty Spire (QoL Compilation)","Replay The Spire","StSLib"],"gold_per_floor":[112,112,125,25,25,25,50,50,76,76,76,96,96,114,114,219,219,231,231,260,278,193,224,224,256,283,294,294,308,308,396,396,497,497,511,521,532,550,568,597,615,648,697,713,713,713,713,763,763,864,914,922,923,923,919,919,923,926,929,953,957,957,956,956],"floor_reached":63,"playtime":3536,"items_purged":["ReplayTheSpireMod:Book of Names+1","Strike_P","Defend_P"],"score":1304,"play_id":"18914a54-23d6-45d4-a268-0cf243309180","local_time":"20210104130356","is_ascension_mode":false,"campfire_choices":[{"data":"Eruption","floor":6.0,"key":"SMITH"},{"data":"Study","floor":8.0,"key":"SMITH"},{"data":"CutThroughFate","floor":11.0,"key":"SMITH"},{"data":"Vigilance","floor":13.0,"key":"SMITH"},{"data":"Perseverance","floor":15.0,"key":"SMITH"},{"data":"infinitespire:UltimateForm","floor":24.0,"key":"SMITH"},{"floor":32.0,"key":"REST"},{"floor":46.0,"key":"REST"},{"data":"infinitespire:Execution","floor":49.0,"key":"SMITH"}],"circlet_count":0,"master_deck":["ReplayTheSpireMod:Book of Names+1","Strike_P","Strike_P","Defend_P","Defend_P+1","Defend_P","Eruption+1","Vigilance+1","Wireheading","expansioncontent:BronzeBeam","CutThroughFate+1","Study+1","Perseverance+1","DevaForm","EmptyBody","infinitespire:UltimateForm+1","CutThroughFate","Vengeance","EmptyMind+1","Replay:AtTheReady+1","Establishment+1","Worship+1","FlyingSleeves+1","hubris:EnhanceAbility+1","Replay:Bootleg Shield Generator","Replay:SS_hec_2","infinitespire:Execution+1","Fasting2","Alpha+1","Replay:DivineShield","infinitespire:Starlight"],"relics":["Replay:M_SmolderingBlood","infinitespire:Cubic Diamond","Replay:Rubber Ducky","Bag of Preparation","hubris:Icosahedron","Snecko Eye","Ring of Chaos","Ginger","Red Mask","infinitespire:Beetle Shell","Golden Egg","Orichalcum","Centennial Puzzle","Ring of Searing","Ring of Fury","Omamori","Painkiller Herb","Lantern","infinitespire:Lucky Rock","Boot","Replay:PocketPolymizer","Tiny House","Eternal Feather","Vajra","Bag of Marbles","hubris:Towel"],"acts_visited":["Exordium","TheCity","TheBeyond","Exordium"],"potions_floor_usage":[],"damage_taken":[{"damage":0.0,"enemies":"Small Slimes","floor":1.0,"turns":4.0},{"damage":0.0,"enemies":"Cultist","floor":3.0,"turns":2.0},{"damage":0.0,"enemies":"Replay:BlueRogue","floor":7.0,"turns":3.0},{"damage":0.0,"enemies":"2 Louse","floor":12.0,"turns":2.0},{"damage":0.0,"enemies":"Exordium Wildlife","floor":14.0,"turns":2.0},{"damage":20.0,"enemies":"Slime Boss","floor":16.0,"turns":7.0},{"damage":0.0,"enemies":"Shell Parasite","floor":18.0,"turns":6.0},{"damage":5.0,"enemies":"Masked Bandits","floor":20.0,"turns":4.0},{"damage":0.0,"enemies":"Spheric Guardian","floor":21.0,"turns":3.0},{"damage":6.0,"enemies":"Gremlin Leader","floor":23.0,"turns":4.0},{"damage":3.0,"enemies":"Nightmare","floor":25.0,"turns":10.0},{"damage":6.0,"enemies":"3 Cultists","floor":27.0,"turns":4.0},{"damage":1.0,"enemies":"Snake Plant","floor":29.0,"turns":4.0},{"damage":0.0,"enemies":"Champ","floor":33.0,"turns":6.0},{"damage":15.0,"enemies":"Orb Walker","floor":35.0,"turns":4.0},{"damage":16.0,"enemies":"3 Darklings","floor":36.0,"turns":4.0},{"damage":2.0,"enemies":"Writhing Mass","floor":37.0,"turns":5.0},{"damage":0.0,"enemies":"Spire Growth","floor":38.0,"turns":4.0},{"damage":4.0,"enemies":"Maw","floor":39.0,"turns":5.0},{"damage":0.0,"enemies":"Giant Head","floor":40.0,"turns":5.0},{"damage":0.0,"enemies":"3 Darklings","floor":41.0,"turns":3.0},{"damage":0.0,"enemies":"Reptomancer","floor":42.0,"turns":3.0},{"damage":0.0,"enemies":"Spire Growth","floor":44.0,"turns":4.0},{"damage":0.0,"enemies":"Mind Bloom Boss Battle","floor":48.0,"turns":4.0},{"damage":0.0,"enemies":"Time Eater","floor":50.0,"turns":4.0},{"damage":0.0,"enemies":"Small Slimes","floor":52.0,"turns":3.0},{"damage":6.0,"enemies":"Jaw Worm","floor":53.0,"turns":2.0},{"damage":10.0,"enemies":"2 Louse","floor":54.0,"turns":3.0},{"damage":5.0,"enemies":"Blue Slaver","floor":55.0,"turns":4.0},{"damage":18.0,"enemies":"Nightmare","floor":57.0,"turns":5.0},{"damage":5.0,"enemies":"3 Louse","floor":58.0,"turns":3.0},{"damage":0.0,"enemies":"Red Slaver","floor":59.0,"turns":6.0},{"damage":3.0,"enemies":"Large Slime","floor":61.0,"turns":3.0},{"damage":0,"enemies":"Exordium Thugs","floor":63,"turns":1}],"seed_played":"-8406122971846693206","potions_obtained":[{"floor":1.0,"key":"Energy Potion"},{"floor":3.0,"key":"StancePotion"},{"floor":12.0,"key":"ColorlessPotion"},{"floor":16.0,"key":"Weak Potion"},{"floor":20.0,"key":"PowerPotion"},{"floor":23.0,"key":"AttackPotion"},{"floor":27.0,"key":"Dexterity Potion"},{"floor":33.0,"key":"hexamod:EctoCoolerPotion"},{"floor":39.0,"key":"infinitespire:BlackPotion"},{"floor":48.0,"key":"ColorlessPotion"}],"is_trial":false,"path_per_floor":["M","?","M","$","?","R","E","R","T","?","R","M","R","M","R","B",null,"M","AVR","?","M","?","E","R","NM","T","M","?","M","?","?","R","B",null,"?","?","?","?","?","E","?","E","T","?","?","T","AVR","?","T","B",null,"?","?","?","?","?","NM","?","?","T","?","?","?"],"character_chosen":"WATCHER","items_purchased":[],"campfire_rested":2,"item_purchase_floors":[],"current_hp_per_floor":[67,67,67,67,67,67,67,67,67,67,67,67,67,67,67,47,67,67,67,62,62,62,56,56,53,53,47,47,46,34,16,37,37,72,57,41,39,39,35,35,35,35,35,35,25,46,46,46,46,46,77,77,71,61,56,56,38,33,43,43,40,40,40,40],"gold":956,"neow_bonus":"","is_daily":false,"chose_seed":false,"campfire_upgraded":7,"win_rate":0.0,"timestamp":1609765436,"path_taken":["M","?","?","?","?","R","E","R","T","?","R","M","R","M","R","BOSS","M","AVR","?","M","?","E","R","NM","T","M","?","?","?","?","R","BOSS","?","?","?","?","?","E","?","E","T","?","?","T","AVR","?","T","BOSS","?","?","?","?","?","NM","?","?","T","?","?","?"],"items_purchased_type":[],"build_version":"2020-12-22","purchased_purges":3,"victory":false,"max_hp_per_floor":[67,67,67,67,67,67,67,67,67,67,67,67,67,67,67,67,67,67,67,67,67,67,67,67,67,67,67,67,67,72,72,72,72,72,72,72,72,72,72,72,72,72,72,72,72,72,72,72,72,72,77,77,77,77,77,77,77,77,77,77,77,77,77,77],"card_choices":[{"not_picked":["BattleHymn","Prostrate"],"picked":"Wireheading","floor":1.0},{"not_picked":["JustLucky","ClearTheMind"],"picked":"CutThroughFate","floor":3.0},{"not_picked":["FlurryOfBlows","Clash"],"picked":"Study","floor":7.0},{"not_picked":["Replay:Vibes","FlyingSleeves","Crescendo"],"picked":"SKIP","floor":12.0},{"not_picked":["FlyingSleeves","Replay:BluntJabs"],"picked":"Perseverance","floor":14.0},{"not_picked":["Feed","Devotion"],"picked":"DevaForm","floor":16.0},{"not_picked":["Meditate","BowlingBash"],"picked":"EmptyBody","floor":18.0},{"not_picked":["EmptyBody+1","SashWhip"],"picked":"CutThroughFate","floor":20.0},{"not_picked":["Sanctity+1","PathToVictory"],"picked":"Vengeance","floor":21.0},{"not_picked":["Tantrum+1","LikeWater","Replay:Vibes"],"picked":"SKIP","floor":23.0},{"not_picked":["MentalFortress","BowlingBash","TalkToTheHand"],"picked":"SKIP","floor":25.0},{"not_picked":["Evaluate+1","ClearTheMind+1"],"picked":"EmptyMind+1","floor":27.0},{"not_picked":["EmptyFist","SashWhip+1","Crescendo+1"],"picked":"SKIP","floor":29.0},{"not_picked":["SandsOfTime+1","FollowUp"],"picked":"Replay:AtTheReady+1","floor":31.0},{"not_picked":["Replay:AllIn","Brilliance"],"picked":"Establishment","floor":33.0},{"not_picked":["JustLucky+1","CrushJoints","FlurryOfBlows+1"],"picked":"SKIP","floor":35.0},{"not_picked":["JustLucky","Replay:ManipulateFuture","EmptyBody"],"picked":"SKIP","floor":36.0},{"not_picked":["Nirvana","Replay:AtTheReady+1","Prostrate+1"],"picked":"SKIP","floor":37.0},{"not_picked":["FlurryOfBlows","Vengeance","BowlingBash+1"],"picked":"SKIP","floor":38.0},{"not_picked":["TalkToTheHand+1","Fasting2+1"],"picked":"Worship+1","floor":39.0},{"not_picked":["BowlingBash+1","SashWhip+1","Wallop"],"picked":"SKIP","floor":40.0},{"not_picked":["Halt","FlyingSleeves","Replay:DivineShield"],"picked":"SKIP","floor":41.0},{"not_picked":["CrushJoints+1","WindmillStrike","Wireheading+1"],"picked":"SKIP","floor":42.0},{"not_picked":["Replay:LoomingThreat","Replay:BluntJabs"],"picked":"FlyingSleeves+1","floor":44.0},{"not_picked":["Transmutation","Poisoned Strike"],"picked":"hubris:EnhanceAbility","floor":45.0},{"not_picked":["expansioncontent:Sear","Trip"],"picked":"Replay:Bootleg Shield Generator","floor":45.0},{"not_picked":["expansioncontent:Sear","PanicButton"],"picked":"Replay:SS_hec_2","floor":45.0},{"not_picked":["Replay:LoomingThreat","LessonLearned"],"picked":"Alpha","floor":50.0},{"not_picked":["Wireheading","EmptyFist"],"picked":"Replay:DivineShield","floor":52.0},{"not_picked":["ClearTheMind","CarveReality","Nirvana"],"picked":"SKIP","floor":53.0},{"not_picked":["BattleHymn","Protect","DeceiveReality"],"picked":"SKIP","floor":54.0},{"not_picked":["LikeWater","CutThroughFate","Perseverance"],"picked":"SKIP","floor":55.0},{"not_picked":["ReplayTheSpireMod:Echoes of Time","infinitespire:Menacing"],"picked":"infinitespire:Starlight","floor":57.0},{"not_picked":["Nirvana","LikeWater","Adaptation"],"picked":"SKIP","floor":57.0},{"not_picked":["Crescendo","Vengeance","Study"],"picked":"SKIP","floor":58.0},{"not_picked":["FlyingSleeves","Replay:ManipulateFuture","Crescendo"],"picked":"SKIP","floor":59.0},{"not_picked":["SandsOfTime","BattleHymn","Meditate"],"picked":"SKIP","floor":61.0}],"player_experience":101383,"relics_obtained":[{"floor":7.0,"key":"Replay:Rubber Ducky"},{"floor":9.0,"key":"Bag of Preparation"},{"floor":20.0,"key":"Red Mask"},{"floor":23.0,"key":"Golden Egg"},{"floor":25.0,"key":"Orichalcum"},{"floor":26.0,"key":"Centennial Puzzle"},{"floor":28.0,"key":"Ring of Searing"},{"floor":28.0,"key":"Ring of Fury"},{"floor":31.0,"key":"Omamori"},{"floor":40.0,"key":"Lantern"},{"floor":42.0,"key":"infinitespire:Lucky Rock"},{"floor":43.0,"key":"Boot"},{"floor":48.0,"key":"Replay:PocketPolymizer"},{"floor":56.0,"key":"Eternal Feather"},{"floor":57.0,"key":"Vajra"},{"floor":60.0,"key":"Bag of Marbles"}],"event_choices":[{"damage_healed":0.0,"max_hp_gain":0.0,"max_hp_loss":0.0,"gold_gain":0.0,"event_name":"Match and Keep!","player_choice":"1 cards matched","floor":2.0,"gold_loss":0.0,"damage_taken":0.0,"cards_obtained":["expansioncontent:BronzeBeam"]},{"damage_healed":0.0,"max_hp_gain":0.0,"max_hp_loss":0.0,"gold_gain":0.0,"event_name":"Masked Bandits","player_choice":"Fought Bandits","floor":20.0,"gold_loss":0.0,"damage_taken":0.0},{"damage_healed":0.0,"max_hp_gain":0.0,"max_hp_loss":0.0,"gold_gain":0.0,"event_name":"Addict","player_choice":"Obtained Relic","floor":22.0,"gold_loss":85.0,"damage_taken":0.0,"relics_obtained":["infinitespire:Beetle Shell"]},{"damage_healed":0.0,"max_hp_gain":5.0,"max_hp_loss":0.0,"gold_gain":0.0,"event_name":"Forgotten Altar","player_choice":"Shed Blood","floor":30.0,"gold_loss":0.0,"damage_taken":17.0},{"damage_healed":0.0,"max_hp_gain":0.0,"max_hp_loss":0.0,"gold_gain":0.0,"event_name":"SensoryStone","player_choice":"Memory 3","floor":45.0,"gold_loss":0.0,"damage_taken":10.0},{"damage_healed":0.0,"max_hp_gain":0.0,"max_hp_loss":0.0,"gold_gain":0.0,"event_name":"MindBloom","player_choice":"Fight","floor":48.0,"gold_loss":0.0,"damage_taken":0.0}],"is_beta":false,"boss_relics":[{"not_picked":["hubris:ScarierMask","Replay:Grab Bag"],"picked":"Snecko Eye"},{"not_picked":["hubris:BlackHole","ChewingGum"],"picked":"Painkiller Herb"},{"not_picked":["Replay:Drink Me","VioletLotus"],"picked":"Tiny House"}],"items_purged_floors":[0,4,19],"is_endless":true,"potions_floor_spawned":[1,3,12,16,20,23,27,29,33,37,39,40,48,53,54,55,61],"killed_by":"Exordium Thugs","ascension_level":0}}