{"host":"fevvm7bbzuh4s1jc","time":1609784900,"event":{"mods":["BaseMod","Highlight Path","Minty Spire (QoL Compilation)","Relic Stats"],"gold_per_floor":[111,111,126,144,163,189,208,173,173,173,199,252,252,286,286,286,286],"floor_reached":16,"playtime":974,"items_purged":[],"score":240,"play_id":"8271a707-92e2-4fc0-b189-e5dfa9eac20c","local_time":"20210104132820","is_ascension_mode":true,"campfire_choices":[{"data":"Lockon","floor":10,"key":"SMITH"},{"floor":13,"key":"REST"},{"data":"Loop","floor":15,"key":"SMITH"}],"circlet_count":0,"master_deck":["AscendersBane","Strike_B","Strike_B","Strike_B","Strike_B","Defend_B","Defend_B","Defend_B","Zap","Dualcast","Lockon+1","FTL","Loop+1","Core Surge","Chill","Rip and Tear"],"relics":["Cracked Core","Peace Pipe","Letter Opener","Bird Faced Urn","Lantern","Singing Bowl"],"acts_visited":["Exordium"],"potions_floor_usage":[6,11,16],"damage_taken":[{"damage":4,"enemies":"Jaw Worm","floor":1,"turns":4},{"damage":6,"enemies":"Cultist","floor":3,"turns":3},{"damage":4,"enemies":"Small Slimes","floor":4,"turns":3},{"damage":5,"enemies":"Exordium Thugs","floor":5,"turns":3},{"damage":24,"enemies":"3 Sentries","floor":6,"turns":8},{"damage":14,"enemies":"Exordium Wildlife","floor":7,"turns":3},{"damage":20,"enemies":"Gremlin Nob","floor":11,"turns":4},{"damage":23,"enemies":"3 Sentries","floor":14,"turns":7},{"damage":19,"enemies":"Hexaghost","floor":16,"turns":7}],"seed_played":"7828001311084016618","potions_obtained":[{"floor":1,"key":"AttackPotion"},{"floor":7,"key":"Block Potion"},{"floor":14,"key":"SkillPotion"}],"is_trial":false,"path_per_floor":["M","?","M","M","M","E","M","?","T","R","E","T","R","E","R","B"],"character_chosen":"DEFECT","items_purchased":[],"campfire_rested":1,"item_purchase_floors":[],"current_hp_per_floor":[67,67,61,57,52,28,14,33,33,33,13,13,36,15,15,0,0],"gold":286,"neow_bonus":"TEN_PERCENT_HP_BONUS","is_daily":false,"chose_seed":false,"campfire_upgraded":2,"win_rate":0.0,"timestamp":1609784900,"path_taken":["M","?","M","M","M","E","?","?","T","R","E","?","R","E","R","BOSS"],"items_purchased_type":[],"build_version":"2020-12-22","purchased_purges":0,"victory":false,"max_hp_per_floor":[78,78,78,78,78,78,78,78,78,78,78,78,78,78,78,78,78],"relic_stats":{"Peace Pipe":0,"Singing Bowl":0,"counters":[9,42],"Bird Faced Urn":[4],"Letter Opener":[25],"obtain_stats":[{"Peace Pipe":6,"Lantern":12,"Singing Bowl":14,"Bird Faced Urn":11,"Letter Opener":9,"Cracked Core":0},{"Peace Pipe":5,"Lantern":7,"Singing Bowl":8,"Bird Faced Urn":7,"Letter Opener":6,"Cracked Core":0},{"Peace Pipe":21,"Lantern":28,"Singing Bowl":35,"Bird Faced Urn":28,"Letter Opener":24,"Cracked Core":0}]},"card_choices":[{"not_picked":["Chaos","Conserve Battery"],"picked":"Lockon","floor":1},{"not_picked":["Beam Cell","Heatsinks"],"picked":"FTL","floor":3},{"not_picked":["Reprogram","Steam Power","Go for the Eyes"],"picked":"SKIP","floor":4},{"not_picked":["Storm","Aggregate"],"picked":"Loop","floor":5},{"not_picked":["Barrage","FTL"],"picked":"Core Surge","floor":6},{"not_picked":["Storm","Stack"],"picked":"Chill","floor":7},{"not_picked":["Rebound","Barrage","Stack"],"picked":"SKIP","floor":11},{"not_picked":["Hologram","Multi-Cast"],"picked":"Rip and Tear","floor":14}],"player_experience":2631711,"relics_obtained":[{"floor":6,"key":"Peace Pipe"},{"floor":9,"key":"Letter Opener"},{"floor":11,"key":"Bird Faced Urn"},{"floor":12,"key":"Lantern"},{"floor":14,"key":"Singing Bowl"}],"event_choices":[{"cards_removed":["Defend_B"],"damage_healed":0,"gold_gain":0,"player_choice":"Purged","damage_taken":0,"max_hp_gain":0,"max_hp_loss":0,"event_name":"Purifier","floor":2,"gold_loss":0},{"damage_healed":19,"gold_gain":0,"player_choice":"Healed","damage_taken":0,"max_hp_gain":0,"max_hp_loss":0,"event_name":"The Cleric","floor":8,"gold_loss":35}],"is_beta":false,"boss_relics":[],"items_purged_floors":[],"is_endless":false,"potions_floor_spawned":[1,7,14],"killed_by":"Hexaghost","ascension_level":20}}