{"host":"709gjpjg43u3i5a8","time":1609735880,"event":{"mods":["Act Like it!","BaseMod","Colored Map","Colored Powertips","Downfall","Duelist Mod","Gensokyo","GifTheSpireLib","Hallownest","Hermit","Hubris","Infinite Spire","Koishi","Marisa????????","Minty Spire (QoL Compilation)","Remilia??????","Shop Mod","StSLib","Td1madao Mod","The Administrix","The Animator","The Bug Knight","The Construct","The Cursed","The Disciple","The Hierophant","The Jungle","The Necromancer","The Poker Player","The Runesmith","The Servant 0.9.4"],"gold_per_floor":[131,131,146,146,146,174,174,174,174,190,190,271,290,322,322,436,486,502,20,20,34,34,69,69,110,162,242,242,273,288,238,238,336,336,349,363,107,7,57,87,87,122,173,190,270,378,378,378],"floor_reached":47,"playtime":3695,"items_purged":["animator:Strike","animator:Strike"],"score":1028,"play_id":"268c9c79-fb13-41bf-bf52-42a34ac6f238","local_time":"20210103215120","is_ascension_mode":true,"campfire_choices":[{"data":"animator:Demiurge","floor":11,"key":"SMITH"},{"data":"infinitespire:Oblivion","floor":15,"key":"SMITH"},{"data":"animator:HigakiRinne","floor":32,"key":"SMITH"},{"data":"animator:Entoma+4","floor":41,"key":"SMITH"}],"circlet_count":0,"master_deck":["animator:Strike_Overlord","animator:Defend_Overlord","animator:Defend","animator:Defend","animator:Cocytus","animator:PandorasActor","animator:Cocytus","animator:Entoma+8","animator:Cocytus","animator:HigakiRinne+1","animator:Demiurge","animator:Sebas","infinitespire:Menacing+1","animator:Sebas","animator:Sebas","Normality"],"relics":["animator:LivingPicture","animator:ColorlessFragment","NeowsBlessing","hubris:PeanutButter","MealTicket","Toy Ornithopter","hubris:OldNail","hubris:MobiusCoin","ScarletDevilRocket","Busted Crown","Bottled Lightning","CloakClasp","animator:WornHelmet","Lantern","Blood Vial","Letter Opener","Coffee Dripper","Dead Branch","Cursed Key","Boot","Anchor","White Beast Statue","Paper Crane","hubris:TerracottaHorce"],"acts_visited":["Exordium","TheCity","TheBeyond","TheBeyond"],"potions_floor_usage":[23,27,27,29,33,42,46],"damage_taken":[{"damage":0,"enemies":"2 Louse","floor":1,"turns":2},{"damage":0,"enemies":"Cultist","floor":3,"turns":1},{"damage":0,"enemies":"Lagavulin","floor":6,"turns":1},{"damage":0,"enemies":"Small Slimes","floor":10,"turns":3},{"damage":9,"enemies":"Gremlin Nob","floor":12,"turns":4},{"damage":0,"enemies":"Looter","floor":13,"turns":3},{"damage":0,"enemies":"HollowMod:MossKnight","floor":14,"turns":7},{"damage":0,"enemies":"Slime Boss","floor":16,"turns":7},{"damage":12,"enemies":"3 Byrds","floor":18,"turns":5},{"damage":0,"enemies":"3 Cultists","floor":21,"turns":4},{"damage":18,"enemies":"theDuelist:KaibaA2","floor":23,"turns":4},{"damage":1,"enemies":"HollowMod:Nosk","floor":25,"turns":6},{"damage":0,"enemies":"Nightmare","floor":27,"turns":5},{"damage":0,"enemies":"animator:HornedBat","floor":29,"turns":5},{"damage":0,"enemies":"Snecko","floor":30,"turns":5},{"damage":2,"enemies":"Automaton","floor":33,"turns":6},{"damage":0,"enemies":"3 Shapes","floor":35,"turns":3},{"damage":0,"enemies":"Orb Walker","floor":36,"turns":2},{"damage":0,"enemies":"Nemesis","floor":40,"turns":5},{"damage":0,"enemies":"Giant Head","floor":42,"turns":2},{"damage":3,"enemies":"Sphere and 2 Shapes","floor":44,"turns":4},{"damage":29,"enemies":"Reptomancer","floor":45,"turns":6},{"damage":36,"enemies":"Awakened One","floor":46,"turns":13}],"seed_played":"7916186351866293942","potions_obtained":[{"floor":10,"key":"GamblersBrew"},{"floor":12,"key":"PowerPotion"},{"floor":13,"key":"sneckomod:MuddlingPotion"},{"floor":21,"key":"Dexterity Potion"},{"floor":23,"key":"infinitespire:BlackPotion"},{"floor":29,"key":"Weak Potion"},{"floor":30,"key":"PowerPotion"},{"floor":33,"key":"SkillPotion"},{"floor":36,"key":"construct:ShiftPotion"},{"floor":40,"key":"infinitespire:BlackPotion"},{"floor":44,"key":"Strength Potion"},{"floor":45,"key":"Regen Potion"},{"floor":46,"key":"DuplicationPotion"}],"is_trial":false,"path_per_floor":["M","?","M","$","T","E","?","?","T","M","R","E","M","E","R","B",null,"M","$","?","M","?","E","?","E","T","NM","AVR","E","M","?","R","B",null,"M","M","$","NS","?","E","R","E","T","M","E","B",null],"character_chosen":"THE_ANIMATOR","items_purchased":["animator:ColorlessFragment","Bottled Lightning","Boot"],"campfire_rested":0,"item_purchase_floors":[19,19,37],"current_hp_per_floor":[66,66,66,66,66,66,50,38,38,39,39,30,30,30,30,32,69,59,71,71,71,71,53,53,52,52,62,62,69,71,71,71,69,71,73,75,75,75,75,75,75,75,75,74,47,26,66,66],"gold":378,"neow_bonus":"THREE_ENEMY_KILL","is_daily":false,"chose_seed":false,"campfire_upgraded":4,"win_rate":0.0,"timestamp":1609735880,"path_taken":["M","?","?","$","?","E","?","?","T","M","R","E","M","E","R","BOSS","M","$","?","?","?","E","?","E","T","NM","AVR","E","M","?","R","BOSS","M","?","$","NS","?","E","R","E","T","M","E","BOSS"],"items_purchased_type":["Relic","Relic","Relic"],"build_version":"2020-12-22","purchased_purges":2,"victory":false,"max_hp_per_floor":[66,66,66,66,66,66,66,66,66,67,67,67,67,67,67,69,69,71,71,71,71,71,71,71,71,71,71,71,71,71,71,71,71,71,73,75,75,75,75,75,75,75,75,77,77,79,79,79],"card_choices":[{"not_picked":["animator:Priestess","animator:Guy"],"picked":"animator:PandorasActor","floor":1},{"not_picked":["animator:YuiTsuruno","animator:Gillette","animator:MamiTomoe"],"picked":"SKIP","floor":3},{"not_picked":["animator:IrohaTamaki","animator:Shichika"],"picked":"animator:Cocytus","floor":6},{"not_picked":["infinitespire:FutureSight","hubris:InfiniteBlow"],"picked":"infinitespire:Oblivion","floor":7},{"not_picked":["animator:Demiurge","animator:Cocytus"],"picked":"animator:Entoma","floor":10},{"not_picked":["animator:CowGirl","animator:MetalKnight","animator:ZankiKiguchi"],"picked":"SKIP","floor":12},{"not_picked":["animator:Spearman","animator:LizardPriest","animator:ChaikaBohdan"],"picked":"SKIP","floor":13},{"not_picked":["animator:SwordMaiden","animator:Guy"],"picked":"animator:Cocytus","floor":14},{"not_picked":["animator:ChaikaTrabant","animator:SwordMaiden"],"picked":"animator:HigakiRinne","floor":16},{"not_picked":[],"picked":"animator:Demiurge","floor":18},{"not_picked":["animator:Emonzaemon"],"picked":"SKIP","floor":21},{"not_picked":["animator:Guy"],"picked":"SKIP","floor":23},{"not_picked":[],"picked":"animator:Sebas","floor":25},{"not_picked":["infinitespire:Punishment","infinitespire:FinalStrike"],"picked":"infinitespire:Menacing","floor":27},{"not_picked":["animator:NagisaMomoe+1"],"picked":"SKIP","floor":27},{"not_picked":["animator:NagisaMomoe+1"],"picked":"SKIP","floor":27},{"not_picked":["animator:FielNirvalen"],"picked":"SKIP","floor":29},{"not_picked":[],"picked":"animator:Sebas","floor":30},{"not_picked":["animator:Tatsumaki+1"],"picked":"SKIP","floor":35},{"not_picked":["animator:UneriGinkaku+1"],"picked":"SKIP","floor":36},{"not_picked":[],"picked":"animator:Sebas","floor":40},{"not_picked":["animator:Konayuki+1"],"picked":"SKIP","floor":42},{"not_picked":["animator:Genos"],"picked":"SKIP","floor":44},{"not_picked":[],"picked":"animator:Entoma","floor":45}],"player_experience":449315,"relics_obtained":[{"floor":5,"key":"hubris:PeanutButter"},{"floor":6,"key":"MealTicket"},{"floor":9,"key":"hubris:OldNail"},{"floor":12,"key":"hubris:MobiusCoin"},{"floor":14,"key":"ScarletDevilRocket"},{"floor":23,"key":"CloakClasp"},{"floor":25,"key":"animator:WornHelmet"},{"floor":26,"key":"Lantern"},{"floor":27,"key":"Blood Vial"},{"floor":29,"key":"Dead Branch"},{"floor":40,"key":"Anchor"},{"floor":42,"key":"White Beast Statue"},{"floor":45,"key":"Paper Crane"}],"event_choices":[{"cards_removed":["animator:Strike"],"damage_healed":0,"gold_gain":0,"player_choice":"Offered Basic","damage_taken":0,"max_hp_gain":0,"max_hp_loss":0,"event_name":"Bonfire Elementals","floor":2,"gold_loss":0},{"damage_healed":0,"gold_gain":0,"player_choice":"Success","damage_taken":12,"relics_obtained":["Toy Ornithopter"],"max_hp_gain":0,"max_hp_loss":0,"event_name":"Scrap Ooze","floor":8,"gold_loss":0},{"damage_healed":0,"gold_gain":0,"player_choice":"Full Heal","damage_taken":0,"max_hp_gain":0,"max_hp_loss":0,"event_name":"Wheel of Change","floor":20,"gold_loss":0},{"cards_removed":["animator:Defend"],"damage_healed":0,"gold_gain":0,"player_choice":"Elegance","damage_taken":0,"max_hp_gain":0,"max_hp_loss":0,"event_name":"Back to Basics","floor":24,"gold_loss":0},{"damage_healed":0,"gold_gain":0,"player_choice":"Bet on Murderer","damage_taken":0,"max_hp_gain":0,"max_hp_loss":0,"event_name":"The Joust","floor":31,"gold_loss":50}],"is_beta":false,"boss_relics":[{"not_picked":["Pandora\u0027s Box","Velvet Choker"],"picked":"Busted Crown"},{"not_picked":["hubris:CrackedHourglass","Astrolabe"],"picked":"Cursed Key"},{"not_picked":["Runesmith:UraniumAnvil","Runic Dome"],"picked":"hubris:TerracottaHorce"}],"items_purged_floors":[19,37],"is_endless":true,"potions_floor_spawned":[10,12,13,14,21,23,29,30,33,36,40,44,45,46],"ascension_level":1}}