{"host":"ftkwaqka4srqnjt4","time":1609767445,"event":{"mods":["AchievementEnabler","BaseMod","Downfall","Minty Spire (QoL Compilation)","Permanent Neow","Relic Stats","StSLib"],"gold_per_floor":[199,211,231,246,346,356,381,410,425,425,275,300,300,80,92,92,92,92],"floor_reached":16,"playtime":927,"items_purged":[],"score":112,"play_id":"e63afdd5-0a81-477b-b8dd-86c44ef74e12","local_time":"20210104143725","is_ascension_mode":true,"campfire_choices":[{"floor":1.0,"key":"RECALL"},{"data":"Slimebound:DouseInSlime","floor":11,"key":"SMITH"},{"floor":13,"key":"REST"}],"circlet_count":0,"master_deck":["Slimebound:Strike_Slimebound","Slimebound:Strike_Slimebound","Slimebound:Strike_Slimebound","Slimebound:Tackle","Slimebound:Defend_Slimebound","Slimebound:Defend_Slimebound","Slimebound:Defend_Slimebound","Slimebound:Defend_Slimebound","Slimebound:Split","Slimebound:CorrosiveSpit","Slimebound:FormOfPuddle","Slimebound:GoopSpray","Slimebound:Schlurp","Slimebound:DouseInSlime+1","Slimebound:SlimeTap","Slimebound:AcidTongue","expansioncontent:StudyTheSpire","Slimebound:LeadByExample"],"relics":["Slimebound:AbsorbEndCombat","Happy Flower","Slimebound:ScrapOozeRelic","downfall:HeartBlessingRed","downfall:HeartBlessingGreen","Odd Mushroom"],"acts_visited":["Exordium"],"potions_floor_usage":[8,8,12,12],"damage_taken":[{"damage":8.0,"enemies":"Cultist","floor":2.0,"turns":3.0},{"damage":12.0,"enemies":"Small Slimes","floor":3.0,"turns":3.0},{"damage":6.0,"enemies":"2 Louse","floor":4.0,"turns":4.0},{"damage":20.0,"enemies":"2 Fungi Beasts","floor":6.0,"turns":3.0},{"damage":25,"enemies":"Lagavulin","floor":8,"turns":6},{"damage":20,"enemies":"Blue Slaver","floor":9,"turns":4},{"damage":16,"enemies":"The Mushroom Lair","floor":12,"turns":4},{"damage":10,"enemies":"downfall:FleeingMerchant","floor":14,"turns":4},{"damage":33,"enemies":"3 Louse","floor":15,"turns":3},{"damage":25,"enemies":"downfall:Watcher","floor":16,"turns":4}],"seed_played":"7090005687197969955","potions_obtained":[{"floor":3.0,"key":"PowerPotion"},{"floor":6.0,"key":"SteroidPotion"},{"floor":8,"key":"ColorlessPotion"},{"floor":9,"key":"BlessingOfTheForge"},{"floor":12,"key":"FairyPotion"}],"is_trial":false,"path_per_floor":["R","M","M","M","?","M","T","E","M","?","R","?","R","$","M","B"],"character_chosen":"SLIMEBOUND","items_purchased":["expansioncontent:StudyTheSpire","Slimebound:LeadByExample"],"campfire_rested":1,"item_purchase_floors":[14,14],"current_hp_per_floor":[60,58,52,54,54,42,42,29,15,15,15,5,23,25,18,0,0,0],"gold":92,"neow_bonus":"HUNDRED_GOLD","is_daily":false,"chose_seed":false,"campfire_upgraded":1,"win_rate":0.0,"timestamp":1609767445,"path_taken":["R","M","M","M","?","M","T","E","?","?","R","?","R","$","M","BOSS"],"items_purchased_type":["Card","Card"],"build_version":"2020-12-22","purchased_purges":0,"victory":false,"max_hp_per_floor":[60,60,60,60,60,60,60,60,60,60,60,60,60,60,60,60,60,60],"relic_stats":{"Happy Flower":[6],"counters":[10,37],"obtain_stats":[{"Happy Flower":8,"Slimebound:ScrapOozeRelic":10,"downfall:HeartBlessingRed":11,"downfall:HeartBlessingGreen":11,"Slimebound:AbsorbEndCombat":0,"Omamori":7,"Odd Mushroom":12},{"Happy Flower":5,"Slimebound:ScrapOozeRelic":6,"downfall:HeartBlessingRed":6,"downfall:HeartBlessingGreen":6,"Slimebound:AbsorbEndCombat":0,"Omamori":4,"Odd Mushroom":7},{"Happy Flower":19,"Slimebound:ScrapOozeRelic":23,"downfall:HeartBlessingRed":23,"downfall:HeartBlessingGreen":23,"Slimebound:AbsorbEndCombat":0,"Omamori":13,"Odd Mushroom":27}]},"card_choices":[{"not_picked":["Slimebound:FinishingTackle","Slimebound:LeechingTouch"],"picked":"Slimebound:FormOfPuddle","floor":2.0},{"not_picked":["Slimebound:RainOfGoop","Slimebound:HungryTackle"],"picked":"Slimebound:GoopSpray","floor":3.0},{"not_picked":["Slimebound:ItLooksTasty","Slimebound:BestDefense"],"picked":"Slimebound:Schlurp","floor":4.0},{"not_picked":["Slimebound:Schlurp","Slimebound:SplitMire","Slimebound:ComboTackle"],"picked":"SKIP","floor":6.0},{"not_picked":["Slimebound:GrowthPunch","Slimebound:LevelUp"],"picked":"Slimebound:DouseInSlime","floor":8},{"not_picked":["Slimebound:Recollect","Slimebound:ItLooksTasty"],"picked":"Slimebound:SlimeTap","floor":9},{"not_picked":["Slimebound:SamplingLick","Slimebound:SplitAcid"],"picked":"Slimebound:AcidTongue","floor":14},{"not_picked":["Slimebound:SlimeBrawl","Slimebound:Schlurp","Slimebound:SplitBruiser"],"picked":"SKIP","floor":15}],"player_experience":547598,"relics_obtained":[{"floor":7.0,"key":"Omamori"},{"floor":8,"key":"Happy Flower"},{"floor":12,"key":"Odd Mushroom"}],"event_choices":[{"damage_healed":0.0,"max_hp_gain":0.0,"max_hp_loss":0.0,"gold_gain":100.0,"event_name":"Wheel of Change","player_choice":"Gold","floor":5.0,"gold_loss":0.0,"damage_taken":0.0},{"damage_healed":0,"gold_gain":0,"player_choice":"Fought Mushrooms","damage_taken":0,"max_hp_gain":0,"max_hp_loss":0,"event_name":"Mushrooms","floor":12,"gold_loss":0}],"is_beta":false,"boss_relics":[],"items_purged_floors":[],"is_endless":false,"potions_floor_spawned":[3,6,8,9,12],"killed_by":"downfall:Watcher","ascension_level":2}}