{"host":"2pffx5rqbod9ds0c","time":1609722305,"event":{"mods":["BaseMod","Better Altar","Better Match","Better Note","Better Sensory Stone","Better Skull","Better Third Choice","Custom Start","Hubris","Minty Spire (QoL Compilation)","Quick Restart","Relic Stats","Spicy Shops","StSLib","The Marked"],"gold_per_floor":[114,134,146,70,70,70,99,99,152,180,192,221,260,286,298,405,417,443,471,483,508,536,548,548],"floor_reached":23,"playtime":710,"items_purged":[],"score":224,"play_id":"22548bc0-13f8-4292-a1f0-909186153e51","local_time":"20210103170505","is_ascension_mode":true,"campfire_choices":[{"data":"theMarked:ParalyzingBlade","floor":6.0,"key":"SMITH"},{"data":"theMarked:Frustration","floor":8.0,"key":"SMITH"},{"data":"theMarked:BindingBlade","floor":15,"key":"SMITH"}],"circlet_count":0,"master_deck":["theMarked:Strike","theMarked:Strike","theMarked:Strike","theMarked:Strike","theMarked:Defend","theMarked:Defend","theMarked:Defend","theMarked:Defend","theMarked:SoldierOfQuellstein","theMarked:Frustration+1","theMarked:ParalyzingBlade+1","theMarked:BindingBlade+1","theMarked:Indomitable","theMarked:ChannelForce","theMarked:EmpowerWeapon","theMarked:EternalStudent+1"],"relics":["theMarked:ArtifactOfAir","Dream Catcher","Toy Ornithopter","MawBank","hubris:Towel","hubris:Metronome","Coffee Dripper"],"acts_visited":["Exordium","TheCity"],"potions_floor_usage":[10,23],"damage_taken":[{"damage":0.0,"enemies":"Small Slimes","floor":1.0,"turns":3.0},{"damage":8.0,"enemies":"Jaw Worm","floor":2.0,"turns":4.0},{"damage":0.0,"enemies":"2 Louse","floor":3.0,"turns":2.0},{"damage":11.0,"enemies":"Lagavulin","floor":7.0,"turns":6.0},{"damage":17,"enemies":"Gremlin Nob","floor":10,"turns":4},{"damage":4,"enemies":"Exordium Thugs","floor":12,"turns":6},{"damage":16,"enemies":"Lagavulin","floor":13,"turns":7},{"damage":3,"enemies":"Red Slaver","floor":14,"turns":2},{"damage":13,"enemies":"Hexaghost","floor":16,"turns":8},{"damage":5,"enemies":"Spheric Guardian","floor":18,"turns":3},{"damage":20,"enemies":"2 Thieves","floor":19,"turns":3},{"damage":11,"enemies":"Centurion and Healer","floor":21,"turns":4},{"damage":20,"enemies":"Shelled Parasite and Fungi","floor":22,"turns":3},{"damage":26,"enemies":"Slavers","floor":23,"turns":2}],"seed_played":"-7274674129883204182","potions_obtained":[{"floor":3.0,"key":"BlessingOfTheForge"},{"floor":7.0,"key":"Strength Potion"},{"floor":14,"key":"Explosive Potion"},{"floor":16,"key":"AttackPotion"}],"is_trial":false,"path_per_floor":["M","M","M","$","?","R","E","R","T","E","?","M","E","M","R","B",null,"M","M","?","M","M","E"],"character_chosen":"THE_DEFAULT","items_purchased":["theMarked:BindingBlade"],"campfire_rested":0,"item_purchase_floors":[4],"current_hp_per_floor":[70,62,62,62,67,67,56,56,56,44,44,40,24,21,21,8,75,70,50,50,39,19,0,0],"gold":548,"neow_bonus":"TRANSFORM_CARD","is_daily":false,"chose_seed":false,"campfire_upgraded":3,"win_rate":0.0,"timestamp":1609722305,"path_taken":["M","M","M","$","?","R","E","R","T","E","?","M","E","M","R","BOSS","M","M","?","?","M","E"],"items_purchased_type":["Card"],"build_version":"2020-12-22","purchased_purges":0,"victory":false,"max_hp_per_floor":[70,70,70,70,75,75,75,75,75,75,75,75,75,75,75,75,75,75,75,75,75,75,75,75],"relic_stats":{"Dream Catcher":0,"counters":[14,57],"MawBank":156,"obtain_stats":[{"theMarked:ArtifactOfAir":0,"Dream Catcher":7,"hubris:Metronome":13,"Coffee Dripper":17,"hubris:Towel":11,"MawBank":10,"Toy Ornithopter":9},{"theMarked:ArtifactOfAir":0,"Dream Catcher":4,"hubris:Metronome":7,"Coffee Dripper":9,"hubris:Towel":5,"MawBank":5,"Toy Ornithopter":4},{"theMarked:ArtifactOfAir":0,"Dream Catcher":15,"hubris:Metronome":32,"Coffee Dripper":42,"hubris:Towel":19,"MawBank":19,"Toy Ornithopter":15}],"Toy Ornithopter":10},"card_choices":[{"not_picked":["theMarked:WastefulDefense","theMarked:RepellingDischarge"],"picked":"theMarked:ParalyzingBlade","floor":1.0},{"not_picked":["theMarked:ElectricStrings","theMarked:AttractMetal","theMarked:RogueSparks"],"picked":"SKIP","floor":2.0},{"not_picked":["theMarked:ChainLightning","theMarked:Frustration","theMarked:WardOff"],"picked":"SKIP","floor":3.0},{"not_picked":["theMarked:ComboAttacks","theMarked:StartUp","theMarked:Static"],"picked":"SKIP","floor":7.0},{"not_picked":["theMarked:StartUp","theMarked:WastefulDefense"],"picked":"theMarked:Indomitable","floor":10},{"not_picked":["theMarked:Parry","theMarked:Generate","theMarked:Reabsorb"],"picked":"SKIP","floor":12},{"not_picked":["theMarked:Static","theMarked:CreepingChasm","theMarked:RepellingDischarge"],"picked":"SKIP","floor":13},{"not_picked":["theMarked:Frustration","theMarked:Overcharge","theMarked:WastefulAttack"],"picked":"SKIP","floor":14},{"not_picked":["theMarked:TakeOffHeels","theMarked:Abjuration"],"picked":"theMarked:ChannelForce","floor":16},{"not_picked":["theMarked:MaelstromOfLightning+1","theMarked:BanishingStrike+1"],"picked":"theMarked:EmpowerWeapon","floor":18},{"not_picked":["theMarked:ShockingTouch+1","theMarked:Abjuration","theMarked:WastefulDefense"],"picked":"SKIP","floor":19},{"not_picked":["theMarked:ChainLightning","theMarked:Overthink","theMarked:StartUp"],"picked":"SKIP","floor":21},{"not_picked":["theMarked:Standoff","theMarked:ElectricStrings","theMarked:LightningStrikesTwice"],"picked":"SKIP","floor":22}],"player_experience":727759,"relics_obtained":[{"floor":7.0,"key":"Dream Catcher"},{"floor":9.0,"key":"Toy Ornithopter"},{"floor":10,"key":"MawBank"},{"floor":13,"key":"hubris:Metronome"}],"event_choices":[{"damage_healed":0.0,"max_hp_gain":5.0,"max_hp_loss":0.0,"gold_gain":0.0,"event_name":"Big Fish","player_choice":"Donut","floor":5.0,"gold_loss":0.0,"damage_taken":0.0},{"cards_removed":["theMarked:BindingBlade"],"damage_healed":0,"gold_gain":0,"player_choice":"Take \u0026 Give","damage_taken":0,"max_hp_gain":0,"max_hp_loss":0,"event_name":"betterNote:BetterNote","floor":20,"gold_loss":0,"cards_obtained":["theMarked:EternalStudent"]}],"is_beta":false,"boss_relics":[{"not_picked":["theMarked:Eyepatch","hubris:ScarierMask"],"picked":"Coffee Dripper"}],"items_purged_floors":[],"is_endless":false,"potions_floor_spawned":[3,7,14,16,18,19,22],"killed_by":"Slavers","ascension_level":1}}