{"host":"l84l8xigz5v5foa2","time":1609774520,"event":{"mods":["2.2 Compatiblity","AchievementEnabler","BaseMod","Better Note","Better Vampires","Card Filter","Colored Map","DeckTracker","Downfall","Gremlin Skip","Highlight Path","Keyboard Shortcuts","Minty Spire (QoL Compilation)","Permanent Neow","Quick Restart","Relic Filter","Relic Stats","StSLib","SuperFastMode","Transform Curses","Unknown Chances"],"gold_per_floor":[0,11,11,29,129,129,198,229,229,243,258,258,44,67,85,163,163,163,173,173,5,18,85,85,10,30,30,60,60,88,98,112,189,189,189,208,229,256,271,316,396,396,132,150,176,26,57,57,74,74,74,106,106,106,106],"floor_reached":56,"playtime":3356,"items_purged":["hexamod:Strike","hexamod:Strike+1"],"score":2269,"play_id":"83e7d983-dea5-4765-b37f-2c6809af54a2","local_time":"20210105003520","is_ascension_mode":true,"campfire_choices":[{"data":"hexamod:Float","floor":1.0,"key":"SMITH"},{"data":"hexamod:GhostLash","floor":6.0,"key":"SMITH"},{"data":"hexamod:RainOfEmbers","floor":9.0,"key":"SMITH"},{"data":"hexamod:InspiringFlames","floor":12.0,"key":"SMITH"},{"data":"hexamod:ApocalypticArmor","floor":18.0,"key":"SMITH"},{"data":"hexamod:NecessarySacrifice","floor":25.0,"key":"SMITH"},{"data":"hexamod:SkipABeat","floor":27.0,"key":"SMITH"},{"data":"hexamod:FastForward","floor":29.0,"key":"SMITH"},{"data":"hexamod:GhostOfSpirePast","floor":35.0,"key":"SMITH"},{"floor":42.0,"key":"RECALL"},{"data":"hexamod:Hexaguard","floor":46.0,"key":"SMITH"},{"data":"hexamod:Defend","floor":54.0,"key":"SMITH"}],"circlet_count":0,"master_deck":["AscendersBane","hexamod:Defend+1","hexamod:Defend+1","hexamod:Defend+1","hexamod:Sear+1","hexamod:Float+1","hexamod:GhostLash+1","hexamod:GhostShield+1","hexamod:RainOfEmbers+1","hexamod:InspiringFlames+1","hexamod:TimeWarp+1","hexamod:PowerFromBeyond+1","hexamod:AdvancingGuard+1","hexamod:TimeWarp+1","hexamod:ThermalTransfer+1","hexamod:EmpoweringStance+1","hexamod:ApocalypticArmor+1","hexamod:HauntingEcho","hexamod:Hexaguard+1","hexamod:SpectersWail+1","hexamod:StepThrough","hexamod:SkipABeat+1","hexamod:NecessarySacrifice+1","hexamod:FastForward+1","hexamod:ShieldOfDarkness+1","hexamod:GhostOfSpirePast+1","hexamod:FirstSeal","hexamod:TimeOfNeed+1","hexamod:StepThrough","hexamod:PowerFromBeyond+1","hexamod:RetreatToShadows+1","hexamod:GhostOfSpirePast+1"],"relics":["hexamod:SpiritBrand","Matryoshka","Sundial","DollysMirror","Pantograph","SlaversCollar","Guardian:PocketSentry","Pocketwatch","downfall:HeartBlessingBlue","Strawberry","Kunai","Philosopher\u0027s Stone","hexamod:TheBrokenSeal","hexamod:BolsterEngine","White Beast Statue","Shuriken","Guardian:GemstoneGun","downfall:HeartBlessingRed","downfall:HeartBlessingGreen","Orichalcum","Lizard Tail"],"acts_visited":["Exordium","TheCity","TheBeyond","TheEnding"],"potions_floor_usage":[55,55],"damage_taken":[{"damage":5.0,"enemies":"Small Slimes","floor":2.0,"turns":5.0},{"damage":2.0,"enemies":"Jaw Worm","floor":4.0,"turns":4.0},{"damage":24.0,"enemies":"Lagavulin","floor":8.0,"turns":6.0},{"damage":0.0,"enemies":"Cultist","floor":10.0,"turns":3.0},{"damage":7.0,"enemies":"Large Slime","floor":11.0,"turns":4.0},{"damage":5.0,"enemies":"downfall:FleeingMerchant","floor":13.0,"turns":4.0},{"damage":10.0,"enemies":"Red Slaver","floor":15.0,"turns":6.0},{"damage":27.0,"enemies":"downfall:Silent","floor":16.0,"turns":8.0},{"damage":34.0,"enemies":"3 Byrds","floor":19.0,"turns":6.0},{"damage":0.0,"enemies":"downfall:FleeingMerchant","floor":21.0,"turns":5.0},{"damage":7.0,"enemies":"Shell Parasite","floor":22.0,"turns":6.0},{"damage":0.0,"enemies":"downfall:FleeingMerchant","floor":23.0,"turns":5.0},{"damage":0.0,"enemies":"Sentry and Sphere","floor":26.0,"turns":4.0},{"damage":32.0,"enemies":"Slavers","floor":28.0,"turns":5.0},{"damage":12.0,"enemies":"Book of Stabbing","floor":30.0,"turns":4.0},{"damage":0.0,"enemies":"3 Cultists","floor":31.0,"turns":4.0},{"damage":0.0,"enemies":"Snake Plant","floor":32.0,"turns":3.0},{"damage":7.0,"enemies":"downfall:Defect","floor":33.0,"turns":7.0},{"damage":0.0,"enemies":"3 Shapes","floor":36.0,"turns":5.0},{"damage":17.0,"enemies":"Orb Walker","floor":37.0,"turns":5.0},{"damage":28.0,"enemies":"Writhing Mass","floor":38.0,"turns":8.0},{"damage":0.0,"enemies":"Maw","floor":39.0,"turns":5.0},{"damage":0.0,"enemies":"3 Darklings","floor":44.0,"turns":3.0},{"damage":0.0,"enemies":"Giant Head","floor":45.0,"turns":5.0},{"damage":0.0,"enemies":"Reptomancer","floor":47.0,"turns":3.0},{"damage":6.0,"enemies":"Writhing Mass","floor":49.0,"turns":4.0},{"damage":4.0,"enemies":"downfall:Ironclad","floor":50.0,"turns":7.0},{"damage":6.0,"enemies":"downfall:CharBossMerchant","floor":52.0,"turns":5.0},{"damage":10,"enemies":"downfall:NeowBoss","floor":55,"turns":19}],"seed_played":"-734216755007489936","potions_obtained":[{"floor":10.0,"key":"Ancient Potion"},{"floor":11.0,"key":"Energy Potion"},{"floor":19.0,"key":"Fire Potion"},{"floor":26.0,"key":"FairyPotion"},{"floor":28.0,"key":"Regen Potion"},{"floor":31.0,"key":"PowerPotion"},{"floor":33.0,"key":"ColorlessPotion"},{"floor":36.0,"key":"hexamod:InfernoChargePotion"},{"floor":37.0,"key":"Swift Potion"},{"floor":38.0,"key":"EntropicBrew"},{"floor":47.0,"key":"DistilledChaos"},{"floor":49.0,"key":"SpeedPotion"}],"is_trial":false,"path_per_floor":["R","M","?","M","?","R","T","E","R","M","M","R","$","T","M","B",null,"R","M","?","$","M","$","T","R","M","R","E","R","E","M","M","B",null,"R","M","M","M","M","?","T","R","$","M","E","R","E","$","M","B",null,"E","$","R","B",null],"character_chosen":"THE_SPIRIT","items_purchased":["DollysMirror","hexamod:ThermalTransfer","hexamod:StepThrough","hexamod:NecessarySacrifice","hexamod:FirstSeal","Shuriken"],"campfire_rested":0,"item_purchase_floors":[13,13,21,23,23,43],"current_hp_per_floor":[57,52,52,50,50,50,50,26,26,26,19,19,14,14,4,2,48,48,14,14,14,7,7,7,17,24,24,35,35,42,49,56,80,80,80,80,70,90,90,90,90,90,90,90,90,90,90,90,84,90,90,90,90,90,80],"gold":106,"neow_bonus":"REMOVE_TWO","is_daily":false,"chose_seed":false,"campfire_upgraded":11,"win_rate":0.0,"timestamp":1609774520,"path_taken":["R","M","?","M","?","R","T","E","R","M","M","R","$","?","M","BOSS","R","M","?","$","M","$","T","R","M","R","E","R","E","?","M","BOSS","R","M","M","M","M","?","T","R","$","M","E","R","E","$","M","BOSS","E","$","R","BOSS"],"items_purchased_type":["Relic","Card","Card","Card","Card","Relic"],"build_version":"2020-12-22","purchased_purges":2,"victory":true,"max_hp_per_floor":[63,63,63,63,63,63,63,63,63,63,63,63,63,63,63,63,63,63,63,63,63,63,63,63,73,73,73,80,80,80,80,80,80,80,80,80,80,90,90,90,90,90,90,90,90,90,90,90,90,90,90,90,90,90,90],"relic_stats":{"Lizard Tail":0,"counters":[29,158],"Sundial":[16],"Shuriken":[36],"Pantograph":55,"Kunai":[48],"Orichalcum":[6],"obtain_stats":[{"downfall:HeartBlessingRed":46,"Guardian:GemstoneGun":45,"hexamod:TheBrokenSeal":38,"downfall:HeartBlessingGreen":46,"Guardian:PocketSentry":24,"Orichalcum":47,"White Beast Statue":41,"SlaversCollar":17,"Lizard Tail":52,"Matryoshka":7,"Sundial":8,"DollysMirror":13,"downfall:HeartBlessingBlue":25,"Shuriken":43,"Pantograph":14,"Strawberry":28,"Philosopher\u0027s Stone":34,"Kunai":30,"hexamod:BolsterEngine":40,"hexamod:SpiritBrand":0,"Pocketwatch":24},{"downfall:HeartBlessingRed":24,"Guardian:GemstoneGun":24,"hexamod:TheBrokenSeal":21,"downfall:HeartBlessingGreen":24,"Guardian:PocketSentry":12,"Orichalcum":25,"White Beast Statue":22,"SlaversCollar":8,"Lizard Tail":28,"Matryoshka":2,"Sundial":3,"DollysMirror":6,"downfall:HeartBlessingBlue":12,"Shuriken":22,"Pantograph":6,"Strawberry":14,"Philosopher\u0027s Stone":18,"Kunai":15,"hexamod:BolsterEngine":22,"hexamod:SpiritBrand":0,"Pocketwatch":12},{"downfall:HeartBlessingRed":120,"Guardian:GemstoneGun":120,"hexamod:TheBrokenSeal":105,"downfall:HeartBlessingGreen":120,"Guardian:PocketSentry":62,"Orichalcum":123,"White Beast Statue":112,"SlaversCollar":40,"Lizard Tail":139,"Matryoshka":9,"Sundial":15,"DollysMirror":26,"downfall:HeartBlessingBlue":62,"Shuriken":112,"Pantograph":26,"Strawberry":71,"Philosopher\u0027s Stone":89,"Kunai":75,"hexamod:BolsterEngine":112,"hexamod:SpiritBrand":0,"Pocketwatch":62}],"Pocketwatch":[51]},"card_choices":[{"not_picked":["hexamod:NightmareGuise","hexamod:RainOfEmbers"],"picked":"hexamod:HauntingEcho","floor":2.0},{"not_picked":["hexamod:Hexaguard","hexamod:NightmareGuise"],"picked":"hexamod:GhostLash","floor":4.0},{"not_picked":["hexamod:ExtraCrispy","hexamod:NightmareGuise"],"picked":"hexamod:GhostShield","floor":4.0},{"not_picked":["hexamod:NightmareStrike","hexamod:ChargedBarrage"],"picked":"hexamod:SixthSeal","floor":8.0},{"not_picked":["hexamod:Firestarter","hexamod:GhostflameBarrier"],"picked":"hexamod:RainOfEmbers","floor":8.0},{"not_picked":["hexamod:GhostLash","hexamod:SpectersWail"],"picked":"hexamod:InspiringFlames","floor":10.0},{"not_picked":["hexamod:ThermalTransfer","hexamod:GhostLash","hexamod:NightmareStrike"],"picked":"SKIP","floor":10.0},{"not_picked":["hexamod:Firestarter","hexamod:ShieldOfDarkness"],"picked":"hexamod:TimeWarp","floor":11.0},{"not_picked":["hexamod:SecondSeal","hexamod:NightmareGuise"],"picked":"hexamod:PowerFromBeyond","floor":11.0},{"not_picked":["hexamod:GhostLash","hexamod:FastForward"],"picked":"hexamod:AdvancingGuard","floor":13.0},{"not_picked":["hexamod:GhostShield","hexamod:Firestarter","hexamod:AdvancingGuard"],"picked":"SKIP","floor":13.0},{"not_picked":["hexamod:BurningTouch","hexamod:EtherealExpedition","hexamod:RainOfEmbers"],"picked":"SKIP","floor":15.0},{"not_picked":["hexamod:HeatShield","hexamod:SwordOfDarkness","hexamod:BacktrackSmack"],"picked":"SKIP","floor":15.0},{"not_picked":["hexamod:FifthSeal","hexamod:TimeWarp"],"picked":"hexamod:EmpoweringStance","floor":16.0},{"not_picked":["hexamod:FifthSeal","hexamod:SearingWound"],"picked":"hexamod:ApocalypticArmor","floor":16.0},{"not_picked":["hexamod:GhostLash","hexamod:SwordOfDarkness"],"picked":"hexamod:HauntingEcho","floor":19.0},{"not_picked":["hexamod:VolcanoVisage","hexamod:InspiringFlames","hexamod:AdvancingGuard"],"picked":"SKIP","floor":19.0},{"not_picked":["hexamod:GhostLash","hexamod:PowerFromBeyond"],"picked":"hexamod:Hexaguard","floor":21.0},{"not_picked":["hexamod:PhantomCloak","hexamod:HeatCrush"],"picked":"hexamod:SpectersWail","floor":21.0},{"not_picked":["hexamod:SwordOfDarkness","hexamod:GhostLash","hexamod:HauntingEcho"],"picked":"SKIP","floor":22.0},{"not_picked":["hexamod:EmpoweringStance","hexamod:EmpoweredFlame","hexamod:SuperheatedStrike"],"picked":"SKIP","floor":22.0},{"not_picked":["hexamod:CatchUp","hexamod:RecurringNightmare"],"picked":"hexamod:SkipABeat","floor":23.0},{"not_picked":["hexamod:ThirdSeal","hexamod:BurningTouch+1","hexamod:SpectralAdrenaline"],"picked":"SKIP","floor":23.0},{"not_picked":["hexamod:BurningTouch+1","hexamod:EmpoweredFlame"],"picked":"hexamod:FastForward","floor":26.0},{"not_picked":["hexamod:ShieldOfDarkness","hexamod:DynamicBlow","hexamod:BacktrackSmack"],"picked":"SKIP","floor":28.0},{"not_picked":["hexamod:Again+1","hexamod:ExtraCrispy","hexamod:ChargedBarrage"],"picked":"SKIP","floor":28.0},{"not_picked":["hexamod:DynamicBlow","hexamod:BacktrackSmack"],"picked":"hexamod:ShieldOfDarkness","floor":28.0},{"not_picked":["hexamod:Again+1","hexamod:ExtraCrispy","hexamod:ChargedBarrage"],"picked":"SKIP","floor":28.0},{"not_picked":["hexamod:RainOfEmbers","hexamod:FastForward","hexamod:SecondSeal"],"picked":"SKIP","floor":30.0},{"not_picked":["hexamod:EtherealExpedition","hexamod:SwordOfDarkness","hexamod:SearingWound"],"picked":"SKIP","floor":30.0},{"not_picked":["hexamod:BurningTouch","hexamod:Firestarter"],"picked":"hexamod:GhostOfSpirePast","floor":31.0},{"not_picked":["hexamod:Firestarter","hexamod:HeatShield","hexamod:BacktrackSmack"],"picked":"SKIP","floor":31.0},{"not_picked":["hexamod:Hexaguard","hexamod:HauntingEcho"],"picked":"hexamod:FifthSeal","floor":32.0},{"not_picked":["hexamod:NightmareGuise","hexamod:ThermalTransfer"],"picked":"hexamod:FourthSeal","floor":32.0},{"not_picked":["hexamod:FourthSeal","hexamod:ThirdSeal"],"picked":"hexamod:FirstSeal","floor":33.0},{"not_picked":["hexamod:HexaLevel","hexamod:EmpoweringStance"],"picked":"hexamod:TimeOfNeed","floor":33.0},{"not_picked":["hexamod:SixthSeal","hexamod:ThirdSeal"],"picked":"hexamod:SecondSeal","floor":36.0},{"not_picked":["hexamod:RadiantFlame","hexamod:HauntingEcho+1","hexamod:InspiringFlames+1"],"picked":"SKIP","floor":36.0},{"not_picked":["hexamod:FirstSeal","hexamod:SoulSteal","hexamod:AdvancingGuard+1"],"picked":"SKIP","floor":36.0},{"not_picked":["hexamod:AdvancingGuard+1","hexamod:FastForward"],"picked":"hexamod:StepThrough","floor":37.0},{"not_picked":["hexamod:SpectralSpark","hexamod:BurningTouch"],"picked":"hexamod:PowerFromBeyond+1","floor":37.0},{"not_picked":["hexamod:CatchUp+1","hexamod:HauntingEcho"],"picked":"hexamod:RetreatToShadows+1","floor":38.0},{"not_picked":["hexamod:HauntingEcho","hexamod:ChargedBarrage+1","hexamod:DynamicBlow"],"picked":"SKIP","floor":38.0},{"not_picked":["hexamod:EtherealExpedition","hexamod:SoulSteal+1","hexamod:Haunt+1"],"picked":"SKIP","floor":39.0},{"not_picked":["hexamod:SwordOfDarkness","hexamod:HauntingEcho","hexamod:NightmareGuise"],"picked":"SKIP","floor":44.0},{"not_picked":["hexamod:Firestarter+1","hexamod:DynamicBlow"],"picked":"hexamod:GhostOfSpirePast+1","floor":45.0},{"not_picked":["hexamod:NightmareStrike","hexamod:ThirdSeal","hexamod:SpectralAdrenaline+1"],"picked":"SKIP","floor":47.0},{"not_picked":["hexamod:HeatCrush","hexamod:FirstSeal","hexamod:Again"],"picked":"SKIP","floor":49.0},{"not_picked":["hexamod:WildfireWeapon","hexamod:ExtraCrispy","hexamod:SoulSteal"],"picked":"SKIP","floor":52.0}],"player_experience":2849330,"relics_obtained":[{"floor":7.0,"key":"Matryoshka"},{"floor":8.0,"key":"Sundial"},{"floor":14.0,"key":"Pantograph"},{"floor":24.0,"key":"Guardian:PocketSentry"},{"floor":24.0,"key":"Pocketwatch"},{"floor":28.0,"key":"Strawberry"},{"floor":30.0,"key":"Kunai"},{"floor":40.0,"key":"hexamod:BolsterEngine"},{"floor":41.0,"key":"White Beast Statue"},{"floor":45.0,"key":"Guardian:GemstoneGun"},{"floor":47.0,"key":"Orichalcum"},{"floor":52.0,"key":"Lizard Tail"}],"event_choices":[{"cards_removed":["hexamod:Strike"],"damage_healed":0.0,"max_hp_gain":0.0,"max_hp_loss":0.0,"gold_gain":0.0,"event_name":"Purifier","player_choice":"Purged","floor":20.0,"gold_loss":0.0,"damage_taken":0.0}],"is_beta":false,"boss_relics":[{"not_picked":["Astrolabe","Empty Cage"],"picked":"SlaversCollar"},{"not_picked":["Calling Bell","Pandora\u0027s Box"],"picked":"Philosopher\u0027s Stone"}],"items_purged_floors":[21,23],"is_endless":false,"potions_floor_spawned":[10,11,19,26,28,31,37,38,44,45,47,49,52],"ascension_level":20}}