{"host":"f9ntswufr8mq3t4y","time":1609785871,"event":{"mods":["AchievementEnabler","BaseMod","Best Route Mod","Block Reminder","Colored Map","Colored Powertips","DeckTracker","Highlight Path","Minty Spire (QoL Compilation)","Permanent Neow","Quick Restart"],"gold_per_floor":[114,114,126,50,0,33,33,66,111,111,122,139,139,152,152,247,247,267,267,267,279,279,279,279],"floor_reached":23,"playtime":1108,"items_purged":[],"score":269,"play_id":"ae3897ea-8dba-4eed-a849-07b8ff667b82","local_time":"20210104214431","is_ascension_mode":true,"campfire_choices":[{"data":"Eruption","floor":7,"key":"SMITH"},{"data":"Ragnarok","floor":10,"key":"SMITH"},{"floor":13,"key":"REST"},{"data":"Establishment","floor":15,"key":"SMITH"}],"circlet_count":0,"master_deck":["Strike_P","Strike_P","Strike_P","Defend_P","Defend_P","Eruption+1","Vigilance","Establishment+1","EmptyFist","EmptyMind","SandsOfTime","Ragnarok+1","ClearTheMind","ConjureBlade","FearNoEvil","TalkToTheHand+1","Ragnarok","ThirdEye","Tantrum"],"relics":["PureWater","Vajra","Strawberry","Bronze Scales","Black Star"],"acts_visited":["Exordium","TheCity"],"potions_floor_usage":[6,6,23],"damage_taken":[{"damage":0,"enemies":"Jaw Worm","floor":1,"turns":6},{"damage":1,"enemies":"Cultist","floor":3,"turns":3},{"damage":0,"enemies":"Lagavulin","floor":6,"turns":4},{"damage":39,"enemies":"Gremlin Nob","floor":8,"turns":4},{"damage":4,"enemies":"Small Slimes","floor":11,"turns":3},{"damage":10,"enemies":"Red Slaver","floor":12,"turns":3},{"damage":5,"enemies":"Gremlin Gang","floor":14,"turns":4},{"damage":28,"enemies":"Slime Boss","floor":16,"turns":9},{"damage":0,"enemies":"Spheric Guardian","floor":18,"turns":3},{"damage":16,"enemies":"3 Byrds","floor":21,"turns":3},{"damage":58,"enemies":"Slavers","floor":23,"turns":3}],"seed_played":"-3797369773334934528","potions_obtained":[{"floor":8,"key":"Weak Potion"},{"floor":11,"key":"Weak Potion"},{"floor":14,"key":"CultistPotion"},{"floor":18,"key":"SpeedPotion"}],"is_trial":false,"path_per_floor":["M","?","M","$","$","E","R","E","T","R","M","M","R","M","R","B",null,"M","?","$","M","?","E"],"character_chosen":"WATCHER","items_purchased":["StancePotion","Fire Potion"],"campfire_rested":1,"item_purchase_floors":[4,5],"current_hp_per_floor":[65,65,64,64,64,64,64,32,32,32,28,18,39,34,34,6,72,72,72,72,56,56,0,0],"gold":279,"neow_bonus":"THREE_RARE_CARDS","is_daily":false,"chose_seed":false,"campfire_upgraded":3,"win_rate":0.0,"timestamp":1609785871,"path_taken":["M","?","M","?","$","E","R","E","T","R","?","M","R","M","R","BOSS","M","?","$","M","?","E"],"items_purchased_type":["Potion","Potion"],"build_version":"2020-12-22","purchased_purges":0,"victory":false,"max_hp_per_floor":[65,65,65,65,65,65,65,72,72,72,72,72,72,72,72,72,72,72,72,72,72,72,72,72],"card_choices":[{"not_picked":["Blasphemy","Vault"],"picked":"Establishment","floor":0},{"not_picked":["BowlingBash","ClearTheMind"],"picked":"EmptyFist","floor":1},{"not_picked":["Crescendo","Protect"],"picked":"SandsOfTime","floor":3},{"not_picked":["Halt","ClearTheMind"],"picked":"Ragnarok","floor":6},{"not_picked":["CarveReality","CrushJoints"],"picked":"ClearTheMind","floor":8},{"not_picked":["FollowUp","CutThroughFate"],"picked":"ConjureBlade","floor":11},{"not_picked":["CrushJoints","ThirdEye"],"picked":"FearNoEvil","floor":12},{"not_picked":["BowlingBash","Weave","JustLucky"],"picked":"SKIP","floor":14},{"not_picked":["Nirvana","FollowUp"],"picked":"TalkToTheHand+1","floor":18},{"not_picked":["EmptyBody+1","ThirdEye","Crescendo"],"picked":"SKIP","floor":21}],"player_experience":335172,"relics_obtained":[{"floor":6,"key":"Vajra"},{"floor":8,"key":"Strawberry"},{"floor":9,"key":"Bronze Scales"}],"event_choices":[{"damage_healed":0,"gold_gain":0,"player_choice":"1 cards matched","damage_taken":0,"max_hp_gain":0,"max_hp_loss":0,"event_name":"Match and Keep!","floor":2,"gold_loss":0,"cards_obtained":["EmptyMind"]},{"damage_healed":0,"gold_gain":0,"cards_transformed":["Strike_P","Defend_P"],"player_choice":"Became Test Subject","damage_taken":0,"max_hp_gain":0,"max_hp_loss":0,"event_name":"Drug Dealer","floor":19,"gold_loss":0,"cards_obtained":["Ragnarok","ThirdEye"]},{"damage_healed":0,"gold_gain":0,"cards_transformed":["Defend_P"],"player_choice":"Transformed","damage_taken":0,"max_hp_gain":0,"max_hp_loss":0,"event_name":"Transmorgrifier","floor":22,"gold_loss":0,"cards_obtained":["Tantrum"]}],"is_beta":false,"boss_relics":[{"not_picked":["Runic Pyramid","Fusion Hammer"],"picked":"Black Star"}],"items_purged_floors":[],"is_endless":false,"potions_floor_spawned":[8,11,14,18],"killed_by":"Slavers","ascension_level":4}}