{"host":"dth8fvkfiulu86fi","time":1609766254,"event":{"mods":["2.2 Compatiblity","AchievementEnabler","BaseMod","Better Third Choice","Colored Map","Colored Powertips","Minty Spire (QoL Compilation)","Rare Cards Sparkle","StSLib","SuperFastMode","Synergy Search"],"gold_per_floor":[144,15,15,15,60,60,150,195,195,470,470,515,560,650,650,950,950,995,732,777,822,495,585,585,585,660,750,261,261,261,306,306,306,306],"floor_reached":33,"playtime":1274,"items_purged":["Regret","Eruption","Pain"],"score":318,"play_id":"4892ff54-8b9c-4644-b269-c537b52ba23a","local_time":"20210104141734","daily_mods":["Chimera","Diverse","Midas"],"is_ascension_mode":false,"campfire_choices":[{"floor":6,"key":"REST"},{"floor":11,"key":"REST"},{"floor":15,"key":"REST"},{"floor":24,"key":"REST"},{"floor":32,"key":"REST"}],"circlet_count":0,"master_deck":["Bash+1","Survivor","Zap","Strike_R","Strike_G","Strike_B","Defend_R","Defend_G","Defend_P","EmptyFist","Flash of Steel+1","Disarm","Go for the Eyes","Phantasmal Killer+1","Deflect+1","Havoc+1","Consecrate","Flex+1"],"relics":["Cracked Core","Happy Flower","Toxic Egg 2","Thread and Needle","Cursed Key","Membership Card","Blood Vial","Ornamental Fan","Singing Bowl","Oddly Smooth Stone","Darkstone Periapt","Dream Catcher","Ice Cream","Meat on the Bone","Sling"],"acts_visited":["Exordium","TheCity"],"potions_floor_usage":[14,14,16,21,23,27,33],"damage_taken":[{"damage":0,"enemies":"Cultist","floor":1,"turns":2},{"damage":10,"enemies":"Small Slimes","floor":5,"turns":3},{"damage":28,"enemies":"Gremlin Nob","floor":7,"turns":3},{"damage":1,"enemies":"2 Louse","floor":8,"turns":2},{"damage":15,"enemies":"2 Fungi Beasts","floor":12,"turns":4},{"damage":12,"enemies":"Blue Slaver","floor":13,"turns":2},{"damage":33,"enemies":"Lagavulin","floor":14,"turns":4},{"damage":22,"enemies":"The Guardian","floor":16,"turns":10},{"damage":1,"enemies":"Spheric Guardian","floor":18,"turns":3},{"damage":27,"enemies":"2 Thieves","floor":20,"turns":3},{"damage":18,"enemies":"Snecko","floor":21,"turns":3},{"damage":12,"enemies":"Slavers","floor":23,"turns":6},{"damage":21,"enemies":"Book of Stabbing","floor":27,"turns":6},{"damage":10,"enemies":"Cultist and Chosen","floor":31,"turns":6},{"damage":117,"enemies":"Collector","floor":33,"turns":15}],"seed_played":"-6631355389535803282","potions_obtained":[{"floor":7,"key":"BlessingOfTheForge"},{"floor":8,"key":"Energy Potion"},{"floor":12,"key":"Energy Potion"},{"floor":16,"key":"FocusPotion"},{"floor":21,"key":"AttackPotion"},{"floor":23,"key":"LiquidMemories"},{"floor":27,"key":"Block Potion"}],"is_trial":false,"path_per_floor":["M","$","?","?","M","R","E","M","T","?","R","M","M","E","R","B",null,"M","$","M","M","$","E","R","?","T","E","$","?","?","M","R","B"],"character_chosen":"DEFECT","items_purchased":["Flash of Steel","Disarm","Membership Card","Blood Vial","Ornamental Fan","Singing Bowl","Deflect+1","Ice Cream","FairyPotion","Meat on the Bone","Consecrate","Sling"],"campfire_rested":5,"item_purchase_floors":[2,2,19,19,22,22,22,28,28,28,28,28],"current_hp_per_floor":[75,75,60,65,55,79,51,50,50,50,74,59,47,14,38,16,80,79,79,53,37,37,29,53,53,53,34,34,61,61,53,79,0,0],"gold":306,"neow_bonus":"","is_daily":true,"chose_seed":false,"campfire_upgraded":0,"win_rate":0.0,"timestamp":1609766254,"path_taken":["M","$","?","?","M","R","E","M","T","?","R","M","M","E","R","BOSS","M","$","M","?","$","E","R","?","T","E","$","?","?","M","R","BOSS"],"items_purchased_type":["Card","Card","Relic","Relic","Relic","Relic","Card","Relic","Potion","Relic","Card","Relic"],"build_version":"2020-12-22","purchased_purges":3,"victory":false,"max_hp_per_floor":[75,75,75,80,80,80,80,80,80,80,80,80,80,80,80,80,80,80,80,80,80,80,82,82,82,82,82,82,82,82,82,84,84,84],"card_choices":[{"not_picked":["Halt","Feel No Pain"],"picked":"EmptyFist","floor":1},{"not_picked":["Second Wind","Genetic Algorithm","Halt"],"picked":"SKIP","floor":5},{"not_picked":["Outmaneuver","Accuracy","Prepared"],"picked":"SKIP","floor":7},{"not_picked":["Evaluate","Skim","Redo"],"picked":"SKIP","floor":8},{"not_picked":["Cleave","True Grit+1","CutThroughFate"],"picked":"SKIP","floor":12},{"not_picked":["Poisoned Stab","Rage+1"],"picked":"Go for the Eyes","floor":13},{"not_picked":["Prepared+1","Sunder","CutThroughFate"],"picked":"SKIP","floor":14},{"not_picked":["Creative AI","Multi-Cast+1"],"picked":"Phantasmal Killer+1","floor":16},{"not_picked":["Rupture","Coolheaded+1","Metallicize"],"picked":"SKIP","floor":18},{"not_picked":["Pray+1","Cleave","Sweeping Beam"],"picked":"SKIP","floor":20},{"not_picked":["Capacitor+1","Fusion+1","Steam Power+1"],"picked":"SKIP","floor":21},{"not_picked":["Glass Knife","MentalFortress","Sweeping Beam+1"],"picked":"Singing Bowl","floor":23},{"not_picked":["Predator","Barrage"],"picked":"Havoc+1","floor":27},{"not_picked":["FlyingSleeves","Omniscience+1"],"picked":"Flex+1","floor":31},{"not_picked":["Heavy Blade+1","Clothesline+1","Sucker Punch"],"picked":"Singing Bowl","floor":32}],"player_experience":1128234,"relics_obtained":[{"floor":7,"key":"Happy Flower"},{"floor":9,"key":"Toxic Egg 2"},{"floor":14,"key":"Thread and Needle"},{"floor":23,"key":"Oddly Smooth Stone"},{"floor":26,"key":"Darkstone Periapt"},{"floor":27,"key":"Dream Catcher"}],"event_choices":[{"damage_healed":75,"gold_gain":0,"player_choice":"Upgrade","damage_taken":15,"max_hp_gain":0,"max_hp_loss":75,"event_name":"betterThird:BetterShining","floor":3,"gold_loss":0,"cards_upgraded":["Bash","Flash of Steel"]},{"damage_healed":0,"gold_gain":0,"player_choice":"Donut","damage_taken":0,"max_hp_gain":5,"max_hp_loss":0,"event_name":"Big Fish","floor":4,"gold_loss":0},{"damage_healed":0,"gold_gain":275,"player_choice":"Desecrate","damage_taken":0,"max_hp_gain":0,"max_hp_loss":0,"event_name":"Golden Shrine","floor":10,"gold_loss":0,"cards_obtained":["Regret"]},{"damage_healed":0,"gold_gain":0,"player_choice":"Ignored","damage_taken":0,"max_hp_gain":0,"max_hp_loss":0,"event_name":"Ghosts","floor":25,"gold_loss":0},{"damage_healed":27,"gold_gain":0,"player_choice":"Heal","damage_taken":0,"max_hp_gain":0,"max_hp_loss":0,"event_name":"The Library","floor":29,"gold_loss":0},{"damage_healed":0,"gold_gain":0,"player_choice":"Ignored","damage_taken":0,"max_hp_gain":0,"max_hp_loss":0,"event_name":"Vampires","floor":30,"gold_loss":0}],"is_beta":false,"boss_relics":[{"not_picked":["Black Star","Inserter"],"picked":"Cursed Key"}],"items_purged_floors":[19,22,28],"is_endless":false,"potions_floor_spawned":[7,8,12,16,21,23,27],"killed_by":"Collector","ascension_level":0}}