{"host":"922zt4fjsmmy4kg9","time":1609736098,"event":{"mods":["A Magickal Journey","Act Like it!","BaseMod","Better Third Choice","Downfall","Friendly Minions","Hermit","HololiveMod","Hubris","Jorbs\u0027s Wanderer Trilogy","Kiyohime????","Koishi","Marisa????????","Minty Spire (QoL Compilation)","Quick Restart","Reimu??????","Shop Mod","Spicy Shops","StSLib","SuperFastMode","The Animator","The Disciple","The Runesmith"],"gold_per_floor":[99,99,99,13,13,59,59,76,0,0,0,14,14,41,51,51,51],"floor_reached":16,"playtime":566,"items_purged":[],"score":203,"play_id":"20d1fb83-bb5e-4b1f-8b99-b5d0086b4e08","local_time":"20210104155458","is_ascension_mode":true,"campfire_choices":[{"data":"animator:YuiTsuruno","floor":1,"key":"SMITH"},{"data":"animator:NagisaMomoe","floor":10,"key":"SMITH"}],"circlet_count":0,"master_deck":["AscendersBane","animator:Strike_MadokaMagica","animator:Defend_MadokaMagica","animator:IrohaTamaki","animator:YuiTsuruno+1","animator:Emonzaemon","Regret","animator:Strike_Katanagatari","animator:Strike_NoGameNoLife","animator:Strike_TenSura","animator:Defend_Elsword","animator:Defend_OnePunchMan","animator:Defend_OwariNoSeraph+1","animator:EmiyaShirou","animator:KyokoSakura","animator:NagisaMomoe+1","animator:Megumin+3","animator:Kaijin+1","animator:Hans+1","animator:KyokoSakura","animator:Shichika"],"relics":["animator:LivingPicture","animator:TheMissingPiece","downfall:HeartsMalice","hubris:64BitClover","Bronze Scales","Frozen Egg 2","Lantern","hubris:FunFungus"],"acts_visited":["Exordium"],"potions_floor_usage":[9,14,14,16],"damage_taken":[{"damage":0,"enemies":"2 Louse","floor":2,"turns":1},{"damage":0,"enemies":"Jaw Worm","floor":5,"turns":1},{"damage":0,"enemies":"Lagavulin","floor":6,"turns":1},{"damage":4,"enemies":"Cultist","floor":8,"turns":4},{"damage":5,"enemies":"downfall:FleeingMerchant","floor":9,"turns":4},{"damage":0,"enemies":"3 Louse","floor":12,"turns":3},{"damage":12,"enemies":"3 Sentries","floor":14,"turns":4},{"damage":2,"enemies":"Large Slime","floor":15,"turns":5},{"damage":40,"enemies":"downfall:Defect","floor":16,"turns":4}],"seed_played":"-2785163571754843442","potions_obtained":[{"floor":6,"key":"Explosive Potion"},{"floor":11,"key":"ColorlessPotion"},{"floor":11,"key":"ColorlessPotion"},{"floor":15,"key":"Explosive Potion"}],"is_trial":false,"path_per_floor":["R","M","?","?","M","E","T","M","$","R","?","M","?","E","M","B"],"character_chosen":"THE_ANIMATOR","items_purchased":["Lantern"],"campfire_rested":0,"item_purchase_floors":[9],"current_hp_per_floor":[59,59,59,59,59,59,59,56,51,51,51,51,51,39,37,0,0],"gold":51,"neow_bonus":"THREE_ENEMY_KILL","is_daily":false,"chose_seed":false,"campfire_upgraded":2,"win_rate":0.0,"timestamp":1609736098,"path_taken":["R","M","?","?","M","E","T","M","$","R","?","?","?","E","M","BOSS"],"items_purchased_type":["Relic"],"build_version":"2020-12-22","purchased_purges":0,"victory":false,"max_hp_per_floor":[66,66,66,66,66,66,66,67,67,67,67,67,67,67,67,67,67],"card_choices":[{"not_picked":["animator:Mitsurugi","animator:ShinjiMatou"],"picked":"animator:Emonzaemon","floor":2},{"not_picked":["animator:Pride","animator:HighElfArcher"],"picked":"animator:EmiyaShirou","floor":5},{"not_picked":["animator:Darkness","animator:Rider"],"picked":"animator:KyokoSakura","floor":6},{"not_picked":["animator:YuiTsuruno","animator:YachiyoNanami+1"],"picked":"animator:NagisaMomoe","floor":8},{"not_picked":["animator:EmiyaShirou","animator:Berserker"],"picked":"animator:Megumin","floor":9},{"not_picked":["animator:Mitsurugi","animator:UneriGinkaku"],"picked":"animator:Kaijin+1","floor":12},{"not_picked":["animator:SuzuneAmano","animator:ZankiKiguchi"],"picked":"animator:KyokoSakura","floor":14},{"not_picked":["animator:UneriGinkaku","animator:TsurugaMeisai"],"picked":"animator:Shichika","floor":15}],"player_experience":1313664,"relics_obtained":[{"floor":6,"key":"Bronze Scales"},{"floor":7,"key":"Frozen Egg 2"},{"floor":14,"key":"hubris:FunFungus"}],"event_choices":[{"damage_healed":0,"gold_gain":0,"player_choice":"Box","damage_taken":0,"relics_obtained":["hubris:64BitClover"],"max_hp_gain":0,"max_hp_loss":0,"event_name":"Big Fish","floor":3,"gold_loss":0,"cards_obtained":["Regret"]},{"damage_healed":0,"gold_gain":0,"player_choice":"Got Potions","damage_taken":0,"max_hp_gain":0,"max_hp_loss":0,"event_name":"Lab","floor":11,"gold_loss":0}],"is_beta":false,"boss_relics":[],"items_purged_floors":[],"is_endless":false,"potions_floor_spawned":[6,12,15],"killed_by":"downfall:Defect","ascension_level":11}}