{"host":"r5cycnjhcbwgkpkf","time":1609796942,"event":{"mods":["2.2 Compatiblity","AchievementEnabler","BaseMod","Bestiary","Better Match","Better Note","Better Skull","Better Third Choice","BetterRewards","Colored Map","Colored Powertips","Downfall","Infinite Spire","Minty Spire (QoL Compilation)","Replay The Spire","Spicy Shops","StSLib"],"gold_per_floor":[114,114,114,132,143,143,3,38,38,38,3,32,32,32,32,136,136,150,150,160,177,177,177,189,216,216,227,227,238,238,255,255,350,350,361,361,361],"floor_reached":36,"playtime":2206,"items_purged":["Writhe"],"score":759,"play_id":"4e5bd663-b3ff-471a-989a-a3cbc352612c","local_time":"20210104134902","is_ascension_mode":true,"campfire_choices":[{"floor":6.0,"key":"REST"},{"data":"Zap","floor":13.0,"key":"SMITH"},{"data":"Consume","floor":23.0,"key":"SMITH"},{"floor":28,"key":"REST"},{"floor":32,"key":"REST"}],"circlet_count":0,"master_deck":["Strike_B","Strike_B","Strike_B+1","Defend_B","Defend_B","Defend_B+1","Zap+1","Dualcast","Coolheaded","FTL","Redo","BasicCrystalCard+1","Leap","Sweeping Beam","Self Repair+1","Melter","Coolheaded+1","Panic Button","Chill","Core Surge","Consume+1","Force Field","Loop","Buffer","Time Bomb+1"],"relics":["Cracked Core","Replay:Frozen Program","OrangePellets","Akabeko","ReplayTheSpireMod:CursedCoin","Bronze Scales","Snack Pack","Kunai","Busted Crown","Orrery","Gremlin Food","infinitespire:EmpoweringShard","Black Star"],"acts_visited":["Exordium","TheCity","TheBeyond"],"potions_floor_usage":[24,25],"damage_taken":[{"damage":10.0,"enemies":"2 Louse","floor":1.0,"turns":3.0},{"damage":0.0,"enemies":"Jaw Worm","floor":4.0,"turns":2.0},{"damage":0.0,"enemies":"Cultist","floor":5.0,"turns":2.0},{"damage":13.0,"enemies":"Replay:BlueRogue","floor":8.0,"turns":5.0},{"damage":13.0,"enemies":"3 Sentries","floor":12.0,"turns":7.0},{"damage":48.0,"enemies":"Fading Forest","floor":16.0,"turns":11.0},{"damage":0.0,"enemies":"Spheric Guardian","floor":18.0,"turns":1.0},{"damage":8.0,"enemies":"Shell Parasite","floor":20.0,"turns":4.0},{"damage":6.0,"enemies":"Snake Plant","floor":21.0,"turns":3.0},{"damage":47,"enemies":"Centurion and Healer","floor":24,"turns":7},{"damage":45,"enemies":"Book of Stabbing","floor":25,"turns":4},{"damage":8,"enemies":"Chosen and Byrds","floor":27,"turns":5},{"damage":8,"enemies":"Snecko","floor":29,"turns":5},{"damage":13,"enemies":"Snake Plant","floor":31,"turns":3},{"damage":44,"enemies":"Automaton","floor":33,"turns":10},{"damage":29,"enemies":"3 Shapes","floor":35,"turns":5},{"damage":55,"enemies":"3 Darklings","floor":36,"turns":4}],"seed_played":"1452937259359538719","potions_obtained":[{"floor":4.0,"key":"Milkshake"},{"floor":8.0,"key":"FocusPotion"},{"floor":12.0,"key":"DistilledChaos"},{"floor":20.0,"key":"Death Potion"},{"floor":29,"key":"FearPotion"},{"floor":31,"key":"BlessingOfTheForge"}],"is_trial":false,"path_per_floor":["M","?","?","M","M","R","$","E","T","?","?","E","R","$","R_BF","B",null,"M","AVR","M","M","?","R","M","E","T","M","R","M","?","M","R","B",null,"M","M"],"character_chosen":"DEFECT","items_purchased":["Replay:Frozen Program","Coolheaded","OrangePellets","FTL","ReplayTheSpireMod:CursedCoin","Self Repair+1","Melter","Coolheaded"],"campfire_rested":3,"item_purchase_floors":[0,0,0,0,7,7,7,7],"current_hp_per_floor":[43,10,10,10,10,32,32,29,29,34,54,51,51,51,75,47,72,72,72,74,78,78,78,45,12,12,16,40,44,44,43,67,35,69,52,0,0],"gold":361,"neow_bonus":"","is_daily":false,"chose_seed":false,"campfire_upgraded":2,"win_rate":0.0,"timestamp":1609796942,"path_taken":["M","?","?","M","M","R","?","E","T","?","?","E","R","$","R_BF","BOSS","M","AVR","M","M","?","R","M","E","T","M","R","M","?","M","R","BOSS","M","M"],"items_purchased_type":["Relic","Card","Relic","Card","Relic","Card","Card","Card"],"build_version":"2020-12-22","purchased_purges":1,"victory":false,"max_hp_per_floor":[75,75,75,75,75,75,75,75,75,80,80,80,80,80,80,80,80,80,80,80,80,80,80,80,80,80,80,80,80,80,80,80,80,80,80,80,80],"card_choices":[{"not_picked":["ReplayTheSpireMod:GoodbyeWorld","Go for the Eyes"],"picked":"Redo","floor":1.0},{"not_picked":["Redo","Reprogram"],"picked":"Leap","floor":4.0},{"not_picked":["Echo Form","Go for the Eyes"],"picked":"Sweeping Beam","floor":5.0},{"not_picked":["Force Field","Tempest"],"picked":"Panic Button","floor":8.0},{"not_picked":["Fission","FTL"],"picked":"Chill","floor":12.0},{"not_picked":["Amplify","All For One"],"picked":"Core Surge","floor":16.0},{"not_picked":["Gash"],"picked":"SKIP","floor":18.0},{"not_picked":[],"picked":"Consume","floor":19.0},{"not_picked":["Streamline"],"picked":"SKIP","floor":20.0},{"not_picked":["Sweeping Beam"],"picked":"SKIP","floor":21.0},{"not_picked":["Panic Button"],"picked":"SKIP","floor":24},{"not_picked":["ReplayGash"],"picked":"SKIP","floor":25},{"not_picked":["Go for the Eyes"],"picked":"SKIP","floor":27},{"not_picked":["Consume+1"],"picked":"SKIP","floor":29},{"not_picked":[],"picked":"Loop","floor":31},{"not_picked":[],"picked":"Buffer","floor":33},{"not_picked":[],"picked":"Time Bomb+1","floor":35}],"player_experience":400575,"relics_obtained":[{"floor":8.0,"key":"Bronze Scales"},{"floor":9.0,"key":"Snack Pack"},{"floor":12.0,"key":"Kunai"},{"floor":25,"key":"Gremlin Food"},{"floor":26,"key":"infinitespire:EmpoweringShard"}],"event_choices":[{"damage_healed":0.0,"max_hp_gain":0.0,"max_hp_loss":0.0,"gold_gain":0.0,"event_name":"betterThird:BetterScrap","player_choice":"Relic ","floor":2.0,"gold_loss":0.0,"damage_taken":33.0,"cards_obtained":["Ragnarok"]},{"damage_healed":0.0,"max_hp_gain":5.0,"max_hp_loss":0.0,"gold_gain":0.0,"event_name":"Big Fish","player_choice":"Donut","floor":10.0,"gold_loss":0.0,"damage_taken":0.0},{"damage_healed":20.0,"max_hp_gain":0.0,"max_hp_loss":0.0,"gold_gain":0.0,"event_name":"The Cleric","player_choice":"Healed","floor":11.0,"gold_loss":35.0,"damage_taken":0.0},{"damage_healed":0.0,"max_hp_gain":0.0,"max_hp_loss":0.0,"gold_gain":0.0,"event_name":"Vampires","player_choice":"Ignored","floor":22.0,"gold_loss":0.0,"damage_taken":0.0},{"damage_healed":0,"gold_gain":0,"cards_transformed":["Strike_B"],"player_choice":"Transformed","damage_taken":0,"max_hp_gain":0,"max_hp_loss":0,"event_name":"Transmorgrifier","floor":30,"gold_loss":0,"cards_obtained":["Force Field"]}],"is_beta":false,"boss_relics":[{"not_picked":["Ectoplasm","FrozenCore"],"picked":"Busted Crown"},{"not_picked":["Replay:Drink Me","Pandora\u0027s Box"],"picked":"Black Star"}],"items_purged_floors":[7],"is_endless":false,"potions_floor_spawned":[4,8,12,20,21,29,31],"killed_by":"3 Darklings","ascension_level":8}}