{"host":"x3lqeik2a5qeoft8","time":1609725482,"event":{"mods":["AchievementEnabler","BaseMod","Minty Spire (QoL Compilation)","SuperFastMode"],"gold_per_floor":[119,119,119,294,347,375,375,400,470,480,514,144,121,138,138,138,138],"floor_reached":16,"playtime":363,"items_purged":["Strike_R"],"score":199,"play_id":"a48ffeb8-1584-441c-9e26-7df6f35824b9","local_time":"20210104025802","is_ascension_mode":true,"campfire_choices":[{"data":"Shrug It Off","floor":7,"key":"SMITH"},{"floor":15,"key":"REST"}],"circlet_count":0,"master_deck":["Strike_R","Strike_R","Strike_R","Strike_R","Defend_R","Defend_R","Defend_R","Defend_R","Bash","Headbutt","Regret","Doubt","Shrug It Off+1","Thunderclap","Evolve","Seeing Red","Fiend Fire","Fire Breathing","Burning Pact"],"relics":["Burning Blood","NeowsBlessing","StoneCalendar","Lantern","Calipers","Vajra","Toy Ornithopter"],"acts_visited":["Exordium"],"potions_floor_usage":[14,16,16],"damage_taken":[{"damage":0,"enemies":"2 Louse","floor":1,"turns":1},{"damage":2,"enemies":"3 Sentries","floor":6,"turns":2},{"damage":0,"enemies":"Lagavulin","floor":8,"turns":1},{"damage":2,"enemies":"Jaw Worm","floor":10,"turns":4},{"damage":69,"enemies":"Gremlin Nob","floor":11,"turns":6},{"damage":0,"enemies":"Small Slimes","floor":14,"turns":3},{"damage":71,"enemies":"The Guardian","floor":16,"turns":9}],"seed_played":"-7889392417148610986","potions_obtained":[{"floor":6,"key":"SteroidPotion"},{"floor":8,"key":"BlessingOfTheForge"}],"is_trial":false,"path_per_floor":["M","?","$","?","T","E","R","E","T","M","E","$","?","M","R","B"],"character_chosen":"IRONCLAD","items_purchased":["Fiend Fire","Fire Breathing","Regen Potion"],"campfire_rested":1,"item_purchase_floors":[12,12,12],"current_hp_per_floor":[80,80,80,80,80,80,80,80,80,80,17,17,17,37,61,0,0],"gold":138,"neow_bonus":"THREE_ENEMY_KILL","is_daily":false,"chose_seed":false,"campfire_upgraded":1,"win_rate":0.0,"timestamp":1609725482,"path_taken":["M","?","$","?","?","E","R","E","T","M","E","$","?","M","R","BOSS"],"items_purchased_type":["Card","Card","Potion"],"build_version":"2020-12-22","purchased_purges":1,"victory":false,"max_hp_per_floor":[80,80,80,80,80,80,80,80,80,80,80,80,80,80,80,80,80],"card_choices":[{"not_picked":["Infernal Blade","True Grit"],"picked":"Headbutt","floor":1},{"not_picked":["True Grit","Twin Strike"],"picked":"Shrug It Off","floor":6},{"not_picked":["Warcry","Perfected Strike"],"picked":"Thunderclap","floor":8},{"not_picked":["Metallicize","Havoc"],"picked":"Evolve","floor":10},{"not_picked":["Clothesline","Burning Pact"],"picked":"Seeing Red","floor":11},{"not_picked":["Warcry","Body Slam"],"picked":"Burning Pact","floor":14}],"player_experience":110507,"relics_obtained":[{"floor":5,"key":"Lantern"},{"floor":6,"key":"Calipers"},{"floor":8,"key":"Vajra"},{"floor":11,"key":"Toy Ornithopter"}],"event_choices":[{"damage_healed":0,"gold_gain":0,"player_choice":"Box","damage_taken":0,"relics_obtained":["StoneCalendar"],"max_hp_gain":0,"max_hp_loss":0,"event_name":"Big Fish","floor":2,"gold_loss":0,"cards_obtained":["Regret"]},{"damage_healed":0,"gold_gain":175,"player_choice":"AGREE","damage_taken":0,"max_hp_gain":0,"max_hp_loss":0,"event_name":"Liars Game","floor":4,"gold_loss":0,"cards_obtained":["Doubt"]},{"damage_healed":0,"gold_gain":0,"player_choice":"Left Gold","damage_taken":0,"max_hp_gain":0,"max_hp_loss":0,"event_name":"World of Goop","floor":13,"gold_loss":23}],"is_beta":false,"boss_relics":[],"items_purged_floors":[12],"is_endless":false,"potions_floor_spawned":[6,8],"killed_by":"The Guardian","ascension_level":4}}