{"host":"q1ejl7hv5l3527la","time":1609736309,"event":{"mods":["Aspiration","Bard","BaseMod","Better Third Choice","Colored Powertips","Downfall","Energized Spire","Hermit","Highlight Path","Hubris","Infinite Spire","Minty Spire (QoL Compilation)","Replay The Spire","Shop Mod","StSLib","The Bladedancer","The Cursed","The Forsaken","The Juggle","The Jungle","The Runesmith"],"gold_per_floor":[99,99,170,184,194,194,242,273,123,140,159,177,177,195,215,312,312,312,329,347,213,231,248,271,283,301,401,430,23,23,23,34,34,34,34],"floor_reached":33,"playtime":3508,"items_purged":[],"score":298,"play_id":"54e316e9-86b3-48b0-8ee7-aee02bed820d","local_time":"20210103225829","is_ascension_mode":false,"campfire_choices":[{"floor":1,"key":"RECALL"},{"floor":9,"key":"REST"},{"data":"Slimebound:Gluttony","floor":18,"key":"SMITH"},{"data":"Slimebound:SplitMire","floor":30,"key":"SMITH"},{"data":"Slimebound:Split","floor":30,"key":"SMITH"}],"circlet_count":0,"master_deck":["Slimebound:Strike_Slimebound","Slimebound:Strike_Slimebound","Slimebound:Strike_Slimebound","Slimebound:Tackle","Slimebound:Defend_Slimebound","Slimebound:Defend_Slimebound","Slimebound:Defend_Slimebound","Slimebound:Defend_Slimebound","Slimebound:Split+1","Slimebound:CorrosiveSpit","Slimebound:Nibble","Slimebound:LeechEnergy","Slimebound:FinishingTackle","Slimebound:SplitLeeching","Slimebound:FirmFortitude","Slimebound:DivideAndConquer","Slimebound:SplitMire+1","Slimebound:ComboTackle","Slimebound:Gluttony+1","Slimebound:SelfFormingGoo","Slimebound:Schlurp","Slimebound:TongueLash","Slimebound:SplitAcid","Slimebound:TongueLash","Slimebound:Dissolve+1","Slimebound:RallyTheTroops","Slimebound:PressTheAttack","Slimebound:Schlurp","Slimebound:LeadByExample+1","Slimebound:SplitLeeching+1","Slimebound:Schlurp+1","Slimebound:TongueLash","Slimebound:LeechingTouch"],"relics":["Slimebound:AbsorbEndCombat","aspiration:BabyByrd","aspiration:Lifesprig","hubris:MedicalManual","downfall:HeartBlessingBlue","downfall:HeartBlessingRed","infinitespire:Bottled Soul","energizedSpire:DeadBattery","theForsaken:Gavel","StoneCalendar","Bottled Tornado","Replay:Arrowhead","Matryoshka","aspiration:RitualStick"],"acts_visited":["Exordium","TheCity"],"potions_floor_usage":[21,25,27,27,29,33],"damage_taken":[{"damage":15,"enemies":"2 Louse","floor":4,"turns":3},{"damage":4,"enemies":"Small Slimes","floor":5,"turns":3},{"damage":42,"enemies":"Lagavulin","floor":8,"turns":7},{"damage":12,"enemies":"Cultist","floor":10,"turns":3},{"damage":13,"enemies":"Exordium Wildlife","floor":11,"turns":2},{"damage":21,"enemies":"Gremlin Gang","floor":12,"turns":4},{"damage":21,"enemies":"3 Louse","floor":14,"turns":3},{"damage":21,"enemies":"Exordium Wildlife","floor":15,"turns":5},{"damage":51,"enemies":"downfall:Silent","floor":16,"turns":7},{"damage":17,"enemies":"Chosen","floor":19,"turns":4},{"damage":52,"enemies":"3 Byrds","floor":20,"turns":6},{"damage":20,"enemies":"downfall:FleeingMerchant","floor":21,"turns":5},{"damage":39,"enemies":"Centurion and Healer","floor":22,"turns":5},{"damage":49,"enemies":"Snecko","floor":23,"turns":6},{"damage":17,"enemies":"Cultist and Chosen","floor":25,"turns":4},{"damage":40,"enemies":"Centurion and Healer","floor":26,"turns":4},{"damage":44,"enemies":"Colosseum Nobs","floor":27,"turns":4},{"damage":33,"enemies":"Replay:Snechameleon","floor":28,"turns":4},{"damage":27,"enemies":"downfall:FleeingMerchant","floor":29,"turns":4},{"damage":3,"enemies":"Snecko","floor":32,"turns":3},{"damage":81,"enemies":"downfall:Ironclad","floor":33,"turns":4}],"seed_played":"3198743648593655633","potions_obtained":[{"floor":3,"key":"Flashbang"},{"floor":3,"key":"hexamod:EctoCoolerPotion"},{"floor":5,"key":"SkillPotion"},{"floor":12,"key":"Doom Potion"},{"floor":15,"key":"Fire Potion"},{"floor":22,"key":"Adrenaline Potion"},{"floor":28,"key":"infinitespire:BlackPotion"}],"is_trial":false,"path_per_floor":["R","?","?","M","M","?","T","E","R","M","M","M","T","M","M","B",null,"R","M","M","$","M","M","T","M","M","?","E","$","R","?","M","B"],"character_chosen":"SLIMEBOUND","items_purchased":["Slimebound:TongueLash","Fire Potion","Matryoshka","LiquidBronze","Slimebound:TongueLash"],"campfire_rested":1,"item_purchase_floors":[21,21,29,29,29],"current_hp_per_floor":[66,66,66,58,66,66,66,43,75,76,75,67,67,66,73,76,76,76,76,60,76,76,51,51,66,62,42,37,50,50,35,48,0,0,0],"gold":34,"neow_bonus":"TEN_PERCENT_HP_BONUS","is_daily":false,"chose_seed":true,"campfire_upgraded":3,"win_rate":0.0,"timestamp":1609736309,"path_taken":["R","?","?","?","M","?","T","E","R","M","M","M","?","M","M","BOSS","R","M","M","$","?","M","T","M","M","?","E","$","R","?","M","BOSS"],"items_purchased_type":["Card","Potion","Relic","Potion","Card"],"build_version":"2020-12-22","purchased_purges":0,"victory":false,"max_hp_per_floor":[66,66,66,66,66,66,66,66,76,76,76,76,76,76,76,76,76,76,76,76,76,76,76,76,76,76,76,76,76,76,76,76,76,76,76],"card_choices":[{"not_picked":["Slimebound:ComboTackle","Slimebound:SlimeSpikes"],"picked":"Slimebound:Nibble","floor":3},{"not_picked":["Slimebound:FlameTackle","Slimebound:SplitAcid"],"picked":"Slimebound:LeechEnergy","floor":4},{"not_picked":["Slimebound:Repurpose","Slimebound:ServeAndProtect"],"picked":"Slimebound:FinishingTackle","floor":5},{"not_picked":["Slimebound:MinionMaster","Slimebound:FormOfPuddle"],"picked":"Slimebound:SplitLeeching","floor":8},{"not_picked":["Slimebound:SlimeTap","Slimebound:Grow"],"picked":"Slimebound:FirmFortitude","floor":10},{"not_picked":["Slimebound:FirmFortitude","Slimebound:SplitLeeching"],"picked":"Slimebound:DivideAndConquer","floor":11},{"not_picked":["Slimebound:FinishingTackle","Slimebound:SamplingLick"],"picked":"Slimebound:SplitMire","floor":12},{"not_picked":["Slimebound:LeechingTouch","Slimebound:SlimeSpikes"],"picked":"Slimebound:ComboTackle","floor":14},{"not_picked":["Slimebound:SplitLeeching","Slimebound:ProtectTheBoss"],"picked":"Slimebound:Gluttony","floor":15},{"not_picked":["Slimebound:MassRepurpose","Slimebound:PrepareCrush"],"picked":"Slimebound:SelfFormingGoo","floor":16},{"not_picked":["Slimebound:SlimeSpikes","Slimebound:ViciousTackle"],"picked":"Slimebound:Schlurp","floor":19},{"not_picked":["Slimebound:SlimeBarrage","Slimebound:Grow"],"picked":"Slimebound:TongueLash","floor":20},{"not_picked":["Slimebound:SpikyOuterGoop","Slimebound:ViciousTackle"],"picked":"Slimebound:SplitAcid","floor":21},{"not_picked":["Slimebound:RollThrough+1","Slimebound:FinishingTackle"],"picked":"Slimebound:Dissolve+1","floor":22},{"not_picked":["Slimebound:SplitLeeching","Slimebound:DivideAndConquer"],"picked":"Slimebound:RallyTheTroops","floor":23},{"not_picked":["Slimebound:SplitAcid+1","Slimebound:Repurpose"],"picked":"Slimebound:PressTheAttack","floor":25},{"not_picked":["Slimebound:SplitLeeching","Slimebound:GoopSpray"],"picked":"Slimebound:Schlurp","floor":26},{"not_picked":["Slimebound:FinishingTackle","Slimebound:Schlurp"],"picked":"Slimebound:LeadByExample+1","floor":27},{"not_picked":["Slimebound:CheckThePlaybook","Slimebound:DouseInSlime"],"picked":"Slimebound:SplitLeeching+1","floor":28},{"not_picked":["Slimebound:LeechingTouch+1","Slimebound:FinishingTackle"],"picked":"Slimebound:Schlurp+1","floor":29},{"not_picked":["Slimebound:ViciousTackle+1","Slimebound:SpikyOuterGoop"],"picked":"Slimebound:LeechingTouch","floor":32}],"player_experience":85816,"relics_obtained":[{"floor":3,"key":"aspiration:Lifesprig"},{"floor":8,"key":"hubris:MedicalManual"},{"floor":13,"key":"infinitespire:Bottled Soul"},{"floor":24,"key":"theForsaken:Gavel"},{"floor":27,"key":"StoneCalendar"},{"floor":27,"key":"Bottled Tornado"},{"floor":28,"key":"Replay:Arrowhead"}],"event_choices":[],"is_beta":false,"boss_relics":[{"not_picked":["hubris:ScarierMask","hubris:RunicObelisk"],"picked":"energizedSpire:DeadBattery"}],"items_purged_floors":[],"is_endless":false,"potions_floor_spawned":[5,12,14,15,22,23,28],"killed_by":"downfall:Ironclad","ascension_level":0}}