{"host":"gkp57zoegrd3f2ij","time":1609725838,"event":{"mods":["BaseMod","Colored Map","Colored Powertips","Downfall","Minty Spire (QoL Compilation)","StSLib"],"gold_per_floor":[115,115,115,115,34,34,60,60,110,31,44,44,58,9,9,109,109,97,97,97,97,22,22,47,47,73,86,46,62,62,72,72,72,72],"floor_reached":33,"playtime":1097,"items_purged":["Regret"],"score":323,"play_id":"2c0533cf-f9ae-4940-8a05-4e438a126ce9","local_time":"20210104030358","is_ascension_mode":true,"campfire_choices":[{"data":"Hemokinesis","floor":6,"key":"SMITH"},{"data":"True Grit","floor":8,"key":"SMITH"},{"floor":15,"key":"REST"},{"floor":23,"key":"REST"},{"data":"Whirlwind","floor":25,"key":"SMITH"},{"floor":32,"key":"REST"}],"circlet_count":0,"master_deck":["Defend_R","Defend_R","Defend_R+1","Defend_R","Bash+1","Cleave","Hemokinesis+1","True Grit+1","Uppercut","Whirlwind+1","Anger","Slimebound:Tackle+1","Slimebound:Tackle+1","Slimebound:Tackle+1","Shockwave+1","Shame"],"relics":["Burning Blood","Juzu Bracelet","Strawberry","Singing Bowl","Blood Vial","Orichalcum","Philosopher\u0027s Stone","Nilry\u0027s Codex","Oddly Smooth Stone","Pen Nib","Toy Ornithopter"],"acts_visited":["Exordium","TheCity"],"potions_floor_usage":[16,16,16,33],"damage_taken":[{"damage":0,"enemies":"Small Slimes","floor":1,"turns":3},{"damage":32,"enemies":"3 Sentries","floor":7,"turns":6},{"damage":0,"enemies":"2 Louse","floor":11,"turns":2},{"damage":9,"enemies":"Jaw Worm","floor":13,"turns":3},{"damage":56,"enemies":"Hexaghost","floor":16,"turns":11},{"damage":24,"enemies":"2 Thieves","floor":18,"turns":4},{"damage":29,"enemies":"Gremlin Leader","floor":24,"turns":5},{"damage":8,"enemies":"Spheric Guardian","floor":27,"turns":3},{"damage":17,"enemies":"Snake Plant","floor":29,"turns":3},{"damage":31,"enemies":"Shelled Parasite and Fungi","floor":31,"turns":4},{"damage":95,"enemies":"Champ","floor":33,"turns":8}],"seed_played":"1268009168926786753","potions_obtained":[{"floor":7,"key":"Weak Potion"},{"floor":11,"key":"FearPotion"},{"floor":13,"key":"Block Potion"},{"floor":31,"key":"Slimebound:ThreeZeroPotion"}],"is_trial":false,"path_per_floor":["M","?","?","?","$","R","E","R","T","$","M","?","M","$","R","B",null,"M","?","?","?","$","R","E","R","T","M","?","M","?","M","R","B"],"character_chosen":"IRONCLAD","items_purchased":["Hemokinesis","Uppercut","Anger"],"campfire_rested":3,"item_purchase_floors":[5,10,14],"current_hp_per_floor":[80,80,87,75,75,75,49,49,49,49,57,57,58,58,84,38,91,75,75,75,59,59,86,67,67,67,67,67,60,60,39,68,0,0],"gold":72,"neow_bonus":"RANDOM_COMMON_RELIC","is_daily":false,"chose_seed":false,"campfire_upgraded":3,"win_rate":0.0,"timestamp":1609725838,"path_taken":["M","?","?","?","?","R","E","R","T","?","M","?","M","$","R","BOSS","M","?","?","?","$","R","E","R","T","M","?","M","?","M","R","BOSS"],"items_purchased_type":["Card","Card","Card"],"build_version":"2020-12-22","purchased_purges":1,"victory":false,"max_hp_per_floor":[80,80,87,87,87,87,87,87,87,87,87,87,89,89,89,91,91,93,93,93,93,93,93,95,95,95,95,95,97,97,99,99,99,99],"card_choices":[{"not_picked":["Body Slam","Evolve"],"picked":"Cleave","floor":1},{"not_picked":["Searing Blow","Sever Soul"],"picked":"True Grit","floor":7},{"not_picked":["Clothesline","Iron Wave"],"picked":"Whirlwind","floor":11},{"not_picked":["Havoc","Sever Soul","Perfected Strike"],"picked":"Singing Bowl","floor":13},{"not_picked":["Immolate","Fiend Fire","Exhume"],"picked":"Singing Bowl","floor":16},{"not_picked":["Body Slam","Sword Boomerang","Seeing Red"],"picked":"Singing Bowl","floor":18},{"not_picked":["Flex+1","Sword Boomerang+1","Battle Trance+1"],"picked":"Singing Bowl","floor":24},{"not_picked":["Headbutt","Thunderclap"],"picked":"Shockwave","floor":27},{"not_picked":["Body Slam","Twin Strike+1","Thunderclap"],"picked":"Singing Bowl","floor":29},{"not_picked":["Dual Wield","Headbutt+1","Infernal Blade+1"],"picked":"Singing Bowl","floor":31}],"player_experience":235646,"relics_obtained":[{"floor":7,"key":"Blood Vial"},{"floor":9,"key":"Orichalcum"},{"floor":21,"key":"Nilry\u0027s Codex"},{"floor":24,"key":"Oddly Smooth Stone"},{"floor":26,"key":"Pen Nib"}],"event_choices":[{"damage_healed":0,"gold_gain":0,"player_choice":"Grow","damage_taken":0,"max_hp_gain":0,"max_hp_loss":0,"event_name":"Living Wall","floor":2,"gold_loss":0,"cards_upgraded":["Bash"]},{"damage_healed":0,"gold_gain":0,"player_choice":"Box","damage_taken":0,"relics_obtained":["Strawberry"],"max_hp_gain":0,"max_hp_loss":0,"event_name":"Big Fish","floor":3,"gold_loss":0,"cards_obtained":["Regret"]},{"damage_healed":0,"gold_gain":0,"player_choice":"Success","damage_taken":12,"relics_obtained":["Singing Bowl"],"max_hp_gain":0,"max_hp_loss":0,"event_name":"Scrap Ooze","floor":4,"gold_loss":0},{"damage_healed":0,"gold_gain":0,"player_choice":"Searched \u00270\u0027 times","damage_taken":0,"max_hp_gain":0,"max_hp_loss":0,"event_name":"Dead Adventurer","floor":12,"gold_loss":0},{"damage_healed":0,"gold_gain":0,"player_choice":"Ignored","damage_taken":0,"max_hp_gain":0,"max_hp_loss":0,"event_name":"Ghosts","floor":19,"gold_loss":0},{"damage_healed":0,"gold_gain":0,"player_choice":"Obtained Book","damage_taken":16,"max_hp_gain":0,"max_hp_loss":0,"event_name":"Cursed Tome","floor":21,"gold_loss":0},{"damage_healed":0,"gold_gain":0,"player_choice":"Upgraded Two","damage_taken":0,"max_hp_gain":0,"max_hp_loss":0,"event_name":"Designer","floor":28,"gold_loss":40,"cards_upgraded":["Shockwave","Defend_R"]},{"damage_healed":0,"gold_gain":0,"player_choice":"Stole Relic","damage_taken":0,"relics_obtained":["Toy Ornithopter"],"max_hp_gain":0,"max_hp_loss":0,"event_name":"Addict","floor":30,"gold_loss":0,"cards_obtained":["Shame"]}],"is_beta":false,"boss_relics":[{"not_picked":["Pandora\u0027s Box","Mark of Pain"],"picked":"Philosopher\u0027s Stone"}],"items_purged_floors":[22],"is_endless":false,"potions_floor_spawned":[7,11,13,31],"killed_by":"Champ","ascension_level":3}}