{"host":"xj1vcaj0kpg926bu","time":1609758689,"event":{"mods":["2.2 Compatiblity","Act Like it!","BaseMod","Friendly Minions","Minty Spire (QoL Compilation)","StSLib","The Administrix","The Alterego"],"gold_per_floor":[112,112,132,207,224,255,255,268,319,331,373,54,54,67,67,67,67],"floor_reached":16,"playtime":701,"items_purged":["alterego_mod:Strike"],"score":110,"play_id":"324f779f-78d8-472e-ab23-f329d6d83e42","local_time":"20210104191129","is_ascension_mode":false,"campfire_choices":[{"data":"alterego_mod:Impale","floor":7,"key":"SMITH"},{"data":"alterego_mod:Stockings","floor":10,"key":"SMITH"},{"floor":15,"key":"REST"}],"circlet_count":0,"master_deck":["alterego_mod:Strike","alterego_mod:Strike","alterego_mod:Strike","alterego_mod:Defend","alterego_mod:Defend+1","alterego_mod:Defend","alterego_mod:Defend","alterego_mod:Impale+1","alterego_mod:BigMeatyClaws","alterego_mod:BrynhildrsRune+1","alterego_mod:Bounce","alterego_mod:BiFurious","alterego_mod:Stockings+1","alterego_mod:BusterCard"],"relics":["alterego_mod:MasochisticConstitution","NeowsBlessing","Bottled Flame","MawBank","War Paint","Question Card"],"acts_visited":["Exordium"],"potions_floor_usage":[6,16],"damage_taken":[{"damage":0,"enemies":"Jaw Worm","floor":1,"turns":1},{"damage":0,"enemies":"Small Slimes","floor":3,"turns":1},{"damage":0,"enemies":"Cultist","floor":5,"turns":1},{"damage":15,"enemies":"Gremlin Nob","floor":6,"turns":4},{"damage":16,"enemies":"2 Fungi Beasts","floor":8,"turns":4},{"damage":29,"enemies":"Lagavulin","floor":11,"turns":5},{"damage":5,"enemies":"Gremlin Gang","floor":14,"turns":5},{"damage":44,"enemies":"Hexaghost","floor":16,"turns":9}],"seed_played":"-4202985627719917119","potions_obtained":[{"floor":5,"key":"Weak Potion"},{"floor":8,"key":"ColorlessPotion"},{"floor":14,"key":"LiquidBronze"}],"is_trial":false,"path_per_floor":["M","?","M","?","M","E","R","M","T","R","E","$","$","M","R","B"],"character_chosen":"The_Alterego","items_purchased":["Question Card"],"campfire_rested":1,"item_purchase_floors":[12],"current_hp_per_floor":[70,70,70,59,59,45,45,37,37,37,16,16,16,19,41,0,0],"gold":67,"neow_bonus":"THREE_ENEMY_KILL","is_daily":false,"chose_seed":false,"campfire_upgraded":2,"win_rate":0.0,"timestamp":1609758689,"path_taken":["M","?","M","?","M","E","R","?","T","R","E","?","$","M","R","BOSS"],"items_purchased_type":["Relic"],"build_version":"2020-12-22","purchased_purges":1,"victory":false,"max_hp_per_floor":[70,70,70,70,70,71,71,72,72,72,73,73,73,74,74,74,74],"card_choices":[{"not_picked":["alterego_mod:Collar","alterego_mod:Swimsuit"],"picked":"alterego_mod:Bounce","floor":1},{"not_picked":["alterego_mod:Maid","alterego_mod:Punishment","alterego_mod:SakuraPetals"],"picked":"SKIP","floor":3},{"not_picked":["alterego_mod:PurpleHair","alterego_mod:RocketPunch","alterego_mod:Birthday"],"picked":"SKIP","floor":5},{"not_picked":["alterego_mod:PurpleHair","alterego_mod:PerceptionDisorder"],"picked":"alterego_mod:BiFurious","floor":6},{"not_picked":["alterego_mod:MagicResistance","alterego_mod:Complex"],"picked":"alterego_mod:Stockings","floor":8},{"not_picked":["alterego_mod:Cushion","alterego_mod:DestructionOfProperty"],"picked":"alterego_mod:BusterCard","floor":11},{"not_picked":["alterego_mod:GoddessCore","alterego_mod:Skirt","alterego_mod:Belts","alterego_mod:Maid"],"picked":"SKIP","floor":14}],"player_experience":443048,"relics_obtained":[{"floor":6,"key":"Bottled Flame"},{"floor":9,"key":"MawBank"},{"floor":11,"key":"War Paint"}],"event_choices":[{"damage_healed":0,"gold_gain":0,"player_choice":"Ignored","damage_taken":0,"max_hp_gain":0,"max_hp_loss":0,"event_name":"Liars Game","floor":2,"gold_loss":0},{"damage_healed":0,"gold_gain":75,"player_choice":"Gather Gold","damage_taken":11,"max_hp_gain":0,"max_hp_loss":0,"event_name":"World of Goop","floor":4,"gold_loss":0}],"is_beta":false,"boss_relics":[],"items_purged_floors":[12],"is_endless":false,"potions_floor_spawned":[5,8,14],"killed_by":"Hexaghost","ascension_level":0}}