{"host":"w9yruvs4bqht6bhw","time":1609733754,"event":{"mods":["BaseMod","Colored Powertips","Minty Spire (QoL Compilation)"],"gold_per_floor":[115,125,50,65,75,119,135,135,183,183,46,46,63,63,63,169,169,189,8,35,61,61,96,96,96,96],"floor_reached":25,"playtime":777,"items_purged":["Strike_R"],"score":309,"play_id":"bd48614f-4fa8-4b21-8daf-93783c131543","local_time":"20210103231554","is_ascension_mode":true,"campfire_choices":[{"data":"Limit Break","floor":10,"key":"SMITH"},{"data":"Inflame","floor":12,"key":"SMITH"},{"floor":15,"key":"REST"},{"floor":24,"key":"REST"}],"circlet_count":0,"master_deck":["Strike_R","Strike_R","Strike_R","Defend_R","Defend_R","Defend_R","Defend_R","Thunderclap","Inflame+1","Limit Break+1","Limit Break+1","Reaper","Uppercut+1"],"relics":["Black Blood","CeramicFish","Anchor","DollysMirror","Membership Card","Red Mask","InkBottle"],"acts_visited":["Exordium","TheCity"],"potions_floor_usage":[5,6,18,21,21,21,23,25],"damage_taken":[{"damage":11,"enemies":"Cultist","floor":1,"turns":4},{"damage":3,"enemies":"Jaw Worm","floor":2,"turns":4},{"damage":0,"enemies":"Small Slimes","floor":4,"turns":3},{"damage":13,"enemies":"Exordium Wildlife","floor":5,"turns":4},{"damage":43,"enemies":"Lagavulin","floor":6,"turns":8},{"damage":15,"enemies":"2 Fungi Beasts","floor":7,"turns":4},{"damage":7,"enemies":"Red Slaver","floor":13,"turns":6},{"damage":35,"enemies":"Slime Boss","floor":16,"turns":6},{"damage":28,"enemies":"Shell Parasite","floor":18,"turns":4},{"damage":28,"enemies":"Spheric Guardian","floor":20,"turns":4},{"damage":15,"enemies":"Masked Bandits","floor":21,"turns":3},{"damage":95,"enemies":"Gremlin Leader","floor":23,"turns":7},{"damage":75,"enemies":"Slavers","floor":25,"turns":4}],"seed_played":"5509500357605221938","potions_obtained":[{"floor":2,"key":"Weak Potion"},{"floor":4,"key":"DistilledChaos"},{"floor":7,"key":"Block Potion"},{"floor":16,"key":"EssenceOfSteel"},{"floor":18,"key":"SkillPotion"},{"floor":21,"key":"Fire Potion"},{"floor":23,"key":"SteroidPotion"}],"is_trial":false,"path_per_floor":["M","M","$","M","M","E","M","?","T","R","$","R","M","?","R","B",null,"M","$","M","?","?","E","R","E"],"character_chosen":"IRONCLAD","items_purchased":["DollysMirror","Membership Card","Energy Potion"],"campfire_rested":2,"item_purchase_floors":[11,19,19],"current_hp_per_floor":[75,78,78,84,77,40,31,60,60,60,60,60,59,52,78,49,78,88,88,88,88,88,32,58,0,0],"gold":96,"neow_bonus":"TEN_PERCENT_HP_BONUS","is_daily":false,"chose_seed":false,"campfire_upgraded":2,"win_rate":0.0,"timestamp":1609733754,"path_taken":["M","M","$","M","M","E","?","?","T","R","$","R","M","?","R","BOSS","M","$","M","?","?","E","R","E"],"items_purchased_type":["Relic","Relic","Potion"],"build_version":"2020-12-22","purchased_purges":1,"victory":false,"max_hp_per_floor":[88,88,88,88,88,88,88,88,88,88,88,88,88,88,88,88,88,88,88,88,88,88,88,88,88,88],"card_choices":[{"not_picked":["Shrug It Off","Whirlwind"],"picked":"Thunderclap","floor":1},{"not_picked":["Havoc","Pummel","Sword Boomerang"],"picked":"SKIP","floor":2},{"not_picked":["Wild Strike","Power Through","Flame Barrier"],"picked":"SKIP","floor":4},{"not_picked":["Sentinel","Disarm"],"picked":"Inflame","floor":5},{"not_picked":["Seeing Red","Cleave"],"picked":"Limit Break","floor":6},{"not_picked":["Heavy Blade","Intimidate","Wild Strike"],"picked":"SKIP","floor":7},{"not_picked":["Sentinel","Feel No Pain","Headbutt"],"picked":"SKIP","floor":13},{"not_picked":["Impervious","Berserk"],"picked":"Reaper","floor":16},{"not_picked":["Rage","Power Through","Bloodletting"],"picked":"SKIP","floor":18},{"not_picked":["Burning Pact","Armaments"],"picked":"Uppercut+1","floor":20},{"not_picked":["Bludgeon","Sword Boomerang","Warcry"],"picked":"SKIP","floor":23}],"player_experience":322213,"relics_obtained":[{"floor":6,"key":"CeramicFish"},{"floor":9,"key":"Anchor"},{"floor":21,"key":"Red Mask"},{"floor":23,"key":"InkBottle"}],"event_choices":[{"damage_healed":29,"gold_gain":0,"player_choice":"Banana","damage_taken":0,"max_hp_gain":0,"max_hp_loss":0,"event_name":"Big Fish","floor":8,"gold_loss":0},{"cards_removed":["Bash"],"damage_healed":0,"gold_gain":0,"player_choice":"Card Removal","damage_taken":7,"max_hp_gain":0,"max_hp_loss":0,"event_name":"Golden Wing","floor":14,"gold_loss":0},{"damage_healed":0,"gold_gain":0,"player_choice":"Fought Bandits","damage_taken":0,"max_hp_gain":0,"max_hp_loss":0,"event_name":"Masked Bandits","floor":21,"gold_loss":0},{"cards_removed":["Strike_R"],"damage_healed":0,"gold_gain":0,"player_choice":"Elegance","damage_taken":0,"max_hp_gain":0,"max_hp_loss":0,"event_name":"Back to Basics","floor":22,"gold_loss":0}],"is_beta":false,"boss_relics":[{"not_picked":["Coffee Dripper","Mark of Pain"],"picked":"Black Blood"}],"items_purged_floors":[3],"is_endless":false,"potions_floor_spawned":[2,4,7,16,18,21,23],"killed_by":"Slavers","ascension_level":8}}