{"host":"qnk15saze0ayia2v","time":1609788654,"event":{"mods":["BaseMod","GifTheSpireLib","Koishi","Marisa????????","Minty Spire (QoL Compilation)","Replay The Spire","StSLib","The Necromancer","The Servant 0.9.4"],"gold_per_floor":[117,117,132,57,77,77,151,171,171,171,34,52,82,102,102,199,199,210,224,28,44,55,55,66,66,66,66,66,66,66,77,77,179,179,197,197,47,61,61,61],"floor_reached":39,"playtime":4431,"items_purged":["Strike_R","Strike_R","Rupture","Armaments+1"],"score":383,"play_id":"38e39b87-a43c-4609-81a4-95d87cc869d6","local_time":"20210104203054","is_ascension_mode":false,"campfire_choices":[{"data":"Sword Boomerang","floor":23,"key":"SMITH"},{"data":"Sword Boomerang","floor":29,"key":"SMITH"},{"floor":32,"key":"DIG"}],"circlet_count":0,"master_deck":["Defend_R+1","Defend_R+1","Defend_R","Bash","Cleave","Sword Boomerang+1","Armaments+1","Sword Boomerang+1","Self Repair+1","Demonic Infusion+1","Impervious+1","Infernal Blade+1","ReplayTheSpireMod:Stacked+1","Life Link+1","Juggernaut+1","Juggernaut+1","Life Link+1"],"relics":["Pocketwatch","Akabeko","Golden Egg","Torii","Pondfish Scales","Iron Core","Astrolabe","Replay:WaspNest","Ring of Peace","ReplayTheSpireMod:Ring of Exchange","ReplayTheSpireMod:Shallot","Chemical X"],"acts_visited":["Exordium","TheCity","TheBeyond"],"potions_floor_usage":[39],"damage_taken":[{"damage":1,"enemies":"Jaw Worm","floor":1,"turns":3},{"damage":1,"enemies":"Cultist","floor":3,"turns":3},{"damage":0,"enemies":"Small Slimes","floor":5,"turns":3},{"damage":0,"enemies":"Exordium Wildlife","floor":8,"turns":2},{"damage":1,"enemies":"2 Fungi Beasts","floor":12,"turns":2},{"damage":4,"enemies":"Lagavulin","floor":13,"turns":7},{"damage":7,"enemies":"Blue Slaver","floor":14,"turns":3},{"damage":23,"enemies":"The Guardian","floor":16,"turns":16},{"damage":13,"enemies":"Spheric Guardian","floor":18,"turns":6},{"damage":22,"enemies":"Chosen","floor":19,"turns":6},{"damage":10,"enemies":"Snecko","floor":21,"turns":5},{"damage":1,"enemies":"Snake Plant","floor":22,"turns":4},{"damage":11,"enemies":"Centurion and Healer","floor":24,"turns":6},{"damage":9,"enemies":"Chosen and Byrds","floor":31,"turns":5},{"damage":22,"enemies":"Pondfish","floor":33,"turns":7},{"damage":22,"enemies":"3 Darklings","floor":35,"turns":6},{"damage":0,"enemies":"Orb Walker","floor":38,"turns":3},{"damage":81,"enemies":"Sphere and 2 Shapes","floor":39,"turns":3}],"seed_played":"-4087750275274340252","potions_obtained":[{"floor":1,"key":"Reflective Coating"},{"floor":14,"key":"Strength Potion"},{"floor":16,"key":"GamblersBrew"},{"floor":21,"key":"Elixir"},{"floor":24,"key":"Strength Potion"},{"floor":33,"key":"Swift Potion"}],"is_trial":false,"path_per_floor":["M","?","M","$","M","?","T","M","T","?","$","M","E","M","R","B",null,"M","M","$","M","M","R","M","?","T","$","?","R","$","M","R","B",null,"M","?","$","M","M"],"character_chosen":"IRONCLAD","items_purchased":["Armaments","Life Link"],"campfire_rested":0,"item_purchase_floors":[11,20],"current_hp_per_floor":[61,61,66,66,72,65,65,71,71,55,55,60,62,61,61,48,80,77,65,65,65,74,74,73,73,73,73,73,73,73,74,74,62,80,68,68,68,78,0,0],"gold":61,"neow_bonus":"ONE_RARE_RELIC","is_daily":false,"chose_seed":false,"campfire_upgraded":2,"win_rate":0.0,"timestamp":1609788654,"path_taken":["M","?","?","$","M","?","?","M","T","?","?","M","E","M","R","BOSS","M","M","$","M","M","R","M","?","T","$","?","R","$","M","R","BOSS","M","?","$","M","?"],"items_purchased_type":["Card","Card"],"build_version":"2020-12-22","purchased_purges":4,"victory":false,"max_hp_per_floor":[80,80,80,80,80,80,80,80,80,80,80,80,80,80,80,80,80,80,80,80,80,80,80,80,80,80,80,80,80,80,80,80,80,80,80,80,80,80,80,80],"card_choices":[{"not_picked":["Battle Trance","Headbutt"],"picked":"Cleave","floor":1},{"not_picked":["Intimidate","Defy Death"],"picked":"Sword Boomerang","floor":3},{"not_picked":["Heavy Blade","Wild Strike","Sword Boomerang"],"picked":"SKIP","floor":5},{"not_picked":["Second Wind","Run Through","Havoc"],"picked":"SKIP","floor":8},{"not_picked":["Fire Breathing","Defy Death","Clothesline"],"picked":"SKIP","floor":12},{"not_picked":["Bludgeon","True Grit"],"picked":"Rupture","floor":13},{"not_picked":["Dropkick","Pummel"],"picked":"Sword Boomerang","floor":14},{"not_picked":["Berserk","Replay:Many Hands"],"picked":"Demonic Infusion","floor":16},{"not_picked":["ReplayTheSpireMod:Corrosion Curse+1","Twin Strike","Uppercut"],"picked":"SKIP","floor":18},{"not_picked":["Perfected Strike+1","Wild Strike","Heavy Blade"],"picked":"SKIP","floor":19},{"not_picked":["Headbutt+1","Pummel","ReplayTheSpireMod:Strike From Hell"],"picked":"SKIP","floor":21},{"not_picked":["Thunderclap","Searing Blow","ReplayTheSpireMod:Stacked+1"],"picked":"SKIP","floor":22},{"not_picked":["Pommel Strike","Havoc","Clash"],"picked":"SKIP","floor":24},{"not_picked":["Reckless Charge","Warcry"],"picked":"Juggernaut","floor":31},{"not_picked":["Feed","Demonic Infusion"],"picked":"Juggernaut","floor":33},{"not_picked":["Armaments","ReplayTheSpireMod:Muscle Training+1","Shrug It Off"],"picked":"SKIP","floor":35},{"not_picked":["Headbutt","Twin Strike","Blood for Blood+1"],"picked":"SKIP","floor":38}],"player_experience":388518,"relics_obtained":[{"floor":7,"key":"Golden Egg"},{"floor":9,"key":"Torii"},{"floor":13,"key":"Pondfish Scales"},{"floor":26,"key":"Replay:WaspNest"},{"floor":28,"key":"Ring of Peace"},{"floor":28,"key":"ReplayTheSpireMod:Ring of Exchange"},{"floor":32,"key":"ReplayTheSpireMod:Shallot"}],"event_choices":[{"damage_healed":0,"gold_gain":0,"player_choice":"Gave Potion","damage_taken":0,"relics_obtained":["Akabeko"],"max_hp_gain":0,"max_hp_loss":0,"event_name":"WeMeetAgain","floor":2,"gold_loss":0},{"cards_removed":["Strike_R"],"damage_healed":0,"gold_gain":0,"player_choice":"Card Removal","damage_taken":7,"max_hp_gain":0,"max_hp_loss":0,"event_name":"Golden Wing","floor":6,"gold_loss":0},{"damage_healed":0,"gold_gain":0,"player_choice":"Entered Light","damage_taken":16,"max_hp_gain":0,"max_hp_loss":0,"event_name":"Shining Light","floor":10,"gold_loss":0,"cards_upgraded":["Defend_R","Defend_R"]},{"damage_healed":0,"gold_gain":0,"player_choice":"Ignored","damage_taken":0,"max_hp_gain":0,"max_hp_loss":0,"event_name":"Ghosts","floor":25,"gold_loss":0},{"damage_healed":0,"gold_gain":0,"player_choice":"Copied","damage_taken":0,"max_hp_gain":0,"max_hp_loss":0,"event_name":"Duplicator","floor":36,"gold_loss":0,"cards_obtained":["Life Link"]}],"is_beta":false,"boss_relics":[{"not_picked":["Velvet Choker","Tiny House"],"picked":"Astrolabe"},{"not_picked":["Cursed Key","TheAbacus"],"picked":"Chemical X"}],"items_purged_floors":[4,11,20,37],"is_endless":false,"potions_floor_spawned":[1,14,16,21,22,24,33,35],"killed_by":"Sphere and 2 Shapes","ascension_level":0}}