{"host":"0i8dz4ityulxi1rd","time":1609757428,"event":{"mods":["BaseMod","Colored Map","Colored Powertips","Custom Start","Highlight Path","Hubris","Keyboard Shortcuts","Minty Spire (QoL Compilation)","StSLib","SuperFastMode"],"gold_per_floor":[157,188,113,113,148,183,183,223,248,398,58,58,128,105,105,105,105],"floor_reached":16,"playtime":452,"items_purged":["hubris:Envy","Doubt"],"score":204,"play_id":"68976489-a84f-447e-8cc4-cd7037cd002f","local_time":"20210104195028","is_ascension_mode":true,"campfire_choices":[{"data":"Blade Dance","floor":7,"key":"SMITH"},{"floor":12,"key":"REST"},{"data":"Choke","floor":15,"key":"SMITH"}],"circlet_count":0,"master_deck":["AscendersBane","Strike_G","Strike_G","Strike_G","Strike_G","Defend_G","Defend_G","Defend_G","Defend_G","Defend_G","Survivor","Neutralize","HandOfGreed","Backflip","Infinite Blades","Blur","Blade Dance+1","Choke+1","Adrenaline","Footwork","Flying Knee","Escape Plan"],"relics":["Ring of the Snake","Gremlin Horn","Ancient Tea Set","Membership Card"],"acts_visited":["Exordium"],"potions_floor_usage":[16],"damage_taken":[{"damage":3.0,"enemies":"2 Louse","floor":1.0,"turns":4.0},{"damage":1.0,"enemies":"Small Slimes","floor":2.0,"turns":7.0},{"damage":5.0,"enemies":"Jaw Worm","floor":5.0,"turns":6.0},{"damage":26.0,"enemies":"Gremlin Nob","floor":6.0,"turns":4.0},{"damage":8,"enemies":"Red Slaver","floor":8,"turns":4},{"damage":0,"enemies":"3 Louse","floor":13,"turns":6},{"damage":11,"enemies":"Exordium Thugs","floor":14,"turns":4},{"damage":24,"enemies":"Slime Boss","floor":16,"turns":7}],"seed_played":"-193349379569689125","potions_obtained":[{"floor":2.0,"key":"Swift Potion"},{"floor":5.0,"key":"PowerPotion"},{"floor":14,"key":"Poison Potion"}],"is_trial":false,"path_per_floor":["M","M","$","?","M","E","R","M","T","?","$","R","M","M","R","B"],"character_chosen":"THE_SILENT","items_purchased":["Membership Card","Adrenaline","Footwork"],"campfire_rested":1,"item_purchase_floors":[11,11,11],"current_hp_per_floor":[56,55,55,55,50,24,24,16,16,16,16,35,35,24,24,0,0],"gold":105,"neow_bonus":"RANDOM_COLORLESS_2","is_daily":false,"chose_seed":false,"campfire_upgraded":2,"win_rate":0.0,"timestamp":1609757428,"path_taken":["M","M","$","?","M","E","R","M","T","?","$","R","M","M","R","BOSS"],"items_purchased_type":["Relic","Card","Card"],"build_version":"2020-12-22","purchased_purges":2,"victory":false,"max_hp_per_floor":[66,66,66,66,66,66,66,66,66,66,66,66,66,66,66,66,66],"card_choices":[{"not_picked":["Secret Weapon","Metamorphosis"],"picked":"HandOfGreed","floor":0.0},{"not_picked":["Poisoned Stab","Bouncing Flask"],"picked":"Backflip","floor":1.0},{"not_picked":["Blur","Finisher","Bane"],"picked":"SKIP","floor":2.0},{"not_picked":["Riddle With Holes","Endless Agony"],"picked":"Blur","floor":5.0},{"not_picked":["All Out Attack","Tools of the Trade"],"picked":"Blade Dance","floor":6.0},{"not_picked":["All Out Attack","Dodge and Roll"],"picked":"Choke","floor":8},{"not_picked":["Dagger Throw","Caltrops"],"picked":"Flying Knee","floor":13},{"not_picked":["Bane","Slice"],"picked":"Escape Plan","floor":14}],"player_experience":1308710,"relics_obtained":[{"floor":6.0,"key":"Gremlin Horn"},{"floor":9,"key":"Ancient Tea Set"}],"event_choices":[{"damage_healed":0.0,"max_hp_gain":0.0,"max_hp_loss":0.0,"gold_gain":0.0,"cards_transformed":["Strike_G"],"event_name":"Living Wall","player_choice":"Change","floor":4.0,"gold_loss":0.0,"damage_taken":0.0,"cards_obtained":["Infinite Blades"]},{"damage_healed":0,"gold_gain":150,"player_choice":"AGREE","damage_taken":0,"max_hp_gain":0,"max_hp_loss":0,"event_name":"Liars Game","floor":10,"gold_loss":0,"cards_obtained":["Doubt"]}],"is_beta":false,"boss_relics":[],"items_purged_floors":[3,11],"is_endless":false,"potions_floor_spawned":[2,5,14],"killed_by":"Slime Boss","ascension_level":20}}