{"host":"wha9hktbkslqvblg","time":1609742754,"event":{"mods":["BaseMod","Colored Map","Minty Spire (QoL Compilation)","Relic Stats","SuperFastMode","everything is the same but u backflip on backflip"],"gold_per_floor":[115,132,57,57,57,88,88,116,116,13,25,36,56,73,73,147,147,165,215,225,225,58,58,58],"floor_reached":23,"playtime":536,"items_purged":["Strike_B"],"score":452,"play_id":"ac53783b-15bd-4904-b021-cbeb06fc4956","local_time":"20210104154554","is_ascension_mode":true,"campfire_choices":[{"data":"Darkness","floor":7.0,"key":"SMITH"},{"data":"Strike_B","floor":15.0,"key":"PURGE"}],"circlet_count":0,"master_deck":["AscendersBane","Strike_B+1","Defend_B+1","Defend_B+1","Defend_B+1","Defend_B+1","Zap","Dualcast","Ball Lightning","Chill","Darkness+1","Hologram","White Noise","Go for the Eyes","Biased Cognition","Turbo"],"relics":["Cracked Core","NeowsBlessing","Omamori","Peace Pipe","HornCleat","Calling Bell","Strawberry","Gremlin Horn","Incense Burner","OrangePellets"],"acts_visited":["Exordium","TheCity"],"potions_floor_usage":[23],"damage_taken":[{"damage":0.0,"enemies":"Cultist","floor":1.0,"turns":1.0},{"damage":0.0,"enemies":"Jaw Worm","floor":2.0,"turns":1.0},{"damage":0.0,"enemies":"Gremlin Nob","floor":6.0,"turns":1.0},{"damage":10.0,"enemies":"Lagavulin","floor":8.0,"turns":7.0},{"damage":0.0,"enemies":"Small Slimes","floor":11.0,"turns":2.0},{"damage":4.0,"enemies":"Red Slaver","floor":12.0,"turns":3.0},{"damage":0.0,"enemies":"Blue Slaver","floor":13.0,"turns":4.0},{"damage":4.0,"enemies":"Large Slime","floor":14.0,"turns":5.0},{"damage":15.0,"enemies":"The Guardian","floor":16.0,"turns":9.0},{"damage":18.0,"enemies":"Shell Parasite","floor":18.0,"turns":4.0},{"damage":14.0,"enemies":"3 Byrds","floor":20.0,"turns":4.0},{"damage":22,"enemies":"Slavers","floor":23,"turns":5}],"seed_played":"3013451104528476913","potions_obtained":[{"floor":1.0,"key":"Weak Potion"},{"floor":8.0,"key":"SteroidPotion"},{"floor":13.0,"key":"Fruit Juice"},{"floor":16.0,"key":"Ancient Potion"}],"is_trial":false,"path_per_floor":["M","M","?","$","?","E","R","E","T","$","M","M","M","M","R","B",null,"M","?","M","?","$","E"],"character_chosen":"DEFECT","items_purchased":["Hologram","OrangePellets"],"campfire_rested":0,"item_purchase_floors":[10,22],"current_hp_per_floor":[64,64,64,64,54,54,54,44,44,44,44,40,40,36,36,26,71,53,53,39,39,39,17,17],"gold":58,"neow_bonus":"THREE_ENEMY_KILL","is_daily":false,"chose_seed":false,"campfire_upgraded":1,"win_rate":0.0,"timestamp":1609742754,"path_taken":["M","?","?","$","?","E","R","E","T","$","M","?","M","M","R","BOSS","M","?","M","?","$","E"],"items_purchased_type":["Card","Relic"],"build_version":"2020-12-22","purchased_purges":1,"victory":false,"max_hp_per_floor":[71,71,71,71,71,71,71,71,71,71,71,71,71,71,71,76,83,83,83,83,83,83,83,83],"relic_stats":{"Peace Pipe":1,"OrangePellets":[3],"Gremlin Horn":[2,2],"counters":[12,46],"obtain_stats":[{"Peace Pipe":8,"Calling Bell":17,"OrangePellets":22,"HornCleat":9,"NeowsBlessing":0,"Gremlin Horn":17,"Strawberry":17,"Omamori":6,"Incense Burner":17,"Cracked Core":0},{"Peace Pipe":4,"Calling Bell":9,"OrangePellets":11,"HornCleat":4,"NeowsBlessing":0,"Gremlin Horn":9,"Strawberry":9,"Omamori":3,"Incense Burner":9,"Cracked Core":0},{"Peace Pipe":10,"Calling Bell":33,"OrangePellets":41,"HornCleat":10,"NeowsBlessing":0,"Gremlin Horn":33,"Strawberry":33,"Omamori":3,"Incense Burner":33,"Cracked Core":0}]},"card_choices":[{"not_picked":["Genetic Algorithm","Turbo"],"picked":"Ball Lightning","floor":1.0},{"not_picked":["Rip and Tear","Streamline"],"picked":"Chill","floor":2.0},{"not_picked":["Static Discharge","White Noise"],"picked":"Darkness","floor":6.0},{"not_picked":["Ball Lightning","Beam Cell","Force Field"],"picked":"SKIP","floor":8.0},{"not_picked":["Steam","Streamline"],"picked":"White Noise","floor":11.0},{"not_picked":["Melter","Conserve Battery","Recycle"],"picked":"SKIP","floor":12.0},{"not_picked":["Sweeping Beam","Reinforced Body"],"picked":"Go for the Eyes","floor":13.0},{"not_picked":["Hologram","Barrage","Scrape"],"picked":"SKIP","floor":14.0},{"not_picked":["Core Surge","Meteor Strike"],"picked":"Biased Cognition","floor":16.0},{"not_picked":["Doom and Gloom","Stack"],"picked":"Turbo","floor":18.0},{"not_picked":["Sweeping Beam+1","Turbo+1","FTL"],"picked":"SKIP","floor":20.0}],"player_experience":933786,"relics_obtained":[{"floor":6.0,"key":"Omamori"},{"floor":8.0,"key":"Peace Pipe"},{"floor":9.0,"key":"HornCleat"},{"floor":17.0,"key":"Strawberry"},{"floor":17.0,"key":"Gremlin Horn"},{"floor":17.0,"key":"Incense Burner"}],"event_choices":[{"cards_removed":["Strike_B"],"damage_healed":0.0,"max_hp_gain":0.0,"max_hp_loss":0.0,"gold_gain":0.0,"event_name":"The Cleric","player_choice":"Card Removal","floor":3.0,"gold_loss":75.0,"damage_taken":0.0},{"damage_healed":0.0,"max_hp_gain":0.0,"max_hp_loss":0.0,"gold_gain":0.0,"event_name":"Wheel of Change","player_choice":"Damaged","floor":5.0,"gold_loss":0.0,"damage_taken":10.0},{"damage_healed":0.0,"max_hp_gain":0.0,"max_hp_loss":0.0,"gold_gain":50.0,"event_name":"Nest","player_choice":"Stole From Cult","floor":19.0,"gold_loss":0.0,"damage_taken":0.0},{"damage_healed":0.0,"max_hp_gain":0.0,"max_hp_loss":0.0,"gold_gain":0.0,"event_name":"Back to Basics","player_choice":"Simplicity","floor":21.0,"gold_loss":0.0,"damage_taken":0.0,"cards_upgraded":["Strike_B","Defend_B","Defend_B","Defend_B","Defend_B"]}],"is_beta":false,"boss_relics":[{"not_picked":["Nuclear Battery","Astrolabe"],"picked":"Calling Bell"}],"items_purged_floors":[10],"is_endless":false,"potions_floor_spawned":[1,8,11,13,16],"killed_by":"Slavers","ascension_level":20}}