{"host":"so6fnfq7th6ki9q5","time":1609794036,"event":{"mods":["AchievementEnabler","BaseMod","Colored Map","Colored Powertips","Minty Spire (QoL Compilation)","Quick Restart","StSLib"],"gold_per_floor":[109,109,284,296,296,296,321,321,321,321,321,47,65,77,77,77,77],"floor_reached":16,"playtime":932,"items_purged":[],"score":160,"play_id":"3a45efbd-52e2-4c1e-aa0f-a475ad057a19","local_time":"20210104150036","is_ascension_mode":true,"campfire_choices":[{"data":"Neutralize","floor":6.0,"key":"SMITH"},{"data":"Burst","floor":8.0,"key":"SMITH"},{"data":"Strike_G","floor":10.0,"key":"SMITH"},{"data":"Leg Sweep","floor":15.0,"key":"SMITH"}],"circlet_count":0,"master_deck":["Strike_G+1","Strike_G","Strike_G","Strike_G","Strike_G","Defend_G","Defend_G","Defend_G+1","Defend_G","Defend_G","Survivor+1","Neutralize+1","Doubt","Well Laid Plans+1","Burst+1","Deadly Poison","Leg Sweep+1","Blur"],"relics":["Ring of the Snake","NeowsBlessing","War Paint","Ice Cream","Pantograph","Paper Crane"],"acts_visited":["Exordium"],"potions_floor_usage":[],"damage_taken":[{"damage":0.0,"enemies":"Cultist","floor":1.0,"turns":1.0},{"damage":0.0,"enemies":"Jaw Worm","floor":4.0,"turns":1.0},{"damage":0.0,"enemies":"Gremlin Nob","floor":7.0,"turns":1.0},{"damage":0.0,"enemies":"2 Louse","floor":13.0,"turns":3.0},{"damage":0.0,"enemies":"Large Slime","floor":14.0,"turns":9.0},{"damage":105,"enemies":"Slime Boss","floor":16,"turns":26}],"seed_played":"-1320759918614040531","potions_obtained":[{"floor":4.0,"key":"FairyPotion"}],"is_trial":false,"path_per_floor":["M","?","?","M","?","R","E","R","T","R","?","$","M","M","R","B"],"character_chosen":"THE_SILENT","items_purchased":["Paper Crane","Deadly Poison"],"campfire_rested":0,"item_purchase_floors":[12,12],"current_hp_per_floor":[63,45,45,45,45,45,45,45,45,45,45,45,45,45,45,0,0],"gold":77,"neow_bonus":"THREE_ENEMY_KILL","is_daily":false,"chose_seed":false,"campfire_upgraded":4,"win_rate":0.0,"timestamp":1609794036,"path_taken":["M","?","?","M","?","R","E","R","T","R","?","$","M","M","R","BOSS"],"items_purchased_type":["Relic","Card"],"build_version":"2020-12-22","purchased_purges":0,"victory":false,"max_hp_per_floor":[70,70,70,70,70,70,70,70,70,70,70,70,70,70,70,70,70],"card_choices":[{"not_picked":["Acrobatics","Underhanded Strike","Dagger Throw"],"picked":"SKIP","floor":1.0},{"not_picked":["Crippling Poison","Reflex"],"picked":"Well Laid Plans","floor":4.0},{"not_picked":["Predator","Well Laid Plans"],"picked":"Burst","floor":7.0},{"not_picked":["Well Laid Plans","Cloak And Dagger"],"picked":"Leg Sweep","floor":13.0},{"not_picked":["Riddle With Holes","Dagger Throw"],"picked":"Blur","floor":14.0}],"player_experience":302933,"relics_obtained":[{"floor":7.0,"key":"Ice Cream"},{"floor":9.0,"key":"Pantograph"}],"event_choices":[{"damage_healed":0.0,"max_hp_gain":0.0,"max_hp_loss":0.0,"gold_gain":0.0,"event_name":"Scrap Ooze","player_choice":"Success","floor":2.0,"gold_loss":0.0,"damage_taken":18.0,"relics_obtained":["War Paint"]},{"damage_healed":0.0,"max_hp_gain":0.0,"max_hp_loss":0.0,"gold_gain":175.0,"event_name":"Liars Game","player_choice":"AGREE","floor":3.0,"gold_loss":0.0,"damage_taken":0.0,"cards_obtained":["Doubt"]},{"damage_healed":0.0,"max_hp_gain":0.0,"max_hp_loss":0.0,"gold_gain":0.0,"event_name":"Living Wall","player_choice":"Grow","floor":5.0,"gold_loss":0.0,"damage_taken":0.0,"cards_upgraded":["Well Laid Plans"]},{"damage_healed":0.0,"max_hp_gain":0.0,"max_hp_loss":0.0,"gold_gain":0.0,"event_name":"The Woman in Blue","player_choice":"Bought 0 Potions","floor":11.0,"gold_loss":0.0,"damage_taken":0.0}],"is_beta":false,"boss_relics":[],"items_purged_floors":[],"is_endless":false,"potions_floor_spawned":[4],"killed_by":"Slime Boss","ascension_level":6}}