{"host":"roto7j7840a50pxh","time":1609772655,"event":{"mods":["Act Like it!","BaseMod","Better Altar","Better Note","Better Sensory Stone","Better Skull","Better Third Choice","BetterRewards","Colored Map","Colored Powertips","Downfall","Hermit","Highlight Path","Hubris","Infinite Spire","Minty Spire (QoL Compilation)","Replay The Spire","Robot Space Explorer","Shade Mod","Spicy Shops","StSLib","The Cursed","The Dragon Tamer","The Hierophant","The Necromancer","The Runesmith","The Servant 0.9.4","TheVacant"],"gold_per_floor":[116,132,149,167,184,184,214,214,214,234,254,254,269,294,384,488,488,458,458,458,458,458,458,458,458,458,458,458,458,458,458,458,458,458,458,8,8,8,8,8,8,8,8,8,8,8,8,8,8,8],"floor_reached":51,"playtime":3809,"items_purged":[],"score":1083,"play_id":"fe3e0fed-006e-43a7-821f-96c3f78c2947","local_time":"20210104100415","is_ascension_mode":true,"campfire_choices":[{"data":"TheCursedMod:CircleOfWindfury","floor":6.0,"key":"SMITH"},{"floor":23.0,"key":"REST"},{"floor":25.0,"key":"REST"},{"data":"TheCursedMod:AbyssShockwave","floor":40.0,"key":"SMITH"},{"data":"TheCursedMod:CircleOfCorruption","floor":49,"key":"SMITH"}],"circlet_count":0,"master_deck":["TheCursedMod:CursedWand","TheCursedMod:Wield","Finesse+1","TheCursedMod:Stretching+1","TheCursedMod:Stretching","TheCursedMod:CircleOfCorruption+1","TheCursedMod:CircleOfCorruption","TheCursedMod:CircleOfWindfury+1","Replay:Hysterical Blindness","TheCursedMod:VitalStrike","TheCursedMod:RavingStaff","TheCursedMod:StingEye+1","TheCursedMod:FleshFromBone","TheCursedMod:SmokeScreen","TheCursedMod:SoulReap","TheCursedMod:CircleOfCorruption+1","TheCursedMod:AbyssShockwave","TheCursedMod:VitalStrike","TheCursedMod:CursedBoomerang","TheCursedMod:WearCloak","TheCursedMod:SurpriseAttack","TheCursedMod:CursedRelics+1","TheCursedMod:LuckyCharm","Sadistic Nature","TheCursedMod:SpitefulStrike+1","TheCursedMod:TacticalStrike+1","TheCursedMod:CursedStaff","TheCursedMod:WearCloak+1","TheCursedMod:SurpriseAttack","TheCursedMod:LuckyCharm","TheCursedMod:SaltUponWound","TheCursedMod:CircleOfAbyss","TheCursedMod:CursedArmor+1","TheCursedMod:HellsGateOpen","TheCursedMod:HellsGateOpen","TheCursedMod:AbyssShockwave+1","expansioncontent:SuperHexaguard","TheCursedMod:FleshFromBone","TheCursedMod:CursedBlade+1","TheCursedMod:CursedBlade+1","TheCursedMod:Grudge","TheCursedMod:SpitefulPray","infinitespire:Gouge","hubris:Fate","TheCursedMod:EmpowerCircles"],"relics":["TheCursedMod:PinkPellets","Chameleon Ring","Replay:Multitool","Matryoshka","Ectoplasm","hubris:MobiusCoin","CeramicFish","Happy Flower","Nunchaku","Lantern","infinitespire:Satchel","Akabeko","expansioncontent:StudyCardRelic","hubris:Icosahedron","infinitespire:Lucky Rock","Centennial Puzzle","TheCursedMod:BloodyHarpoon"],"acts_visited":["Exordium","TheCity","TheBeyond"],"potions_floor_usage":[50,50,50,50],"damage_taken":[{"damage":0.0,"enemies":"Small Slimes","floor":1.0,"turns":1.0},{"damage":0.0,"enemies":"Jaw Worm","floor":2.0,"turns":1.0},{"damage":0.0,"enemies":"Cultist","floor":3.0,"turns":2.0},{"damage":2.0,"enemies":"Exordium Wildlife","floor":4.0,"turns":4.0},{"damage":5.0,"enemies":"Exordium Thugs","floor":5.0,"turns":4.0},{"damage":17.0,"enemies":"3 Sentries","floor":7.0,"turns":7.0},{"damage":0.0,"enemies":"3 Louse","floor":10.0,"turns":1.0},{"damage":5.0,"enemies":"Red Slaver","floor":11.0,"turns":3.0},{"damage":0.0,"enemies":"Exordium Wildlife","floor":13.0,"turns":2.0},{"damage":4.0,"enemies":"Gremlin Nob","floor":14.0,"turns":3.0},{"damage":20.0,"enemies":"Slime Boss","floor":16.0,"turns":7.0},{"damage":11.0,"enemies":"2 Thieves","floor":18.0,"turns":2.0},{"damage":3.0,"enemies":"Shell Parasite","floor":20.0,"turns":3.0},{"damage":8.0,"enemies":"Cultist and Chosen","floor":21.0,"turns":4.0},{"damage":17.0,"enemies":"Snake Plant","floor":22.0,"turns":3.0},{"damage":33.0,"enemies":"Nightmare","floor":24.0,"turns":8.0},{"damage":17.0,"enemies":"Replay:Snechameleon","floor":28.0,"turns":3.0},{"damage":12.0,"enemies":"Slavers","floor":30.0,"turns":3.0},{"damage":0.0,"enemies":"Centurion and Healer","floor":31.0,"turns":5.0},{"damage":42.0,"enemies":"Automaton","floor":33.0,"turns":8.0},{"damage":0.0,"enemies":"Orb Walker","floor":35.0,"turns":2.0},{"damage":8.0,"enemies":"3 Shapes","floor":37.0,"turns":5.0},{"damage":2.0,"enemies":"3 Darklings","floor":38.0,"turns":4.0},{"damage":21.0,"enemies":"Transient","floor":42.0,"turns":5.0},{"damage":11.0,"enemies":"Sphere and 2 Shapes","floor":44.0,"turns":6.0},{"damage":15.0,"enemies":"Nemesis","floor":45.0,"turns":5.0},{"damage":0.0,"enemies":"Reptomancer","floor":48.0,"turns":1.0},{"damage":13,"enemies":"infinitespire:MassOfShapes","floor":50,"turns":10}],"seed_played":"2191282701342637711","potions_obtained":[{"floor":1.0,"key":"Venom Potion"},{"floor":5.0,"key":"SkillPotion"},{"floor":7.0,"key":"Energy Potion"},{"floor":8.0,"key":"Venom Potion"},{"floor":8.0,"key":"Milkshake"},{"floor":10.0,"key":"Reflective Coating"},{"floor":16.0,"key":"ColorlessPotion"},{"floor":18.0,"key":"AttackPotion"},{"floor":21.0,"key":"Swift Potion"},{"floor":22.0,"key":"Death Potion"},{"floor":31.0,"key":"Reflective Coating"},{"floor":33.0,"key":"ColorlessPotion"},{"floor":38.0,"key":"TheCursedMod:DregsPotion"},{"floor":44.0,"key":"Swift Potion"},{"floor":45.0,"key":"Slimebound:ThreeZeroPotion"}],"is_trial":false,"path_per_floor":["M","M","M","M","M","R","E","R","T","M","M","?","M","E","R","B",null,"M","?","M","M","M","R","NM","R","T","T","E","R","E","M","R_BF","B",null,"M","$","M","M","?","R","?","M","T","M","E","R","AVR","E","R","B",null],"character_chosen":"THE_CURSED","items_purchased":["TheCursedMod:HellsGateOpen","TheCursedMod:AbyssShockwave","expansioncontent:SuperHexaguard","PowerPotion"],"campfire_rested":2,"item_purchase_floors":[36,36,36,36],"current_hp_per_floor":[68,68,68,66,64,64,52,52,52,52,50,50,50,46,46,31,64,53,53,50,42,25,47,18,40,40,40,23,45,38,38,60,23,62,62,62,54,58,58,58,58,42,42,44,34,56,56,56,56,48],"gold":8,"neow_bonus":"TRANSFORM_TWO_CARDS","is_daily":false,"chose_seed":false,"campfire_upgraded":3,"win_rate":0.0,"timestamp":1609772655,"path_taken":["M","M","M","M","M","R","E","R","T","M","M","?","M","E","R","BOSS","M","?","M","M","M","R","NM","R","T","?","E","R","E","M","R_BF","BOSS","M","$","M","M","?","R","?","M","T","?","E","R","AVR","E","R","BOSS"],"items_purchased_type":["Card","Card","Card","Potion"],"build_version":"2020-12-22","purchased_purges":0,"victory":true,"max_hp_per_floor":[75,75,75,75,75,75,75,75,75,75,75,75,75,75,75,75,75,75,75,75,75,75,75,75,75,75,75,75,75,75,75,75,75,75,75,75,75,75,75,75,75,75,75,75,75,75,75,75,75,75],"card_choices":[{"not_picked":["TheCursedMod:SpitefulPray","TheCursedMod:BloodBarrier"],"picked":"TheCursedMod:StingEye","floor":1.0},{"not_picked":["TheCursedMod:CursedShiv","TheCursedMod:CircleOfAmplification"],"picked":"TheCursedMod:FleshFromBone","floor":2.0},{"not_picked":["TheCursedMod:Obscuration","TheCursedMod:VitalStrike"],"picked":"TheCursedMod:SmokeScreen","floor":3.0},{"not_picked":["TheCursedMod:CircleOfAmplification","TheCursedMod:CursedShiv"],"picked":"TheCursedMod:SoulReap","floor":4.0},{"not_picked":["TheCursedMod:CursedMace","TheCursedMod:Stigma"],"picked":"TheCursedMod:CircleOfCorruption","floor":5.0},{"not_picked":["TheCursedMod:CircleOfWindfury","TheCursedMod:Torture"],"picked":"TheCursedMod:AbyssShockwave","floor":7.0},{"not_picked":["TheCursedMod:FleshFromBone","TheCursedMod:HellfireBreathing"],"picked":"TheCursedMod:VitalStrike","floor":10.0},{"not_picked":["TheCursedMod:Wield","TheCursedMod:StingEye"],"picked":"TheCursedMod:CursedBoomerang","floor":11.0},{"not_picked":["TheCursedMod:Obscuration","TheCursedMod:ReleasedStrength"],"picked":"TheCursedMod:WearCloak","floor":13.0},{"not_picked":["TheCursedMod:CursedAmulet","TheCursedMod:CircleOfFlame"],"picked":"TheCursedMod:SurpriseAttack","floor":14.0},{"not_picked":["TheCursedMod:StunningStrike","TheCursedMod:VoidForm"],"picked":"TheCursedMod:CursedRelics","floor":16.0},{"not_picked":["TheCursedMod:RavingStaff+1","TheCursedMod:AshesToAshes+1"],"picked":"TheCursedMod:LuckyCharm","floor":18.0},{"not_picked":["TheCursedMod:RapidMovement","TheCursedMod:RavingStaff"],"picked":"TheCursedMod:SpitefulStrike+1","floor":20.0},{"not_picked":["TheCursedMod:ManaBullet","TheCursedMod:CircleOfFlame"],"picked":"TheCursedMod:TacticalStrike+1","floor":21.0},{"not_picked":["TheCursedMod:CursedBoomerang","TheCursedMod:SurpriseAttack"],"picked":"TheCursedMod:CursedStaff","floor":22.0},{"not_picked":["TheCursedMod:StingEye+1","TheCursedMod:CursedAmulet"],"picked":"TheCursedMod:WearCloak+1","floor":24.0},{"not_picked":["TheCursedMod:DemonicPact","TheCursedMod:RapidMovement"],"picked":"TheCursedMod:SurpriseAttack","floor":28.0},{"not_picked":["TheCursedMod:VitalStrike+1","TheCursedMod:CursedShiv"],"picked":"TheCursedMod:LuckyCharm","floor":30.0},{"not_picked":["TheCursedMod:SpreadPlague","TheCursedMod:SurpriseAttack+1"],"picked":"TheCursedMod:SaltUponWound","floor":31.0},{"not_picked":["TheCursedMod:DarkBarrier","TheCursedMod:ShockAndAwe"],"picked":"TheCursedMod:CircleOfAbyss","floor":33.0},{"not_picked":["TheCursedMod:Torture","TheCursedMod:Stigma+1"],"picked":"TheCursedMod:CursedArmor+1","floor":35.0},{"not_picked":["TheCursedMod:AbyssShockwave","TheCursedMod:TacticalStrike"],"picked":"TheCursedMod:FleshFromBone","floor":37.0},{"not_picked":["TheCursedMod:CircleOfFlame","TheCursedMod:SaltUponWound"],"picked":"TheCursedMod:CursedBlade+1","floor":38.0},{"not_picked":["TheCursedMod:Stigma","TheCursedMod:SpitefulPlan+1"],"picked":"TheCursedMod:CursedBlade+1","floor":42.0},{"not_picked":["TheCursedMod:CursedStaff+1","TheCursedMod:SpitefulPlan"],"picked":"TheCursedMod:Grudge","floor":44.0},{"not_picked":["TheCursedMod:TacticalStrike","TheCursedMod:Torture"],"picked":"TheCursedMod:SpitefulPray","floor":45.0},{"not_picked":["TheCursedMod:SmokeScreen","TheCursedMod:SaltUponWound"],"picked":"TheCursedMod:EmpowerCircles","floor":48.0}],"player_experience":1421397,"relics_obtained":[{"floor":7.0,"key":"Chameleon Ring"},{"floor":9.0,"key":"Replay:Multitool"},{"floor":14.0,"key":"Matryoshka"},{"floor":24.0,"key":"hubris:MobiusCoin"},{"floor":26.0,"key":"CeramicFish"},{"floor":26.0,"key":"Happy Flower"},{"floor":27.0,"key":"Nunchaku"},{"floor":27.0,"key":"Lantern"},{"floor":28.0,"key":"infinitespire:Satchel"},{"floor":30.0,"key":"Akabeko"},{"floor":43.0,"key":"infinitespire:Lucky Rock"},{"floor":45.0,"key":"Centennial Puzzle"},{"floor":48.0,"key":"TheCursedMod:BloodyHarpoon"}],"event_choices":[{"damage_healed":0.0,"max_hp_gain":0.0,"max_hp_loss":0.0,"gold_gain":0.0,"event_name":"Living Wall","player_choice":"Grow","floor":12.0,"gold_loss":0.0,"damage_taken":0.0,"cards_upgraded":["TheCursedMod:StingEye"]},{"cards_removed":["TheCursedMod:CircleOfCorruption"],"damage_healed":0.0,"max_hp_gain":0.0,"max_hp_loss":0.0,"gold_gain":0.0,"event_name":"betterNote:BetterNote","player_choice":"Take \u0026 Give","floor":19.0,"gold_loss":0.0,"damage_taken":0.0,"cards_obtained":["Sadistic Nature"]}],"is_beta":false,"boss_relics":[{"not_picked":["ReplayTheSpireMod:DimensionalGlitch","Runic Dome"],"picked":"Ectoplasm"},{"not_picked":["Tiny House","hubris:HollowSoul"],"picked":"expansioncontent:StudyCardRelic"}],"items_purged_floors":[],"is_endless":false,"potions_floor_spawned":[1,5,7,10,16,18,21,22,31,33,38,44,45,48],"ascension_level":8}}