{"host":"5s7sm4h73jkd9266","time":1609756329,"event":{"mods":["AchievementEnabler","Bartender","BaseMod","Better Match","Better Vampires","BetterRewards","Colored Map","Colored Powertips","Conspire","Downfall","Energized Spire","GifTheSpireLib","Hermit","Hubris","Magitek Elite","Marisa????????","Melee Mod","Minty Spire (QoL Compilation)","Potion Indicator Mod","Rare Cards Sparkle","Relic Stats","Replay The Spire","Robot Space Explorer","Shop Mod","StSLib","Stuff the Spire","The Bladedancer","The Blue Laboratory","The Cursed","The Disciple","The Dragon Tamer","The Forsaken","The Necromancer","The Wild Card","The Witch","Virulent Crown","everything is the same but u backflip on backflip","slay the spire mod where everything is the same but ironclad has a cowboy hat","vexMod"],"gold_per_floor":[118,32,49,49,49,49,106,106,120,120,145,145,160,160,187,26,26,101,101,115,0,0,10,10,42,42,42,42,42,42,42,42,42,42,42,42],"floor_reached":35,"playtime":4657,"items_purged":["Overencumbered","Spreading Infection"],"score":494,"play_id":"ad8b5ddd-2973-40df-8ad3-d4ed927d39ba","local_time":"20210104053209","is_ascension_mode":true,"campfire_choices":[{"floor":8.0,"key":"REST"},{"data":"Self Repair","floor":10.0,"key":"SMITH"},{"data":"Zap","floor":12.0,"key":"SMITH"},{"data":"StuffTheSpire:ShieldGenerator","floor":14.0,"key":"SMITH"},{"floor":17.0,"key":"REST"},{"data":"Buffer","floor":26.0,"key":"SMITH"},{"data":"Stack","floor":29.0,"key":"SMITH"},{"floor":34,"key":"REST"}],"circlet_count":0,"master_deck":["AscendersBane","Strike_B","Strike_B","Strike_B","Strike_B","Defend_B","Defend_B","Defend_B","Defend_B","Zap+1","Dualcast","Static Discharge","BootSequence","Sunder","Crystallizer","Gash","Steam","Self Repair+1","StuffTheSpire:ShieldGenerator+1","Conserve Battery","conspire:Rain","Buffer+1","Echo Form","Slimebound:Icky","Cold Snap","Genetic Algorithm","RitualDagger","FTL","Stack+1","Ball Lightning+1"],"relics":["Cracked Core","Prayer Wheel","Vajra","vexMod:InvisibilityCloak","Replay:Ancient Bell","Juzu Bracelet","HornCleat","vexMod:PlasmaPancake","Pear","hubris:SoftwareUpdate","hubris:FruitBowl"],"acts_visited":["Exordium","TheCity"],"potions_floor_usage":[],"damage_taken":[{"damage":8.0,"enemies":"conspire:RoseBush","floor":1.0,"turns":4.0},{"damage":4.0,"enemies":"Small Slimes","floor":3.0,"turns":3.0},{"damage":3.0,"enemies":"2 Louse","floor":9.0,"turns":3.0},{"damage":22.0,"enemies":"conspire:2 RoseBushes","floor":13.0,"turns":4.0},{"damage":32.0,"enemies":"Lagavulin","floor":15.0,"turns":6.0},{"damage":29.0,"enemies":"The Guardian","floor":18.0,"turns":10.0},{"damage":11.0,"enemies":"Shell Parasite","floor":20.0,"turns":6.0},{"damage":6.0,"enemies":"3 Byrds","floor":23.0,"turns":6.0},{"damage":11.0,"enemies":"conspire:SneckoGhost","floor":25.0,"turns":13.0},{"damage":19,"enemies":"Colosseum Slavers","floor":33,"turns":4},{"damage":62,"enemies":"Champ","floor":35,"turns":18}],"seed_played":"-4469718287549039554","potions_obtained":[{"floor":1.0,"key":"Venom Potion"},{"floor":15.0,"key":"blueLaboratory:RelayPotion"},{"floor":23.0,"key":"Flashbang"}],"is_trial":false,"path_per_floor":["M","$","M","PTL","PTL","?","?","R","M","R","T","R","M","R","E","$","R","B",null,"M","?","?","M","$","E","R","?","T","R","$","$","$","?","R","B"],"character_chosen":"DEFECT","items_purchased":["Sunder","Buffer","hubris:FruitBowl"],"campfire_rested":3,"item_purchase_floors":[2,16,31],"current_hp_per_floor":[56,56,52,52,52,52,52,71,68,68,68,68,56,56,34,34,55,36,68,77,77,71,65,65,74,74,74,74,74,74,43,43,24,50,0,0],"gold":42,"neow_bonus":"ONE_RANDOM_RARE_CARD","is_daily":false,"chose_seed":false,"campfire_upgraded":5,"win_rate":0.0,"timestamp":1609756329,"path_taken":["M","$","M","PTL","PTL","?","?","R","M","R","T","R","M","R","E","$","R","BOSS","M","?","?","M","$","E","R","?","T","R","$","?","$","?","R","BOSS"],"items_purchased_type":["Card","Card","Relic"],"build_version":"2020-12-22","purchased_purges":2,"victory":false,"max_hp_per_floor":[71,71,71,71,71,71,71,71,71,71,71,71,71,71,71,71,71,71,77,77,77,77,77,77,87,87,87,87,87,87,87,87,87,87,87,87],"relic_stats":{"counters":[11,77],"Prayer Wheel":6,"Juzu Bracelet":1,"obtain_stats":[{"vexMod:InvisibilityCloak":15,"vexMod:PlasmaPancake":19,"HornCleat":19,"Pear":25,"hubris:SoftwareUpdate":28,"Vajra":11,"Prayer Wheel":1,"hubris:FruitBowl":31,"Replay:Ancient Bell":19,"Juzu Bracelet":19,"Cracked Core":0},{"vexMod:InvisibilityCloak":5,"vexMod:PlasmaPancake":6,"HornCleat":6,"Pear":9,"hubris:SoftwareUpdate":9,"Vajra":3,"Prayer Wheel":1,"hubris:FruitBowl":9,"Replay:Ancient Bell":6,"Juzu Bracelet":6,"Cracked Core":0},{"vexMod:InvisibilityCloak":20,"vexMod:PlasmaPancake":30,"HornCleat":30,"Pear":55,"hubris:SoftwareUpdate":55,"Vajra":10,"Prayer Wheel":2,"hubris:FruitBowl":55,"Replay:Ancient Bell":30,"Juzu Bracelet":30,"Cracked Core":0}]},"card_choices":[{"not_picked":["Aggregate","Compile Driver"],"picked":"Static Discharge","floor":1.0},{"not_picked":["Steam","Go for the Eyes"],"picked":"BootSequence","floor":1.0},{"not_picked":["ReplaySolidLightProjector","StuffTheSpire:LoadUp"],"picked":"Crystallizer","floor":3.0},{"not_picked":["Turbo","Leap"],"picked":"Gash","floor":3.0},{"not_picked":["BasicCrystalCard","ReplayRNGCard"],"picked":"Steam","floor":9.0},{"not_picked":["Turbo","Sweeping Beam"],"picked":"Self Repair","floor":9.0},{"not_picked":["Defragment","Conserve Battery"],"picked":"StuffTheSpire:ShieldGenerator","floor":13.0},{"not_picked":["ReplayGash","Steam"],"picked":"Conserve Battery","floor":13.0},{"not_picked":["Multi-Cast","Skim"],"picked":"conspire:Rain","floor":15.0},{"not_picked":["Creative AI","Rainbow"],"picked":"Echo Form","floor":18.0},{"not_picked":["hubris:Sloth","ReplayTheSpireMod:Doomed"],"picked":"Overencumbered","floor":19.0},{"not_picked":["sneckomod:Bewildered","hubris:Compulsion"],"picked":"Spreading Infection","floor":19.0},{"not_picked":["Replay:UnknownCurse","conspire:NecroticWound"],"picked":"Slimebound:Icky","floor":19.0},{"not_picked":["Go for the Eyes","Streamline+1"],"picked":"Cold Snap","floor":20.0},{"not_picked":["Steam","Coolheaded"],"picked":"Genetic Algorithm","floor":20.0},{"not_picked":["Sweeping Beam","ReplaySort"],"picked":"FTL","floor":23.0},{"not_picked":["Steam Power","Turbo"],"picked":"Stack","floor":23.0},{"not_picked":["Capacitor","Cold Snap+1"],"picked":"Ball Lightning+1","floor":25.0}],"player_experience":5380560,"relics_obtained":[{"floor":11.0,"key":"Vajra"},{"floor":15.0,"key":"vexMod:InvisibilityCloak"},{"floor":25.0,"key":"Pear"},{"floor":28.0,"key":"hubris:SoftwareUpdate"}],"event_choices":[{"damage_healed":0.0,"max_hp_gain":0.0,"max_hp_loss":0.0,"gold_gain":57.0,"event_name":"Golden Wing","player_choice":"Gained Gold","floor":7.0,"gold_loss":0.0,"damage_taken":0.0},{"damage_healed":0.0,"max_hp_gain":0.0,"max_hp_loss":0.0,"gold_gain":0.0,"event_name":"Masked Bandits","player_choice":"Paid Fearfully","floor":21.0,"gold_loss":115.0,"damage_taken":0.0},{"damage_healed":0.0,"max_hp_gain":0.0,"max_hp_loss":0.0,"gold_gain":0.0,"event_name":"Nest","player_choice":"Joined the Cult","floor":22.0,"gold_loss":0.0,"damage_taken":6.0,"cards_obtained":["RitualDagger"]},{"damage_healed":0,"gold_gain":0,"player_choice":"Fight","damage_taken":0,"max_hp_gain":0,"max_hp_loss":0,"event_name":"Colosseum","floor":33,"gold_loss":0},{"damage_healed":0,"gold_gain":0,"player_choice":"Fled From Nobs","damage_taken":0,"max_hp_gain":0,"max_hp_loss":0,"event_name":"Colosseum","floor":33,"gold_loss":0}],"is_beta":false,"boss_relics":[{"not_picked":["conspire:SpecialSausage","energizedSpire:MagnifyingGlass"],"picked":"Replay:Ancient Bell"},{"not_picked":["ReplayTheSpireMod:TigerMarble","Tiny Chest"],"picked":"Juzu Bracelet"},{"not_picked":["StuffTheSpire:Rhapsscallions","StuffTheSpire:SapphireSignet"],"picked":"HornCleat"},{"not_picked":["Replay:PocketPolymizer","Shovel"],"picked":"vexMod:PlasmaPancake"}],"items_purged_floors":[31,31],"is_endless":false,"potions_floor_spawned":[1,15,23,33],"killed_by":"Champ","ascension_level":17}}