{"host":"6pfj0wha12yu6wq3","time":1609775434,"event":{"mods":["BaseMod","Colored Map","Colored Powertips","Curses Come First","DeckTracker","Minty Spire (QoL Compilation)","RNG Fix","Relic Sorter","Relic Stats","StSLib","ojb\u0027s Better Paths Mod","ojb\u0027s Info Mod"],"gold_per_floor":[111,121,171,183,201,201,232,232,232,242,242,272,21,21,21,100,100,112,1,1,20,35,68,68,68,68],"floor_reached":25,"playtime":1761,"items_purged":["Strike_G"],"score":462,"play_id":"2a2b4b50-8561-4c24-a0a0-c8b6657b25c5","local_time":"20210104105034","is_ascension_mode":true,"campfire_choices":[{"data":"Glass Knife","floor":6,"key":"SMITH"},{"data":"A Thousand Cuts","floor":8,"key":"SMITH"},{"floor":15,"key":"REST"},{"floor":24,"key":"REST"}],"circlet_count":0,"master_deck":["AscendersBane","Survivor","Neutralize+1","Glass Knife+1","Backflip","Dagger Spray","Well Laid Plans","Dagger Spray","A Thousand Cuts+1","Calculated Gamble","Acrobatics","Footwork","Wraith Form v2","Bane","Venomology","Envenom","Deadly Poison","Endless Agony","Poisoned Stab","Malaise","Die Die Die","After Image","Blur","Wraith Form v2","Backflip","Blur","Noxious Fumes","Acrobatics"],"relics":["Ring of the Snake","Nunchaku","Bronze Scales","Blood Vial","Membership Card","Paper Crane","Pandora\u0027s Box","DollysMirror","Pear"],"acts_visited":["Exordium","TheCity"],"potions_floor_usage":[12,12,16,18,21,22,23,23,25,25,25],"damage_taken":[{"damage":0,"enemies":"2 Louse","floor":1,"turns":3},{"damage":0,"enemies":"Jaw Worm","floor":2,"turns":3},{"damage":0,"enemies":"Small Slimes","floor":4,"turns":4},{"damage":5,"enemies":"Red Slaver","floor":5,"turns":4},{"damage":19,"enemies":"3 Sentries","floor":7,"turns":10},{"damage":6,"enemies":"Blue Slaver","floor":10,"turns":5},{"damage":25,"enemies":"Gremlin Nob","floor":12,"turns":4},{"damage":3,"enemies":"Hexaghost","floor":16,"turns":10},{"damage":25,"enemies":"2 Thieves","floor":18,"turns":5},{"damage":0,"enemies":"Chosen","floor":21,"turns":5},{"damage":7,"enemies":"Sentry and Sphere","floor":22,"turns":7},{"damage":18,"enemies":"Book of Stabbing","floor":23,"turns":6},{"damage":52,"enemies":"Slavers","floor":25,"turns":6}],"seed_played":"-871358547506596116","potions_obtained":[{"floor":2,"key":"Poison Potion"},{"floor":5,"key":"SneckoOil"},{"floor":12,"key":"CunningPotion"},{"floor":16,"key":"FearPotion"},{"floor":23,"key":"LiquidBronze"}],"is_trial":false,"path_per_floor":["M","M","?","M","M","R","E","R","T","M","?","E","$","T","R","B",null,"M","$","?","M","M","E","R","E"],"character_chosen":"THE_SILENT","items_purchased":["Membership Card","Footwork","Strength Potion","DollysMirror","Backflip"],"campfire_rested":2,"item_purchase_floors":[13,13,13,19,19],"current_hp_per_floor":[59,59,53,53,48,48,29,29,29,25,25,2,2,2,20,19,50,27,27,27,29,24,18,39,0,0],"gold":68,"neow_bonus":"THREE_RARE_CARDS","is_daily":false,"chose_seed":false,"campfire_upgraded":2,"win_rate":0.0,"timestamp":1609775434,"path_taken":["M","M","?","?","M","R","E","R","T","M","?","E","?","?","R","BOSS","M","$","?","M","M","E","R","E"],"items_purchased_type":["Relic","Card","Potion","Relic","Card"],"build_version":"2020-12-22","purchased_purges":1,"victory":false,"max_hp_per_floor":[60,60,60,60,60,60,60,60,60,60,60,60,60,60,60,60,60,60,60,60,60,60,70,70,70,70],"relic_stats":{"Blood Vial":16,"Nunchaku":[6],"counters":[13,72],"Bronze Scales":[190],"Pandora\u0027s Box":["Bane","Venomology","Envenom","Deadly Poison","Endless Agony","Poisoned Stab","Malaise","Die Die Die","After Image"],"obtain_stats":[{"Blood Vial":9,"Nunchaku":12,"Pear":23,"DollysMirror":19,"Bronze Scales":7,"Pandora\u0027s Box":17,"Membership Card":13,"Paper Crane":14,"Ring of the Snake":0},{"Blood Vial":5,"Nunchaku":7,"Pear":12,"DollysMirror":9,"Bronze Scales":5,"Pandora\u0027s Box":8,"Membership Card":7,"Paper Crane":7,"Ring of the Snake":0},{"Blood Vial":24,"Nunchaku":33,"Pear":66,"DollysMirror":48,"Bronze Scales":24,"Pandora\u0027s Box":43,"Membership Card":33,"Paper Crane":33,"Ring of the Snake":0}],"Ring of the Snake":[26]},"card_choices":[{"not_picked":["After Image","Tools of the Trade"],"picked":"Glass Knife","floor":0},{"not_picked":["Prepared","Backflip","PiercingWail"],"picked":"SKIP","floor":1},{"not_picked":["Prepared","PiercingWail"],"picked":"Backflip","floor":1},{"not_picked":["Bane","Escape Plan"],"picked":"Dagger Spray","floor":2},{"not_picked":["Flying Knee","Distraction"],"picked":"Well Laid Plans","floor":4},{"not_picked":["Backflip","Slice"],"picked":"Dagger Spray","floor":5},{"not_picked":["Outmaneuver","Catalyst"],"picked":"A Thousand Cuts","floor":7},{"not_picked":["Slice","Flying Knee"],"picked":"Calculated Gamble","floor":10},{"not_picked":["Quick Slash","Calculated Gamble"],"picked":"Acrobatics","floor":12},{"not_picked":["Envenom","Unload"],"picked":"Wraith Form v2","floor":16},{"not_picked":["Flechettes","Prepared"],"picked":"Blur","floor":18},{"not_picked":["Quick Slash","Bane"],"picked":"Blur","floor":21},{"not_picked":["Dagger Throw","Accuracy"],"picked":"Noxious Fumes","floor":22},{"not_picked":["Masterful Stab","Flying Knee"],"picked":"Acrobatics","floor":23}],"player_experience":102619,"relics_obtained":[{"floor":7,"key":"Bronze Scales"},{"floor":9,"key":"Blood Vial"},{"floor":12,"key":"Nunchaku"},{"floor":14,"key":"Paper Crane"},{"floor":23,"key":"Pear"}],"event_choices":[{"damage_healed":0,"gold_gain":50,"player_choice":"Touch","damage_taken":6,"max_hp_gain":0,"max_hp_loss":0,"event_name":"FaceTrader","floor":3,"gold_loss":0},{"damage_healed":0,"gold_gain":0,"player_choice":"Upgraded","damage_taken":0,"max_hp_gain":0,"max_hp_loss":0,"event_name":"Upgrade Shrine","floor":11,"gold_loss":0,"cards_upgraded":["Neutralize"]},{"damage_healed":0,"gold_gain":0,"player_choice":"Ignored","damage_taken":0,"max_hp_gain":0,"max_hp_loss":0,"event_name":"Cursed Tome","floor":20,"gold_loss":0}],"is_beta":false,"boss_relics":[{"not_picked":["Runic Dome","Empty Cage"],"picked":"Pandora\u0027s Box"}],"items_purged_floors":[13],"is_endless":false,"potions_floor_spawned":[2,5,12,16,21,23],"killed_by":"Slavers","ascension_level":20}}