{"host":"1hv1kueuvc4r3rdp","time":1609746351,"event":{"mods":["AchievementEnabler","BaseMod","DeckTracker","Highlight Path","Minty Spire (QoL Compilation)","Permanent Neow","StSLib"],"gold_per_floor":[115,132,143,162,11,11,43,43,43,56,70,89,120,135,135,233,233,233,233,233,233,233,233,233,233,233],"floor_reached":25,"playtime":1563,"items_purged":[],"score":337,"play_id":"cc703c29-85d9-4f41-b654-b42721554901","local_time":"20210104014551","is_ascension_mode":true,"campfire_choices":[{"data":"Cold Snap","floor":6,"key":"SMITH"},{"floor":8,"key":"REST"},{"floor":15,"key":"REST"},{"floor":23,"key":"REST"}],"circlet_count":0,"master_deck":["Strike_B","Strike_B","Strike_B","Strike_B","Defend_B","Defend_B","Defend_B","Defend_B","Zap","Dualcast","Leap","Compile Driver","Sweeping Beam","Cold Snap+1","Electrodynamics","Cold Snap+1","Capacitor","Leap","Core Surge+1","Coolheaded","Defragment"],"relics":["Cracked Core","PreservedInsect","Molten Egg 2","Dead Branch","Du-Vu Doll","Ectoplasm"],"acts_visited":["Exordium","TheCity"],"potions_floor_usage":[12,20],"damage_taken":[{"damage":0,"enemies":"Cultist","floor":1,"turns":4},{"damage":1,"enemies":"Jaw Worm","floor":2,"turns":4},{"damage":0,"enemies":"2 Louse","floor":3,"turns":3},{"damage":8,"enemies":"Blue Slaver","floor":4,"turns":4},{"damage":10,"enemies":"Gremlin Nob","floor":7,"turns":3},{"damage":4,"enemies":"3 Louse","floor":10,"turns":3},{"damage":4,"enemies":"Looter","floor":11,"turns":3},{"damage":10,"enemies":"Lots of Slimes","floor":12,"turns":3},{"damage":15,"enemies":"Lagavulin","floor":13,"turns":5},{"damage":11,"enemies":"Gremlin Gang","floor":14,"turns":3},{"damage":52,"enemies":"The Guardian","floor":16,"turns":16},{"damage":9,"enemies":"Spheric Guardian","floor":18,"turns":4},{"damage":6,"enemies":"Shell Parasite","floor":19,"turns":6},{"damage":3,"enemies":"Centurion and Healer","floor":20,"turns":10},{"damage":15,"enemies":"Cultist and Chosen","floor":21,"turns":8},{"damage":11,"enemies":"Snecko","floor":22,"turns":5},{"damage":36,"enemies":"Snake Plant","floor":24,"turns":7},{"damage":20,"enemies":"Sentry and Sphere","floor":25,"turns":3}],"seed_played":"3293587976380678646","potions_obtained":[{"floor":1,"key":"Swift Potion"},{"floor":7,"key":"ColorlessPotion"},{"floor":10,"key":"BlessingOfTheForge"},{"floor":13,"key":"BlessingOfTheForge"},{"floor":14,"key":"Weak Potion"},{"floor":19,"key":"Fruit Juice"},{"floor":21,"key":"BlessingOfTheForge"},{"floor":24,"key":"Energy Potion"}],"is_trial":false,"path_per_floor":["M","M","M","M","$","R","E","R","T","M","M","M","E","M","R","B",null,"M","M","M","M","M","R","M","M"],"character_chosen":"DEFECT","items_purchased":["PreservedInsect"],"campfire_rested":3,"item_purchase_floors":[5],"current_hp_per_floor":[64,63,63,55,55,55,45,71,71,67,63,53,38,27,53,1,67,58,52,54,39,28,56,20,0,0],"gold":233,"neow_bonus":"TWENTY_PERCENT_HP_BONUS","is_daily":false,"chose_seed":false,"campfire_upgraded":1,"win_rate":0.0,"timestamp":1609746351,"path_taken":["M","M","M","M","$","R","E","R","T","M","M","M","E","M","R","BOSS","M","M","M","M","M","R","M","M"],"items_purchased_type":["Relic"],"build_version":"2020-12-22","purchased_purges":0,"victory":false,"max_hp_per_floor":[89,89,89,89,89,89,89,89,89,89,89,89,89,89,89,89,89,89,89,94,94,94,94,94,94,94],"card_choices":[{"not_picked":["Loop","Rebound"],"picked":"Leap","floor":1},{"not_picked":["Steam Power","Steam"],"picked":"Compile Driver","floor":2},{"not_picked":["Redo","Beam Cell"],"picked":"Sweeping Beam","floor":3},{"not_picked":["Consume","Turbo"],"picked":"Cold Snap","floor":4},{"not_picked":["Leap","Hologram"],"picked":"Electrodynamics","floor":7},{"not_picked":["Conserve Battery","Stack"],"picked":"Cold Snap+1","floor":10},{"not_picked":["Force Field","Beam Cell+1"],"picked":"Capacitor","floor":11},{"not_picked":["Coolheaded","Hologram","Compile Driver+1"],"picked":"SKIP","floor":12},{"not_picked":["Streamline+1","Steam","Hologram"],"picked":"SKIP","floor":13},{"not_picked":["Capacitor","Gash+1"],"picked":"Leap","floor":14},{"not_picked":["Creative AI","Hyperbeam+1"],"picked":"Core Surge+1","floor":16},{"not_picked":["Hologram","Sweeping Beam+1","Streamline+1"],"picked":"SKIP","floor":18},{"not_picked":["Conserve Battery+1","BootSequence"],"picked":"Coolheaded","floor":19},{"not_picked":["Fusion","Beam Cell+1","Gash+1"],"picked":"SKIP","floor":20},{"not_picked":["Stack+1","Sunder+1","Conserve Battery+1"],"picked":"SKIP","floor":21},{"not_picked":["Conserve Battery+1","Barrage+1","Reprogram"],"picked":"SKIP","floor":22},{"not_picked":["Capacitor","Reprogram"],"picked":"Defragment","floor":24}],"player_experience":1131470,"relics_obtained":[{"floor":7,"key":"Molten Egg 2"},{"floor":9,"key":"Dead Branch"},{"floor":13,"key":"Du-Vu Doll"}],"event_choices":[],"is_beta":false,"boss_relics":[{"not_picked":["Busted Crown","Coffee Dripper"],"picked":"Ectoplasm"}],"items_purged_floors":[],"is_endless":false,"potions_floor_spawned":[1,7,10,13,14,18,19,21,24],"killed_by":"Sentry and Sphere","ascension_level":8}}