{"host":"y6h8h5dnjuludn40","time":1609792538,"event":{"mods":["BaseMod","Colored Map","Colored Powertips","Googly Eyes","Hermit","Minty Spire (QoL Compilation)","Replay The Spire","StSLib","The Construct","The Hierophant"],"gold_per_floor":[116,116,86,100,100,100,115,128,128,142,167,35,35,53,53,176,176,192,231,156,156,156,189,189,214,214,14,39,39,2,15,15,135,135,158,6,125,138,89,89,130,130,154,154,178,178,178,178,178],"floor_reached":48,"playtime":2874,"items_purged":["construct:Defend_Gold","construct:Strike_Gold"],"score":470,"play_id":"56b1986d-279a-4c0a-95e8-5204b9359d66","local_time":"20210104143538","is_ascension_mode":false,"campfire_choices":[{"data":"construct:ForceCore","floor":6,"key":"SMITH"},{"floor":13,"key":"REST"},{"floor":15,"key":"REST"},{"data":"construct:ClockworkEgg","floor":24,"key":"SMITH"},{"floor":29,"key":"REST"},{"floor":40,"key":"REST"},{"floor":44,"key":"RECALL"},{"floor":46,"key":"REST"}],"circlet_count":0,"master_deck":["construct:AttackMode","construct:DefenseMode","construct:Analyze+1","construct:SuppressiveFire","construct:ForceCore+1","construct:GuardCore","construct:FlakBarrage+1","construct:CriticalHit","construct:Synchronize+1","construct:Stasis","construct:ClockworkEgg+1","construct:QuickAttack+1","construct:Multistage+1","construct:Impenetrable+1","construct:SweepLaser+1","construct:QuickAttack+1","construct:UnbalancingBlast","construct:GuardCore","construct:QuickAttack","construct:Autoturret+1","construct:GatlingGun+1","construct:Boost","construct:Synchronize","construct:Disrupt","construct:CripplingShot+1","construct:CripplingShot+1","construct:Autoturret","construct:Autoturret","construct:MemoryTap","construct:SyphonStrike+1","Parasite"],"relics":["construct:Cogwheel","Dead Branch","Golden Idol","Durian","Astrolabe","Red Mask","Smiling Mask","Gremlin Horn","Membership Card","Pandora\u0027s Box","Blue Doll","TheAbacus","Whetstone","Kunai"],"acts_visited":["Exordium","TheCity","TheBeyond"],"potions_floor_usage":[16,19,19,23,31,31,33,33,38,38,42],"damage_taken":[{"damage":6,"enemies":"Jaw Worm","floor":1,"turns":5},{"damage":2,"enemies":"Small Slimes","floor":4,"turns":5},{"damage":1,"enemies":"Cultist","floor":7,"turns":3},{"damage":7,"enemies":"Blue Slaver","floor":8,"turns":4},{"damage":21,"enemies":"Large Slime","floor":10,"turns":4},{"damage":7,"enemies":"3 Louse","floor":11,"turns":2},{"damage":8,"enemies":"Looter","floor":14,"turns":3},{"damage":28,"enemies":"Slime Boss","floor":16,"turns":8},{"damage":25,"enemies":"Shell Parasite","floor":18,"turns":6},{"damage":0,"enemies":"Masked Bandits","floor":19,"turns":2},{"damage":32,"enemies":"Slavers","floor":23,"turns":6},{"damage":1,"enemies":"Chosen","floor":25,"turns":7},{"damage":16,"enemies":"Sentry and Sphere","floor":28,"turns":6},{"damage":0,"enemies":"Snecko","floor":31,"turns":5},{"damage":7,"enemies":"Champ","floor":33,"turns":8},{"damage":14,"enemies":"3 Shapes","floor":35,"turns":7},{"damage":34,"enemies":"Orb Walker","floor":38,"turns":6},{"damage":2,"enemies":"R_Hoarder","floor":41,"turns":9},{"damage":0,"enemies":"Sphere and 2 Shapes","floor":42,"turns":1},{"damage":19,"enemies":"Writhing Mass","floor":45,"turns":8},{"damage":42,"enemies":"Transient","floor":48,"turns":4}],"seed_played":"6327609138786699461","potions_obtained":[{"floor":1,"key":"SteroidPotion"},{"floor":3,"key":"construct:ShiftPotion"},{"floor":3,"key":"Energy Potion"},{"floor":16,"key":"Fire Potion"},{"floor":19,"key":"LiquidBronze"},{"floor":28,"key":"Toxic Potion"},{"floor":31,"key":"EssenceOfSteel"},{"floor":33,"key":"construct:MegaPotion"},{"floor":35,"key":"Languid Potion"},{"floor":41,"key":"SmokeBomb"}],"is_trial":false,"path_per_floor":["M","?","?","M","?","R","M","M","T","M","M","$","R","M","R","B",null,"M","?","?","?","?","E","R","M","T","$","M","R","$","M","R_BF","B",null,"M","$","?","M","$","R","E","M","T","R","M","R","?","M"],"character_chosen":"THE_CONSTRUCT_MOD","items_purchased":["construct:Synchronize+1","Membership Card","EssenceOfSteel","Blue Doll","TheAbacus","construct:Autoturret","construct:MemoryTap"],"campfire_rested":5,"item_purchase_floors":[12,27,30,36,36,39,39],"current_hp_per_floor":[79,54,54,52,52,52,51,44,49,28,21,21,46,38,63,35,84,59,59,59,59,59,27,27,26,26,26,10,35,35,35,60,53,84,70,70,37,3,3,28,26,26,26,26,7,32,32,0,0],"gold":178,"neow_bonus":"THREE_CARDS","is_daily":false,"chose_seed":false,"campfire_upgraded":2,"win_rate":0.0,"timestamp":1609792538,"path_taken":["M","?","?","?","?","R","M","M","T","M","M","$","R","M","R","BOSS","M","?","?","?","?","E","R","M","T","$","M","R","?","M","R_BF","BOSS","M","$","?","M","?","R","E","M","T","R","?","R","?","M"],"items_purchased_type":["Card","Relic","Potion","Relic","Relic","Card","Card"],"build_version":"2020-12-22","purchased_purges":2,"victory":false,"max_hp_per_floor":[85,85,85,85,79,79,79,79,84,84,84,84,84,84,84,84,84,84,84,84,84,84,84,84,84,84,84,84,84,84,84,84,84,84,84,84,84,84,84,84,84,84,84,84,84,84,84,84,84],"card_choices":[{"not_picked":["construct:Versatility","construct:Anticipate"],"picked":"construct:Analyze","floor":0},{"not_picked":["construct:UnbalancingBlast","construct:Versatility"],"picked":"construct:SuppressiveFire","floor":1},{"not_picked":["construct:Versatility","construct:Tumble"],"picked":"construct:ForceCore","floor":4},{"not_picked":["construct:Analyze","construct:Impenetrable"],"picked":"construct:GuardCore","floor":7},{"not_picked":["construct:Hazardproof","construct:SuppressiveFire"],"picked":"construct:FlakBarrage","floor":8},{"not_picked":["construct:OneWayMirror","construct:Synchronize"],"picked":"construct:CriticalHit","floor":10},{"not_picked":["construct:Missile","construct:CriticalHit","construct:VentSteam"],"picked":"SKIP","floor":11},{"not_picked":["construct:SiegeForm","construct:ModeShift"],"picked":"construct:Stasis","floor":14},{"not_picked":["construct:HastyRepair","construct:ShiftingStance"],"picked":"construct:ClockworkEgg","floor":16},{"not_picked":["construct:Accumulate","construct:Reinforce"],"picked":"construct:SweepLaser+1","floor":18},{"not_picked":["construct:Analyze+1","construct:ElectricArmor"],"picked":"construct:QuickAttack+1","floor":19},{"not_picked":["construct:SaveState+1","construct:Missile+1"],"picked":"construct:GuardCore","floor":23},{"not_picked":["construct:Accumulate","construct:Versatility","construct:Impenetrable"],"picked":"SKIP","floor":25},{"not_picked":["construct:GoldenBullet","construct:ModeShift+1"],"picked":"construct:QuickAttack","floor":28},{"not_picked":["construct:Isolate","construct:Backfire+1"],"picked":"construct:Autoturret+1","floor":31},{"not_picked":["construct:Multistage","construct:MemoryTap"],"picked":"construct:GatlingGun","floor":33},{"not_picked":["construct:ClusterMines+1","construct:FierceBash"],"picked":"construct:Disrupt","floor":35},{"not_picked":["construct:HeavyBolt+1","construct:ClusterMines+1"],"picked":"construct:CripplingShot+1","floor":37},{"not_picked":["construct:SaveState","construct:ScrapCannon"],"picked":"construct:CripplingShot+1","floor":37},{"not_picked":["construct:Tumble+1","construct:SaveState+1","construct:ModeShift"],"picked":"SKIP","floor":38},{"not_picked":["construct:VentSteam","construct:Isolate"],"picked":"construct:SyphonStrike+1","floor":41},{"not_picked":["construct:ShiftStrike","construct:ShiftGuard+1","construct:ClusterMines+1"],"picked":"SKIP","floor":45}],"player_experience":238852,"relics_obtained":[{"floor":9,"key":"Durian"},{"floor":19,"key":"Red Mask"},{"floor":23,"key":"Smiling Mask"},{"floor":26,"key":"Gremlin Horn"},{"floor":37,"key":"Whetstone"},{"floor":41,"key":"Kunai"}],"event_choices":[{"damage_healed":0,"gold_gain":0,"player_choice":"Success","damage_taken":25,"relics_obtained":["Dead Branch"],"max_hp_gain":0,"max_hp_loss":0,"event_name":"Scrap Ooze","floor":2,"gold_loss":0},{"damage_healed":0,"gold_gain":0,"player_choice":"Bought 2 Potions","damage_taken":0,"max_hp_gain":0,"max_hp_loss":0,"event_name":"The Woman in Blue","floor":3,"gold_loss":0},{"damage_healed":0,"gold_gain":0,"player_choice":"Lose Max HP","damage_taken":0,"relics_obtained":["Golden Idol"],"max_hp_gain":0,"max_hp_loss":6,"event_name":"Golden Idol","floor":5,"gold_loss":0},{"damage_healed":0,"gold_gain":0,"player_choice":"Fought Bandits","damage_taken":0,"max_hp_gain":0,"max_hp_loss":0,"event_name":"Masked Bandits","floor":19,"gold_loss":0},{"cards_removed":["construct:Defend_Gold"],"damage_healed":0,"gold_gain":0,"player_choice":"Gave Gold","damage_taken":0,"max_hp_gain":0,"max_hp_loss":0,"event_name":"Beggar","floor":20,"gold_loss":75},{"damage_healed":0,"gold_gain":0,"cards_transformed":["construct:Defend_Gold","construct:Defend_Gold"],"player_choice":"Became Test Subject","damage_taken":0,"max_hp_gain":0,"max_hp_loss":0,"event_name":"Drug Dealer","floor":22,"gold_loss":0,"cards_obtained":["construct:UnbalancingBlast","construct:SpinDrive"]},{"cards_removed":["construct:SpinDrive"],"damage_healed":0,"gold_gain":0,"player_choice":"Removed Power","damage_taken":0,"max_hp_gain":0,"max_hp_loss":0,"event_name":"Falling","floor":47,"gold_loss":0}],"is_beta":false,"boss_relics":[{"not_picked":["Replay:Bronze Core","Black Star"],"picked":"Astrolabe"},{"not_picked":["Coffee Dripper","Runic Pyramid"],"picked":"Pandora\u0027s Box"}],"items_purged_floors":[12,27],"is_endless":false,"potions_floor_spawned":[1,10,11,16,19,28,31,33,35,41],"killed_by":"Transient","ascension_level":0}}