{"host":"65bhxfoqsqjg61le","time":1609723708,"event":{"mods":["2.2 Compatiblity","AchievementEnabler","BaseMod","Better Third Choice","Colored Powertips","Conspire","DeckTracker","Downfall","Energized Spire","GifTheSpireLib","Googly Eyes","Hubris","Infinite Spire","Minty Spire (QoL Compilation)","Quick Restart","RRrroohrrRGHHhhh!!","Random Character Button","Rare Cards Sparkle","Replay The Spire","Shade Mod","StSLib","Stuff the Spire","The IronCluck","Wandering Minibosses","egg","everything is the same but u backflip on backflip","slay the spire mod where everything is the same but ironclad has a cowboy hat","thorton"],"gold_per_floor":[114,114,60,134,284,314,329,329,379,379,397,433,452,452,452,558,558,582,582,110,110,110,110,110,110,10,60,85,138,156,156],"floor_reached":30,"playtime":17162,"items_purged":["Looming Evil"],"score":311,"play_id":"c349037b-7b32-4dc8-b73d-71e9e8466247","local_time":"20210103202828","is_ascension_mode":true,"campfire_choices":[{"floor":8,"key":"REST"},{"data":"Flex","floor":10,"key":"SMITH"},{"floor":15,"key":"REST"},{"floor":23,"key":"REST"}],"circlet_count":0,"master_deck":["Strike_R","Strike_R","Strike_R","Strike_R","Defend_R","Defend_R","Defend_R","Defend_R","Bash","Flex+1","hubris:Greed","Limit Break","Life Link","Replay:Undeath\u0027s Touch","Offering","Slimebound:Icky","Shade:CarefulCut","Eclipse","Specialist","ReplayTheSpireMod:Book of Names","Evolve+1","Dark Embrace","conspire:SpireCoStock","conspire:SpireCoStock","hubris:Greed"],"relics":["Burning Blood","Strawberry","infinitespire:EmpoweringShard","ReplayTheSpireMod:CursedCoin","ReplayTheSpireMod:Ninjato","StuffTheSpire:GrapeVine","Juzu Bracelet","hubris:FruitBowl","ReplayTheSpireMod:SealedPack","wanderingMiniBosses:OtherGremlinHorn","Ring of Fury","ReplayTheSpireMod:Ring of Challenge","BargainBundle","StuffTheSpire:Tea","betterThird:NestCultRelic","energizedSpire:NeverEndingSparkler","Toy Ornithopter","Orichalcum"],"acts_visited":["Exordium","TheCity"],"potions_floor_usage":[13,16,29,30],"damage_taken":[{"damage":6,"enemies":"Cultist","floor":1,"turns":3},{"damage":56,"enemies":"Lagavulin","floor":6,"turns":6},{"damage":2,"enemies":"Jaw Worm","floor":7,"turns":3},{"damage":5,"enemies":"conspire:RoseBush","floor":11,"turns":4},{"damage":45,"enemies":"3 Sentries","floor":12,"turns":8},{"damage":7,"enemies":"Exordium Wildlife","floor":13,"turns":3},{"damage":76,"enemies":"Fading Forest","floor":16,"turns":11},{"damage":38,"enemies":"conspire:FuzzyDice","floor":18,"turns":6},{"damage":60,"enemies":"conspire:MimicChest","floor":29,"turns":4},{"damage":46,"enemies":"3 Byrds","floor":30,"turns":4}],"seed_played":"3944607554822224692","potions_obtained":[{"floor":1,"key":"FairyPotion"},{"floor":11,"key":"Explosive Potion"},{"floor":12,"key":"infinitespire:BlackPotion"}],"is_trial":false,"path_per_floor":["M","?","$","T","$","E","M","R","T","R","M","E","M","$","R","B",null,"M","?","$","?","AVR","R","PTL","PTL","?","T","T","?","M"],"character_chosen":"IRONCLAD","items_purchased":["Flex","ReplayTheSpireMod:CursedCoin","hubris:FruitBowl","BargainBundle","Dark Embrace","Fire Potion","Death Potion","conspire:TimeTravelPotion","StuffTheSpire:Tea"],"campfire_rested":3,"item_purchase_floors":[3,5,14,20,20,20,20,20,20],"current_hp_per_floor":[79,79,79,79,79,29,33,59,59,59,60,21,20,1,27,16,69,37,37,37,37,37,63,63,63,63,63,63,41,0,0],"gold":156,"neow_bonus":"RANDOM_COMMON_RELIC","is_daily":false,"chose_seed":false,"campfire_upgraded":1,"win_rate":0.0,"timestamp":1609723708,"path_taken":["M","?","$","?","?","E","M","R","T","R","M","E","M","?","R","BOSS","M","?","$","?","AVR","R","PTL","PTL","?","?","T","?","M"],"items_purchased_type":["Card","Relic","Relic","Relic","Card","Potion","Potion","Potion","Relic"],"build_version":"2020-12-22","purchased_purges":1,"victory":false,"max_hp_per_floor":[87,87,87,87,87,87,87,87,87,87,87,87,87,87,87,87,87,87,87,87,87,87,87,87,87,87,87,87,87,87,87],"card_choices":[{"not_picked":["Spot Weakness","StuffTheSpire:Slingshot","rorgmod:Sentinel"],"picked":"SKIP","floor":1},{"not_picked":["Perfected Strike","rorgmod:Sentinel"],"picked":"Limit Break","floor":6},{"not_picked":["Rupture","ReplayReversal"],"picked":"Life Link","floor":7},{"not_picked":["StuffTheSpire:RagingBull","Iron Wave","Disarm"],"picked":"SKIP","floor":11},{"not_picked":["Iron Wave","StuffTheSpire:Incineration"],"picked":"Replay:Undeath\u0027s Touch","floor":12},{"not_picked":["Combust","Havoc","Run Through"],"picked":"SKIP","floor":13},{"not_picked":["Barricade","Bludgeon"],"picked":"Offering","floor":16},{"not_picked":["Slimebound:CorrosiveSpit","Replay:GuardianBash"],"picked":"Shade:CarefulCut","floor":17},{"not_picked":["Fiend Fire","Feed"],"picked":"Eclipse","floor":17},{"not_picked":["Jack Of All Trades","expansioncontent:DefensiveMode"],"picked":"Specialist","floor":17},{"not_picked":["infinitespire:NeuralNetwork","infinitespire:Menacing"],"picked":"ReplayTheSpireMod:Book of Names","floor":17},{"not_picked":["Pommel Strike","rorgmod:Sentinel"],"picked":"Evolve+1","floor":18}],"player_experience":1030465,"relics_obtained":[{"floor":4,"key":"infinitespire:EmpoweringShard"},{"floor":6,"key":"ReplayTheSpireMod:Ninjato"},{"floor":9,"key":"StuffTheSpire:GrapeVine"},{"floor":12,"key":"Juzu Bracelet"},{"floor":18,"key":"wanderingMiniBosses:OtherGremlinHorn"},{"floor":19,"key":"Ring of Fury"},{"floor":19,"key":"ReplayTheSpireMod:Ring of Challenge"},{"floor":28,"key":"Toy Ornithopter"},{"floor":29,"key":"Orichalcum"}],"event_choices":[{"cards_removed":["Strike_R"],"damage_healed":0,"gold_gain":0,"player_choice":"Offered Basic","damage_taken":0,"max_hp_gain":0,"max_hp_loss":0,"event_name":"Bonfire Elementals","floor":2,"gold_loss":0},{"damage_healed":0,"gold_gain":0,"player_choice":"Madness","damage_taken":0,"relics_obtained":["betterThird:NestCultRelic"],"max_hp_gain":0,"max_hp_loss":0,"event_name":"betterThird:BetterNest","floor":21,"gold_loss":0},{"damage_healed":0,"gold_gain":0,"player_choice":"Invest 2","damage_taken":0,"max_hp_gain":0,"max_hp_loss":0,"event_name":"conspire:Investor","floor":26,"gold_loss":0}],"is_beta":false,"boss_relics":[{"not_picked":["Electric Blood","hubris:HollowSoul"],"picked":"ReplayTheSpireMod:SealedPack"}],"items_purged_floors":[20],"is_endless":false,"potions_floor_spawned":[1,11,12],"killed_by":"3 Byrds","ascension_level":7}}