{"host":"6c6ar78u7yqa804a","time":1609751162,"event":{"mods":["Act Like it!","BaseMod","CapriCore","Colored Powertips","Gensokyo","Highlight Path","KinomotoSakuraMod(ƒæ÷Æ±æ”£)","Koishi","Marisa£®ÏF”Í°°ƒß¿Ì…≥£©","Minty Spire (QoL Compilation)","Onozuka Komachi Mod","Prisma Mod","Quick Restart","Reimu£®≤©¿ˆ¡È√Œ£©","Remilia£®¿Ÿ√◊¿Ú—«£©","Replay The Spire","StSLib","The Immortal","The Servant 0.9.4","WarShipGirlsR/’ΩΩ¢…Ÿ≈ÆR mod","Yakumo Yukari mod","Youmu£®ªÍ∆«—˝√Œ£©","Yuyuko","ÛÙª÷∏ƒœ"],"gold_per_floor":[112,5919,5919,5933,5951,4958,4988,4256,4256,4045,4045,4056,4056,4086,4086,4189,4189,4199,4209,3521,3521,2792,2822,2822,2857,2857,2857,2883,2883,2373,2384,2384,2484,2484,2500,2565,2578,2596,2092,2092,2092,2092,2118,2153,2187,1242,1242,805,16,16],"floor_reached":51,"playtime":1636,"items_purged":["ClowCardTheSword","ClowCardTheSword","ClowCardTheSword","ClowCardTheSword","ClowCardTheLoop","SpellCardSeal","ClowCardTheShield","ClowCardTheShield","ClowCardTheShield","ClowCardTheShield"],"score":1273,"play_id":"7bae9ed2-6ce7-4ee7-a88f-4ff1c5e1ddde","local_time":"20210104170602","is_ascension_mode":true,"campfire_choices":[{"data":"1","floor":11.0,"key":"LIFT"},{"data":"2","floor":13.0,"key":"LIFT"},{"data":"3","floor":15.0,"key":"LIFT"},{"data":"ClowCardTheFlower","floor":24,"key":"SMITH"},{"data":"Thinking Ahead","floor":27,"key":"SMITH"},{"data":"ClowCardTheDash","floor":29,"key":"SMITH"},{"data":"Thinking Ahead","floor":32,"key":"SMITH"},{"data":"ClowCardTheArrow","floor":40,"key":"SMITH"},{"data":"ClowCardTheFight","floor":41,"key":"SMITH"},{"data":"ClowCardTheDash","floor":42,"key":"SMITH"},{"data":"Master of Strategy","floor":47,"key":"SMITH"}],"circlet_count":0,"master_deck":["ClowCardTheWave","SakuraCardThePower+","SakuraCardTheFight+","SpellCardRelease","ClowCardTheLight+1","ClowCardTheFight+1","Finesse","ClowCardTheFight+1","ClowCardTheFlower+1","ClowCardTheLoop+1","ClowCardTheDash+1","Thinking Ahead+1","ClowCardTheDash+1","Thinking Ahead+1","AbeCurse","ClowCardTheArrow+1","Master of Strategy+1","ClowCardTheWave+1","ClowCardTheRain+1","ClowCardTheFlower+1","Secret Technique","ReplayUltimateDefense"],"relics":["KSMOD_SealedBook","KSMOD_SealedWand","NeowsBlessing","Gensokyo:PortableGap","Guide Book","Replay:Towering Pillar of Hats","Strawberry","FossilizedHelix","Ice Cream","KSMOD_SwordJade","Chemical X","Girya","Pear","KSMOD_TeddyBear","KSMOD_DarknessWand","Replay:Mystery Machine","Question Card","Orrery","Happy Flower","Replay:Wax Seal","Mummified Hand","Calipers","Snack Pack","Abe\u0027s Treasure","Mirror","Kunai","Oddly Smooth Stone","ReplayTheSpireMod:ShopPack","Dream Catcher","Centennial Puzzle","KSMOD_Compass","DollysMirror","Gremlin Horn","Incense Burner","KSMOD_GemBrooch","Anchor"],"acts_visited":["Gensokyo:Gensokyo","TheCity","TheBeyond"],"potions_floor_usage":[50,50,50],"damage_taken":[{"damage":0.0,"enemies":"Gensokyo:Python","floor":1.0,"turns":1.0},{"damage":3.0,"enemies":"Gensokyo:Gryphon","floor":4.0,"turns":2.0},{"damage":1.0,"enemies":"Gensokyo:2_Kodama","floor":5.0,"turns":3.0},{"damage":18.0,"enemies":"Gensokyo:Aya","floor":7.0,"turns":4.0},{"damage":0.0,"enemies":"Gensokyo:Kitsune","floor":12.0,"turns":3.0},{"damage":0.0,"enemies":"Gensokyo:Mamizou","floor":14.0,"turns":4.0},{"damage":0.0,"enemies":"Gensokyo:Yukari","floor":16.0,"turns":4.0},{"damage":6.0,"enemies":"3 Byrds","floor":18.0,"turns":4.0},{"damage":0.0,"enemies":"Spheric Guardian","floor":19.0,"turns":3.0},{"damage":17,"enemies":"Replay:Snechameleon","floor":23,"turns":3},{"damage":0,"enemies":"Slavers","floor":25,"turns":2},{"damage":0,"enemies":"Gremlin Leader","floor":28,"turns":2},{"damage":0,"enemies":"Cultist and Chosen","floor":31,"turns":3},{"damage":0,"enemies":"Automaton","floor":33,"turns":4},{"damage":0,"enemies":"3 Darklings","floor":35,"turns":2},{"damage":0,"enemies":"Orb Walker","floor":37,"turns":2},{"damage":0,"enemies":"Maw","floor":38,"turns":2},{"damage":0,"enemies":"Nemesis","floor":44,"turns":1},{"damage":0,"enemies":"Reptomancer","floor":45,"turns":1},{"damage":0,"enemies":"Replay:Hell Engine","floor":50,"turns":2}],"seed_played":"9183017463474910780","potions_obtained":[{"floor":5.0,"key":"SteroidPotion"},{"floor":7.0,"key":"DuplicationPotion"},{"floor":12.0,"key":"Energy Potion"},{"floor":18.0,"key":"SteroidPotion"},{"floor":23,"key":"SkillPotion"},{"floor":33,"key":"PowerPotion"}],"is_trial":false,"path_per_floor":["M","COS","?","M","M","R","E","$","T","$","R","M","R","E","R","B",null,"M","M","$","?","$","E","R","E","T","R","E","R","$","M","R","B",null,"M","?","M","M","$","R","R","R","T","E","E","$","R","$","R","B",null],"character_chosen":"KINOMOTOSAKURA","items_purchased":["ClowCardTheLight","ClowCardTheFight","Guide Book","Replay:Towering Pillar of Hats","Strawberry","KSMOD_SwordJade","Chemical X","ClowCardThePower+1","Girya","Finesse","Replay:Mystery Machine","Question Card","Orrery","ClowCardTheDash","Thinking Ahead","Happy Flower","Replay:Wax Seal","ClowCardTheDash","Thinking Ahead","Oddly Smooth Stone","ReplayTheSpireMod:ShopPack","DollysMirror","Gremlin Horn","Incense Burner","Secret Technique","KSMOD_GemBrooch","ReplayUltimateDefense","Anchor"],"campfire_rested":0,"item_purchase_floors":[6,6,6,6,6,8,8,8,8,10,20,20,20,22,22,22,22,30,30,39,39,46,46,46,48,49,49,49],"current_hp_per_floor":[63,63,63,60,59,66,48,48,58,58,58,58,58,58,58,58,72,66,66,66,66,66,49,49,49,49,49,49,49,49,51,51,59,64,65,39,41,43,43,43,43,43,43,47,50,47,47,47,47,47],"gold":16,"neow_bonus":"THREE_ENEMY_KILL","is_daily":false,"chose_seed":false,"campfire_upgraded":8,"win_rate":0.0,"timestamp":1609751162,"path_taken":["M","COS","?","?","M","R","E","$","T","$","R","?","R","E","R","BOSS","M","M","$","?","$","E","R","E","T","R","E","R","$","M","R","BOSS","M","?","M","M","$","R","R","R","T","E","E","$","R","$","R","BOSS"],"items_purchased_type":["Card","Card","Relic","Relic","Relic","Relic","Relic","Card","Relic","Card","Relic","Relic","Relic","Card","Card","Relic","Relic","Card","Card","Relic","Relic","Relic","Relic","Relic","Card","Relic","Card","Relic"],"build_version":"2020-12-22","purchased_purges":10,"victory":true,"max_hp_per_floor":[70,70,63,63,63,70,70,70,80,77,77,77,77,77,77,77,77,77,77,77,77,77,77,74,71,71,71,68,65,65,65,65,65,65,65,65,65,65,65,62,59,59,56,53,50,47,47,47,47,47],"card_choices":[{"not_picked":["ClowCardTheWood","ClowCardTheWindy","ClowCardTheEarthy"],"picked":"SKIP","floor":1.0},{"not_picked":["ClowCardTheMaze","ClowCardTheShadow"],"picked":"ClowCardTheLoop","floor":4.0},{"not_picked":["ClowCardTheMist","ClowCardTheFloat","ClowCardTheWood"],"picked":"SKIP","floor":5.0},{"not_picked":["ClowCardTheMist","ClowCardTheFloat","ClowCardTheWood"],"picked":"SKIP","floor":5.0},{"not_picked":["ClowCardTheShadow","ClowCardTheVoice","ClowCardTheMaze"],"picked":"SKIP","floor":7.0},{"not_picked":["ClowCardTheShadow","ClowCardTheWood"],"picked":"ClowCardTheFight","floor":12.0},{"not_picked":["ClowCardTheMirror","ClowCardTheChange"],"picked":"ClowCardTheFlower","floor":14.0},{"not_picked":["ClowCardTheChange","ClowCardTheSand","ClowCardTheMaze"],"picked":"SKIP","floor":18.0},{"not_picked":["ClowCardTheMist","ClowCardTheSilent+1","ClowCardTheMirror"],"picked":"SKIP","floor":19},{"not_picked":["ClowCardTheFlower","ClowCardTheErase","ClowCardTheBig"],"picked":"ClowCardTheLoop+1","floor":20},{"not_picked":["ClowCardTheVoice+1","ClowCardTheErase","ClowCardTheFlower","ClowCardTheWatery"],"picked":"SKIP","floor":23},{"not_picked":["ClowCardTheLittle","ClowCardTheShot","ClowCardTheBubbles","ClowCardTheSleep"],"picked":"SKIP","floor":25},{"not_picked":["ClowCardTheDream","ClowCardTheWatery","ClowCardTheEarthy","ClowCardTheMove"],"picked":"SKIP","floor":28},{"not_picked":["ClowCardTheEarthy","ClowCardTheSleep+1","ClowCardTheShadow","ClowCardTheLittle+1"],"picked":"SKIP","floor":31},{"not_picked":["ClowCardTheThrough","ClowCardTheDash","ClowCardTheTime"],"picked":"ClowCardTheCreate","floor":33},{"not_picked":["ClowCardTheLibra+1","ClowCardTheCloud+1","ClowCardTheSweet","ClowCardTheShot+1"],"picked":"SKIP","floor":35},{"not_picked":["ClowCardTheEarthy","ClowCardTheMove","ClowCardTheBig"],"picked":"ClowCardTheArrow","floor":37},{"not_picked":["ClowCardTheLibra","ClowCardTheCloud+1","ClowCardTheLittle+1","ClowCardTheShot+1"],"picked":"SKIP","floor":38},{"not_picked":["The Bomb","Secret Technique","Apotheosis"],"picked":"Master of Strategy","floor":39},{"not_picked":["ClowCardTheFight","ClowCardTheSand+1","ClowCardTheShadow+1"],"picked":"ClowCardTheWave+1","floor":44},{"not_picked":["ClowCardTheMist","ClowCardTheFreeze","ClowCardTheFlower+1"],"picked":"ClowCardTheRain+1","floor":45}],"player_experience":378143,"relics_obtained":[{"floor":7.0,"key":"Ice Cream"},{"floor":9.0,"key":"Pear"},{"floor":14.0,"key":"KSMOD_TeddyBear"},{"floor":23,"key":"Mummified Hand"},{"floor":25,"key":"Calipers"},{"floor":28,"key":"Snack Pack"},{"floor":35,"key":"Mirror"},{"floor":36,"key":"Kunai"},{"floor":43,"key":"Dream Catcher"},{"floor":44,"key":"Centennial Puzzle"},{"floor":45,"key":"KSMOD_Compass"}],"event_choices":[{"damage_healed":0,"gold_gain":0,"player_choice":"Ignored","damage_taken":0,"max_hp_gain":0,"max_hp_loss":0,"event_name":"Ghosts","floor":21,"gold_loss":0}],"is_beta":false,"boss_relics":[{"not_picked":["Runic Pyramid","Replay:Drink Me"],"picked":"KSMOD_DarknessWand"},{"not_picked":["Replay:Ancient Bell","Runic Dome"],"picked":"Abe\u0027s Treasure"}],"items_purged_floors":[6,8,10,20,22,30,39,46,48,49],"is_endless":false,"potions_floor_spawned":[5,7,12,18,23,33,35,44,45],"ascension_level":9}}