{"host":"daa8jqyg4gqfaysm","time":1609777017,"event":{"mods":["BaseMod","Colored Powertips","Minty Spire (QoL Compilation)","StSLib"],"gold_per_floor":[117,131,131,154,172,172,208,208,208,544,51,74,92,111,111,230,230,251,166,179,179,104,134,147,162,216,241,261,281,309,324,324,429,429,447,465,485,504,554,586,620,645,645,154,180,198,229,229,229,229,229,229,82,108,108,108],"floor_reached":55,"playtime":3191,"items_purged":["Strike_P"],"score":1373,"play_id":"330806c2-2ed8-454c-a8ff-739f1d0fafa1","local_time":"20210105001657","is_ascension_mode":true,"campfire_choices":[{"data":"PathToVictory","floor":6,"key":"SMITH"},{"data":"DeceiveReality","floor":8,"key":"SMITH"},{"data":"Apotheosis","floor":15,"key":"SMITH"},{"floor":32,"key":"RECALL"},{"floor":49,"key":"REST"},{"floor":52,"key":"REST"}],"circlet_count":0,"master_deck":["Strike_P+1","Strike_P","Defend_P","Defend_P","Defend_P","Defend_P","Eruption","Vigilance","PathToVictory+1","DeceiveReality+1","EmptyBody","Sanctity","Conclude+1","PathToVictory","Apotheosis+1","PathToVictory","ClearTheMind","Scrawl","PathToVictory","DevaForm","EmptyMind+1","PathToVictory+1","Thinking Ahead","Blind"],"relics":["PureWater","Bloody Idol","TungstenRod","Unceasing Top","Old Coin","Bottled Lightning","Runic Pyramid","GoldenEye","HornCleat","Happy Flower","Damaru","Philosopher\u0027s Stone","CloakClasp","WingedGreaves","PreservedInsect","Whetstone","Blue Candle","Centennial Puzzle","Regal Pillow","Prayer Wheel","Oddly Smooth Stone","InkBottle"],"acts_visited":["Exordium","TheCity","TheBeyond","TheEnding"],"potions_floor_usage":[10,30,33,40,55,55,55],"damage_taken":[{"damage":0,"enemies":"Small Slimes","floor":1,"turns":4},{"damage":0,"enemies":"Jaw Worm","floor":2,"turns":4},{"damage":1,"enemies":"Cultist","floor":4,"turns":6},{"damage":0,"enemies":"Looter","floor":5,"turns":4},{"damage":4,"enemies":"Lagavulin","floor":7,"turns":9},{"damage":2,"enemies":"3 Sentries","floor":10,"turns":17},{"damage":0,"enemies":"Blue Slaver","floor":12,"turns":3},{"damage":0,"enemies":"3 Louse","floor":13,"turns":1},{"damage":0,"enemies":"Looter","floor":14,"turns":2},{"damage":0,"enemies":"Slime Boss","floor":16,"turns":4},{"damage":0,"enemies":"Spheric Guardian","floor":18,"turns":5},{"damage":0,"enemies":"3 Byrds","floor":20,"turns":2},{"damage":3,"enemies":"Book of Stabbing","floor":23,"turns":4},{"damage":0,"enemies":"Snecko","floor":24,"turns":5},{"damage":0,"enemies":"Sentry and Sphere","floor":25,"turns":4},{"damage":9,"enemies":"Gremlin Leader","floor":27,"turns":5},{"damage":1,"enemies":"Centurion and Healer","floor":28,"turns":4},{"damage":0,"enemies":"Snecko","floor":29,"turns":3},{"damage":9,"enemies":"Slavers","floor":30,"turns":4},{"damage":0,"enemies":"3 Cultists","floor":31,"turns":3},{"damage":2,"enemies":"Collector","floor":33,"turns":6},{"damage":2,"enemies":"3 Shapes","floor":35,"turns":3},{"damage":11,"enemies":"3 Darklings","floor":36,"turns":4},{"damage":0,"enemies":"4 Shapes","floor":37,"turns":9},{"damage":0,"enemies":"Transient","floor":38,"turns":5},{"damage":8,"enemies":"2 Orb Walkers","floor":39,"turns":4},{"damage":0,"enemies":"Reptomancer","floor":40,"turns":5},{"damage":0,"enemies":"Nemesis","floor":41,"turns":5},{"damage":0,"enemies":"Giant Head","floor":42,"turns":5},{"damage":0,"enemies":"Nemesis","floor":45,"turns":3},{"damage":0,"enemies":"Maw","floor":46,"turns":5},{"damage":0,"enemies":"Giant Head","floor":47,"turns":4},{"damage":9,"enemies":"Donu and Deca","floor":50,"turns":11},{"damage":8,"enemies":"Shield and Spear","floor":54,"turns":5},{"damage":73,"enemies":"The Heart","floor":55,"turns":5}],"seed_played":"7443842929284889516","potions_obtained":[{"floor":0,"key":"Regen Potion"},{"floor":0,"key":"ColorlessPotion"},{"floor":0,"key":"Strength Potion"},{"floor":10,"key":"SteroidPotion"},{"floor":14,"key":"LiquidMemories"},{"floor":30,"key":"Swift Potion"},{"floor":33,"key":"Regen Potion"},{"floor":39,"key":"DuplicationPotion"},{"floor":42,"key":"CultistPotion"}],"is_trial":false,"path_per_floor":["M","M","?","M","M","R","E","R","T","E","$","M","M","M","R","B",null,"M","?","M","?","?","E","M","M","T","E","M","M","E","M","R","B",null,"M","M","M","M","?","E","E","E","T","$","E","M","E","?","R","B",null,"R","$","E","B"],"character_chosen":"WATCHER","items_purchased":["PathToVictory","Apotheosis","Bottled Lightning","Centennial Puzzle","Thinking Ahead","Blind","Oddly Smooth Stone"],"campfire_rested":2,"item_purchase_floors":[11,11,11,44,44,44,53],"current_hp_per_floor":[65,65,65,64,64,64,60,60,60,58,58,58,58,58,58,58,65,65,65,65,65,65,67,67,67,67,63,67,67,63,67,67,67,67,67,61,66,67,64,67,67,67,67,67,67,67,67,64,64,55,62,64,64,61,0,0],"gold":108,"neow_bonus":"THREE_SMALL_POTIONS","is_daily":false,"chose_seed":false,"campfire_upgraded":3,"win_rate":0.0,"timestamp":1609777017,"path_taken":["M","M","?","M","M","R","E","R","T","E","$","M","M","M","R","BOSS","M","?","M","?","?","E","M","M","T","E","M","?","E","M","R","BOSS","M","?","M","M","?","E","E","E","T","$","E","M","E","?","R","BOSS","R","$","E","BOSS"],"items_purchased_type":["Card","Card","Relic","Relic","Card","Card","Relic"],"build_version":"2020-12-22","purchased_purges":1,"victory":false,"max_hp_per_floor":[72,72,67,67,67,67,67,67,67,67,67,67,67,67,67,67,67,67,67,67,67,67,67,67,67,67,67,67,67,67,67,67,67,67,67,67,67,67,67,67,67,67,67,67,67,67,67,64,64,64,64,64,64,64,64,64],"card_choices":[{"not_picked":["Crescendo","Sanctity"],"picked":"PathToVictory","floor":1},{"not_picked":["JustLucky","BowlingBash"],"picked":"DeceiveReality","floor":2},{"not_picked":["BowlingBash","Halt"],"picked":"EmptyBody","floor":4},{"not_picked":["SashWhip","WaveOfTheHand"],"picked":"Sanctity","floor":5},{"not_picked":["Prostrate","Weave","WreathOfFlame"],"picked":"SKIP","floor":7},{"not_picked":["WindmillStrike","SpiritShield"],"picked":"Conclude","floor":10},{"not_picked":["ClearTheMind","InnerPeace"],"picked":"PathToVictory","floor":12},{"not_picked":["FollowUp","CarveReality","EmptyFist"],"picked":"SKIP","floor":13},{"not_picked":["Crescendo","Prostrate"],"picked":"ClearTheMind","floor":14},{"not_picked":["LessonLearned","Wish"],"picked":"Scrawl","floor":16},{"not_picked":["FlyingSleeves","JustLucky+1","SashWhip"],"picked":"SKIP","floor":18},{"not_picked":["Sanctity","FlurryOfBlows","Halt"],"picked":"SKIP","floor":20},{"not_picked":["EmptyBody+1","LessonLearned","ClearTheMind"],"picked":"SKIP","floor":23},{"not_picked":["MentalFortress+1","Evaluate+1","Protect"],"picked":"SKIP","floor":24},{"not_picked":["ClearTheMind+1","BattleHymn","Meditate+1"],"picked":"SKIP","floor":25},{"not_picked":["CarveReality","EmptyBody","Crescendo+1"],"picked":"SKIP","floor":27},{"not_picked":["ForeignInfluence","FlurryOfBlows","WreathOfFlame"],"picked":"SKIP","floor":28},{"not_picked":["Swivel","Consecrate","Protect"],"picked":"SKIP","floor":29},{"not_picked":["Vault","JustLucky"],"picked":"PathToVictory","floor":30},{"not_picked":["Protect","FlurryOfBlows+1","PathToVictory"],"picked":"SKIP","floor":31},{"not_picked":["Pray","Crescendo","EmptyBody+1"],"picked":"SKIP","floor":35},{"not_picked":["Prostrate+1","FlyingSleeves+1","FlurryOfBlows+1"],"picked":"SKIP","floor":36},{"not_picked":["Protect","Conclude"],"picked":"DevaForm","floor":37},{"not_picked":["EmptyFist+1","Halt"],"picked":"EmptyMind+1","floor":38},{"not_picked":["CutThroughFate+1","Halt+1","DeceiveReality"],"picked":"SKIP","floor":40},{"not_picked":["Worship+1","FlurryOfBlows","Fasting2+1"],"picked":"SKIP","floor":41},{"not_picked":["FlyingSleeves","Pray"],"picked":"PathToVictory+1","floor":42},{"not_picked":["EmptyFist","EmptyBody+1","DeusExMachina"],"picked":"SKIP","floor":45},{"not_picked":["ClearTheMind+1","Prostrate+1","FlurryOfBlows"],"picked":"SKIP","floor":46},{"not_picked":["SashWhip+1","Protect","Conclude+1"],"picked":"SKIP","floor":47},{"not_picked":["CutThroughFate","ThirdEye","FlurryOfBlows"],"picked":"SKIP","floor":54}],"player_experience":775098,"relics_obtained":[{"floor":7,"key":"TungstenRod"},{"floor":9,"key":"Unceasing Top"},{"floor":10,"key":"Old Coin"},{"floor":23,"key":"HornCleat"},{"floor":27,"key":"Happy Flower"},{"floor":30,"key":"Damaru"},{"floor":39,"key":"CloakClasp"},{"floor":40,"key":"WingedGreaves"},{"floor":41,"key":"PreservedInsect"},{"floor":42,"key":"Whetstone"},{"floor":43,"key":"Blue Candle"},{"floor":45,"key":"Regal Pillow"},{"floor":47,"key":"Prayer Wheel"},{"floor":54,"key":"InkBottle"}],"event_choices":[{"damage_healed":0,"gold_gain":0,"player_choice":"Lose Max HP","damage_taken":0,"relics_obtained":["Golden Idol"],"max_hp_gain":0,"max_hp_loss":5,"event_name":"Golden Idol","floor":3,"gold_loss":0},{"damage_healed":0,"gold_gain":0,"player_choice":"Obtained Relic","damage_taken":0,"relics_obtained":["GoldenEye"],"max_hp_gain":0,"max_hp_loss":0,"event_name":"Addict","floor":19,"gold_loss":85},{"damage_healed":0,"gold_gain":0,"player_choice":"Gave Idol","damage_taken":0,"relics_obtained":["Bloody Idol"],"max_hp_gain":0,"max_hp_loss":0,"event_name":"Forgotten Altar","floor":21,"relics_lost":["Golden Idol"],"gold_loss":0},{"cards_removed":["Strike_P"],"damage_healed":0,"gold_gain":0,"player_choice":"Gave Gold","damage_taken":0,"max_hp_gain":0,"max_hp_loss":0,"event_name":"Beggar","floor":22,"gold_loss":75},{"damage_healed":0,"gold_gain":0,"player_choice":"Fight","damage_taken":0,"max_hp_gain":0,"max_hp_loss":0,"event_name":"Mysterious Sphere","floor":39,"gold_loss":0},{"damage_healed":0,"gold_gain":0,"player_choice":"Max HP","damage_taken":0,"max_hp_gain":0,"max_hp_loss":3,"event_name":"Winding Halls","floor":48,"gold_loss":0}],"is_beta":false,"boss_relics":[{"not_picked":["Sozu","SlaversCollar"],"picked":"Runic Pyramid"},{"not_picked":["Empty Cage","SacredBark"],"picked":"Philosopher\u0027s Stone"}],"items_purged_floors":[44],"is_endless":false,"potions_floor_spawned":[10,12,13,14,16,20,24,30,33,36,39,42,45,46],"killed_by":"The Heart","ascension_level":6}}