{"host":"z39atn33tyek63fd","time":1609799599,"event":{"mods":["BaseMod","Minty Spire (QoL Compilation)","everything is the same but u backflip on backflip"],"gold_per_floor":[110,130,147,160,120,120,155,171,222,234,246,268,280,305,317,403,415,447,459,490,513,525,537,549,549],"floor_reached":24,"playtime":1758,"items_purged":[],"score":330,"play_id":"42c4289d-eda9-4992-9186-52c4869ebb39","local_time":"20210104163319","is_ascension_mode":true,"campfire_choices":[{"data":"White Noise","floor":6,"key":"SMITH"},{"data":"Tempest","floor":13,"key":"SMITH"},{"data":"Defragment","floor":15,"key":"SMITH"},{"data":"Reboot","floor":23,"key":"SMITH"}],"circlet_count":0,"master_deck":["AscendersBane","Strike_B","Strike_B","Strike_B","Strike_B","Defend_B","Defend_B","Defend_B","Defend_B","Zap","Dualcast","Auto Shields","Reinforced Body","Go for the Eyes","White Noise+1","Defragment+1","Tempest+1","Conserve Battery","Seek","Reboot+1","CurseOfTheBell","Heatsinks+1","Glacier+1"],"relics":["Cracked Core","Akabeko","Eternal Feather","MawBank","Calling Bell","Art of War","Cables","Bird Faced Urn"],"acts_visited":["Exordium","TheCity"],"potions_floor_usage":[16,21,24],"damage_taken":[{"damage":4,"enemies":"Jaw Worm","floor":1,"turns":3},{"damage":3,"enemies":"2 Louse","floor":2,"turns":2},{"damage":0,"enemies":"Small Slimes","floor":3,"turns":3},{"damage":0,"enemies":"Red Slaver","floor":4,"turns":5},{"damage":27,"enemies":"Gremlin Nob","floor":7,"turns":4},{"damage":3,"enemies":"3 Louse","floor":8,"turns":4},{"damage":9,"enemies":"Large Slime","floor":12,"turns":6},{"damage":0,"enemies":"Gremlin Gang","floor":14,"turns":6},{"damage":27,"enemies":"Hexaghost","floor":16,"turns":13},{"damage":4,"enemies":"Shell Parasite","floor":18,"turns":5},{"damage":16,"enemies":"Chosen","floor":20,"turns":4},{"damage":6,"enemies":"Snecko","floor":21,"turns":5},{"damage":72,"enemies":"Gremlin Leader","floor":24,"turns":8}],"seed_played":"2482760961980446331","potions_obtained":[{"floor":3,"key":"LiquidBronze"},{"floor":4,"key":"SmokeBomb"},{"floor":12,"key":"Block Potion"},{"floor":14,"key":"PotionOfCapacity"},{"floor":16,"key":"Block Potion"}],"is_trial":false,"path_per_floor":["M","M","M","M","?","R","E","M","T","$","?","M","R","M","R","B",null,"M","?","M","M","?","R","E"],"character_chosen":"DEFECT","items_purchased":[],"campfire_rested":0,"item_purchase_floors":[],"current_hp_per_floor":[64,61,61,61,61,61,34,31,31,31,28,19,28,28,37,10,59,59,59,49,53,53,65,0,0],"gold":549,"neow_bonus":"RANDOM_COMMON_RELIC","is_daily":false,"chose_seed":false,"campfire_upgraded":4,"win_rate":0.0,"timestamp":1609799599,"path_taken":["M","M","M","M","?","R","E","M","T","?","?","M","R","?","R","BOSS","M","?","M","M","?","R","E"],"items_purchased_type":[],"build_version":"2020-12-22","purchased_purges":0,"victory":false,"max_hp_per_floor":[75,75,75,75,75,75,75,75,75,75,75,75,75,75,75,75,75,75,75,75,75,75,75,75,75],"card_choices":[{"not_picked":["Steam","Capacitor"],"picked":"Auto Shields","floor":1},{"not_picked":["Go for the Eyes","Leap"],"picked":"Reinforced Body","floor":2},{"not_picked":["Rebound","Steam"],"picked":"Go for the Eyes","floor":3},{"not_picked":["Reinforced Body","Chill"],"picked":"White Noise","floor":4},{"not_picked":["Hello World","Turbo"],"picked":"Defragment","floor":7},{"not_picked":["Beam Cell","Barrage"],"picked":"Tempest","floor":8},{"not_picked":["Steam","Ball Lightning"],"picked":"Conserve Battery","floor":12},{"not_picked":["Barrage","Gash"],"picked":"Seek","floor":14},{"not_picked":["All For One","Amplify"],"picked":"Reboot","floor":16},{"not_picked":["Stack","Compile Driver"],"picked":"Heatsinks+1","floor":18},{"not_picked":["Streamline","Rip and Tear","Hello World"],"picked":"SKIP","floor":20},{"not_picked":["Leap","Double Energy"],"picked":"Glacier","floor":21}],"player_experience":802541,"relics_obtained":[{"floor":7,"key":"Eternal Feather"},{"floor":9,"key":"MawBank"},{"floor":17,"key":"Art of War"},{"floor":17,"key":"Cables"},{"floor":17,"key":"Bird Faced Urn"}],"event_choices":[{"damage_healed":0,"gold_gain":0,"player_choice":"Left Gold","damage_taken":0,"max_hp_gain":0,"max_hp_loss":0,"event_name":"World of Goop","floor":5,"gold_loss":40},{"damage_healed":0,"gold_gain":0,"player_choice":"Fled","damage_taken":3,"max_hp_gain":0,"max_hp_loss":0,"event_name":"Scrap Ooze","floor":11,"gold_loss":0},{"damage_healed":0,"gold_gain":0,"player_choice":"Ignored","damage_taken":0,"max_hp_gain":0,"max_hp_loss":0,"event_name":"The Mausoleum","floor":19,"gold_loss":0},{"damage_healed":0,"gold_gain":0,"player_choice":"Forge","damage_taken":0,"max_hp_gain":0,"max_hp_loss":0,"event_name":"Accursed Blacksmith","floor":22,"gold_loss":0,"cards_upgraded":["Glacier"]}],"is_beta":false,"boss_relics":[{"not_picked":["Ectoplasm","Busted Crown"],"picked":"Calling Bell"}],"items_purged_floors":[],"is_endless":false,"potions_floor_spawned":[3,4,12,14,16,18],"killed_by":"Gremlin Leader","ascension_level":13}}