{"host":"y9cfhv0nasly8qeh","time":1609760694,"event":{"mods":["BaseMod","Minty Spire (QoL Compilation)","Relic Stats","StSLib","[IsaacMod]ÒÔÈö¼âËþ"],"gold_per_floor":[213,288,238,125,125,155,174,326,350,367,169,169,237,271,271,371,371,386,486,543,482,30,168,201,264,264],"floor_reached":25,"playtime":1083,"items_purged":["Strike_R","Strike_R","Strike_R","Strike_R"],"score":225,"play_id":"eac03b21-0edb-42c8-a6d7-a376e8993c0e","local_time":"20210104194454","is_ascension_mode":false,"campfire_choices":[{"data":"Dark Embrace","floor":15.0,"key":"SMITH"}],"circlet_count":0,"master_deck":["Defend_R","Defend_R","Defend_R","Defend_R","Bash","Sword Boomerang+1","Dark Embrace+1","Evolve","Reaper+1","Seeing Red","Impervious","Feel No Pain+1","Seeing Red","Seeing Red","Impervious","Feel No Pain+1","Fire Breathing+1","Feed"],"relics":["Burning Blood","HushsDoor","D6","Mercury Hourglass","Medical Kit","White Beast Statue","Tiny Chest","Red Skull","Frozen Egg 2","Blood Vial","GuppysTail","BookOfRevelations","UnicornStump","Eternal Feather","Runic Cube","NineLifeCat","Shuriken","SalivaCoin","DollysMirror","Whetstone","HandDrill","MealTicket"],"acts_visited":["Exordium","TheCity"],"potions_floor_usage":[25],"damage_taken":[{"damage":2.0,"enemies":"2 Louse","floor":1.0,"turns":2.0},{"damage":16.0,"enemies":"Lagavulin","floor":6.0,"turns":6.0},{"damage":1.0,"enemies":"Jaw Worm","floor":7.0,"turns":3.0},{"damage":7.0,"enemies":"Small Slimes","floor":10.0,"turns":3.0},{"damage":35.0,"enemies":"3 Sentries","floor":14.0,"turns":6.0},{"damage":38.0,"enemies":"The Guardian","floor":16.0,"turns":18.0},{"damage":18.0,"enemies":"Shell Parasite","floor":18.0,"turns":6.0},{"damage":9,"enemies":"2 Thieves","floor":21,"turns":5},{"damage":92,"enemies":"Book of Stabbing","floor":23,"turns":12},{"damage":24,"enemies":"Snecko","floor":24,"turns":9},{"damage":78,"enemies":"Gremlin Leader","floor":25,"turns":11}],"seed_played":"-7412644243892726186","potions_obtained":[{"floor":1.0,"key":"LiquidMemories"},{"floor":6.0,"key":"Strength Potion"},{"floor":7.0,"key":"LiquidMemories"},{"floor":14.0,"key":"GamblersBrew"},{"floor":16.0,"key":"SkillPotion"},{"floor":18.0,"key":"Dexterity Potion"}],"is_trial":false,"path_per_floor":["M","?","?","$","?","E","M","T","T","M","$","?","T","E","R","B",null,"M","?","$","M","$","E","M","E"],"character_chosen":"IRONCLAD","items_purchased":["Mercury Hourglass","Medical Kit","White Beast Statue","Dark Embrace","GuppysTail","BookOfRevelations","Reaper","Feel No Pain+1","NineLifeCat","Shuriken","SalivaCoin","Seeing Red","DollysMirror","Feel No Pain+1","Whetstone","HandDrill"],"campfire_rested":0,"item_purchase_floors":[4,4,4,4,11,11,11,17,17,20,20,20,20,20,22,22],"current_hp_per_floor":[80,69,69,69,51,41,46,46,46,47,47,47,47,41,47,27,16,16,16,16,16,16,16,16,0,0],"gold":264,"neow_bonus":"HUNDRED_GOLD","is_daily":false,"chose_seed":false,"campfire_upgraded":1,"win_rate":0.0,"timestamp":1609760694,"path_taken":["M","?","?","?","?","E","M","?","T","?","$","?","?","E","R","BOSS","M","?","$","M","?","E","M","E"],"items_purchased_type":["Relic","Relic","Relic","Card","Relic","Relic","Card","Card","Relic","Relic","Relic","Card","Relic","Card","Relic","Relic"],"build_version":"2020-12-22","purchased_purges":4,"victory":false,"max_hp_per_floor":[80,80,80,80,80,80,80,80,80,80,80,80,80,80,80,80,16,16,16,16,16,16,16,16,16,16],"relic_stats":{"counters":[11,80],"Eternal Feather":6,"Whetstone":["Reaper","Sword Boomerang"],"Medical Kit":[15],"Burning Blood":32,"Mercury Hourglass":[273],"Blood Vial":6,"Shuriken":[1],"Tiny Chest":1,"MealTicket":0,"HandDrill":[6],"obtain_stats":[{"KeepersGift":0,"GuppysTail":11,"UnicornStump":13,"BookOfRevelations":11,"Eternal Feather":14,"Whetstone":22,"Frozen Egg 2":8,"Medical Kit":4,"Burning Blood":0,"White Beast Statue":4,"Mercury Hourglass":4,"Blood Vial":9,"D6":0,"Shuriken":20,"DollysMirror":20,"NineLifeCat":17,"Tiny Chest":5,"MealTicket":23,"SalivaCoin":20,"HandDrill":22,"HushsDoor":0,"Red Skull":6,"Runic Cube":17},{"KeepersGift":0,"GuppysTail":4,"UnicornStump":4,"BookOfRevelations":4,"Eternal Feather":5,"Whetstone":8,"Frozen Egg 2":3,"Medical Kit":1,"Burning Blood":0,"White Beast Statue":1,"Mercury Hourglass":1,"Blood Vial":3,"D6":0,"Shuriken":7,"DollysMirror":7,"NineLifeCat":6,"Tiny Chest":1,"MealTicket":9,"SalivaCoin":7,"HandDrill":8,"HushsDoor":0,"Red Skull":2,"Runic Cube":6},{"KeepersGift":0,"GuppysTail":14,"UnicornStump":14,"BookOfRevelations":14,"Eternal Feather":20,"Whetstone":49,"Frozen Egg 2":11,"Medical Kit":2,"Burning Blood":0,"White Beast Statue":2,"Mercury Hourglass":2,"Blood Vial":11,"D6":0,"Shuriken":44,"DollysMirror":44,"NineLifeCat":38,"Tiny Chest":2,"MealTicket":60,"SalivaCoin":44,"HandDrill":49,"HushsDoor":0,"Red Skull":8,"Runic Cube":38}],"Runic Cube":[30]},"card_choices":[{"not_picked":[],"picked":"Bomb","floor":0.0},{"not_picked":["Perfected Strike","Rupture"],"picked":"Sword Boomerang","floor":1.0},{"not_picked":["Heavy Blade","Thunderclap","Rage"],"picked":"SKIP","floor":6.0},{"not_picked":["Rampage","Metallicize"],"picked":"Evolve","floor":7.0},{"not_picked":["Rage","Pommel Strike","Iron Wave"],"picked":"SKIP","floor":10.0},{"not_picked":["Flame Barrier","Uppercut"],"picked":"Seeing Red","floor":14.0},{"not_picked":["Fiend Fire","Berserk+1"],"picked":"Impervious","floor":16.0},{"not_picked":["Body Slam","Fire Breathing+1"],"picked":"Seeing Red","floor":18.0},{"not_picked":["Flame Barrier","Shrug It Off","Infernal Blade"],"picked":"SKIP","floor":21},{"not_picked":["Thunderclap+1","Battle Trance"],"picked":"Fire Breathing+1","floor":23},{"not_picked":["Feel No Pain+1","Shockwave+1"],"picked":"Feed","floor":24}],"player_experience":532432,"relics_obtained":[{"floor":6.0,"key":"Red Skull"},{"floor":8.0,"key":"Frozen Egg 2"},{"floor":9.0,"key":"Blood Vial"},{"floor":13.0,"key":"UnicornStump"},{"floor":14.0,"key":"Eternal Feather"},{"floor":23,"key":"MealTicket"}],"event_choices":[{"damage_healed":0.0,"max_hp_gain":0.0,"max_hp_loss":0.0,"gold_gain":75.0,"event_name":"World of Goop","player_choice":"Gather Gold","floor":2.0,"gold_loss":0.0,"damage_taken":11.0},{"cards_removed":["Strike_R"],"damage_healed":0.0,"max_hp_gain":0.0,"max_hp_loss":0.0,"gold_gain":0.0,"event_name":"The Cleric","player_choice":"Card Removal","floor":3.0,"gold_loss":50.0,"damage_taken":0.0},{"damage_healed":0.0,"max_hp_gain":0.0,"max_hp_loss":0.0,"gold_gain":0.0,"event_name":"Scrap Ooze","player_choice":"Success","floor":5.0,"gold_loss":0.0,"damage_taken":18.0,"relics_obtained":["Tiny Chest"]},{"damage_healed":0.0,"max_hp_gain":0.0,"max_hp_loss":0.0,"gold_gain":0.0,"event_name":"Liars Game","player_choice":"Ignored","floor":12.0,"gold_loss":0.0,"damage_taken":0.0},{"damage_healed":0,"gold_gain":100,"player_choice":"Pray","damage_taken":0,"max_hp_gain":0,"max_hp_loss":0,"event_name":"Golden Shrine","floor":19,"gold_loss":0}],"is_beta":false,"boss_relics":[{"not_picked":["Calling Bell","Cursed Key"],"picked":"Runic Cube"},{"not_picked":[]}],"items_purged_floors":[4,11,20,22],"is_endless":false,"potions_floor_spawned":[1,6,7,10,14,16,18,21,23,24],"killed_by":"Gremlin Leader","ascension_level":0}}