{"host":"mzp3pvw1g1kyjyte","time":1609763230,"event":{"mods":["AchievementEnabler","Aspiration","BaseMod","Colored Powertips","FoggyMod","Highlight Path","Minty Spire (QoL Compilation)","Quick Restart","Red Circlet Mod","Relic Stats","Remilia（蕾米莉亚）","RumiaBox-露米娅的神秘盒子","Shop Mod","StSLib","SuperFastMode","TestMod","[IsaacMod]以撒尖塔"],"gold_per_floor":[113,188,215,465,476,521,521,521,521,429,429,456,474,531,531,727,727,755,755,362,362,362,362,281,281,281,281,281,24,24,181,181,342,342,387,394,43,443,443,443,429,436,505,505,505,505,605,605,605,669],"floor_reached":51,"playtime":2919,"items_purged":[],"score":798,"play_id":"03bfa88b-e1b2-49e6-b14c-c56b2181adba","local_time":"20210104202710","is_ascension_mode":true,"campfire_choices":[{"floor":8,"key":"RECALL"},{"floor":15,"key":"REST"},{"floor":23,"key":"REST"},{"data":"Dramatic Entrance","floor":25,"key":"SMITH"},{"data":"ChaoticDestiny","floor":28,"key":"SMITH"},{"floor":32,"key":"REST"},{"floor":40,"key":"REST"},{"floor":49,"key":"REST"}],"circlet_count":0,"master_deck":["Strike_RM","Strike_RM","Strike_RM","Strike_RM","Defend_RM","Defend_RM","Defend_RM","Defend_RM","RedMoon","ScarletShoot","DoctorFetus","BlasphemousPunishment","DemonKingCradle","HunterOfTheNight","HunterOfTheNight+1","MastersStateliness","NightDance","FitfulNightmare","AfternoonTea","Ultimatum","CeilingFear","ChaoticDestiny+1","Dramatic Entrance+1","ScarletImprint+1","QueenOfMidnight","BloodyHallows","StarOfDavid+1","Madness","Madness","ForbiddenFruit","VampireFantasy+1","testmod-PainDetonator+1","testmod-LifeRuler","Good Instincts"],"relics":["ScarletHat","HushsDoor","testmod-TheFather","D6","NeowsBlessing","testmod-LifeArmor","Nunchaku","Gremlin Horn","SalivaCoin","PokeGo","testmod-AssaultLearning","testmod-NegativeEmotionEnhancer","Juzu Bracelet","GodSword7","testmod-InfectionSource","Molten Egg 2","Bottled Lightning","Omamori","DoctorsRemote","TungstenRod","MagicMushroom","GuppysCollar","Baka2","Bronze Scales","Regal Pillow","DeadEye","Bottled Tornado","Spirit Poop"],"acts_visited":["Exordium","TheCity","TheBeyond"],"potions_floor_usage":[46,50,50,50],"damage_taken":[{"damage":0,"enemies":"Jaw Worm","floor":1,"turns":1},{"damage":0,"enemies":"Hiden Room Battle","floor":4,"turns":1},{"damage":0,"enemies":"Small Slimes","floor":5,"turns":1},{"damage":12,"enemies":"3 Sentries","floor":6,"turns":5},{"damage":3,"enemies":"Cultist","floor":12,"turns":4},{"damage":0,"enemies":"Lots of Slimes","floor":13,"turns":1},{"damage":22,"enemies":"Gremlin Nob","floor":14,"turns":7},{"damage":46,"enemies":"The Guardian","floor":16,"turns":9},{"damage":2,"enemies":"3 Byrds","floor":18,"turns":4},{"damage":15,"enemies":"Colosseum Slavers","floor":31,"turns":3},{"damage":32,"enemies":"Colosseum Nobs","floor":31,"turns":4},{"damage":55,"enemies":"Automaton","floor":33,"turns":11},{"damage":18,"enemies":"3 Shapes","floor":35,"turns":4},{"damage":23,"enemies":"Giant Head","floor":41,"turns":7},{"damage":57,"enemies":"Donu and Deca","floor":50,"turns":5}],"seed_played":"-6208380511478655097","potions_obtained":[{"floor":4,"key":"Fire Potion"},{"floor":5,"key":"Explosive Potion"},{"floor":12,"key":"ColorlessPotion"},{"floor":41,"key":"SteroidPotion"},{"floor":46,"key":"Fruit Juice"},{"floor":46,"key":"SkillPotion"}],"is_trial":false,"path_per_floor":["M","?","T","?","M","E","?","R","T","$","?","M","M","E","R","B",null,"M","?","$","?","?","R","$","R","T","T","R","$","?","?","R","B",null,"M","?","$","?","?","R","E","?","T","?","?","?","?","?","R","B",null],"character_chosen":"REMILIA","items_purchased":["NightDance","FitfulNightmare","ScarletMeister","Juzu Bracelet","GodSword7","Dramatic Entrance","Bottled Lightning","BloodyHallows","GuppysCollar","ForbiddenFruit","Bronze Scales","Regal Pillow"],"campfire_rested":5,"item_purchase_floors":[10,10,17,20,20,24,29,34,34,37,37,37],"current_hp_per_floor":[75,64,64,64,64,54,54,54,54,54,54,54,54,32,54,42,72,73,73,73,73,73,73,73,73,73,73,73,73,73,32,54,3,66,52,45,45,45,45,67,68,59,59,59,59,64,64,64,73,55],"gold":669,"neow_bonus":"THREE_ENEMY_KILL","is_daily":false,"chose_seed":false,"campfire_upgraded":2,"win_rate":0.0,"timestamp":1609763230,"path_taken":["M","?","?","?","?","E","?","R","T","?","?","?","?","E","R","BOSS","M","?","$","?","?","R","?","R","T","?","R","$","?","?","R","BOSS","M","?","?","?","?","R","E","?","T","?","?","?","?","?","R","BOSS"],"items_purchased_type":["Card","Card","Card","Relic","Relic","Card","Relic","Card","Relic","Card","Relic","Relic"],"build_version":"2020-12-22","purchased_purges":0,"victory":true,"max_hp_per_floor":[75,75,75,75,75,75,75,75,75,75,75,75,75,75,75,75,72,73,73,73,73,73,73,73,73,73,73,73,73,73,75,75,76,66,67,67,67,67,67,67,68,68,68,68,68,73,73,73,73,74],"relic_stats":{"Nunchaku":[9],"Regal Pillow":2,"Gremlin Horn":[9,9],"counters":[15,67],"Bronze Scales":[21],"Juzu Bracelet":4,"obtain_stats":[{"Regal Pillow":37,"Gremlin Horn":4,"Spirit Poop":44,"testmod-LifeArmor":3,"testmod-NegativeEmotionEnhancer":17,"Juzu Bracelet":20,"DeadEye":41,"Bottled Tornado":43,"ScarletHat":0,"Nunchaku":4,"Baka2":35,"PokeGo":13,"testmod-TheFather":0,"testmod-InfectionSource":26,"KeepersGift":0,"DoctorsRemote":31,"testmod-TestBox":0,"NeowsBlessing":0,"Baka":1,"Omamori":30,"D6":0,"testmod-AssaultLearning":14,"Bronze Scales":37,"MagicMushroom":34,"Molten Egg 2":27,"GodSword7":20,"SalivaCoin":11,"Bottled Lightning":29,"HushsDoor":0,"TungstenRod":31,"GuppysCollar":34},{"Regal Pillow":13,"Gremlin Horn":2,"Spirit Poop":14,"testmod-LifeArmor":1,"testmod-NegativeEmotionEnhancer":8,"Juzu Bracelet":9,"DeadEye":14,"Bottled Tornado":14,"ScarletHat":0,"Nunchaku":2,"Baka2":13,"PokeGo":6,"testmod-TheFather":0,"testmod-InfectionSource":9,"KeepersGift":0,"DoctorsRemote":11,"testmod-TestBox":0,"NeowsBlessing":0,"Baka":1,"Omamori":9,"D6":0,"testmod-AssaultLearning":7,"Bronze Scales":13,"MagicMushroom":12,"Molten Egg 2":9,"GodSword7":9,"SalivaCoin":4,"Bottled Lightning":9,"HushsDoor":0,"TungstenRod":11,"GuppysCollar":12},{"Regal Pillow":55,"Gremlin Horn":2,"Spirit Poop":62,"testmod-LifeArmor":1,"testmod-NegativeEmotionEnhancer":29,"Juzu Bracelet":33,"DeadEye":62,"Bottled Tornado":62,"ScarletHat":0,"Nunchaku":2,"Baka2":55,"PokeGo":13,"testmod-TheFather":0,"testmod-InfectionSource":33,"KeepersGift":0,"DoctorsRemote":40,"testmod-TestBox":0,"NeowsBlessing":0,"Baka":1,"Omamori":33,"D6":0,"testmod-AssaultLearning":20,"Bronze Scales":55,"MagicMushroom":51,"Molten Egg 2":33,"GodSword7":33,"SalivaCoin":8,"Bottled Lightning":33,"HushsDoor":0,"TungstenRod":40,"GuppysCollar":51}],"TungstenRod":29},"card_choices":[{"not_picked":[],"picked":"DoctorFetus","floor":0},{"not_picked":["ScarletDevil","CharismaGuard"],"picked":"BlasphemousPunishment","floor":1},{"not_picked":["BombardNight","UnstableMagic"],"picked":"DemonKingCradle","floor":4},{"not_picked":["EndlessAdversity","VampireKiss"],"picked":"HunterOfTheNight","floor":5},{"not_picked":["VampireKiss","DiffusionOfMisfortune"],"picked":"MastersStateliness","floor":6},{"not_picked":["Stigmanizer","ScarletImprint"],"picked":"AfternoonTea","floor":12},{"not_picked":["DiffusionOfMisfortune","RedNightlessCastle"],"picked":"Ultimatum","floor":13},{"not_picked":["BlasphemousPunishment","AfternoonTea"],"picked":"CeilingFear","floor":14},{"not_picked":["HellCatastrophe","DemonKingCradle"],"picked":"ChaoticDestiny","floor":16},{"not_picked":["CharismaGuard","BloodyMagicSquare+1"],"picked":"LeisurelyOfLord","floor":18},{"not_picked":["BloodAndWine","EndlessAdversity+1"],"picked":"ScarletImprint+1","floor":31},{"not_picked":["CeilingFear","HellCatastrophe+1"],"picked":"QueenOfMidnight","floor":33},{"not_picked":["ScarletImprint+1","DiffusionOfMisfortune+1"],"picked":"StarOfDavid+1","floor":35},{"not_picked":["EndlessAdversity+1","RedMagic+1"],"picked":"VampireFantasy+1","floor":41},{"not_picked":["Metamorphosis","testmod-DeathImprint+1"],"picked":"testmod-PainDetonator+1","floor":42},{"not_picked":["testmod-CardIndex","testmod-Reproduce"],"picked":"testmod-LifeRuler","floor":42},{"not_picked":["testmod-ComboMaster+1","testmod-PainDetonator+1"],"picked":"Good Instincts","floor":42}],"player_experience":20858,"relics_obtained":[{"floor":1,"key":"Baka"},{"floor":3,"key":"testmod-LifeArmor"},{"floor":4,"key":"Nunchaku"},{"floor":4,"key":"Gremlin Horn"},{"floor":13,"key":"PokeGo"},{"floor":14,"key":"testmod-AssaultLearning"},{"floor":26,"key":"testmod-InfectionSource"},{"floor":27,"key":"Molten Egg 2"},{"floor":31,"key":"DoctorsRemote"},{"floor":31,"key":"TungstenRod"},{"floor":35,"key":"Baka2"},{"floor":41,"key":"DeadEye"},{"floor":43,"key":"Bottled Tornado"}],"event_choices":[{"damage_healed":0,"gold_gain":75,"player_choice":"Gather Gold","damage_taken":11,"max_hp_gain":0,"max_hp_loss":0,"event_name":"World of Goop","floor":2,"gold_loss":0},{"damage_healed":0,"gold_gain":0,"player_choice":"Fight","damage_taken":0,"max_hp_gain":0,"max_hp_loss":0,"event_name":"HidenRoomEvent","floor":4,"gold_loss":0},{"damage_healed":0,"gold_gain":0,"player_choice":"Swap Relic","damage_taken":0,"relics_obtained":["testmod-TestBox"],"max_hp_gain":0,"max_hp_loss":0,"event_name":"给自己的盒子","floor":7,"relics_lost":["testmod-TestBox"],"gold_loss":0},{"damage_healed":0,"gold_gain":0,"player_choice":"Box","damage_taken":0,"relics_obtained":["SalivaCoin"],"max_hp_gain":0,"max_hp_loss":0,"event_name":"Big Fish","floor":11,"gold_loss":0,"cards_obtained":["Regret"]},{"cards_removed":["Regret"],"damage_healed":0,"gold_gain":0,"player_choice":"Purged","damage_taken":0,"max_hp_gain":0,"max_hp_loss":0,"event_name":"Purifier","floor":19,"gold_loss":0},{"damage_healed":0,"gold_gain":0,"player_choice":"Opened","damage_taken":0,"relics_obtained":["Omamori"],"max_hp_gain":0,"max_hp_loss":0,"event_name":"The Mausoleum","floor":30,"gold_loss":0,"cards_obtained":["Writhe"]},{"damage_healed":0,"gold_gain":0,"player_choice":"Fight","damage_taken":0,"max_hp_gain":0,"max_hp_loss":0,"event_name":"Colosseum","floor":31,"gold_loss":0},{"damage_healed":0,"gold_gain":0,"player_choice":"Fought Nobs","damage_taken":0,"max_hp_gain":0,"max_hp_loss":0,"event_name":"Colosseum","floor":31,"gold_loss":0},{"damage_healed":0,"gold_gain":0,"player_choice":"Embrace Madness","damage_taken":8,"max_hp_gain":0,"max_hp_loss":0,"event_name":"Winding Halls","floor":36,"gold_loss":0,"cards_obtained":["Madness","Madness"]},{"damage_healed":0,"gold_gain":400,"player_choice":"Sell","damage_taken":0,"max_hp_gain":0,"max_hp_loss":0,"event_name":"恩洛斯的盘子","floor":38,"relics_lost":["testmod-TestBox"],"gold_loss":0},{"damage_healed":0,"gold_gain":0,"player_choice":"Ignored","damage_taken":0,"max_hp_gain":0,"max_hp_loss":0,"event_name":"Tomb of Lord Red Mask","floor":39,"gold_loss":0},{"damage_healed":0,"gold_gain":0,"player_choice":"Memory 3","damage_taken":10,"max_hp_gain":0,"max_hp_loss":0,"event_name":"SensoryStone","floor":42,"gold_loss":0},{"cards_removed":["Writhe"],"damage_healed":0,"gold_gain":0,"player_choice":"Offered Curse","damage_taken":0,"relics_obtained":["Spirit Poop"],"max_hp_gain":0,"max_hp_loss":0,"event_name":"Bonfire Elementals","floor":44,"gold_loss":0},{"cards_removed":["LeisurelyOfLord"],"damage_healed":0,"gold_gain":0,"player_choice":"Removed Attack","damage_taken":0,"max_hp_gain":0,"max_hp_loss":0,"event_name":"Falling","floor":45,"gold_loss":0},{"damage_healed":0,"gold_gain":0,"player_choice":"Got Potions","damage_taken":0,"max_hp_gain":0,"max_hp_loss":0,"event_name":"Lab","floor":46,"gold_loss":0},{"damage_healed":0,"gold_gain":100,"player_choice":"Pray","damage_taken":0,"max_hp_gain":0,"max_hp_loss":0,"event_name":"Golden Shrine","floor":47,"gold_loss":0},{"damage_healed":0,"gold_gain":0,"player_choice":"Ignored","damage_taken":0,"max_hp_gain":0,"max_hp_loss":0,"event_name":"Mysterious Sphere","floor":48,"gold_loss":0}],"is_beta":false,"boss_relics":[{"not_picked":["aspiration:IroncladSkillbook","Busted Crown"],"picked":"testmod-NegativeEmotionEnhancer"},{"not_picked":[]},{"not_picked":["aspiration:SilentSkillbook","testmod-EnergyCheck"],"picked":"MagicMushroom"},{"not_picked":[]}],"items_purged_floors":[],"is_endless":false,"potions_floor_spawned":[4,5,12,31,41],"ascension_level":1}}