{"host":"szp1d6dso4pv7ddl","time":1609728644,"event":{"mods":["AchievementEnabler","Alarm Clock","BaseMod","Bestiary","Block Reminder","Colored Map","Colored Powertips","Curses Come First","Displayed Cursed Tome","Highlight Path","Minty Spire (QoL Compilation)","Permanent Neow","Quick Restart","Relic Sorter","Relic Stats","StSLib","Synergy Search"],"gold_per_floor":[368,115,127,127,146,146,180,200,200,200,200,200,200,239,239,334,334,348,159,182,182,207,207,207,207,207,207,122,141,66,82,82,82,82],"floor_reached":33,"playtime":2035,"items_purged":["Writhe","Perfected Strike+1"],"score":417,"play_id":"b3ca0c52-bd90-4a03-8cdf-9d4d18ad2fbf","local_time":"20210103185044","is_ascension_mode":true,"campfire_choices":[{"data":"True Grit","floor":6,"key":"SMITH"},{"floor":11,"key":"REST"},{"floor":13,"key":"REST"},{"data":"Berserk","floor":15,"key":"SMITH"},{"floor":23,"key":"REST"},{"floor":25,"key":"REST"},{"data":"True Grit","floor":27,"key":"SMITH"},{"floor":32,"key":"REST"}],"circlet_count":0,"master_deck":["AscendersBane","Bash","Uppercut","Anger","True Grit","True Grit+1","Sentinel","Cleave","Berserk+1","Disarm","Anger","Rampage","Ghostly Armor","Shrug It Off","Reaper","Twin Strike","Feel No Pain","True Grit+1","Reckless Charge","Shrug It Off","Havoc","Second Wind"],"relics":["Burning Blood","Golden Idol","Darkstone Periapt","Mango","Turnip","Pandora\u0027s Box","Mummified Hand","Unceasing Top","Vajra"],"acts_visited":["Exordium","TheCity"],"potions_floor_usage":[33,33],"damage_taken":[{"damage":9,"enemies":"2 Louse","floor":1,"turns":2},{"damage":5,"enemies":"Small Slimes","floor":3,"turns":4},{"damage":2,"enemies":"Jaw Worm","floor":5,"turns":3},{"damage":39,"enemies":"Lagavulin","floor":7,"turns":6},{"damage":3,"enemies":"3 Louse","floor":8,"turns":4},{"damage":28,"enemies":"Gremlin Nob","floor":14,"turns":4},{"damage":51,"enemies":"The Guardian","floor":16,"turns":16},{"damage":30,"enemies":"3 Byrds","floor":18,"turns":6},{"damage":25,"enemies":"Shell Parasite","floor":20,"turns":6},{"damage":36,"enemies":"Cultist and Chosen","floor":22,"turns":9},{"damage":34,"enemies":"Shelled Parasite and Fungi","floor":29,"turns":6},{"damage":23,"enemies":"Centurion and Healer","floor":31,"turns":7},{"damage":65,"enemies":"Champ","floor":33,"turns":10}],"seed_played":"5444889904200718750","potions_obtained":[{"floor":3,"key":"Energy Potion"},{"floor":16,"key":"Explosive Potion"}],"is_trial":false,"path_per_floor":["M","$","M","?","M","R","E","M","T","?","R","?","R","E","R","B",null,"M","$","M","?","M","R","T","R","T","R","?","M","?","M","R","B"],"character_chosen":"IRONCLAD","items_purchased":["Uppercut","Anger","True Grit","True Grit","Reckless Charge"],"campfire_rested":5,"item_purchase_floors":[2,2,2,19,19],"current_hp_per_floor":[69,69,70,50,54,54,21,24,38,19,47,47,75,53,53,8,73,57,57,38,38,18,46,46,74,74,74,74,46,46,29,57,0,0],"gold":82,"neow_bonus":"TWO_FIFTY_GOLD","is_daily":false,"chose_seed":false,"campfire_upgraded":3,"win_rate":0.0,"timestamp":1609728644,"path_taken":["M","$","M","?","M","R","E","M","T","?","R","?","R","E","R","BOSS","M","$","M","?","M","R","?","R","T","R","?","M","?","M","R","BOSS"],"items_purchased_type":["Card","Card","Card","Card","Card"],"build_version":"2020-12-22","purchased_purges":2,"victory":false,"max_hp_per_floor":[80,80,80,80,80,80,80,80,94,94,94,94,94,94,94,94,94,94,94,94,94,94,94,94,94,94,94,94,94,94,94,94,94,94],"relic_stats":{"Darkstone Periapt":0,"counters":[13,83],"Golden Idol":62,"Mummified Hand":[6],"Pandora\u0027s Box":["Disarm","Anger","Warcry","Rampage","Ghostly Armor","Shrug It Off","Reaper","Twin Strike"],"Turnip":[14],"obtain_stats":[{"Darkstone Periapt":7,"Golden Idol":4,"Mummified Hand":24,"Vajra":28,"Mango":9,"Pandora\u0027s Box":17,"Turnip":14,"Burning Blood":0,"Unceasing Top":26},{"Darkstone Periapt":4,"Golden Idol":2,"Mummified Hand":10,"Vajra":10,"Mango":5,"Pandora\u0027s Box":7,"Turnip":6,"Burning Blood":0,"Unceasing Top":10},{"Darkstone Periapt":15,"Golden Idol":6,"Mummified Hand":60,"Vajra":60,"Mango":19,"Pandora\u0027s Box":39,"Turnip":23,"Burning Blood":0,"Unceasing Top":60}],"Burning Blood":72,"Unceasing Top":[40]},"card_choices":[{"not_picked":["Warcry","Headbutt"],"picked":"Perfected Strike","floor":1},{"not_picked":["Sword Boomerang","Disarm"],"picked":"True Grit","floor":3},{"not_picked":["Flex","Carnage"],"picked":"Sentinel","floor":5},{"not_picked":["Feel No Pain","Headbutt","Disarm"],"picked":"SKIP","floor":7},{"not_picked":["Perfected Strike","Berserk"],"picked":"Cleave","floor":8},{"not_picked":["Sword Boomerang","Sever Soul","True Grit"],"picked":"SKIP","floor":14},{"not_picked":["Pommel Strike","Clothesline+1"],"picked":"Feel No Pain","floor":18},{"not_picked":["Twin Strike","Havoc"],"picked":"Shrug It Off","floor":20},{"not_picked":["Iron Wave","Anger"],"picked":"Havoc","floor":22},{"not_picked":["Cleave","Demon Form"],"picked":"Second Wind","floor":29},{"not_picked":["Warcry","Power Through","Cleave"],"picked":"SKIP","floor":31}],"player_experience":1112261,"relics_obtained":[{"floor":7,"key":"Darkstone Periapt"},{"floor":9,"key":"Mango"},{"floor":14,"key":"Turnip"},{"floor":24,"key":"Mummified Hand"},{"floor":26,"key":"Unceasing Top"}],"event_choices":[{"damage_healed":0,"gold_gain":0,"player_choice":"Take Damage","damage_taken":20,"relics_obtained":["Golden Idol"],"max_hp_gain":0,"max_hp_loss":0,"event_name":"Golden Idol","floor":4,"gold_loss":0},{"damage_healed":0,"gold_gain":0,"player_choice":"Entered Light","damage_taken":19,"max_hp_gain":0,"max_hp_loss":0,"event_name":"Shining Light","floor":10,"gold_loss":0,"cards_upgraded":["Defend_R","Perfected Strike"]},{"damage_healed":0,"gold_gain":0,"cards_transformed":["Strike_R"],"player_choice":"Change","damage_taken":0,"max_hp_gain":0,"max_hp_loss":0,"event_name":"Living Wall","floor":12,"gold_loss":0,"cards_obtained":["Berserk"]},{"damage_healed":0,"gold_gain":0,"player_choice":"Ignored","damage_taken":0,"max_hp_gain":0,"max_hp_loss":0,"event_name":"Ghosts","floor":21,"gold_loss":0},{"damage_healed":0,"gold_gain":0,"player_choice":"Obtained Relic","damage_taken":0,"relics_obtained":["Vajra"],"max_hp_gain":0,"max_hp_loss":0,"event_name":"Addict","floor":28,"gold_loss":85},{"cards_removed":["Warcry"],"damage_healed":0,"gold_gain":0,"player_choice":"Gave Gold","damage_taken":0,"max_hp_gain":0,"max_hp_loss":0,"event_name":"Beggar","floor":30,"gold_loss":75}],"is_beta":false,"boss_relics":[{"not_picked":["SlaversCollar","Empty Cage"],"picked":"Pandora\u0027s Box"}],"items_purged_floors":[2,19],"is_endless":false,"potions_floor_spawned":[3,16,20,22,29],"killed_by":"Champ","ascension_level":13}}