{"host":"i2dzm7mf0pic4rds","time":1609728491,"event":{"mods":["BaseMod","Minty Spire (QoL Compilation)","Permanent Neow","Quick Restart","StSLib"],"gold_per_floor":[118,129,129,149,167,167,186,196,245,245,245,245,245,163,163,262,262,278,278,278,128,144,144,183,183,231,231,246,258,258,258,258,355,355,369,369,329,329,344,373,373,385,385,395,395,429,10,45,45,45],"floor_reached":51,"playtime":2856,"items_purged":[],"score":800,"play_id":"011d50ba-9531-43da-a2c6-5685855afa15","local_time":"20210104034811","daily_mods":["Heirloom"],"is_ascension_mode":false,"campfire_choices":[{"data":"Neutralize","floor":6,"key":"SMITH"},{"data":"Noxious Fumes","floor":11,"key":"SMITH"},{"data":"Envenom","floor":15,"key":"SMITH"},{"data":"Burst","floor":23,"key":"SMITH"},{"data":"Dodge and Roll","floor":27,"key":"SMITH"},{"floor":32,"key":"REST"},{"data":"Footwork","floor":41,"key":"SMITH"},{"data":"Infinite Blades","floor":45,"key":"SMITH"},{"data":"Footwork","floor":49,"key":"SMITH"}],"circlet_count":0,"master_deck":["Strike_G","Strike_G","Strike_G","Strike_G","Defend_G","Defend_G","Defend_G","Defend_G","Survivor","Neutralize+1","Leg Sweep","Deflect","Bouncing Flask","Dodge and Roll+1","Noxious Fumes+1","Envenom+1","Burst+1","Caltrops+1","Backflip","Deflect","Poisoned Stab","Footwork+1","Terror+1","Blade Dance+1","PiercingWail+1","Infinite Blades+1","Corpse Explosion","Footwork+1","Cloak And Dagger","Noxious Fumes+1"],"relics":["Ring of the Snake","FossilizedHelix","Tiny Chest","SacredBark","Letter Opener","Enchiridion","Snake Skull","Pantograph","Bronze Scales","Sozu","Kunai","Mummified Hand","Bag of Preparation","Sundial","White Beast Statue","ClockworkSouvenir","Pen Nib","Regal Pillow"],"acts_visited":["Exordium","TheCity","TheBeyond"],"potions_floor_usage":[5,24,33],"damage_taken":[{"damage":0,"enemies":"2 Louse","floor":1,"turns":4},{"damage":0,"enemies":"Cultist","floor":2,"turns":4},{"damage":0,"enemies":"Jaw Worm","floor":4,"turns":4},{"damage":0,"enemies":"3 Louse","floor":5,"turns":5},{"damage":0,"enemies":"Blue Slaver","floor":7,"turns":4},{"damage":1,"enemies":"Exordium Wildlife","floor":8,"turns":5},{"damage":20,"enemies":"Hexaghost","floor":16,"turns":9},{"damage":8,"enemies":"Spheric Guardian","floor":18,"turns":8},{"damage":4,"enemies":"Shell Parasite","floor":22,"turns":5},{"damage":15,"enemies":"Cultist and Chosen","floor":24,"turns":5},{"damage":0,"enemies":"Chosen and Byrds","floor":28,"turns":5},{"damage":7,"enemies":"Sentry and Sphere","floor":29,"turns":5},{"damage":26,"enemies":"Champ","floor":33,"turns":8},{"damage":0,"enemies":"3 Shapes","floor":35,"turns":5},{"damage":0,"enemies":"Orb Walker","floor":39,"turns":4},{"damage":0,"enemies":"Nemesis","floor":40,"turns":7},{"damage":0,"enemies":"3 Darklings","floor":42,"turns":4},{"damage":0,"enemies":"Spire Growth","floor":44,"turns":4},{"damage":0,"enemies":"Giant Head","floor":46,"turns":7},{"damage":0,"enemies":"Nemesis","floor":48,"turns":7},{"damage":21,"enemies":"Awakened One","floor":50,"turns":11}],"seed_played":"-6704411579624452057","potions_obtained":[{"floor":1,"key":"Strength Potion"},{"floor":4,"key":"SkillPotion"},{"floor":5,"key":"SteroidPotion"},{"floor":8,"key":"SteroidPotion"},{"floor":16,"key":"ColorlessPotion"}],"is_trial":true,"path_per_floor":["M","M","?","M","M","R","M","M","T","?","R","?","$","$","R","B",null,"M","T","?","$","M","R","M","T","T","R","M","M","?","$","R","B",null,"M","T","$","T","M","E","R","M","T","M","R","E","$","E","R","B",null],"character_chosen":"THE_SILENT","items_purchased":["Envenom","Snake Skull","Footwork","Footwork","Cloak And Dagger","ClockworkSouvenir","Pen Nib"],"campfire_rested":1,"item_purchase_floors":[14,21,37,47,47,47,47],"current_hp_per_floor":[70,70,70,70,70,70,70,69,69,74,74,74,74,74,74,54,75,67,67,51,51,47,47,32,32,32,32,32,25,25,25,47,46,75,75,75,75,75,75,75,75,75,75,75,75,75,75,75,75,54],"gold":45,"neow_bonus":"","is_daily":false,"chose_seed":false,"campfire_upgraded":8,"win_rate":0.0,"timestamp":1609728491,"path_taken":["M","M","?","?","?","R","M","M","T","?","R","?","?","$","R","BOSS","M","?","?","?","?","R","M","?","T","R","M","M","?","$","R","BOSS","M","?","?","?","M","E","R","M","T","M","R","E","$","E","R","BOSS"],"items_purchased_type":["Card","Relic","Card","Card","Card","Relic","Relic"],"build_version":"2020-12-22","purchased_purges":0,"victory":true,"max_hp_per_floor":[70,70,70,70,70,70,70,70,70,75,75,75,75,75,75,75,75,75,75,75,75,75,75,75,75,75,75,75,75,75,75,75,75,75,75,75,75,75,75,75,75,75,75,75,75,75,75,75,75,75],"card_choices":[{"not_picked":["Setup","Blade Dance"],"picked":"Leg Sweep","floor":1},{"not_picked":["Concentrate","Leg Sweep"],"picked":"Deflect","floor":2},{"not_picked":["Slice","Bane","Sucker Punch"],"picked":"SKIP","floor":4},{"not_picked":["Terror","All Out Attack"],"picked":"Dodge and Roll","floor":5},{"not_picked":["Riddle With Holes","Choke","Backstab"],"picked":"SKIP","floor":7},{"not_picked":["Setup","Acrobatics"],"picked":"Noxious Fumes","floor":8},{"not_picked":["A Thousand Cuts","Envenom"],"picked":"Burst","floor":16},{"not_picked":["Infinite Blades","Sucker Punch"],"picked":"Caltrops+1","floor":18},{"not_picked":["Outmaneuver","Backstab","Setup+1"],"picked":"SKIP","floor":22},{"not_picked":["Prepared+1","Dagger Spray","Accuracy+1"],"picked":"SKIP","floor":24},{"not_picked":["PiercingWail","Underhanded Strike+1"],"picked":"Backflip","floor":28},{"not_picked":["Sucker Punch","Blade Dance"],"picked":"Deflect","floor":29},{"not_picked":["Dodge and Roll","Deflect","Outmaneuver+1"],"picked":"SKIP","floor":35},{"not_picked":["Heel Hook+1","Sucker Punch+1"],"picked":"Terror+1","floor":39},{"not_picked":["Bouncing Flask","Dash+1"],"picked":"Blade Dance+1","floor":40},{"not_picked":["Prepared+1","Acrobatics"],"picked":"PiercingWail+1","floor":42},{"not_picked":["Bouncing Flask+1","Dodge and Roll+1"],"picked":"Infinite Blades","floor":44},{"not_picked":["Blade Dance+1","Backflip+1"],"picked":"Corpse Explosion","floor":46},{"not_picked":["Poisoned Stab","Predator"],"picked":"Noxious Fumes+1","floor":48}],"player_experience":134156,"relics_obtained":[{"floor":9,"key":"Tiny Chest"},{"floor":19,"key":"Letter Opener"},{"floor":20,"key":"Enchiridion"},{"floor":25,"key":"Pantograph"},{"floor":26,"key":"Bronze Scales"},{"floor":36,"key":"Kunai"},{"floor":38,"key":"Mummified Hand"},{"floor":40,"key":"Bag of Preparation"},{"floor":43,"key":"Sundial"},{"floor":46,"key":"White Beast Statue"},{"floor":48,"key":"Regal Pillow"}],"event_choices":[{"damage_healed":0,"gold_gain":0,"cards_transformed":["Defend_G"],"player_choice":"Transformed","damage_taken":0,"max_hp_gain":0,"max_hp_loss":0,"event_name":"Transmorgrifier","floor":3,"gold_loss":0,"cards_obtained":["Bouncing Flask"]},{"damage_healed":0,"gold_gain":0,"player_choice":"Donut","damage_taken":0,"max_hp_gain":5,"max_hp_loss":0,"event_name":"Big Fish","floor":10,"gold_loss":0},{"damage_healed":0,"gold_gain":0,"player_choice":"Leave","damage_taken":0,"max_hp_gain":0,"max_hp_loss":0,"event_name":"The Cleric","floor":12,"gold_loss":0},{"damage_healed":0,"gold_gain":0,"player_choice":"Obtained Book","damage_taken":16,"max_hp_gain":0,"max_hp_loss":0,"event_name":"Cursed Tome","floor":20,"gold_loss":0},{"damage_healed":0,"gold_gain":0,"cards_transformed":["Strike_G"],"player_choice":"Transformed","damage_taken":0,"max_hp_gain":0,"max_hp_loss":0,"event_name":"Transmorgrifier","floor":30,"gold_loss":0,"cards_obtained":["Poisoned Stab"]}],"is_beta":false,"boss_relics":[{"not_picked":["Philosopher\u0027s Stone","Coffee Dripper"],"picked":"SacredBark"},{"not_picked":["Runic Pyramid","Snecko Eye"],"picked":"Sozu"}],"items_purged_floors":[],"is_endless":false,"potions_floor_spawned":[1,4,5,8,16,18,39,40,48],"ascension_level":0}}