{"host":"wy5pcbg592uilh9l","time":1609740025,"event":{"mods":["AchievementEnabler","BaseMod","BetterRewards","Hubris","Infinite Spire","Minty Spire (QoL Compilation)","Permanent Neow","Replay The Spire","StSLib"],"gold_per_floor":[111,111,186,186,256,288,288,321,344,383,415,415,415,462,462,575,575,625,625,625,625,540,589,589,737,737,778,778,778,820,346,384,441,441,547,547,565,565,565,595,633,682,694,759,794,706,413,442,487,512,512,514],"floor_reached":53,"playtime":4699,"items_purged":["Strike_R","Strike_R","Defend_R","Defend_R","Strike_R","Barricade","Rampage","Bash"],"score":1678,"play_id":"796fda69-af9f-4669-ad1f-33f49540cc9b","local_time":"20210104000025","is_ascension_mode":true,"campfire_choices":[{"floor":7.0,"key":"RECALL"},{"floor":15.0,"key":"DIG"},{"data":"Replay:BasicMightCard","floor":24,"key":"SMITH"},{"data":"hubris:Greed","floor":34,"key":"PURGE"},{"floor":51,"key":"DIG"}],"circlet_count":0,"master_deck":["Strike_R","Defend_R","Shrug It Off+1","Replay:Dark Deal","Heavy Blade","ReplayTheSpireMod:Limb From Limb+1","ReplayTheSpireMod:Limb From Limb+1","Battle Trance","Discovery","Replay:Many Hands","Burning Pact","Rampage","infinitespire:Menacing","ReplayTheSpireMod:Muscle Training","Seeing Red","hubris:DuctTapeCard","Inflame","Apotheosis+1","infinitespire:SealOfDarkness+","infinitespire:FutureSight","Sword Boomerang+1","Inflame","Panache"],"relics":["Burning Blood","Torii","HornCleat","Replay:Multitool","infinitespire:Lucky Rock","hubris:OldNail","Another Sword","Membership Card","Replay:Towering Pillar of Hats","Sling","Nunchaku","White Beast Statue","TungstenRod","Tiny Chest","Ancient Tea Set","Juzu Bracelet","ReplayTheSpireMod:Shallot","Pear","War Paint","Ring of Peace","Replay:Bandana","infinitespire:Satchel","Shuriken","hubris:Icosahedron","Omamori","hubris:GlazedTorus","ChewingGum","WarpedTongs","InkBottle","hubris:BottledHeart","Replay:Wax Seal","Vajra","Bronze Scales","hubris:DuctTape","Shovel","Replay:Bottled Steam","Pondfish Scales","Black Star","OrangePellets","hubris:Backtick","Dead Branch","MawBank","infinitespire:WardingShard","Replay:Ringing Soul","Replay:Kaleidoscope","hubris:Zylophone","ReplayTheSpireMod:Lightbulb","DollysMirror","Akabeko","hubris:DeckOfHolding","Replay:Bottled Eggs"],"acts_visited":["Exordium","TheCity","TheBeyond"],"potions_floor_usage":[23,30,32,40,48,52],"damage_taken":[{"damage":0.0,"enemies":"2 Louse","floor":1.0,"turns":1.0},{"damage":0.0,"enemies":"Gremlin Nob","floor":6.0,"turns":2.0},{"damage":0.0,"enemies":"Jaw Worm","floor":8.0,"turns":2.0},{"damage":8.0,"enemies":"3 Sentries","floor":10.0,"turns":4.0},{"damage":0.0,"enemies":"Cultist","floor":11.0,"turns":3.0},{"damage":0.0,"enemies":"Gremlin Nob","floor":14.0,"turns":4.0},{"damage":5.0,"enemies":"Fading Forest","floor":16.0,"turns":11.0},{"damage":0,"enemies":"Spheric Guardian","floor":18,"turns":3},{"damage":0,"enemies":"Slavers","floor":23,"turns":4},{"damage":0,"enemies":"Gremlin Leader","floor":25,"turns":4},{"damage":0,"enemies":"3 Byrds","floor":27,"turns":4},{"damage":0,"enemies":"Cultist and Chosen","floor":30,"turns":3},{"damage":0,"enemies":"Snake Plant","floor":32,"turns":4},{"damage":0,"enemies":"Slavers","floor":33,"turns":4},{"damage":0,"enemies":"Automaton","floor":35,"turns":6},{"damage":0,"enemies":"Orb Walker","floor":37,"turns":3},{"damage":0,"enemies":"3 Shapes","floor":40,"turns":2},{"damage":0,"enemies":"Transient","floor":41,"turns":5},{"damage":0,"enemies":"Nemesis","floor":42,"turns":3},{"damage":0,"enemies":"R_Hoarder","floor":44,"turns":3},{"damage":0,"enemies":"3 Darklings","floor":48,"turns":3},{"damage":0,"enemies":"Reptomancer","floor":49,"turns":2},{"damage":0,"enemies":"4 Shapes","floor":50,"turns":2},{"damage":0,"enemies":"Time Eater","floor":52,"turns":4}],"seed_played":"2012192452636730802","potions_obtained":[{"floor":1.0,"key":"Dexterity Potion"},{"floor":6.0,"key":"LiquidBronze"},{"floor":14.0,"key":"ColorlessPotion"},{"floor":16.0,"key":"GamblersBrew"},{"floor":18,"key":"Fire Potion"},{"floor":23,"key":"Ancient Potion"},{"floor":27,"key":"Death Potion"},{"floor":30,"key":"Adrenaline Potion"},{"floor":32,"key":"Swift Potion"},{"floor":40,"key":"SneckoOil"},{"floor":48,"key":"SkillPotion"}],"is_trial":false,"path_per_floor":["M","?","?","?","T","E","R","M","T","E","M","?","?","E","R","B",null,"M","?","T","?","?","E","R","E","T","M","PTL","PTL","M","$","M","E","R","B",null,"M","?","AVR","M","M","E","T","E","T","NS","$","M","E","M","R","B",null],"character_chosen":"IRONCLAD","items_purchased":["Torii","HornCleat","infinitespire:Lucky Rock","hubris:OldNail","Replay:BasicMightCard","FairyPotion","Membership Card","Sling","Nunchaku","DistilledChaos","White Beast Statue","Shrug It Off","Tiny Chest","Ancient Tea Set","Replay:Dark Deal","Juzu Bracelet","ReplayTheSpireMod:Shallot","Demon Form","Pear","War Paint","Heavy Blade","ReplayTheSpireMod:Limb From Limb","Battle Trance","Discovery","Shovel","Apotheosis","Replay:Bottled Steam","DollysMirror","Panache","AttackPotion"],"campfire_rested":0,"item_purchase_floors":[0,0,0,0,0,0,0,0,0,0,0,0,0,0,0,0,0,0,0,0,0,0,0,0,31,31,31,47,47,47],"current_hp_per_floor":[48,48,38,38,38,44,44,50,50,48,54,54,33,39,39,40,90,90,90,90,1,1,1,1,1,1,1,1,1,1,1,1,1,1,1,1,1,1,1,1,1,1,1,1,1,1,1,1,1,1,1,1],"gold":514,"neow_bonus":"","is_daily":false,"chose_seed":false,"campfire_upgraded":1,"win_rate":0.0,"timestamp":1609740025,"path_taken":["M","?","?","?","?","E","R","M","T","E","M","?","?","E","R","BOSS","M","?","?","?","?","E","R","E","T","M","PTL","PTL","M","$","M","E","R","BOSS","M","?","AVR","M","M","E","?","E","T","NS","?","M","E","M","R","BOSS"],"items_purchased_type":["Relic","Relic","Relic","Relic","Card","Potion","Relic","Relic","Relic","Potion","Relic","Card","Relic","Relic","Card","Relic","Relic","Card","Relic","Relic","Card","Card","Card","Card","Relic","Card","Relic","Relic","Card","Potion"],"build_version":"2020-12-22","purchased_purges":8,"victory":true,"max_hp_per_floor":[90,90,90,90,90,90,90,90,90,90,90,90,90,90,90,90,90,90,90,90,1,1,1,1,1,1,1,1,1,1,1,1,1,1,1,1,1,1,1,1,1,1,1,1,1,1,1,1,1,1,1,1],"card_choices":[{"not_picked":["Searing Blow","Cleave","ReplayTheSpireMod:LeadingStrike"],"picked":"SKIP","floor":1.0},{"not_picked":["Anger","Warcry","Blood for Blood"],"picked":"SKIP","floor":6.0},{"not_picked":["ReplayTheSpireMod:Strike From Hell","Inflame"],"picked":"Burning Pact","floor":8.0},{"not_picked":["Twin Strike","Offering"],"picked":"Rampage","floor":10.0},{"not_picked":["Life Link","Replay:Undeath\u0027s Touch","Cleave"],"picked":"SKIP","floor":11.0},{"not_picked":["ReplayTheSpireMod:Haul","infinitespire:NeuralNetwork"],"picked":"infinitespire:Menacing","floor":13.0},{"not_picked":["Iron Wave","Wild Strike"],"picked":"ReplayTheSpireMod:Muscle Training","floor":14.0},{"not_picked":["Impervious","Immolate"],"picked":"Barricade","floor":16.0},{"not_picked":["Perfected Strike","Twin Strike"],"picked":"Seeing Red","floor":18},{"not_picked":["True Grit","Wild Strike"],"picked":"Rampage","floor":23},{"not_picked":["Metallicize","ReplayTheSpireMod:Stacked","Sentinel"],"picked":"SKIP","floor":25},{"not_picked":["Heavy Blade","ReplayTheSpireMod:Muscle Training"],"picked":"Inflame","floor":27},{"not_picked":["Warcry","hubris:SharpeningStone","ReplayTheSpireMod:Corrosion Curse+1"],"picked":"SKIP","floor":30},{"not_picked":["Havoc","Sever Soul","Dark Embrace"],"picked":"SKIP","floor":32},{"not_picked":["hubris:ReadiedAction+1","Abandon","Power Through+1"],"picked":"SKIP","floor":33},{"not_picked":["ReplayTheSpireMod:Strike From Hell+1","Rampage","Run Through"],"picked":"SKIP","floor":37},{"not_picked":["Clash","Bloodletting","Entrench"],"picked":"SKIP","floor":40},{"not_picked":["Havoc","Body Slam","Iron Wave+1"],"picked":"SKIP","floor":41},{"not_picked":["Feel No Pain+1","Shrug It Off+1"],"picked":"Sword Boomerang+1","floor":42},{"not_picked":["Abandon","Dropkick"],"picked":"True Grit+1","floor":44},{"not_picked":["Clothesline","ReplayReversal+1","Replay:Undeath\u0027s Touch+1"],"picked":"SKIP","floor":48},{"not_picked":["Power Through+1","Brutality","hubris:ReadiedAction+1"],"picked":"SKIP","floor":49},{"not_picked":["Abandon+1","Rupture","Body Slam+1"],"picked":"SKIP","floor":50}],"player_experience":207795,"relics_obtained":[{"floor":2.0,"key":"Ring of Peace"},{"floor":6.0,"key":"Replay:Bandana"},{"floor":9.0,"key":"infinitespire:Satchel"},{"floor":10.0,"key":"Shuriken"},{"floor":14.0,"key":"Omamori"},{"floor":15.0,"key":"hubris:GlazedTorus"},{"floor":20,"key":"InkBottle"},{"floor":23,"key":"Vajra"},{"floor":25,"key":"Bronze Scales"},{"floor":26,"key":"hubris:DuctTape"},{"floor":33,"key":"Pondfish Scales"},{"floor":42,"key":"MawBank"},{"floor":42,"key":"infinitespire:WardingShard"},{"floor":43,"key":"Replay:Ringing Soul"},{"floor":44,"key":"Replay:Kaleidoscope"},{"floor":44,"key":"hubris:Zylophone"},{"floor":45,"key":"ReplayTheSpireMod:Lightbulb"},{"floor":49,"key":"Akabeko"},{"floor":49,"key":"hubris:DeckOfHolding"},{"floor":51,"key":"Replay:Bottled Eggs"}],"event_choices":[{"damage_healed":0.0,"max_hp_gain":0.0,"max_hp_loss":0.0,"gold_gain":75.0,"event_name":"World of Goop","player_choice":"Gather Gold","floor":3.0,"gold_loss":0.0,"damage_taken":11.0},{"damage_healed":0.0,"max_hp_gain":0.0,"max_hp_loss":0.0,"gold_gain":0.0,"cards_transformed":["Strike_R"],"event_name":"Transmorgrifier","player_choice":"Transformed","floor":4.0,"gold_loss":0.0,"damage_taken":0.0,"cards_obtained":["Replay:Many Hands"]},{"damage_healed":0,"gold_gain":0,"player_choice":"Rummage","damage_taken":0,"relics_obtained":["WarpedTongs"],"max_hp_gain":0,"max_hp_loss":0,"event_name":"Accursed Blacksmith","floor":19,"gold_loss":0,"cards_obtained":["Pain"]},{"damage_healed":0,"gold_gain":0,"player_choice":"Obtained Relic","damage_taken":0,"relics_obtained":["Replay:Wax Seal"],"max_hp_gain":0,"max_hp_loss":0,"event_name":"Addict","floor":22,"gold_loss":85},{"damage_healed":0,"gold_gain":0,"player_choice":"Upgraded","damage_taken":0,"max_hp_gain":0,"max_hp_loss":0,"event_name":"Upgrade Shrine","floor":38,"gold_loss":0,"cards_upgraded":["Apotheosis"]}],"is_beta":false,"boss_relics":[{"not_picked":["ReplayTheSpireMod:SealedPack","Astrolabe"],"picked":"ChewingGum"},{"not_picked":["Fusion Hammer","hubris:ScarierMask"],"picked":"Black Star"}],"items_purged_floors":[0,0,0,0,0,31,39,47],"is_endless":false,"potions_floor_spawned":[1,6,8,10,11,14,16,18,23,25,27,30,32,33,35,37,40,41,42,44,48,49,50],"ascension_level":3}}