{"host":"y89x8uui45kcjy42","time":1609743044,"event":{"mods":["2.2 Compatiblity","BaseMod","CapriCore","Colored Map","Colored Powertips","Custom Start","Friendly Minions","Keyboard Shortcuts","Lobotomy","Minty Spire (QoL Compilation)","Relic Stats","Slay the Relics Exporter","StSLib","SuperFastMode","Uncapped"],"gold_per_floor":[115,115,128,146,146,180,180,211,235,235,235,15,40,60,60,158,158,158],"floor_reached":17,"playtime":386,"items_purged":[],"score":265,"play_id":"42e0026c-f907-4871-b1b2-f1e644bba6c7","local_time":"20210104155044","is_ascension_mode":false,"campfire_choices":[{"floor":10,"key":"REST"},{"data":"Loop","floor":15,"key":"SMITH"}],"circlet_count":0,"master_deck":["Apo_Charge","Omega+1","Adrenaline+1","Consume+1","Seek+1","Defragment+1","Defragment+1","Electrodynamics+1","Core Surge+1","Loop+1"],"relics":["Cracked Core","Symbiotic Virus","Emotion Chip","DataDisk","Anchor","Runic Capacitor","Ginger","Turnip","StoneCalendar","Bag of Preparation","TheAbacus","Torii","TungstenRod","Inserter","ClockworkSouvenir","Cables","Incense Burner","Lantern","OrangePellets","Cracked Core","FrozenCore","Sling","MealTicket","Orichalcum","Lizard Tail","CeramicFish","Membership Card","Potion Belt","SlaversCollar"],"acts_visited":["Exordium","TheCity"],"potions_floor_usage":[],"damage_taken":[{"damage":0,"enemies":"2 Louse","floor":1,"turns":1},{"damage":0,"enemies":"Cultist","floor":3,"turns":1},{"damage":0,"enemies":"Small Slimes","floor":4,"turns":1},{"damage":0,"enemies":"Gremlin Nob","floor":6,"turns":1},{"damage":0,"enemies":"3 Sentries","floor":8,"turns":1},{"damage":0,"enemies":"Exordium Thugs","floor":13,"turns":1},{"damage":0,"enemies":"3 Louse","floor":14,"turns":1},{"damage":12,"enemies":"Hexaghost","floor":16,"turns":3}],"seed_played":"-2949745325576858859","potions_obtained":[{"floor":3,"key":"FearPotion"},{"floor":6,"key":"LiquidBronze"},{"floor":13,"key":"Energy Potion"},{"floor":16,"key":"EssenceOfSteel"}],"is_trial":true,"path_per_floor":["M","?","M","M","T","E","?","E","T","R","?","$","M","M","R","B",null],"character_chosen":"DEFECT","items_purchased":["Membership Card","Potion Belt"],"campfire_rested":1,"item_purchase_floors":[12,12],"current_hp_per_floor":[75,75,75,75,75,75,70,70,70,75,75,75,75,75,75,63,75,75],"gold":158,"neow_bonus":"","is_daily":false,"chose_seed":false,"campfire_upgraded":1,"win_rate":0.0,"timestamp":1609743044,"path_taken":["M","?","M","?","?","E","?","E","T","R","?","$","M","M","R","BOSS"],"items_purchased_type":["Relic","Relic"],"build_version":"2020-12-22","purchased_purges":0,"victory":false,"max_hp_per_floor":[75,75,75,75,75,75,75,75,75,75,75,75,75,75,75,75,75,75],"relic_stats":{"Inserter":[5],"Torii":1,"counters":[8,10],"CeramicFish":9,"StoneCalendar":[0],"Bag of Preparation":[16],"Ginger":[0],"Orichalcum":[0],"Cables":[9,9,0,0,0],"FrozenCore":[7],"OrangePellets":[0],"Emotion Chip":[5,2,2,1,0],"Lizard Tail":0,"TheAbacus":[18],"MealTicket":0,"Turnip":[0],"obtain_stats":[{"Lantern":0,"Torii":0,"CeramicFish":8,"StoneCalendar":0,"Runic Capacitor":0,"Bag of Preparation":0,"Incense Burner":0,"Ginger":0,"Sling":0,"ClockworkSouvenir":0,"FrozenCore":0,"Emotion Chip":0,"Lizard Tail":7,"TheAbacus":0,"MealTicket":5,"Cracked Core":0,"Potion Belt":12,"Inserter":0,"Orichalcum":6,"Cables":0,"OrangePellets":0,"SlaversCollar":17,"DataDisk":0,"Anchor":0,"Turnip":0,"Membership Card":12,"Symbiotic Virus":0,"TungstenRod":0},{"Lantern":0,"Torii":0,"CeramicFish":5,"StoneCalendar":0,"Runic Capacitor":0,"Bag of Preparation":0,"Incense Burner":0,"Ginger":0,"Sling":0,"ClockworkSouvenir":0,"FrozenCore":0,"Emotion Chip":0,"Lizard Tail":4,"TheAbacus":0,"MealTicket":3,"Cracked Core":0,"Potion Belt":5,"Inserter":0,"Orichalcum":4,"Cables":0,"OrangePellets":0,"SlaversCollar":8,"DataDisk":0,"Anchor":0,"Turnip":0,"Membership Card":5,"Symbiotic Virus":0,"TungstenRod":0},{"Lantern":0,"Torii":0,"CeramicFish":5,"StoneCalendar":0,"Runic Capacitor":0,"Bag of Preparation":0,"Incense Burner":0,"Ginger":0,"Sling":0,"ClockworkSouvenir":0,"FrozenCore":0,"Emotion Chip":0,"Lizard Tail":4,"TheAbacus":0,"MealTicket":3,"Cracked Core":0,"Potion Belt":5,"Inserter":0,"Orichalcum":4,"Cables":0,"OrangePellets":0,"SlaversCollar":10,"DataDisk":0,"Anchor":0,"Turnip":0,"Membership Card":5,"Symbiotic Virus":0,"TungstenRod":0}],"TungstenRod":5},"card_choices":[{"not_picked":["Go for the Eyes","Gash","Sweeping Beam"],"picked":"SKIP","floor":1},{"not_picked":["Hologram","Coolheaded","Static Discharge"],"picked":"SKIP","floor":3},{"not_picked":["Rip and Tear","Gash","Redo"],"picked":"SKIP","floor":4},{"not_picked":["Recycle","Double Energy","Beam Cell"],"picked":"SKIP","floor":6},{"not_picked":["Double Energy","Coolheaded","Blizzard"],"picked":"SKIP","floor":8},{"not_picked":["Coolheaded","Ball Lightning"],"picked":"Loop","floor":13},{"not_picked":["Leap","Turbo","Conserve Battery"],"picked":"SKIP","floor":14}],"player_experience":559284,"relics_obtained":[{"floor":5,"key":"MealTicket"},{"floor":6,"key":"Orichalcum"},{"floor":8,"key":"CeramicFish"}],"event_choices":[{"cards_removed":["CENSORED"],"damage_healed":0,"gold_gain":0,"player_choice":"Purged","damage_taken":0,"max_hp_gain":0,"max_hp_loss":0,"event_name":"Purifier","floor":2,"gold_loss":0},{"damage_healed":0,"gold_gain":0,"player_choice":"Success","damage_taken":7,"relics_obtained":["Lizard Tail"],"max_hp_gain":0,"max_hp_loss":0,"event_name":"Scrap Ooze","floor":7,"gold_loss":0},{"damage_healed":0,"gold_gain":0,"player_choice":"Ignored","damage_taken":0,"max_hp_gain":0,"max_hp_loss":0,"event_name":"Upgrade Shrine","floor":11,"gold_loss":0}],"is_beta":false,"boss_relics":[{"not_picked":["Snecko Eye","Tiny House"],"picked":"SlaversCollar"}],"items_purged_floors":[],"is_endless":false,"potions_floor_spawned":[3,6,13,16],"ascension_level":0}}