{"host":"dn6kke80v5f7isus","time":1609794424,"event":{"mods":["AchievementEnabler","Act Like it!","BaseMod","Colored Powertips","Custom Start","Defuse TimeMaze Blight","Downfall","Duelist Mod","Gremlin Skip","Highlight Path","Hubris","Infinite Spire","Minty Spire (QoL Compilation)","Rare Cards Sparkle","Replay The Spire","StSLib","The Cursed","Uncapped"],"gold_per_floor":[137,157,157,157,157,157,167,200,225,225,225],"floor_reached":10,"playtime":282,"items_purged":[],"score":96,"play_id":"f38a1e9c-b20c-4c76-9e80-cffbcbd08fab","local_time":"20210104160704","is_ascension_mode":true,"campfire_choices":[{"data":"theDuelist:TurretWarrior","floor":6,"key":"SMITH"}],"circlet_count":0,"master_deck":["theDuelist:Biofalcon","theDuelist:CastleWalls","theDuelist:CastleWalls","theDuelist:Deskbot004","theDuelist:Deskbot004","theDuelist:Deskbot005","theDuelist:Deskbot005","theDuelist:GreenGadget","theDuelist:Sparks","theDuelist:Sparks","theDuelist:PlatinumGadget","theDuelist:GoldGadget","theDuelist:TurretWarrior+1","theDuelist:Geargiauger","theDuelist:AncientGearChimera"],"relics":["theDuelist:MillenniumPuzzle","theDuelist:CardPoolRelic","theDuelist:CardPoolBasicRelic","theDuelist:BoosterPackPoolRelic","theDuelist:CardPoolAddRelic","theDuelist:CardPoolMinusRelic","theDuelist:CardPoolSaveRelic","theDuelist:CardPoolOptionsRelic","Oddly Smooth Stone","theDuelist:SummonAnchor"],"acts_visited":["Exordium"],"potions_floor_usage":[10],"damage_taken":[{"damage":2,"enemies":"2 Louse","floor":1,"turns":2},{"damage":6,"enemies":"Cultist","floor":2,"turns":4},{"damage":0,"enemies":"Jaw Worm","floor":7,"turns":3},{"damage":0,"enemies":"Lagavulin","floor":8,"turns":1},{"damage":5,"enemies":"3 Sentries","floor":10,"turns":2}],"seed_played":"-1414071381341359738","potions_obtained":[{"floor":2,"key":"theDuelist:BigTributeBottle"},{"floor":7,"key":"theDuelist:TokenPotion"}],"is_trial":false,"path_per_floor":["M","M","?","?","?","R","M","E","T","E"],"character_chosen":"THE_DUELIST","items_purchased":[],"campfire_rested":0,"item_purchase_floors":[],"current_hp_per_floor":[78,72,72,52,52,52,52,52,52,47,47],"gold":225,"neow_bonus":"ONE_RANDOM_RARE_CARD","is_daily":false,"chose_seed":false,"campfire_upgraded":1,"win_rate":0.0,"timestamp":1609794424,"path_taken":["M","M","?","?","?","R","M","E","T","E"],"items_purchased_type":[],"build_version":"2020-12-22","purchased_purges":0,"victory":false,"max_hp_per_floor":[80,80,80,80,80,80,80,80,80,80,80],"card_choices":[{"not_picked":["theDuelist:Apoqliphort","theDuelist:GravityLash"],"picked":"theDuelist:GoldGadget","floor":1},{"not_picked":["theDuelist:PlatinumGadget","theDuelist:OrcustCrescendo"],"picked":"theDuelist:TurretWarrior","floor":2},{"not_picked":["ReplayTheSpireMod:Haul","hubris:InfiniteBlow+15"],"picked":"infinitespire:SealOfDarkness+","floor":4},{"not_picked":["theDuelist:CyberRaider","theDuelist:Deskbot004","theDuelist:CardsFromTheSky","theDuelist:TokenVacuum"],"picked":"theDuelist:Geargiauger","floor":7},{"not_picked":["theDuelist:CannonSoldier","theDuelist:StimPack","theDuelist:DoubleTool","theDuelist:Tuningware"],"picked":"theDuelist:AncientGearChimera","floor":8}],"player_experience":521479,"relics_obtained":[{"floor":8,"key":"Oddly Smooth Stone"},{"floor":9,"key":"theDuelist:SummonAnchor"}],"event_choices":[{"damage_healed":0,"gold_gain":0,"player_choice":"Leave","duelist":true,"damage_taken":0,"max_hp_gain":0,"max_hp_loss":0,"event_name":"Tomb of the Nameless","floor":3,"gold_loss":0},{"damage_healed":0,"gold_gain":0,"player_choice":"Leave","duelist":true,"damage_taken":0,"max_hp_gain":0,"max_hp_loss":0,"event_name":"Relic Duplicator","floor":5,"gold_loss":0}],"is_beta":false,"boss_relics":[],"items_purged_floors":[],"is_endless":false,"potions_floor_spawned":[2,7],"killed_by":"3 Sentries","ascension_level":1}}