{"host":"g5zc4ej6zn2at89o","time":1609728607,"event":{"mods":["2.2 Compatiblity","AchievementEnabler","BaseMod","Colored Map","DeckTracker","Highlight Path","KOR Keyword Fix","Keyboard Shortcuts","Minty Spire (QoL Compilation)","Permanent Neow","Quick Restart","Say the Spire","StSLib","SuperFastMode","everything is the same but u backflip on backflip"],"gold_per_floor":[111,36,46,46,46,46,60,60,83,2,37,37,50,60,60,161,161,176,188,205,105,123,123,150,166,192,202,218,218,71,71,71,168,218,237,287,297,297,297,297,325,325,351,351,351],"floor_reached":44,"playtime":3076,"items_purged":["Defend_G","Strike_G"],"score":610,"play_id":"df384464-e7e4-43c0-9add-7705991b3cf0","local_time":"20210104115007","is_ascension_mode":true,"campfire_choices":[{"data":"Survivor","floor":6.0,"key":"SMITH"},{"data":"Backflip","floor":8.0,"key":"SMITH"},{"data":"Burst","floor":15,"key":"SMITH"},{"data":"Adrenaline","floor":23,"key":"SMITH"},{"data":"Caltrops","floor":29,"key":"SMITH"},{"floor":32,"key":"REST"},{"data":"Panacea","floor":40,"key":"SMITH"}],"circlet_count":0,"master_deck":["Strike_G","Strike_G","Strike_G","Defend_G","Defend_G","Defend_G","Defend_G","Survivor+1","Neutralize","The Bomb+1","Backflip+1","Calculated Gamble","Backflip+1","Acrobatics+1","Burst+1","Caltrops+1","Adrenaline+1","Prepared+1","PiercingWail+1","Outmaneuver+1","Parasite","Doppelganger+1","Panacea+1"],"relics":["Ring of the Snake","Lantern","Ice Cream","Cursed Key","Matryoshka","War Paint","Juzu Bracelet","Omamori","Tiny House","Girya","FossilizedHelix","Regal Pillow","Ancient Tea Set"],"acts_visited":["Exordium","TheCity","TheBeyond"],"potions_floor_usage":[11,16,16,28,41,41,44],"damage_taken":[{"damage":7.0,"enemies":"Small Slimes","floor":1.0,"turns":3.0},{"damage":0.0,"enemies":"Cultist","floor":3.0,"turns":4.0},{"damage":0.0,"enemies":"2 Louse","floor":7.0,"turns":2.0},{"damage":27,"enemies":"Gremlin Nob","floor":11,"turns":5},{"damage":6,"enemies":"Lots of Slimes","floor":13,"turns":3},{"damage":0,"enemies":"Exordium Thugs","floor":14,"turns":3},{"damage":10,"enemies":"Hexaghost","floor":16,"turns":7},{"damage":6,"enemies":"Shell Parasite","floor":18,"turns":4},{"damage":0,"enemies":"Spheric Guardian","floor":19,"turns":4},{"damage":0,"enemies":"Snake Plant","floor":20,"turns":5},{"damage":0,"enemies":"Snecko","floor":22,"turns":4},{"damage":0,"enemies":"Book of Stabbing","floor":24,"turns":4},{"damage":2,"enemies":"3 Cultists","floor":25,"turns":3},{"damage":3,"enemies":"Centurion and Healer","floor":27,"turns":5},{"damage":24,"enemies":"Snake Plant","floor":28,"turns":3},{"damage":26,"enemies":"Champ","floor":33,"turns":9},{"damage":9,"enemies":"3 Shapes","floor":35,"turns":3},{"damage":0,"enemies":"Mind Bloom Boss Battle","floor":36,"turns":7},{"damage":0,"enemies":"Orb Walker","floor":37,"turns":4},{"damage":60,"enemies":"Reptomancer","floor":41,"turns":6},{"damage":43,"enemies":"Giant Head","floor":44,"turns":9}],"seed_played":"-566546181885361232","potions_obtained":[{"floor":3.0,"key":"Fire Potion"},{"floor":7.0,"key":"AttackPotion"},{"floor":11,"key":"CunningPotion"},{"floor":14,"key":"Dexterity Potion"},{"floor":22,"key":"SteroidPotion"},{"floor":27,"key":"FearPotion"},{"floor":28,"key":"CunningPotion"},{"floor":33,"key":"Explosive Potion"},{"floor":34,"key":"FairyPotion"},{"floor":36,"key":"DuplicationPotion"},{"floor":41,"key":"GhostInAJar"}],"is_trial":false,"path_per_floor":["M","$","M","$","?","R","M","R","T","$","E","?","M","M","R","B",null,"M","M","M","$","M","R","E","M","T","M","M","R","$","?","R","B",null,"M","?","M","?","?","R","E","?","T","E"],"character_chosen":"THE_SILENT","items_purchased":["Madness","Omamori"],"campfire_rested":1,"item_purchase_floors":[10,30],"current_hp_per_floor":[56,56,56,56,56,56,56,56,56,56,29,63,57,57,57,47,63,57,57,57,57,57,57,57,55,55,52,28,28,28,28,46,20,68,59,59,59,59,59,59,20,20,20,0,0],"gold":351,"neow_bonus":"RANDOM_COLORLESS_2","is_daily":false,"chose_seed":false,"campfire_upgraded":6,"win_rate":0.0,"timestamp":1609728607,"path_taken":["M","$","M","$","?","R","M","R","T","?","E","?","M","M","R","BOSS","M","M","M","$","M","R","E","?","T","M","M","R","$","?","R","BOSS","M","?","M","?","?","R","E","?","T","E"],"items_purchased_type":["Card","Relic"],"build_version":"2020-12-22","purchased_purges":2,"victory":false,"max_hp_per_floor":[63,63,63,63,63,63,63,63,63,63,63,63,63,63,63,63,63,63,63,63,63,63,63,63,63,63,63,63,63,63,63,63,63,68,68,68,68,68,68,68,68,65,65,65,65],"card_choices":[{"not_picked":["Secret Weapon","Master of Strategy"],"picked":"The Bomb","floor":0.0},{"not_picked":["Footwork","Dagger Spray"],"picked":"Backflip","floor":1.0},{"not_picked":["Flying Knee","Dagger Throw"],"picked":"Calculated Gamble","floor":3.0},{"not_picked":["Outmaneuver","Infinite Blades"],"picked":"Backflip","floor":7.0},{"not_picked":["Dodge and Roll","Noxious Fumes"],"picked":"Acrobatics","floor":11},{"not_picked":["Sucker Punch","Cloak And Dagger"],"picked":"Burst","floor":13},{"not_picked":["Masterful Stab","Cloak And Dagger"],"picked":"Caltrops","floor":14},{"not_picked":["Venomology","Grand Finale"],"picked":"Adrenaline","floor":16},{"not_picked":["Poisoned Stab+1","Bouncing Flask"],"picked":"Prepared","floor":18},{"not_picked":["Footwork","Acrobatics+1"],"picked":"PiercingWail+1","floor":19},{"not_picked":["Acrobatics","Deflect"],"picked":"Outmaneuver+1","floor":20},{"not_picked":["Dodge and Roll","Deadly Poison","Prepared"],"picked":"SKIP","floor":22},{"not_picked":["Grand Finale","Backflip","Infinite Blades+1"],"picked":"SKIP","floor":24},{"not_picked":["Endless Agony","Distraction","Calculated Gamble"],"picked":"SKIP","floor":25},{"not_picked":["Leg Sweep","Choke","Blade Dance+1"],"picked":"SKIP","floor":27},{"not_picked":["Dagger Spray","Blade Dance+1","Noxious Fumes"],"picked":"SKIP","floor":28},{"not_picked":["Grand Finale","Unload"],"picked":"Doppelganger","floor":33},{"not_picked":["Dagger Throw+1","Catalyst+1","Deadly Poison+1"],"picked":"SKIP","floor":35},{"not_picked":["Dagger Throw+1","Deadly Poison","Caltrops"],"picked":"SKIP","floor":37},{"not_picked":["Flash of Steel","Deep Breath"],"picked":"Panacea","floor":39},{"not_picked":["Cloak And Dagger","Escape Plan","Accuracy+1"],"picked":"SKIP","floor":41}],"player_experience":142812,"relics_obtained":[{"floor":9.0,"key":"Lantern"},{"floor":11,"key":"Ice Cream"},{"floor":24,"key":"Matryoshka"},{"floor":26,"key":"War Paint"},{"floor":26,"key":"Juzu Bracelet"},{"floor":36,"key":"Girya"},{"floor":41,"key":"FossilizedHelix"},{"floor":43,"key":"Regal Pillow"},{"floor":43,"key":"Ancient Tea Set"}],"event_choices":[{"damage_healed":0.0,"max_hp_gain":0.0,"max_hp_loss":0.0,"gold_gain":0.0,"event_name":"Upgrade Shrine","player_choice":"Upgraded","floor":5.0,"gold_loss":0.0,"damage_taken":0.0,"cards_upgraded":["The Bomb"]},{"cards_removed":["Madness"],"damage_healed":34,"gold_gain":0,"player_choice":"Offered Uncommon","damage_taken":0,"max_hp_gain":0,"max_hp_loss":0,"event_name":"Bonfire Elementals","floor":12,"gold_loss":0},{"cards_removed":["Strike_G"],"damage_healed":0,"gold_gain":0,"player_choice":"Purged","damage_taken":0,"max_hp_gain":0,"max_hp_loss":0,"event_name":"Purifier","floor":31,"gold_loss":0},{"damage_healed":0,"gold_gain":0,"player_choice":"Fight","damage_taken":0,"max_hp_gain":0,"max_hp_loss":0,"event_name":"MindBloom","floor":36,"gold_loss":0},{"damage_healed":0,"gold_gain":0,"player_choice":"Upgraded","damage_taken":0,"max_hp_gain":0,"max_hp_loss":0,"event_name":"Upgrade Shrine","floor":38,"gold_loss":0,"cards_upgraded":["Prepared"]},{"damage_healed":0,"gold_gain":0,"player_choice":"Memory 1","damage_taken":0,"max_hp_gain":0,"max_hp_loss":0,"event_name":"SensoryStone","floor":39,"gold_loss":0},{"damage_healed":0,"gold_gain":0,"player_choice":"Max HP","damage_taken":0,"max_hp_gain":0,"max_hp_loss":3,"event_name":"Winding Halls","floor":42,"gold_loss":0}],"is_beta":false,"boss_relics":[{"not_picked":["Snecko Eye","HoveringKite"],"picked":"Cursed Key"},{"not_picked":["Fusion Hammer","Coffee Dripper"],"picked":"Tiny House"}],"items_purged_floors":[2,21],"is_endless":false,"potions_floor_spawned":[3,7,11,14,22,27,28,33,36,41],"killed_by":"Giant Head","ascension_level":4}}