{"host":"xurz8oye0j2lsa2k","time":1609716726,"event":{"mods":["AchievementEnabler","BaseMod","BetterRewards","Colored Map","Hubris","Marisa????????","Minty Spire (QoL Compilation)","Permanent Neow","Replay The Spire","Spicy Shops","StSLib"],"gold_per_floor":[85,280,290,315,344,384,384,415,415,415,446,459,499,526,526,623,623,639,674,704,395,430,430,465,465,518,518,532,563,563,563,563,674,674,708,708,708,708,264,312,15,31,55,55,55,73,104,119,119,119,119],"floor_reached":50,"playtime":2781,"items_purged":["Injury","CommonCold"],"score":779,"play_id":"140c12e9-87a1-487e-91e1-93ddce7465b4","local_time":"20210103183206","is_ascension_mode":false,"campfire_choices":[{"data":"Singularity","floor":7,"key":"SMITH"},{"floor":15,"key":"REST"},{"floor":23,"key":"REST"},{"floor":25,"key":"REST"},{"data":"LuminesStrike","floor":30,"key":"SMITH"},{"floor":32,"key":"RECALL"},{"data":"PowerUp","floor":44,"key":"SMITH"},{"floor":49,"key":"REST"}],"circlet_count":0,"master_deck":["Strike_MRS","Strike_MRS","Strike_MRS","Defend_MRS","Defend_MRS","Defend_MRS","MasterSpark","UpSweep","PowerUp+1","WitchOfGreed","TreasureHunter+1","Singularity+1","PropBag","FairyDestructionRay","DarkMatter","MysteriousBeam","UnstableBomb","GalacticHalo","MysteriousBeam","LuminesStrike+1","NonDirectionalLaser","6A","CasketOfStar","UnstableBomb+1","IllusionStar+1","OortCloud","SprinkleStarSeal","StarDustReverie+1","Hallucinations","Regret"],"relics":["MiniHakkero","Strange Spoon","PreservedInsect","Replay:Wax Seal","Blood Vial","Anchor","Regal Pillow","Centennial Puzzle","SacredBark","Bag of Preparation","ReplayTheSpireMod:CursedCoin","Bronze Scales","Oddly Smooth Stone","Replay:Bottled Flurry","Pen Nib","Smiling Mask","Replay:Baseball","hubris:Towel","RampagingMagicTools","ReplayTheSpireMod:Ring of Collecting","ReplayTheSpireMod:Ring of Addiction","hubris:EmptyBottle","Potion Belt","hubris:Zylophone","ClockworkSouvenir","Question Card","Akabeko","Gambling Chip","Guide Book","Ring of Fangs","CeramicFish","Shovel","Kunai"],"acts_visited":["Exordium","TheCity","TheBeyond"],"potions_floor_usage":[3,5,6,11,13,16,16,16,20,22,33,35,40,40,40,46,46,47,47,48,48,50],"damage_taken":[{"damage":4,"enemies":"Cultist","floor":1,"turns":4},{"damage":0,"enemies":"2 Louse","floor":3,"turns":2},{"damage":2,"enemies":"Jaw Worm","floor":4,"turns":3},{"damage":2,"enemies":"2 Fungi Beasts","floor":5,"turns":3},{"damage":20,"enemies":"Gremlin Nob","floor":6,"turns":4},{"damage":6,"enemies":"Exordium Wildlife","floor":8,"turns":3},{"damage":6,"enemies":"Large Slime","floor":11,"turns":4},{"damage":0,"enemies":"2 Fungi Beasts","floor":12,"turns":1},{"damage":20,"enemies":"Replay:BlueRogue","floor":13,"turns":4},{"damage":2,"enemies":"Exordium Wildlife","floor":14,"turns":2},{"damage":16,"enemies":"Hexaghost","floor":16,"turns":4},{"damage":20,"enemies":"2 Thieves","floor":18,"turns":3},{"damage":19,"enemies":"Shell Parasite","floor":19,"turns":4},{"damage":15,"enemies":"Snecko","floor":20,"turns":5},{"damage":19,"enemies":"Centurion and Healer","floor":22,"turns":5},{"damage":13,"enemies":"Gremlin Leader","floor":24,"turns":3},{"damage":0,"enemies":"Sentry and Sphere","floor":28,"turns":2},{"damage":13,"enemies":"Book of Stabbing","floor":29,"turns":3},{"damage":27,"enemies":"Pondfish","floor":33,"turns":9},{"damage":43,"enemies":"3 Darklings","floor":35,"turns":4},{"damage":24,"enemies":"Giant Head","floor":40,"turns":8},{"damage":0,"enemies":"3 Shapes","floor":42,"turns":1},{"damage":0,"enemies":"Jaw Worm Horde","floor":46,"turns":1},{"damage":25,"enemies":"R_Hoarder","floor":47,"turns":3},{"damage":24,"enemies":"Sphere and 2 Shapes","floor":48,"turns":3},{"damage":45,"enemies":"Donu and Deca","floor":50,"turns":3}],"seed_played":"-4802331745359126764","potions_obtained":[{"floor":1,"key":"AttackPotion"},{"floor":1,"key":"DuplicationPotion"},{"floor":3,"key":"Energy Potion"},{"floor":4,"key":"Adrenaline Potion"},{"floor":5,"key":"PowerPotion"},{"floor":6,"key":"Elixir"},{"floor":8,"key":"PowerPotion"},{"floor":12,"key":"FearPotion"},{"floor":13,"key":"BottledSpark"},{"floor":16,"key":"Ancient Potion"},{"floor":19,"key":"SteroidPotion"},{"floor":19,"key":"Dexterity Potion"},{"floor":24,"key":"Regen Potion"},{"floor":33,"key":"Venom Potion"},{"floor":33,"key":"Strength Potion"},{"floor":35,"key":"SpeedPotion"},{"floor":38,"key":"Reflective Coating"},{"floor":38,"key":"Swift Potion"},{"floor":38,"key":"SkillPotion"},{"floor":40,"key":"Fire Potion"},{"floor":42,"key":"AttackPotion"},{"floor":47,"key":"Languid Potion"}],"is_trial":false,"path_per_floor":["M","?","M","M","M","E","R","M","T","?","M","M","E","M","R","B",null,"M","M","M","$","M","R","E","R","T","?","M","E","R","?","R","B",null,"M","?","?","?","$","E","$","M","T","R","$","M","E","M","R","B"],"character_chosen":"MARISA","items_purchased":["Strange Spoon","PreservedInsect","Replay:Wax Seal","PowerUp","Blood Vial","WitchOfGreed","Bag of Preparation","ReplayTheSpireMod:CursedCoin","Bronze Scales","Oddly Smooth Stone","hubris:Zylophone","ClockworkSouvenir","Question Card","Gambling Chip","Guide Book"],"campfire_rested":4,"item_purchase_floors":[0,0,0,0,0,0,21,21,21,21,39,39,39,41,41],"current_hp_per_floor":[49,49,51,51,51,33,33,29,29,29,25,27,9,9,46,44,75,55,38,25,25,8,45,34,71,71,71,73,62,62,62,62,75,75,32,32,66,66,66,42,42,44,44,44,44,46,23,1,35,0,0],"gold":119,"neow_bonus":"","is_daily":false,"chose_seed":false,"campfire_upgraded":3,"win_rate":0.0,"timestamp":1609716726,"path_taken":["M","?","?","M","M","E","R","M","T","?","M","M","E","M","R","BOSS","M","M","M","$","M","R","E","R","T","?","M","E","R","?","R","BOSS","M","?","?","?","$","E","$","?","T","R","$","M","E","M","R","BOSS"],"items_purchased_type":["Relic","Relic","Relic","Card","Relic","Card","Relic","Relic","Relic","Relic","Relic","Relic","Relic","Relic","Relic"],"build_version":"2020-12-22","purchased_purges":2,"victory":false,"max_hp_per_floor":[75,75,75,75,75,75,75,75,75,75,75,75,75,75,75,75,75,75,75,75,75,75,75,75,75,75,75,75,75,75,75,75,75,75,75,75,66,66,66,66,66,66,66,64,64,64,64,64,64,64,64],"card_choices":[{"not_picked":["EnergyRecoil","BlazeAway"],"picked":"PropBag","floor":1},{"not_picked":["EnergyFlow","MilkyWay"],"picked":"FairyDestructionRay","floor":2},{"not_picked":["MilkyWay","ChargeUpSpray"],"picked":"DarkMatter","floor":3},{"not_picked":["MeteoricShower","UnstableBomb"],"picked":"MysteriousBeam","floor":4},{"not_picked":["ShootTheMoon","GrandCross","DoubleSpark"],"picked":"SKIP","floor":5},{"not_picked":["AsteroidBelt","PowerUp"],"picked":"UnstableBomb","floor":6},{"not_picked":["PowerUp","AsteroidBelt"],"picked":"GalacticHalo","floor":8},{"not_picked":["GalacticHalo","Occultation"],"picked":"LuminesStrike","floor":11},{"not_picked":["UnstableBomb","EventHorizon"],"picked":"NonDirectionalLaser","floor":12},{"not_picked":["OpenUniverse","GrandCross","Occultation"],"picked":"SKIP","floor":13},{"not_picked":["EnergyFlow","AsteroidBelt"],"picked":"6A","floor":14},{"not_picked":["SatelliteIllusion","BlazingStar"],"picked":"CasketOfStar","floor":16},{"not_picked":["GalacticHalo","DC"],"picked":"UnstableBomb+1","floor":18},{"not_picked":["DoubleSpark","DarkMatter"],"picked":"IllusionStar+1","floor":19},{"not_picked":["MysteriousBeam","Acceleration","EnergyFlow"],"picked":"SKIP","floor":20},{"not_picked":["MaximisePower","RefractionSpark","Acceleration"],"picked":"SKIP","floor":22},{"not_picked":["6A","GravityBeat"],"picked":"OortCloud","floor":24},{"not_picked":["MilkyWay","JA","MeteoricShower"],"picked":"SKIP","floor":28},{"not_picked":["ShootingEcho+1","OneTimeOff"],"picked":"SprinkleStarSeal","floor":29},{"not_picked":["CollectingQuirk","BigCrunch"],"picked":"StarDustReverie","floor":33},{"not_picked":["LuminesStrike+1","GravityBeat+1","ChargingUp+1"],"picked":"SKIP","floor":35},{"not_picked":["GravityBeat","SporeBomb","RefractionSpark+1","Orbital"],"picked":"SKIP","floor":40},{"not_picked":["WitchLeyline","GalacticHalo+1","MilkyWay+1","ShootingEcho"],"picked":"SKIP","floor":42},{"not_picked":["DeepEcoloBomb","OpenUniverse","WitchOfGreed+1","WitchLeyline"],"picked":"SKIP","floor":46},{"not_picked":["DragonMeteor","MilkyWay+1","Robbery","ShootTheMoon"],"picked":"SKIP","floor":47},{"not_picked":["WitchLeyline","GalacticHalo","6A","LuminesStrike"],"picked":"SKIP","floor":48}],"player_experience":496073,"relics_obtained":[{"floor":6,"key":"Regal Pillow"},{"floor":13,"key":"Centennial Puzzle"},{"floor":24,"key":"Replay:Bottled Flurry"},{"floor":26,"key":"Pen Nib"},{"floor":29,"key":"Replay:Baseball"},{"floor":38,"key":"ReplayTheSpireMod:Ring of Collecting"},{"floor":38,"key":"ReplayTheSpireMod:Ring of Addiction"},{"floor":38,"key":"hubris:EmptyBottle"},{"floor":38,"key":"Potion Belt"},{"floor":40,"key":"Akabeko"},{"floor":43,"key":"Ring of Fangs"},{"floor":43,"key":"CeramicFish"},{"floor":47,"key":"Shovel"}],"event_choices":[{"cards_removed":["Defend_MRS"],"damage_healed":0,"gold_gain":0,"player_choice":"Removed Skill","damage_taken":0,"max_hp_gain":0,"max_hp_loss":0,"event_name":"Falling","floor":36,"gold_loss":0},{"damage_healed":66,"gold_gain":0,"player_choice":"Heal","damage_taken":0,"max_hp_gain":0,"max_hp_loss":9,"event_name":"The Moai Head","floor":37,"gold_loss":0}],"is_beta":false,"boss_relics":[{"not_picked":["Empty Cage","Tiny House"],"picked":"SacredBark"},{"not_picked":["hubris:VirtuousBlindfold","hubris:ScarierMask"],"picked":"RampagingMagicTools"}],"items_purged_floors":[21,39],"is_endless":false,"potions_floor_spawned":[1,3,6,8,12,16,19,24,33,40,42,46,47],"killed_by":"Donu and Deca","ascension_level":0}}