{"host":"j5gdvqtwmxqn6tw6","time":1609803022,"event":{"mods":["BaseMod","Colored Map","Colored Powertips","Downfall","Hermit","Marisa????????","Minty Spire (QoL Compilation)","Replay The Spire","StSLib","SuperFastMode","The Servant 0.9.4"],"gold_per_floor":[112,287,287,287,307,307,307,317,317,90,90,103,133,152,152,252,252,239,250,329,229,247,273,273,283,360,235,246,264,264,189,189,298,298,316,369,107,107,0,0,41,58,58,114,184,206,206,206,231,231,231,131],"floor_reached":53,"playtime":2267,"items_purged":["hermit:Strike_Hermit","hermit:Defend_Hermit","Guardian:Aged"],"score":755,"play_id":"69a3225c-778d-4b5e-996d-99e4acfce866","local_time":"20210105003022","is_ascension_mode":false,"campfire_choices":[{"data":"hermit:Snapshot","floor":6,"key":"SMITH"},{"data":"1","floor":11,"key":"LIFT"},{"data":"hermit:Dive","floor":15,"key":"SMITH"},{"data":"hermit:Brawl","floor":24,"key":"SMITH"},{"data":"2","floor":32,"key":"LIFT"},{"data":"3","floor":40,"key":"LIFT"},{"data":"ReplayTheSpireMod:Faulty Equipment","floor":51,"key":"SMITH"}],"circlet_count":0,"master_deck":["hermit:Strike_Hermit","hermit:Strike_Hermit+1","hermit:Defend_Hermit+1","hermit:Defend_Hermit","hermit:Defend_Hermit","hermit:Snapshot+1","hermit:Covet","hermit:HoleUp+1","Doubt","hermit:Dive+1","hermit:Glare","hermit:Brawl+1","hermit:BodyArmor+1","hermit:Dive+1","hermit:Dive+1","hermit:HoleUp","hermit:Scavenge+1","hermit:Dive+1","hermit:Desperado+1","Writhe","hermit:Brawl+1"],"relics":["hermit:Momento","Durian","Girya","War Paint","Replay:WaspNest","Replay:Grab Bag","Coffee Dripper","Cursed Key","Black Star","ReplayTheSpireMod:Lightbulb","Replay:Bottled Eggs","Vajra","Onion Ring","MutagenicStrength","SlaversCollar","CatCart","Letter Opener","Red Mask","Lizard Tail","Juzu Bracelet","hermit:RedScarf","Du-Vu Doll","Eternal Feather"],"acts_visited":["Exordium","TheCity","TheBeyond"],"potions_floor_usage":[22,23,33,36,36,41,41,49,52],"damage_taken":[{"damage":3,"enemies":"Small Slimes","floor":1,"turns":3},{"damage":2,"enemies":"2 Louse","floor":5,"turns":4},{"damage":0,"enemies":"Cultist","floor":8,"turns":3},{"damage":0,"enemies":"2 Fungi Beasts","floor":12,"turns":7},{"damage":0,"enemies":"Lagavulin","floor":13,"turns":9},{"damage":0,"enemies":"Exordium Wildlife","floor":14,"turns":3},{"damage":6,"enemies":"Slime Boss","floor":16,"turns":13},{"damage":0,"enemies":"2 Thieves","floor":18,"turns":4},{"damage":1,"enemies":"Shell Parasite","floor":19,"turns":5},{"damage":1,"enemies":"Snecko","floor":22,"turns":7},{"damage":17,"enemies":"Book of Stabbing","floor":23,"turns":7},{"damage":0,"enemies":"Snake Plant","floor":25,"turns":6},{"damage":2,"enemies":"Sentry and Sphere","floor":28,"turns":9},{"damage":0,"enemies":"Snecko","floor":29,"turns":9},{"damage":0,"enemies":"Champ","floor":33,"turns":21},{"damage":0,"enemies":"3 Shapes","floor":35,"turns":10},{"damage":32,"enemies":"Orin","floor":36,"turns":16},{"damage":10,"enemies":"Nemesis","floor":41,"turns":11},{"damage":0,"enemies":"3 Darklings","floor":42,"turns":11},{"damage":65,"enemies":"2 Orb Walkers","floor":44,"turns":9},{"damage":0,"enemies":"Jaw Worm Horde","floor":46,"turns":7},{"damage":19,"enemies":"Transient","floor":49,"turns":5},{"damage":9,"enemies":"Replay:Hell Engine","floor":52,"turns":24}],"seed_played":"-7472869775306653639","potions_obtained":[{"floor":1,"key":"BlessingOfTheForge"},{"floor":13,"key":"Elixir"},{"floor":14,"key":"Weak Potion"},{"floor":20,"key":"SkillPotion"},{"floor":22,"key":"Guardian:BlockOnCardUsePotion"},{"floor":23,"key":"LiquidMemories"},{"floor":33,"key":"BlessingOfTheForge"},{"floor":36,"key":"Toxic Potion"},{"floor":44,"key":"SpeedPotion"},{"floor":46,"key":"Swift Potion"}],"is_trial":false,"path_per_floor":["M","?","?","?","M","R","?","M","T","$","R","M","E","M","R","B",null,"M","M","?","$","M","E","R","M","T","$","M","M","?","?","R_BF","B",null,"M","?","$","?","?","R","E","M","T","?","T","M","PTL","PTL","M","?","R","B",null],"character_chosen":"HERMIT","items_purchased":["War Paint","Letter Opener"],"campfire_rested":0,"item_purchase_floors":[10,37],"current_hp_per_floor":[70,70,70,70,68,68,68,68,68,68,68,68,68,68,68,62,73,73,72,72,72,71,54,54,54,54,54,52,52,52,52,52,52,73,73,41,41,41,41,41,31,31,31,7,7,7,7,7,52,52,64,55],"gold":131,"neow_bonus":"ONE_RARE_RELIC","is_daily":false,"chose_seed":false,"campfire_upgraded":4,"win_rate":0.0,"timestamp":1609803022,"path_taken":["M","?","?","?","?","R","?","M","T","?","R","M","E","M","R","BOSS","M","M","?","$","M","E","R","M","T","$","?","M","?","?","R_BF","BOSS","M","?","$","?","?","R","E","M","T","?","?","M","PTL","PTL","M","?","R","BOSS"],"items_purchased_type":["Relic","Relic"],"build_version":"2020-12-22","purchased_purges":3,"victory":true,"max_hp_per_floor":[73,73,73,73,73,73,73,73,73,73,73,73,73,73,73,73,73,73,73,73,73,73,73,73,73,73,73,73,73,73,73,73,73,73,73,73,73,69,69,69,69,69,69,69,69,69,69,69,69,69,69,69],"card_choices":[{"not_picked":["hermit:Malice","hermit:Combo"],"picked":"hermit:HoleUp","floor":1},{"not_picked":["hermit:Cheat","hermit:CalledShot","hermit:Coalescence"],"picked":"SKIP","floor":5},{"not_picked":["hermit:Quickdraw","hermit:HighCaliber"],"picked":"hermit:Dive","floor":8},{"not_picked":["hermit:HoleUp","hermit:TakeAim"],"picked":"hermit:Glare","floor":12},{"not_picked":["hermit:PistolWhip","hermit:HighCaliber","hermit:Vantage"],"picked":"SKIP","floor":13},{"not_picked":["hermit:Roulette","hermit:Feint"],"picked":"hermit:Brawl","floor":14},{"not_picked":["hermit:FullyLoaded","hermit:Misfire+1","hermit:TrackingShot+1"],"picked":"SKIP","floor":18},{"not_picked":["hermit:Feint+1","hermit:Quickdraw+1"],"picked":"hermit:BodyArmor+1","floor":19},{"not_picked":["hermit:Cheat","hermit:LowProfile"],"picked":"hermit:Dive","floor":22},{"not_picked":["hermit:Glare+1","hermit:NoHoldsBarred","hermit:TakeAim"],"picked":"SKIP","floor":23},{"not_picked":["hermit:PistolWhip","hermit:Midnight"],"picked":"hermit:Dive","floor":25},{"not_picked":["hermit:Adapt","hermit:TrackingShot"],"picked":"hermit:HoleUp","floor":28},{"not_picked":["hermit:CalledShot","hermit:Spite+1"],"picked":"hermit:Scavenge+1","floor":29},{"not_picked":["hermit:ItchyTrigger","hermit:Manifest","hermit:Vantage+1"],"picked":"SKIP","floor":35},{"not_picked":["hermit:Midnight","hermit:Quickdraw+1"],"picked":"hermit:Dive+1","floor":36},{"not_picked":["hermit:DeadOrAlive","hermit:Showdown+1"],"picked":"hermit:Desperado+1","floor":41},{"not_picked":["hermit:ItchyTrigger+1","hermit:TrackingShot","hermit:Headshot+1"],"picked":"SKIP","floor":42},{"not_picked":["hermit:PistolWhip+1","hermit:TrackingShot","hermit:Headshot"],"picked":"SKIP","floor":46},{"not_picked":["hermit:Shortfuse+1","hermit:HighCaliber+1","hermit:Misfire+1"],"picked":"SKIP","floor":49}],"player_experience":83155,"relics_obtained":[{"floor":9,"key":"Girya"},{"floor":13,"key":"Replay:WaspNest"},{"floor":20,"key":"ReplayTheSpireMod:Lightbulb"},{"floor":23,"key":"Replay:Bottled Eggs"},{"floor":23,"key":"Vajra"},{"floor":26,"key":"Onion Ring"},{"floor":36,"key":"CatCart"},{"floor":41,"key":"Lizard Tail"},{"floor":41,"key":"Juzu Bracelet"},{"floor":43,"key":"hermit:RedScarf"},{"floor":44,"key":"Du-Vu Doll"},{"floor":45,"key":"Eternal Feather"}],"event_choices":[{"damage_healed":0,"gold_gain":175,"player_choice":"AGREE","damage_taken":0,"max_hp_gain":0,"max_hp_loss":0,"event_name":"Liars Game","floor":2,"gold_loss":0,"cards_obtained":["Doubt"]},{"damage_healed":0,"gold_gain":0,"player_choice":"Ignored","damage_taken":0,"max_hp_gain":0,"max_hp_loss":0,"event_name":"NoteForYourself","floor":4,"gold_loss":0},{"damage_healed":0,"gold_gain":0,"player_choice":"Inject Mutagens","damage_taken":0,"relics_obtained":["MutagenicStrength"],"max_hp_gain":0,"max_hp_loss":0,"event_name":"Drug Dealer","floor":30,"gold_loss":0},{"cards_removed":["hermit:Strike_Hermit"],"damage_healed":0,"gold_gain":0,"player_choice":"Gave Gold","damage_taken":0,"max_hp_gain":0,"max_hp_loss":0,"event_name":"Beggar","floor":31,"gold_loss":75},{"damage_healed":0,"gold_gain":0,"player_choice":"Fight","damage_taken":0,"max_hp_gain":0,"max_hp_loss":0,"event_name":"OrinTheCat","floor":36,"gold_loss":0},{"damage_healed":0,"gold_gain":0,"player_choice":"Max HP","damage_taken":0,"max_hp_gain":0,"max_hp_loss":4,"event_name":"Winding Halls","floor":38,"gold_loss":0},{"damage_healed":0,"gold_gain":0,"player_choice":"Paid","damage_taken":0,"relics_obtained":["Red Mask"],"max_hp_gain":0,"max_hp_loss":0,"event_name":"Tomb of Lord Red Mask","floor":39,"gold_loss":107},{"damage_healed":0,"gold_gain":0,"player_choice":"Fight","damage_taken":0,"max_hp_gain":0,"max_hp_loss":0,"event_name":"Mysterious Sphere","floor":44,"gold_loss":0},{"damage_healed":0,"gold_gain":0,"player_choice":"Copied","damage_taken":0,"max_hp_gain":0,"max_hp_loss":0,"event_name":"Duplicator","floor":50,"gold_loss":0,"cards_obtained":["hermit:Brawl"]}],"is_beta":false,"boss_relics":[{"not_picked":["Astrolabe","ChewingGum"],"picked":"Replay:Grab Bag"},{"not_picked":["Ectoplasm","Fusion Hammer"],"picked":"Coffee Dripper"},{"not_picked":["Painkiller Herb","ReplayTheSpireMod:Onyx Gauntlets"],"picked":"Cursed Key"},{"not_picked":["SacredBark","Empty Cage"],"picked":"Black Star"},{"not_picked":["Tiny House","Kintsugi"],"picked":"SlaversCollar"}],"items_purged_floors":[10,21,27],"is_endless":false,"potions_floor_spawned":[1,13,14,22,23,33,36,44,46],"ascension_level":0}}