{"host":"tr12w2fixbnujl15","time":1609802162,"event":{"mods":["2.2 Compatiblity","BaseMod","Better Skull","BetterRewards","Colored Powertips","Evolution","Hubris","Infinite Spire","Minty Spire (QoL Compilation)","Quick Restart","Replay The Spire","Shop Mod","StSLib","SuperFastMode","The Necromancer","The Sage","The Senshi","The Servant 0.9.4","The Spell Scribe","TheFirefly","WarShipGirlsR/????R mod"],"gold_per_floor":[109,109,159,434,448,484,99,120,120,120,151,151,151,151,151,263,263,294,294,393,393,393,424,424,445,469,469,469,469,507,561,561,569,569],"floor_reached":33,"playtime":744,"items_purged":["Parasite"],"score":309,"play_id":"9dfc7eb4-0205-4598-95e2-202ca9fc7dbe","local_time":"20210104181602","is_ascension_mode":false,"campfire_choices":[{"data":"theScribe:Clarity","floor":10,"key":"SMITH"},{"floor":15,"key":"REST"},{"data":"theScribe:StarterModifier","floor":15,"key":"SMITH"},{"floor":24,"key":"REST"},{"data":"theScribe:Dark","floor":24,"key":"SMITH"},{"floor":27,"key":"REST"},{"data":"sagemod:How_To_Charm_A_Sentry","floor":27,"key":"SMITH"},{"data":"theScribe:MagicMissiles","floor":29,"key":"SMITH"},{"floor":32,"key":"REST"},{"data":"theScribe:FrostvenomToxin","floor":32,"key":"SMITH"}],"circlet_count":0,"master_deck":["theScribe:StarterAttack","theScribe:StarterAttack","theScribe:LightningStrike","theScribe:LightningStrike","theScribe:StarterDefend","theScribe:StarterDefend+1","theScribe:StarterDefend","theScribe:IcyDefend+1","theScribe:IcyDefend","theScribe:StarterModifier+1","theScribe:LightningBolt","Decay","theScribe:Clarity+1","theScribe:MagicMissiles+1","theScribe:ArcaneArcing+1","theScribe:FalseLife","theScribe:Thunder","Languid","theScribe:CatalyticCatastrophe+1","theScribe:MagicMissiles+1","sagemod:How_To_Charm_A_Sentry+1","Delirium","theScribe:Dark+1","theScribe:FocusingBlow+1","Clumsy","theScribe:StaticSeries","theScribe:FrostvenomToxin+1"],"relics":["theScribe:StarterRelic1","EVO:Axolotl","NeowsBlessing","Ring of Greed","Golden Egg","Replay:Bandana","infinitespire:Magic Flask","Chemical X","Replay:Wax Seal","Incense Burner","hubris:ScarierMask","Happy Flower","Replay:Mystery Machine","Red Mask"],"acts_visited":["Exordium","TheCity"],"potions_floor_usage":[11,18,31],"damage_taken":[{"damage":0,"enemies":"Cultist","floor":1,"turns":1},{"damage":0,"enemies":"2 Louse","floor":5,"turns":1},{"damage":0,"enemies":"Lagavulin","floor":6,"turns":1},{"damage":0,"enemies":"Jaw Worm","floor":8,"turns":1},{"damage":22,"enemies":"Large Slime","floor":11,"turns":5},{"damage":58,"enemies":"The Guardian","floor":16,"turns":10},{"damage":5,"enemies":"3 Byrds","floor":18,"turns":3},{"damage":0,"enemies":"Book of Stabbing","floor":23,"turns":1},{"damage":7,"enemies":"2 Thieves","floor":25,"turns":2},{"damage":61,"enemies":"Shelled Parasite and Fungi","floor":30,"turns":10},{"damage":1,"enemies":"Masked Bandits","floor":31,"turns":4},{"damage":69,"enemies":"Collector","floor":33,"turns":6}],"seed_played":"-6798068302962839405","potions_obtained":[{"floor":5,"key":"Adrenaline Potion"},{"floor":16,"key":"AttackPotion"},{"floor":18,"key":"FairyPotion"},{"floor":25,"key":"Reflective Coating"},{"floor":31,"key":"Languid Potion"}],"is_trial":false,"path_per_floor":["M","?","?","?","M","E","$","M","T","R","M","?","?","?","R","B",null,"M","?","?","?","?","E","R","M","T","R","?","R","M","?","R","B"],"character_chosen":"THE_SCRIBE","items_purchased":["Chemical X","Replay:Wax Seal","theScribe:ArcaneArcing"],"campfire_rested":4,"item_purchase_floors":[7,7,7],"current_hp_per_floor":[75,75,75,75,75,75,72,72,72,72,50,72,65,51,72,14,72,67,67,67,49,36,36,59,52,52,75,75,75,14,13,36,0,0],"gold":569,"neow_bonus":"THREE_ENEMY_KILL","is_daily":false,"chose_seed":false,"campfire_upgraded":6,"win_rate":0.0,"timestamp":1609802162,"path_taken":["M","?","?","?","M","E","$","M","T","R","?","?","?","?","R","BOSS","M","?","?","?","?","E","R","?","T","R","?","R","M","?","R","BOSS"],"items_purchased_type":["Relic","Relic","Card"],"build_version":"2020-12-22","purchased_purges":1,"victory":false,"max_hp_per_floor":[75,75,75,75,75,75,72,72,72,72,72,72,72,72,72,72,72,72,72,72,72,77,77,77,77,77,77,77,77,77,77,77,77,77],"card_choices":[{"not_picked":["theScribe:WeirdToxin","theScribe:QuickStudy"],"picked":"theScribe:LightningBolt","floor":1},{"not_picked":["theScribe:MagicMissiles","theScribe:TelumSpellstone"],"picked":"theScribe:Clarity","floor":5},{"not_picked":["theScribe:WeirdBlast","theScribe:InvigoratingStrike"],"picked":"theScribe:MagicMissiles","floor":6},{"not_picked":["theScribe:MagicMissiles","theScribe:WeirdBlast"],"picked":"theScribe:FalseLife","floor":8},{"not_picked":["theScribe:Overcharge","theScribe:ArcaneArcing"],"picked":"theScribe:Thunder","floor":11},{"not_picked":["theScribe:TimeDilation","theScribe:AnomalousTexts"],"picked":"theScribe:CatalyticCatastrophe","floor":16},{"not_picked":["theScribe:WeirdToxin","theScribe:RecklessResponse"],"picked":"theScribe:MagicMissiles","floor":18},{"not_picked":["infinitespire:Starlight","ReplayTheSpireMod:Echoes of Time"],"picked":"infinitespire:SealOfDarkness+","floor":21},{"not_picked":["theScribe:QuickStudy","theScribe:Incendio+1"],"picked":"theScribe:Dark","floor":23},{"not_picked":["theScribe:Divination+1","theScribe:FrostvenomToxin"],"picked":"theScribe:FocusingBlow+1","floor":25},{"not_picked":["theScribe:ArcaneBarrier+1","theScribe:GatherComponents"],"picked":"theScribe:StaticSeries","floor":30},{"not_picked":["theScribe:FocusingBlow","theScribe:TelumSpellstone"],"picked":"theScribe:FrostvenomToxin","floor":31}],"player_experience":27704,"relics_obtained":[{"floor":3,"key":"Ring of Greed"},{"floor":3,"key":"Golden Egg"},{"floor":3,"key":"Replay:Bandana"},{"floor":6,"key":"infinitespire:Magic Flask"},{"floor":9,"key":"Incense Burner"},{"floor":23,"key":"Happy Flower"},{"floor":26,"key":"Replay:Mystery Machine"},{"floor":31,"key":"Red Mask"}],"event_choices":[{"damage_healed":0,"gold_gain":275,"player_choice":"Desecrate","damage_taken":0,"max_hp_gain":0,"max_hp_loss":0,"event_name":"Golden Shrine","floor":4,"gold_loss":0,"cards_obtained":["Regret"]},{"damage_healed":24,"gold_gain":0,"player_choice":"Banana","damage_taken":0,"max_hp_gain":0,"max_hp_loss":0,"event_name":"Big Fish","floor":12,"gold_loss":0},{"cards_removed":["Regret"],"damage_healed":0,"gold_gain":0,"player_choice":"Card Removal","damage_taken":7,"max_hp_gain":0,"max_hp_loss":0,"event_name":"Golden Wing","floor":13,"gold_loss":0},{"damage_healed":0,"gold_gain":0,"player_choice":"Entered Light","damage_taken":14,"max_hp_gain":0,"max_hp_loss":0,"event_name":"Shining Light","floor":14,"gold_loss":0,"cards_upgraded":["theScribe:MagicMissiles","theScribe:IcyDefend"]},{"damage_healed":0,"gold_gain":0,"player_choice":"Read","damage_taken":0,"max_hp_gain":0,"max_hp_loss":0,"event_name":"The Library","floor":19,"gold_loss":0,"cards_obtained":["sagemod:How_To_Charm_A_Sentry"]},{"damage_healed":0,"gold_gain":99,"player_choice":"Stole From Cult","damage_taken":0,"max_hp_gain":0,"max_hp_loss":0,"event_name":"Nest","floor":20,"gold_loss":0},{"damage_healed":0,"gold_gain":0,"player_choice":"Shed Blood","damage_taken":18,"max_hp_gain":5,"max_hp_loss":0,"event_name":"Forgotten Altar","floor":22,"gold_loss":0},{"damage_healed":0,"gold_gain":0,"player_choice":"Ignored","damage_taken":0,"max_hp_gain":0,"max_hp_loss":0,"event_name":"Cursed Tome","floor":28,"gold_loss":0},{"damage_healed":0,"gold_gain":0,"player_choice":"Fought Bandits","damage_taken":0,"max_hp_gain":0,"max_hp_loss":0,"event_name":"Masked Bandits","floor":31,"gold_loss":0}],"is_beta":false,"boss_relics":[{"not_picked":["Cursed Key","hubris:TerracottaHorce"],"picked":"hubris:ScarierMask"}],"items_purged_floors":[7],"is_endless":false,"potions_floor_spawned":[5,16,18,25,31],"killed_by":"Collector","ascension_level":0}}