{"host":"chv1qanoipyt46jc","time":1609795696,"event":{"mods":["2.2 Compatiblity","AchievementEnabler","BaseMod","BetterRewards","CapriCore","Card Filter","Evolution","Gold Saver","Grow up Mod","Minty Spire (QoL Compilation)","Rare Cards Sparkle","Relic Filter","Remove Card Discount Mod","Reorder Act Four","StSLib"],"gold_per_floor":[888,739,753,753,753,753,782,793,793,824,824,841,841,859,859,958,958,975,991,1009,1024,1024,1024,1034,1034,1080,1080,1094,1094,1112,1112,1112,1208,1208,1228,1228,1204,1215,1228,1239,1239,1239,1239,1256,1256,1256,1256,1285,1297,1309,1321,1327,1327,1353,1353],"floor_reached":56,"playtime":4743,"items_purged":["Strike_G","Strike_G","Strike_G","Strike_G","Strike_G","Defend_G","Defend_G","Defend_G","Defend_G","Defend_G","Survivor","Neutralize","Deadly Poison","Backflip","Acrobatics","Distraction","Night Terror","Dagger Throw","Blade Dance","Dagger Throw+1","Backstab+1","Bane","Deadly Poison","Well Laid Plans","Prepared"],"score":1489,"play_id":"e978d59d-98fc-4dce-b49d-604d7b72b89e","local_time":"20210104152816","is_ascension_mode":false,"campfire_choices":[{"data":"Venomology","floor":6,"key":"SMITH"},{"data":"Tactician","floor":11,"key":"SMITH"},{"data":"Reflex","floor":15,"key":"SMITH"},{"data":"Burst","floor":23,"key":"SMITH"},{"data":"Burst","floor":25,"key":"SMITH"},{"data":"Dagger Throw","floor":29,"key":"SMITH"},{"data":"Adrenaline","floor":32,"key":"SMITH"},{"data":"Acrobatics","floor":41,"key":"SMITH"},{"data":"Envenom","floor":45,"key":"SMITH"},{"floor":47,"key":"RECALL"},{"data":"Prepared","floor":49,"key":"SMITH"},{"data":"Noxious Fumes","floor":53,"key":"SMITH"}],"circlet_count":0,"master_deck":["Tactician+1","Acrobatics+1","Infinite Blades","Reflex+1","Noxious Fumes+1","Prepared+1","Venomology+1","Noxious Fumes","Infinite Blades","Escape Plan","Burst+1","Noxious Fumes","Burst+1","Noxious Fumes","Adrenaline+1","Envenom+1","Deadly Poison+1","Madness","Madness","Caltrops+1"],"relics":["Ring of the Snake","EVO:Axolotl","Medical Kit","Turnip","Orrery","Bronze Scales","Letter Opener","Peace Pipe","TungstenRod","Black Star","Ancient Tea Set","WristBlade","MealTicket","MawBank","Molten Egg 2","Akabeko","Shuriken"],"acts_visited":["Exordium","TheCity","TheBeyond","TheEnding"],"potions_floor_usage":[3,7,7,8,10,10,14,16,16,19,21,21,24,30,30,33,33,33,33,39,40,48,50,50,50,54,55,55,55,55],"damage_taken":[{"damage":4,"enemies":"Cultist","floor":1,"turns":4},{"damage":4,"enemies":"Small Slimes","floor":3,"turns":4},{"damage":18,"enemies":"Lagavulin","floor":7,"turns":5},{"damage":2,"enemies":"2 Louse","floor":8,"turns":2},{"damage":21,"enemies":"Gremlin Nob","floor":10,"turns":4},{"damage":0,"enemies":"Exordium Thugs","floor":12,"turns":3},{"damage":0,"enemies":"Red Slaver","floor":14,"turns":2},{"damage":25,"enemies":"Slime Boss","floor":16,"turns":8},{"damage":0,"enemies":"3 Byrds","floor":18,"turns":3},{"damage":8,"enemies":"Chosen","floor":19,"turns":3},{"damage":36,"enemies":"Snake Plant","floor":20,"turns":4},{"damage":18,"enemies":"Sentry and Sphere","floor":21,"turns":4},{"damage":21,"enemies":"Snecko","floor":24,"turns":4},{"damage":9,"enemies":"Chosen and Byrds","floor":28,"turns":3},{"damage":25,"enemies":"Sentry and Sphere","floor":30,"turns":5},{"damage":98,"enemies":"Champ","floor":33,"turns":10},{"damage":26,"enemies":"3 Shapes","floor":35,"turns":4},{"damage":41,"enemies":"Orb Walker","floor":38,"turns":4},{"damage":44,"enemies":"Jaw Worm Horde","floor":39,"turns":3},{"damage":48,"enemies":"Writhing Mass","floor":40,"turns":4},{"damage":8,"enemies":"4 Shapes","floor":44,"turns":3},{"damage":41,"enemies":"Nemesis","floor":48,"turns":5},{"damage":117,"enemies":"Donu and Deca","floor":50,"turns":6},{"damage":49,"enemies":"Shield and Spear","floor":54,"turns":3},{"damage":101,"enemies":"The Heart","floor":55,"turns":6}],"seed_played":"-4755112884998814492","potions_obtained":[{"floor":3,"key":"FearPotion"},{"floor":7,"key":"GamblersBrew"},{"floor":12,"key":"Block Potion"},{"floor":18,"key":"AttackPotion"},{"floor":33,"key":"Poison Potion"},{"floor":38,"key":"Energy Potion"},{"floor":40,"key":"LiquidMemories"}],"is_trial":false,"path_per_floor":["M","$","M","?","$","R","E","M","T","E","R","M","?","M","R","B",null,"M","M","M","M","?","R","M","R","T","?","M","R","M","?","R","B",null,"M","?","$","M","M","M","R","$","T","M","R","?","R","E","R","B",null,"$","R","E","B",null],"character_chosen":"THE_SILENT","items_purchased":["Tactician","Backflip","Acrobatics","Infinite Blades","Blade Dance","Medical Kit","Acrobatics","Reflex","Turnip","Well Laid Plans","Noxious Fumes","Orrery","Bronze Scales"],"campfire_rested":0,"item_purchase_floors":[0,0,0,0,0,0,0,0,0,0,0,0,2],"current_hp_per_floor":[44,54,60,70,80,90,82,90,100,89,99,109,119,129,139,124,250,260,262,236,228,238,248,237,247,257,188,189,199,193,203,213,125,425,409,366,376,345,311,273,283,293,303,305,315,325,335,304,314,207,595,605,615,576,485],"gold":1353,"neow_bonus":"","is_daily":false,"chose_seed":false,"campfire_upgraded":11,"win_rate":0.0,"timestamp":1609795696,"path_taken":["M","$","?","?","$","R","E","M","T","E","R","M","?","M","R","BOSS","M","M","M","M","?","R","?","R","T","?","M","R","M","?","R","BOSS","M","?","$","M","M","M","R","$","T","M","R","?","R","E","R","BOSS","$","R","E","BOSS"],"items_purchased_type":["Card","Card","Card","Card","Card","Relic","Card","Card","Relic","Card","Card","Relic","Relic"],"build_version":"2020-12-22","purchased_purges":25,"victory":true,"max_hp_per_floor":[90,100,110,120,130,140,150,160,170,180,190,200,210,220,230,240,250,260,270,280,290,300,310,320,330,340,355,365,375,385,395,405,415,425,435,445,455,465,475,485,495,505,515,525,535,545,555,565,575,585,595,605,615,625,635],"card_choices":[{"not_picked":["Blur","Burst"],"picked":"Deadly Poison","floor":0},{"not_picked":["Underhanded Strike","Dagger Spray"],"picked":"Distraction","floor":0},{"not_picked":["Sucker Punch","Blade Dance"],"picked":"Night Terror","floor":0},{"not_picked":["Dagger Spray","Finisher"],"picked":"Prepared","floor":0},{"not_picked":["Distraction","Dagger Spray"],"picked":"Prepared","floor":0},{"not_picked":["Deadly Poison","Dagger Throw"],"picked":"Venomology","floor":1},{"not_picked":["Well Laid Plans","Dash"],"picked":"Noxious Fumes","floor":3},{"not_picked":["Prepared","Underhanded Strike"],"picked":"Dagger Throw","floor":7},{"not_picked":["Underhanded Strike","Choke"],"picked":"Deadly Poison","floor":8},{"not_picked":["Doppelganger","Corpse Explosion"],"picked":"Infinite Blades","floor":10},{"not_picked":["Caltrops","Dagger Spray"],"picked":"Escape Plan","floor":12},{"not_picked":["Sucker Punch","Deadly Poison"],"picked":"Dagger Throw","floor":14},{"not_picked":["Adrenaline","Doppelganger"],"picked":"Burst","floor":16},{"not_picked":["Quick Slash","Caltrops"],"picked":"Noxious Fumes","floor":18},{"not_picked":["Dagger Throw","Dash+1"],"picked":"Bane","floor":19},{"not_picked":["Backflip","Sucker Punch","Flying Knee"],"picked":"SKIP","floor":20},{"not_picked":["Deflect","Underhanded Strike+1"],"picked":"Backstab+1","floor":21},{"not_picked":["Prepared","Blur","Setup"],"picked":"SKIP","floor":24},{"not_picked":["Setup+1","Quick Slash+1"],"picked":"Noxious Fumes","floor":28},{"not_picked":["Slice","Bane","Flechettes"],"picked":"SKIP","floor":30},{"not_picked":["Venomology","Burst"],"picked":"Envenom","floor":33},{"not_picked":["Choke+1","Underhanded Strike"],"picked":"Deadly Poison+1","floor":35},{"not_picked":["Blade Dance+1","Bane+1"],"picked":"Caltrops+1","floor":38},{"not_picked":["Calculated Gamble+1","Backflip+1","Flying Knee+1"],"picked":"SKIP","floor":39},{"not_picked":["Dagger Throw","Poisoned Stab","Quick Slash"],"picked":"SKIP","floor":40},{"not_picked":["Bane","Sucker Punch+1","Calculated Gamble"],"picked":"SKIP","floor":44},{"not_picked":["Bane+1","Calculated Gamble","Setup"],"picked":"SKIP","floor":48},{"not_picked":["Die Die Die+1","Slice+1","Dash+1"],"picked":"SKIP","floor":54}],"player_experience":281214,"relics_obtained":[{"floor":7,"key":"Letter Opener"},{"floor":10,"key":"Peace Pipe"},{"floor":26,"key":"Ancient Tea Set"},{"floor":43,"key":"MealTicket"},{"floor":48,"key":"MawBank"},{"floor":48,"key":"Molten Egg 2"},{"floor":54,"key":"Akabeko"},{"floor":54,"key":"Shuriken"}],"event_choices":[{"damage_healed":0,"gold_gain":0,"player_choice":"Ignored","damage_taken":0,"max_hp_gain":0,"max_hp_loss":0,"event_name":"Golden Wing","floor":4,"gold_loss":0},{"damage_healed":0,"gold_gain":0,"player_choice":"Gave Potion","damage_taken":0,"relics_obtained":["TungstenRod"],"max_hp_gain":0,"max_hp_loss":0,"event_name":"WeMeetAgain","floor":13,"gold_loss":0},{"damage_healed":0,"gold_gain":0,"player_choice":"Copied","damage_taken":0,"max_hp_gain":0,"max_hp_loss":0,"event_name":"Duplicator","floor":22,"gold_loss":0,"cards_obtained":["Burst"]},{"damage_healed":0,"gold_gain":0,"player_choice":"Shed Blood","damage_taken":85,"max_hp_gain":5,"max_hp_loss":0,"event_name":"Forgotten Altar","floor":27,"gold_loss":0},{"damage_healed":0,"gold_gain":0,"player_choice":"Read","damage_taken":0,"max_hp_gain":0,"max_hp_loss":0,"event_name":"The Library","floor":31,"gold_loss":0,"cards_obtained":["Adrenaline"]},{"damage_healed":0,"gold_gain":0,"player_choice":"Embrace Madness","damage_taken":54,"max_hp_gain":0,"max_hp_loss":0,"event_name":"Winding Halls","floor":36,"gold_loss":0,"cards_obtained":["Madness","Madness"]},{"damage_healed":0,"gold_gain":0,"player_choice":"Ignored","damage_taken":0,"max_hp_gain":0,"max_hp_loss":0,"event_name":"Tomb of Lord Red Mask","floor":46,"gold_loss":0}],"is_beta":false,"boss_relics":[{"not_picked":["Astrolabe","Pandora\u0027s Box"],"picked":"Black Star"},{"not_picked":["SlaversCollar","Runic Dome"],"picked":"WristBlade"}],"items_purged_floors":[0,0,0,0,0,0,0,0,0,0,37,37,37,37,37,37,37,37,37,37,37,37,52,52,52],"is_endless":false,"potions_floor_spawned":[3,7,12,18,21,33,35,38,40],"ascension_level":0}}