{"host":"pf47v7h0307523iy","time":1609785241,"event":{"mods":["BaseMod","Minty Spire (QoL Compilation)"],"gold_per_floor":[114,127,127,127,127,170,188,223,223,241,280,304,304,318,318,416,416,431,356,256,281,296,296,321,321,367,367,367,19,19,36,36,114,114,128,153,164,183,198,223,223,253,253,273,273,307,307,327,327,327,327,327,327,15,45,45],"floor_reached":57,"playtime":4573,"items_purged":["Strike_G","All Out Attack+1"],"score":3003,"play_id":"6f585205-c84f-42a6-b08a-6c2d96f7e48f","local_time":"20210104203401","is_ascension_mode":true,"campfire_choices":[{"floor":13.0,"key":"REST"},{"data":"Noxious Fumes","floor":15.0,"key":"SMITH"},{"data":"Footwork","floor":23.0,"key":"SMITH"},{"data":"Footwork","floor":25.0,"key":"SMITH"},{"data":"Bouncing Flask","floor":27.0,"key":"SMITH"},{"data":"Noxious Fumes","floor":30.0,"key":"SMITH"},{"data":"Footwork","floor":32.0,"key":"SMITH"},{"data":"Well Laid Plans","floor":41.0,"key":"SMITH"},{"data":"After Image","floor":45.0,"key":"SMITH"},{"data":"After Image","floor":47.0,"key":"SMITH"},{"floor":49.0,"key":"RECALL"},{"data":"Bullet Time","floor":53.0,"key":"SMITH"}],"circlet_count":0,"master_deck":["AscendersBane","Defend_G","Defend_G","Defend_G","Defend_G","Defend_G","Survivor","Neutralize","Bouncing Flask+1","PiercingWail","Noxious Fumes+1","Noxious Fumes+1","Bullet Time+1","Adrenaline+1","Dodge and Roll+1","Deflect+1","PiercingWail+1","Escape Plan+1","Footwork+1","Footwork+1","After Image+1","Acrobatics+1","Deflect+1","Escape Plan+1","Deadly Poison+1","PiercingWail+1","Footwork+1","Prepared+1","Adrenaline+1","Finesse+1","Leg Sweep+1","Night Terror+1","Burst+1","Caltrops+1","Blur+1","Catalyst+1","Blur+1","Corpse Explosion+1","Prepared+1","After Image+1","Well Laid Plans+1","Deflect+1","Backflip+1","Burst+1","Dodge and Roll+1"],"relics":["Ring of the Snake","NeowsBlessing","Bloody Idol","Orichalcum","Prayer Wheel","StoneCalendar","Toxic Egg 2","Question Card","Coffee Dripper","Astrolabe","Tingsha","Sundial","Regal Pillow","Smiling Mask","White Beast Statue","Oddly Smooth Stone","Paper Crane"],"acts_visited":["Exordium","TheCity","TheBeyond","TheEnding"],"potions_floor_usage":[55,56],"damage_taken":[{"damage":0.0,"enemies":"2 Louse","floor":1.0,"turns":1.0},{"damage":0.0,"enemies":"Jaw Worm","floor":2.0,"turns":1.0},{"damage":0.0,"enemies":"Lagavulin","floor":6.0,"turns":1.0},{"damage":1.0,"enemies":"Small Slimes","floor":7.0,"turns":4.0},{"damage":18.0,"enemies":"3 Sentries","floor":8.0,"turns":7.0},{"damage":6.0,"enemies":"3 Louse","floor":10.0,"turns":3.0},{"damage":18.0,"enemies":"Gremlin Nob","floor":11.0,"turns":4.0},{"damage":0.0,"enemies":"Exordium Wildlife","floor":12.0,"turns":4.0},{"damage":0.0,"enemies":"Looter","floor":14.0,"turns":4.0},{"damage":0.0,"enemies":"Slime Boss","floor":16.0,"turns":7.0},{"damage":4.0,"enemies":"Spheric Guardian","floor":18.0,"turns":5.0},{"damage":0.0,"enemies":"2 Thieves","floor":20.0,"turns":5.0},{"damage":0.0,"enemies":"Snake Plant","floor":21.0,"turns":5.0},{"damage":5.0,"enemies":"Snecko","floor":22.0,"turns":7.0},{"damage":0.0,"enemies":"Shelled Parasite and Fungi","floor":24.0,"turns":6.0},{"damage":18.0,"enemies":"Centurion and Healer","floor":31.0,"turns":6.0},{"damage":6.0,"enemies":"Automaton","floor":33.0,"turns":11.0},{"damage":20.0,"enemies":"Orb Walker","floor":35.0,"turns":4.0},{"damage":0.0,"enemies":"Mind Bloom Boss Battle","floor":36.0,"turns":6.0},{"damage":0.0,"enemies":"3 Darklings","floor":37.0,"turns":6.0},{"damage":1.0,"enemies":"Jaw Worm Horde","floor":38.0,"turns":5.0},{"damage":0.0,"enemies":"Spire Growth","floor":39.0,"turns":3.0},{"damage":11.0,"enemies":"Nemesis","floor":40.0,"turns":7.0},{"damage":0.0,"enemies":"Giant Head","floor":42.0,"turns":11.0},{"damage":15.0,"enemies":"4 Shapes","floor":44.0,"turns":5.0},{"damage":10.0,"enemies":"Nemesis","floor":46.0,"turns":3.0},{"damage":0.0,"enemies":"Writhing Mass","floor":48.0,"turns":5.0},{"damage":5.0,"enemies":"Awakened One","floor":50.0,"turns":16.0},{"damage":0.0,"enemies":"Time Eater","floor":51.0,"turns":6.0},{"damage":12,"enemies":"Shield and Spear","floor":55,"turns":7},{"damage":3,"enemies":"The Heart","floor":56,"turns":10}],"seed_played":"-7824847194722429714","potions_obtained":[{"floor":2.0,"key":"Swift Potion"},{"floor":10.0,"key":"Strength Potion"},{"floor":11.0,"key":"BlessingOfTheForge"},{"floor":14.0,"key":"SteroidPotion"},{"floor":21.0,"key":"Energy Potion"},{"floor":22.0,"key":"BlessingOfTheForge"},{"floor":33.0,"key":"SpeedPotion"},{"floor":36.0,"key":"SkillPotion"},{"floor":38.0,"key":"GamblersBrew"},{"floor":44.0,"key":"LiquidBronze"},{"floor":55,"key":"DuplicationPotion"}],"is_trial":false,"path_per_floor":["M","M","?","T","?","E","M","E","T","M","E","M","R","M","R","B",null,"M","?","M","M","M","R","M","R","T","R","?","$","R","M","R","B",null,"M","?","M","M","M","E","R","E","T","M","R","E","R","M","R","B","B",null,"R","$","E","B",null],"character_chosen":"THE_SILENT","items_purchased":["Adrenaline+1","Finesse+1","Oddly Smooth Stone","Burst+1"],"campfire_rested":1,"item_purchase_floors":[29,29,54,54],"current_hp_per_floor":[59,59,59,59,64,64,63,45,45,39,21,21,40,40,40,40,59,55,55,55,55,50,50,50,50,50,50,50,50,50,37,37,36,58,43,48,53,57,62,56,56,61,61,51,51,46,46,51,51,46,46,60,60,60,53,50],"gold":45,"neow_bonus":"THREE_ENEMY_KILL","is_daily":false,"chose_seed":false,"campfire_upgraded":10,"win_rate":0.0,"timestamp":1609785241,"path_taken":["M","M","?","?","?","E","M","E","T","M","E","M","R","M","R","BOSS","M","?","M","M","M","R","M","R","T","R","?","?","R","M","R","BOSS","M","?","M","M","M","E","R","E","T","M","R","E","R","M","R","BOSS","BOSS","R","$","E","BOSS"],"items_purchased_type":["Card","Card","Relic","Card"],"build_version":"2020-12-22","purchased_purges":2,"victory":true,"max_hp_per_floor":[66,66,60,60,65,65,65,65,65,65,65,65,65,65,65,65,65,65,65,65,65,65,65,65,65,65,65,65,65,65,65,65,65,65,65,65,65,65,65,65,65,65,65,65,65,65,65,65,65,65,65,65,65,65,65,65],"card_choices":[{"not_picked":["Acrobatics","PiercingWail"],"picked":"Bouncing Flask","floor":1.0},{"not_picked":["Flying Knee","Quick Slash"],"picked":"PiercingWail","floor":2.0},{"not_picked":["Dagger Spray","Cloak And Dagger"],"picked":"Noxious Fumes","floor":6.0},{"not_picked":["Expertise","Outmaneuver"],"picked":"Noxious Fumes","floor":7.0},{"not_picked":["Dodge and Roll","Distraction"],"picked":"Bullet Time","floor":7.0},{"not_picked":["Flechettes","Dagger Spray","Blade Dance"],"picked":"SKIP","floor":8.0},{"not_picked":["Prepared+1","Slice"],"picked":"Adrenaline+1","floor":10.0},{"not_picked":["Terror+1","Bouncing Flask+1"],"picked":"Dodge and Roll+1","floor":10.0},{"not_picked":["Slice","Blade Dance+1"],"picked":"Deflect+1","floor":11.0},{"not_picked":["Masterful Stab","Acrobatics+1","Deflect+1"],"picked":"PiercingWail+1","floor":12.0},{"not_picked":["Sucker Punch","Distraction+1","Dagger Spray"],"picked":"Escape Plan+1","floor":12.0},{"not_picked":["Bouncing Flask+1","Prepared+1","Bane"],"picked":"Footwork","floor":14.0},{"not_picked":["Deadly Poison+1","Bane","All Out Attack"],"picked":"Footwork","floor":14.0},{"not_picked":["Storm of Steel+1","Envenom","Malaise+1"],"picked":"After Image","floor":16.0},{"not_picked":["Sucker Punch","Reflex+1","Distraction+1"],"picked":"Acrobatics+1","floor":18.0},{"not_picked":["Slice","Underhanded Strike","Quick Slash"],"picked":"Deflect+1","floor":18.0},{"not_picked":["Terror+1","Reflex+1","Venomology+1"],"picked":"Escape Plan+1","floor":20.0},{"not_picked":["Eviscerate","Choke","Slice"],"picked":"Deadly Poison+1","floor":20.0},{"not_picked":["Blade Dance+1","Infinite Blades","Acrobatics+1"],"picked":"PiercingWail+1","floor":21.0},{"not_picked":["Dagger Throw","Eviscerate","Slice","Concentrate+1"],"picked":"SKIP","floor":21.0},{"not_picked":["Dagger Throw","Eviscerate","Slice","Concentrate+1"],"picked":"SKIP","floor":21.0},{"not_picked":["Blade Dance+1","Deflect+1","Predator+1"],"picked":"Footwork","floor":22.0},{"not_picked":["Poisoned Stab","Riddle With Holes","Deadly Poison+1","Dagger Throw+1"],"picked":"SKIP","floor":22.0},{"not_picked":["Caltrops","Quick Slash","All Out Attack"],"picked":"Prepared+1","floor":24.0},{"not_picked":["Tactician+1","Choke","Skewer","Masterful Stab"],"picked":"SKIP","floor":24.0},{"not_picked":["Blade Dance+1","Slice","Calculated Gamble+1"],"picked":"Leg Sweep+1","floor":31.0},{"not_picked":["Dagger Throw","Sucker Punch","Noxious Fumes","Distraction+1"],"picked":"SKIP","floor":31.0},{"not_picked":["Glass Knife","A Thousand Cuts","Unload"],"picked":"Night Terror+1","floor":33.0},{"not_picked":["Bouncing Flask+1","Deadly Poison+1","Acrobatics+1"],"picked":"Blur+1","floor":35.0},{"not_picked":["Infinite Blades","Dagger Throw","Deflect+1","Prepared+1"],"picked":"SKIP","floor":35.0},{"not_picked":["Tactician+1","Choke","Dagger Spray"],"picked":"Catalyst+1","floor":36.0},{"not_picked":["Skewer","Deflect+1","Prepared+1"],"picked":"Blur+1","floor":37.0},{"not_picked":["Flying Knee+1","Predator","Finisher+1"],"picked":"Corpse Explosion+1","floor":37.0},{"not_picked":["Flying Knee","Deflect+1","Outmaneuver+1"],"picked":"Prepared+1","floor":38.0},{"not_picked":["Dagger Spray","Blade Dance+1","Flying Knee+1","Slice"],"picked":"SKIP","floor":38.0},{"not_picked":["Sucker Punch","Eviscerate+1","PiercingWail+1"],"picked":"After Image","floor":39.0},{"not_picked":["Finisher+1","Flying Knee","Predator","Sucker Punch"],"picked":"SKIP","floor":39.0},{"not_picked":["Bouncing Flask+1","Flying Knee","Acrobatics+1"],"picked":"Well Laid Plans","floor":40.0},{"not_picked":["Setup+1","Blade Dance+1","PiercingWail+1"],"picked":"Deflect+1","floor":42.0},{"not_picked":["Underhanded Strike","Prepared+1","Flechettes"],"picked":"Backflip+1","floor":44.0},{"not_picked":["Flying Knee","Outmaneuver+1","Tools of the Trade","Deflect+1"],"picked":"SKIP","floor":44.0},{"not_picked":["Prepared+1","Bane","Infinite Blades+1","Cloak And Dagger+1"],"picked":"SKIP","floor":46.0},{"not_picked":["Poisoned Stab","Skewer","Slice","Bouncing Flask+1"],"picked":"SKIP","floor":48.0},{"not_picked":["Concentrate+1","Terror+1","Slice","Backstab"],"picked":"SKIP","floor":48.0},{"not_picked":["Caltrops","Poisoned Stab","Bane+1"],"picked":"Dodge and Roll+1","floor":55}],"player_experience":1583688,"relics_obtained":[{"floor":4.0,"key":"Orichalcum"},{"floor":6.0,"key":"Prayer Wheel"},{"floor":8.0,"key":"StoneCalendar"},{"floor":9.0,"key":"Toxic Egg 2"},{"floor":11.0,"key":"Question Card"},{"floor":36.0,"key":"Tingsha"},{"floor":40.0,"key":"Sundial"},{"floor":42.0,"key":"Regal Pillow"},{"floor":43.0,"key":"Smiling Mask"},{"floor":46.0,"key":"White Beast Statue"},{"floor":55,"key":"Paper Crane"}],"event_choices":[{"damage_healed":0.0,"max_hp_gain":0.0,"max_hp_loss":6.0,"gold_gain":0.0,"event_name":"Golden Idol","player_choice":"Lose Max HP","floor":3.0,"gold_loss":0.0,"damage_taken":0.0,"relics_obtained":["Golden Idol"]},{"damage_healed":0.0,"max_hp_gain":5.0,"max_hp_loss":0.0,"gold_gain":0.0,"event_name":"Big Fish","player_choice":"Donut","floor":5.0,"gold_loss":0.0,"damage_taken":0.0},{"cards_removed":["Strike_G"],"damage_healed":0.0,"max_hp_gain":0.0,"max_hp_loss":0.0,"gold_gain":0.0,"event_name":"Beggar","player_choice":"Gave Gold","floor":19.0,"gold_loss":75.0,"damage_taken":0.0},{"damage_healed":0.0,"max_hp_gain":0.0,"max_hp_loss":0.0,"gold_gain":0.0,"event_name":"Forgotten Altar","player_choice":"Gave Idol","floor":28.0,"relics_lost":["Golden Idol"],"gold_loss":0.0,"damage_taken":0.0,"relics_obtained":["Bloody Idol"]},{"damage_healed":0.0,"max_hp_gain":0.0,"max_hp_loss":0.0,"gold_gain":0.0,"event_name":"MindBloom","player_choice":"Fight","floor":36.0,"gold_loss":0.0,"damage_taken":0.0}],"is_beta":false,"boss_relics":[{"not_picked":["Snecko Eye","Velvet Choker"],"picked":"Coffee Dripper"},{"not_picked":["WristBlade","Calling Bell"],"picked":"Astrolabe"}],"items_purged_floors":[29,54],"is_endless":false,"potions_floor_spawned":[2,10,11,14,18,21,22,33,36,37,38,44,48,55],"ascension_level":20}}