{"host":"m6e09adb7fik7oct","time":1609729271,"event":{"mods":["AchievementEnabler","BaseMod","Better Altar","Better Note","Better Sensory Stone","Better Skull","Better Third Choice","Block Reminder","Colored Map","Displayed Cursed Tome","Ironclad Rager","Key Reminder","Mad Scientist","Minty Spire (QoL Compilation)","Permanent Neow","Quick Restart","RNG Fix","Relic Stats","Reorder Act Four","StSLib","Transform Curses","Unceasing Turn Reminder","everything is the same but u backflip on backflip"],"gold_per_floor":[144,144,144,55,55,100,145,70,95,140,185,230,275,365,365,365,365],"floor_reached":16,"playtime":1273,"items_purged":["Zap"],"score":104,"play_id":"5aadc91b-69e2-45ea-9e6d-61e76a94c222","local_time":"20210103220111","daily_mods":["Chimera","Diverse","Midas"],"is_ascension_mode":false,"campfire_choices":[{"floor":15.0,"key":"REST"}],"circlet_count":0,"master_deck":["Bash","Survivor","Eruption","Strike_R","Strike_G","Strike_B","Defend_R","Defend_G","Defend_P","Blade Dance+1","Bandage Up","Mind Blast","Underhanded Strike","Stack","Backstab","Protect","Offering"],"relics":["Burning Blood","Potion Belt","Bag of Preparation"],"acts_visited":["Exordium"],"potions_floor_usage":[16,16],"damage_taken":[{"damage":0.0,"enemies":"2 Louse","floor":1.0,"turns":2.0},{"damage":6.0,"enemies":"Jaw Worm","floor":6.0,"turns":4.0},{"damage":1.0,"enemies":"Cultist","floor":7.0,"turns":3.0},{"damage":11.0,"enemies":"Red Slaver","floor":10.0,"turns":5.0},{"damage":4.0,"enemies":"Gremlin Gang","floor":11.0,"turns":7.0},{"damage":5.0,"enemies":"Looter","floor":12.0,"turns":3.0},{"damage":9.0,"enemies":"2 Fungi Beasts","floor":13.0,"turns":3.0},{"damage":49.0,"enemies":"Gremlin Nob","floor":14.0,"turns":6.0},{"damage":73,"enemies":"Slime Boss","floor":16,"turns":11}],"seed_played":"-6631355389535803282","potions_obtained":[{"floor":6.0,"key":"CultistPotion"},{"floor":7.0,"key":"FearPotion"},{"floor":10.0,"key":"Energy Potion"},{"floor":13.0,"key":"Ancient Potion"}],"is_trial":false,"path_per_floor":["M","?","?","$","?","M","M","$","T","M","M","M","M","E","R","B"],"character_chosen":"IRONCLAD","items_purchased":["Mind Blast"],"campfire_rested":1,"item_purchase_floors":[4],"current_hp_per_floor":[80,80,80,80,80,80,80,80,80,79,80,80,80,37,61,0,0],"gold":365,"neow_bonus":"","is_daily":true,"chose_seed":false,"campfire_upgraded":0,"win_rate":0.0,"timestamp":1609729271,"path_taken":["M","?","?","?","?","M","M","$","T","M","M","M","M","E","R","BOSS"],"items_purchased_type":["Card"],"build_version":"2020-12-22","purchased_purges":1,"victory":false,"max_hp_per_floor":[80,80,80,80,80,80,80,80,80,80,80,80,80,80,80,80,80],"relic_stats":{"counters":[9,44],"Bag of Preparation":[2],"obtain_stats":[{"Potion Belt":9,"Bag of Preparation":14,"Burning Blood":0},{"Potion Belt":3,"Bag of Preparation":8,"Burning Blood":0},{"Potion Belt":9,"Bag of Preparation":33,"Burning Blood":0}],"Burning Blood":22},"card_choices":[{"not_picked":["Escape Plan","Predator"],"picked":"Blade Dance","floor":1.0},{"not_picked":["Jack Of All Trades","Swift Strike"],"picked":"Bandage Up","floor":3.0},{"not_picked":["Tempest","EmptyBody"],"picked":"Underhanded Strike","floor":6.0},{"not_picked":["Turbo","MadScienceMod:AutoStrike"],"picked":"Stack","floor":7.0},{"not_picked":["Combust","Outmaneuver"],"picked":"Backstab","floor":10.0},{"not_picked":["Steam","Sword Boomerang","Flex"],"picked":"SKIP","floor":11.0},{"not_picked":["Expertise","MadScienceMod:Strafe","Halt"],"picked":"SKIP","floor":12.0},{"not_picked":["Cold Snap","Hologram"],"picked":"Protect","floor":13.0},{"not_picked":["Fasting2","True Grit"],"picked":"Offering","floor":14.0}],"player_experience":225187,"relics_obtained":[{"floor":9.0,"key":"Potion Belt"},{"floor":14.0,"key":"Bag of Preparation"}],"event_choices":[{"damage_healed":0.0,"max_hp_gain":0.0,"max_hp_loss":0.0,"gold_gain":0.0,"event_name":"Living Wall","player_choice":"Grow","floor":2.0,"gold_loss":0.0,"damage_taken":0.0,"cards_upgraded":["Blade Dance"]},{"damage_healed":0.0,"max_hp_gain":0.0,"max_hp_loss":0.0,"gold_gain":1.0,"event_name":"betterStone:BetterStone","player_choice":"1","floor":3.0,"gold_loss":0.0,"damage_taken":0.0},{"damage_healed":0.0,"max_hp_gain":0.0,"max_hp_loss":0.0,"gold_gain":0.0,"event_name":"The Woman in Blue","player_choice":"Bought 0 Potions","floor":5.0,"gold_loss":0.0,"damage_taken":0.0}],"is_beta":false,"boss_relics":[],"items_purged_floors":[8],"is_endless":false,"potions_floor_spawned":[6,7,10,13],"killed_by":"Slime Boss","ascension_level":0}}