{"host":"baiuyraednrljtmn","time":1609761284,"event":{"mods":["BaseMod","Colored Map","Colored Powertips","DeckTracker","Keyboard Shortcuts","Minty Spire (QoL Compilation)","Relic Stats","StSLib","SuperFastMode","everything is the same but u backflip on backflip"],"gold_per_floor":[115,265,188,113,129,154,164,164,164,181,244,244,13,48,48,126,126,139,139,139],"floor_reached":19,"playtime":518,"items_purged":["Doubt","Strike_G"],"score":400,"play_id":"87eb53e8-544b-4b1a-82d7-fcfec270176b","local_time":"20210104205444","is_ascension_mode":true,"campfire_choices":[{"data":"Acrobatics","floor":8.0,"key":"SMITH"},{"floor":15.0,"key":"REST"}],"circlet_count":0,"master_deck":["AscendersBane","Strike_G","Strike_G","Strike_G","Defend_G","Defend_G","Defend_G","Defend_G","Defend_G","Survivor","Neutralize","Acrobatics+1","Flying Knee","Dagger Spray","Underhanded Strike","Blade Dance","Well Laid Plans+1","Reflex","Accuracy+1","Grand Finale"],"relics":["Ring of the Snake","NeowsBlessing","StoneCalendar","Gremlin Horn","Frozen Egg 2","Darkstone Periapt","Letter Opener","HoveringKite"],"acts_visited":["Exordium","TheCity"],"potions_floor_usage":[],"damage_taken":[{"damage":0.0,"enemies":"2 Louse","floor":1.0,"turns":1.0},{"damage":0.0,"enemies":"Small Slimes","floor":5.0,"turns":1.0},{"damage":0.0,"enemies":"Gremlin Nob","floor":6.0,"turns":1.0},{"damage":2.0,"enemies":"Cultist","floor":7.0,"turns":4.0},{"damage":1.0,"enemies":"2 Fungi Beasts","floor":10.0,"turns":3.0},{"damage":4.0,"enemies":"3 Sentries","floor":11.0,"turns":3.0},{"damage":40.0,"enemies":"Lagavulin","floor":14.0,"turns":7.0},{"damage":5.0,"enemies":"The Guardian","floor":16.0,"turns":10.0},{"damage":25,"enemies":"Spheric Guardian","floor":18,"turns":4},{"damage":30,"enemies":"Chosen","floor":19,"turns":4}],"seed_played":"3129797405129044268","potions_obtained":[{"floor":6.0,"key":"DuplicationPotion"},{"floor":10.0,"key":"BlessingOfTheForge"},{"floor":14.0,"key":"Dexterity Potion"}],"is_trial":false,"path_per_floor":["M","?","?","$","M","E","M","R","T","M","?","?","$","E","R","B",null,"M","M"],"character_chosen":"THE_SILENT","items_purchased":["Well Laid Plans+1","Reflex"],"campfire_rested":1,"item_purchase_floors":[13,13],"current_hp_per_floor":[59,59,59,59,59,59,57,57,57,56,52,45,45,5,24,19,54,29,0,0],"gold":139,"neow_bonus":"THREE_ENEMY_KILL","is_daily":false,"chose_seed":false,"campfire_upgraded":1,"win_rate":0.0,"timestamp":1609761284,"path_taken":["M","?","?","$","?","E","M","R","T","M","?","?","?","E","R","BOSS","M","M"],"items_purchased_type":["Card","Card"],"build_version":"2020-12-22","purchased_purges":2,"victory":false,"max_hp_per_floor":[66,66,66,66,66,66,66,66,66,66,66,66,66,66,66,66,66,66,66,66],"relic_stats":{"Darkstone Periapt":0,"Gremlin Horn":[3,3],"counters":[10,38],"HoveringKite":[4],"StoneCalendar":[56],"Letter Opener":[25],"obtain_stats":[{"Darkstone Periapt":11,"NeowsBlessing":0,"Gremlin Horn":6,"HoveringKite":17,"StoneCalendar":3,"Letter Opener":14,"Frozen Egg 2":9,"Ring of the Snake":0},{"Darkstone Periapt":5,"NeowsBlessing":0,"Gremlin Horn":3,"HoveringKite":8,"StoneCalendar":1,"Letter Opener":7,"Frozen Egg 2":4,"Ring of the Snake":0},{"Darkstone Periapt":10,"NeowsBlessing":0,"Gremlin Horn":3,"HoveringKite":30,"StoneCalendar":1,"Letter Opener":20,"Frozen Egg 2":7,"Ring of the Snake":0}],"Ring of the Snake":[20]},"card_choices":[{"not_picked":["Quick Slash","Skewer"],"picked":"Acrobatics","floor":1.0},{"not_picked":["Outmaneuver","Bane"],"picked":"Flying Knee","floor":5.0},{"not_picked":["Flying Knee","Wraith Form v2"],"picked":"Dagger Spray","floor":6.0},{"not_picked":["Flying Knee","Acrobatics"],"picked":"Underhanded Strike","floor":7.0},{"not_picked":["Cloak And Dagger","Dagger Spray","Underhanded Strike"],"picked":"SKIP","floor":10.0},{"not_picked":["Backstab","Poisoned Stab"],"picked":"Blade Dance","floor":11.0},{"not_picked":["Slice","Footwork+1"],"picked":"Accuracy+1","floor":14.0},{"not_picked":["Adrenaline","Die Die Die"],"picked":"Grand Finale","floor":16.0},{"not_picked":["Underhanded Strike","Sucker Punch","PiercingWail"],"picked":"SKIP","floor":18}],"player_experience":1400769,"relics_obtained":[{"floor":6.0,"key":"Gremlin Horn"},{"floor":9.0,"key":"Frozen Egg 2"},{"floor":14.0,"key":"Letter Opener"}],"event_choices":[{"damage_healed":0.0,"max_hp_gain":0.0,"max_hp_loss":0.0,"gold_gain":150.0,"event_name":"Liars Game","player_choice":"AGREE","floor":2.0,"gold_loss":0.0,"damage_taken":0.0,"cards_obtained":["Doubt"]},{"damage_healed":0.0,"max_hp_gain":0.0,"max_hp_loss":0.0,"gold_gain":0.0,"event_name":"WeMeetAgain","player_choice":"Paid Gold","floor":3.0,"gold_loss":77.0,"damage_taken":0.0,"relics_obtained":["StoneCalendar"]},{"damage_healed":0.0,"max_hp_gain":0.0,"max_hp_loss":0.0,"gold_gain":0.0,"event_name":"Dead Adventurer","player_choice":"Searched \u00272\u0027 times","floor":11.0,"gold_loss":0.0,"damage_taken":0.0,"relics_obtained":["Darkstone Periapt"]},{"cards_removed":["Strike_G"],"damage_healed":0.0,"max_hp_gain":0.0,"max_hp_loss":0.0,"gold_gain":0.0,"event_name":"Golden Wing","player_choice":"Card Removal","floor":12.0,"gold_loss":0.0,"damage_taken":7.0}],"is_beta":false,"boss_relics":[{"not_picked":["Runic Dome","Tiny House"],"picked":"HoveringKite"}],"items_purged_floors":[4,13],"is_endless":false,"potions_floor_spawned":[6,10,14],"killed_by":"Chosen","ascension_level":20}}