{"host":"wha9hktbkslqvblg","time":1609763513,"event":{"mods":["BaseMod","Colored Map","Minty Spire (QoL Compilation)","Relic Stats","SuperFastMode","everything is the same but u backflip on backflip"],"gold_per_floor":[109,34,34,34,49,49,79,94,94,94,107,107,107,107],"floor_reached":13,"playtime":95,"items_purged":["Strike_R"],"score":216,"play_id":"93de4fa6-8977-4cb6-9e6e-5380f62ad09e","local_time":"20210104213153","is_ascension_mode":true,"campfire_choices":[{"data":"Uppercut","floor":6.0,"key":"SMITH"}],"circlet_count":0,"master_deck":["AscendersBane","Strike_R","Strike_R","Strike_R","Defend_R","Defend_R","Defend_R","Defend_R","Bash","Uppercut+1","Fiend Fire","Decay","Body Slam","Pommel Strike"],"relics":["Burning Blood","NeowsBlessing","Eternal Feather","Boot","Molten Egg 2"],"acts_visited":["Exordium"],"potions_floor_usage":[],"damage_taken":[{"damage":0.0,"enemies":"Small Slimes","floor":1.0,"turns":1.0},{"damage":0.0,"enemies":"2 Louse","floor":5.0,"turns":1.0},{"damage":0.0,"enemies":"Lagavulin","floor":7.0,"turns":1.0},{"damage":1.0,"enemies":"Cultist","floor":8.0,"turns":3.0},{"damage":0.0,"enemies":"Large Slime","floor":11.0,"turns":2.0},{"damage":0,"enemies":"3 Sentries","floor":13,"turns":1}],"seed_played":"-6142001173744857121","potions_obtained":[{"floor":1.0,"key":"GamblersBrew"},{"floor":7.0,"key":"Fire Potion"}],"is_trial":false,"path_per_floor":["M","$","?","?","M","R","E","M","T","?","M","T","E"],"character_chosen":"IRONCLAD","items_purchased":[],"campfire_rested":0,"item_purchase_floors":[],"current_hp_per_floor":[74,74,74,74,75,75,75,75,75,71,75,75,75,75],"gold":107,"neow_bonus":"THREE_ENEMY_KILL","is_daily":false,"chose_seed":false,"campfire_upgraded":1,"win_rate":0.0,"timestamp":1609763513,"path_taken":["M","$","?","?","M","R","E","?","T","?","?","?","E"],"items_purchased_type":[],"build_version":"2020-12-22","purchased_purges":1,"victory":false,"max_hp_per_floor":[75,75,75,75,75,75,75,75,75,75,75,75,75,75],"relic_stats":{"counters":[6,9],"Eternal Feather":0,"Boot":[0],"obtain_stats":[{"NeowsBlessing":0,"Eternal Feather":7,"Molten Egg 2":12,"Boot":9,"Burning Blood":0},{"NeowsBlessing":0,"Eternal Feather":3,"Molten Egg 2":5,"Boot":4,"Burning Blood":0},{"NeowsBlessing":0,"Eternal Feather":3,"Molten Egg 2":8,"Boot":6,"Burning Blood":0}],"Burning Blood":12},"card_choices":[{"not_picked":["Rupture","Evolve"],"picked":"Uppercut","floor":1.0},{"not_picked":["Twin Strike","Reckless Charge","Flex"],"picked":"SKIP","floor":5.0},{"not_picked":["Pommel Strike","Clash"],"picked":"Body Slam","floor":7.0},{"not_picked":["Reckless Charge","Wild Strike"],"picked":"Pommel Strike","floor":8.0},{"not_picked":["Heavy Blade","Sentinel","Rampage"],"picked":"SKIP","floor":11.0}],"player_experience":934326,"relics_obtained":[{"floor":7.0,"key":"Eternal Feather"},{"floor":9.0,"key":"Boot"},{"floor":12.0,"key":"Molten Egg 2"}],"event_choices":[{"damage_healed":0.0,"max_hp_gain":0.0,"max_hp_loss":0.0,"gold_gain":0.0,"cards_transformed":["Strike_R"],"event_name":"Living Wall","player_choice":"Change","floor":3.0,"gold_loss":0.0,"damage_taken":0.0,"cards_obtained":["Fiend Fire"]},{"damage_healed":0.0,"max_hp_gain":0.0,"max_hp_loss":0.0,"gold_gain":0.0,"event_name":"Wheel of Change","player_choice":"Cursed","floor":4.0,"gold_loss":0.0,"damage_taken":0.0,"cards_obtained":["Decay"]},{"damage_healed":0.0,"max_hp_gain":0.0,"max_hp_loss":0.0,"gold_gain":0.0,"event_name":"The Woman in Blue","player_choice":"Bought 0 Potions","floor":10.0,"gold_loss":0.0,"damage_taken":0.0}],"is_beta":false,"boss_relics":[],"items_purged_floors":[2],"is_endless":false,"potions_floor_spawned":[1,7,8],"killed_by":"3 Sentries","ascension_level":20}}