{"host":"2yqfi47fogfu1ic4","time":1609787368,"event":{"mods":["AchievementEnabler","BaseMod","Colored Map","Colored Powertips","Highlight Path","Minty Spire (QoL Compilation)","Permanent Neow","Relic Stats","StSLib"],"gold_per_floor":[115,115,115,133,283,283,298,298,321,23,56,56,88,107,107,180,180,195,209,32,32,45,45,77,77,125,125,154,29,59,79,79,154,154,169,183,203,37,37,37,48,77,77,95,111,121,150,150,150,150,150,150,150,0,25,25],"floor_reached":57,"playtime":9323,"items_purged":["Doubt","Strike_G","Strike_G","Strike_G"],"score":3135,"play_id":"a0b5c736-a0e9-43e4-9587-b87bd5bfaf0e","local_time":"20210104200928","is_ascension_mode":true,"campfire_choices":[{"data":"Deadly Poison","floor":6,"key":"SMITH"},{"data":"Blade Dance","floor":8,"key":"SMITH"},{"data":"Corpse Explosion","floor":12,"key":"SMITH"},{"data":"Neutralize","floor":15,"key":"SMITH"},{"data":"Noxious Fumes","floor":23,"key":"SMITH"},{"data":"Footwork","floor":25,"key":"SMITH"},{"data":"Accuracy","floor":27,"key":"SMITH"},{"data":"Adrenaline","floor":32,"key":"SMITH"},{"floor":40,"key":"RECALL"},{"floor":49,"key":"REST"},{"floor":53,"key":"REST"}],"circlet_count":0,"master_deck":["AscendersBane","Defend_G","Defend_G","Defend_G","Defend_G","Survivor","Neutralize+1","After Image+1","Doppelganger+1","Catalyst+1","Deadly Poison+1","Blade Dance+1","PiercingWail","Corpse Explosion+1","Blade Dance","Blade Dance","Burst+1","Poisoned Stab","Deadly Poison","Noxious Fumes+1","Accuracy+1","Footwork+1","Accuracy+1","Blur","Adrenaline+1","Terror","Bullet Time","Leg Sweep","PiercingWail","Blur","Phantasmal Killer","Blade Dance+1","Escape Plan","Cloak And Dagger+1","Backflip","Leg Sweep","Burst","Leg Sweep","Acrobatics"],"relics":["Astrolabe","HornCleat","Ancient Tea Set","Lee\u0027s Waffle","Prayer Wheel","Question Card","Runic Pyramid","Shuriken","Centennial Puzzle","Bird Faced Urn","Ice Cream","Fusion Hammer","Chemical X","Paper Crane","Mango","Juzu Bracelet","Bottled Tornado"],"acts_visited":["Exordium","TheCity","TheBeyond","TheEnding"],"potions_floor_usage":[24,36,55,56],"damage_taken":[{"damage":7,"enemies":"Jaw Worm","floor":1,"turns":11},{"damage":10,"enemies":"Small Slimes","floor":4,"turns":4},{"damage":0,"enemies":"2 Louse","floor":7,"turns":3},{"damage":26,"enemies":"3 Sentries","floor":11,"turns":12},{"damage":0,"enemies":"Gremlin Nob","floor":13,"turns":3},{"damage":0,"enemies":"Exordium Thugs","floor":14,"turns":3},{"damage":0,"enemies":"Hexaghost","floor":16,"turns":7},{"damage":6,"enemies":"Spheric Guardian","floor":18,"turns":4},{"damage":0,"enemies":"Chosen","floor":19,"turns":2},{"damage":5,"enemies":"Shelled Parasite and Fungi","floor":22,"turns":5},{"damage":0,"enemies":"Book of Stabbing","floor":24,"turns":4},{"damage":27,"enemies":"Slavers","floor":28,"turns":3},{"damage":3,"enemies":"Gremlin Leader","floor":30,"turns":5},{"damage":0,"enemies":"3 Cultists","floor":31,"turns":3},{"damage":0,"enemies":"Collector","floor":33,"turns":3},{"damage":0,"enemies":"3 Shapes","floor":35,"turns":4},{"damage":0,"enemies":"Orb Walker","floor":36,"turns":3},{"damage":6,"enemies":"Spire Growth","floor":37,"turns":6},{"damage":0,"enemies":"Writhing Mass","floor":41,"turns":5},{"damage":10,"enemies":"Reptomancer","floor":42,"turns":5},{"damage":11,"enemies":"3 Darklings","floor":44,"turns":7},{"damage":0,"enemies":"Spire Growth","floor":45,"turns":4},{"damage":0,"enemies":"4 Shapes","floor":46,"turns":5},{"damage":6,"enemies":"Nemesis","floor":47,"turns":5},{"damage":9,"enemies":"Time Eater","floor":50,"turns":7},{"damage":18,"enemies":"Donu and Deca","floor":51,"turns":6},{"damage":34,"enemies":"Shield and Spear","floor":55,"turns":5},{"damage":17,"enemies":"The Heart","floor":56,"turns":8}],"seed_played":"9114783587093775264","potions_obtained":[{"floor":13,"key":"AttackPotion"},{"floor":14,"key":"Strength Potion"},{"floor":18,"key":"DistilledChaos"},{"floor":19,"key":"CultistPotion"},{"floor":30,"key":"DistilledChaos"},{"floor":37,"key":"FearPotion"},{"floor":45,"key":"Regen Potion"},{"floor":55,"key":"SteroidPotion"}],"is_trial":false,"path_per_floor":["M","?","?","M","?","R","M","R","T","$","E","R","E","M","R","B",null,"M","M","$","?","M","R","E","R","T","R","E","$","E","M","R","B",null,"M","M","M","$","T","R","M","E","T","M","M","M","E","?","R","B","B",null,"R","$","E","B",null],"character_chosen":"THE_SILENT","items_purchased":["Lee\u0027s Waffle","PiercingWail","Noxious Fumes","Chemical X"],"campfire_rested":2,"item_purchase_floors":[10,10,20,38],"current_hp_per_floor":[52,34,39,29,29,29,29,29,29,78,52,52,52,52,52,52,72,66,66,66,66,61,61,61,61,61,61,34,34,41,49,49,55,72,78,78,78,78,78,78,78,88,88,87,92,92,92,87,87,82,74,84,87,87,69,62],"gold":25,"neow_bonus":"BOSS_RELIC","is_daily":false,"chose_seed":false,"campfire_upgraded":8,"win_rate":0.0,"timestamp":1609787368,"path_taken":["M","?","?","M","?","R","M","R","T","$","E","R","E","M","R","BOSS","M","M","$","?","M","R","E","R","T","R","E","?","E","?","R","BOSS","M","M","M","$","?","R","M","E","T","M","M","?","E","?","R","BOSS","BOSS","R","$","E","BOSS"],"items_purchased_type":["Relic","Card","Card","Relic"],"build_version":"2020-12-22","purchased_purges":4,"victory":true,"max_hp_per_floor":[66,66,71,71,71,71,71,71,71,78,78,78,78,78,78,78,78,78,78,78,78,78,78,78,78,78,78,78,78,78,78,78,78,78,78,78,78,78,78,78,78,92,92,92,92,92,92,87,87,87,87,87,87,87,87,87],"relic_stats":{"Lee\u0027s Waffle":49,"Centennial Puzzle":[30],"counters":[28,142],"Shuriken":[48],"Astrolabe":["After Image","Doppelganger","Catalyst"],"Bird Faced Urn":[91],"Prayer Wheel":12,"Juzu Bracelet":0,"Chemical X":[8],"Question Card":32,"obtain_stats":[{"Ice Cream":30,"Lee\u0027s Waffle":10,"Astrolabe":0,"Mango":42,"Juzu Bracelet":47,"Paper Crane":39,"Bottled Tornado":55,"Ancient Tea Set":9,"Question Card":13,"Centennial Puzzle":26,"HornCleat":2,"Shuriken":24,"Bird Faced Urn":28,"Prayer Wheel":11,"Fusion Hammer":34,"Chemical X":38,"Ring of the Snake":0,"Runic Pyramid":17},{"Ice Cream":13,"Lee\u0027s Waffle":3,"Astrolabe":0,"Mango":20,"Juzu Bracelet":24,"Paper Crane":18,"Bottled Tornado":27,"Ancient Tea Set":3,"Question Card":5,"Centennial Puzzle":11,"HornCleat":1,"Shuriken":11,"Bird Faced Urn":12,"Prayer Wheel":4,"Fusion Hammer":15,"Chemical X":18,"Ring of the Snake":0,"Runic Pyramid":7},{"Ice Cream":66,"Lee\u0027s Waffle":18,"Astrolabe":0,"Mango":95,"Juzu Bracelet":116,"Paper Crane":85,"Bottled Tornado":134,"Ancient Tea Set":18,"Question Card":33,"Centennial Puzzle":58,"HornCleat":11,"Shuriken":58,"Bird Faced Urn":61,"Prayer Wheel":30,"Fusion Hammer":72,"Chemical X":85,"Ring of the Snake":0,"Runic Pyramid":43}]},"card_choices":[{"not_picked":["Backflip","Reflex"],"picked":"Deadly Poison","floor":1},{"not_picked":["Underhanded Strike","Acrobatics","Flying Knee"],"picked":"SKIP","floor":4},{"not_picked":["Quick Slash","Cloak And Dagger"],"picked":"Blade Dance","floor":7},{"not_picked":["Masterful Stab","Flechettes"],"picked":"Corpse Explosion","floor":11},{"not_picked":["Cloak And Dagger","Outmaneuver","Prepared"],"picked":"SKIP","floor":13},{"not_picked":["Flying Knee","Dagger Throw","Sucker Punch"],"picked":"Blade Dance","floor":14},{"not_picked":["Infinite Blades","Escape Plan","Backflip"],"picked":"Blade Dance","floor":14},{"not_picked":["Doppelganger","A Thousand Cuts","Die Die Die"],"picked":"Burst","floor":16},{"not_picked":["Slice","Prepared","All Out Attack"],"picked":"Poisoned Stab","floor":18},{"not_picked":["Eviscerate","Flying Knee","Deadly Poison","Cloak And Dagger"],"picked":"SKIP","floor":18},{"not_picked":["Flying Knee+1","Deflect","Infinite Blades+1"],"picked":"Deadly Poison","floor":19},{"not_picked":["Dagger Spray","Backflip","Bane","Choke"],"picked":"SKIP","floor":19},{"not_picked":["Flying Knee","Outmaneuver","Cloak And Dagger+1"],"picked":"Accuracy","floor":22},{"not_picked":["Corpse Explosion","Crippling Poison","Dash"],"picked":"Footwork","floor":22},{"not_picked":["Heel Hook","Deadly Poison+1","Blade Dance"],"picked":"Accuracy+1","floor":24},{"not_picked":["Underhanded Strike","Finisher","Dodge and Roll"],"picked":"Blur","floor":28},{"not_picked":["Skewer","PiercingWail","All Out Attack"],"picked":"Adrenaline","floor":30},{"not_picked":["Bane+1","Quick Slash","Endless Agony"],"picked":"Terror","floor":31},{"not_picked":["Deadly Poison+1","Acrobatics","Sucker Punch","Tactician"],"picked":"SKIP","floor":31},{"not_picked":["Doppelganger","Adrenaline","Corpse Explosion"],"picked":"Bullet Time","floor":33},{"not_picked":["Blade Dance","Acrobatics+1","Quick Slash+1"],"picked":"Leg Sweep","floor":35},{"not_picked":["Bane","Concentrate","Masterful Stab+1","Backstab+1"],"picked":"SKIP","floor":35},{"not_picked":["Choke","Deadly Poison","Bane"],"picked":"PiercingWail","floor":36},{"not_picked":["Accuracy","Backstab+1","Leg Sweep"],"picked":"Blur","floor":36},{"not_picked":["Flying Knee+1","Dagger Spray","Blur"],"picked":"Phantasmal Killer","floor":37},{"not_picked":["Deadly Poison","Skewer+1","Quick Slash"],"picked":"Blade Dance+1","floor":37},{"not_picked":["Masterful Stab+1","Dodge and Roll","Deadly Poison+1"],"picked":"Escape Plan","floor":41},{"not_picked":["Grand Finale","Noxious Fumes+1","Infinite Blades+1","Deadly Poison+1"],"picked":"SKIP","floor":41},{"not_picked":["Flying Knee","Bouncing Flask","Infinite Blades"],"picked":"Cloak And Dagger+1","floor":42},{"not_picked":["Dagger Spray+1","Predator","Outmaneuver"],"picked":"Backflip","floor":44},{"not_picked":["Sucker Punch","Backflip","Deflect+1","Expertise"],"picked":"SKIP","floor":44},{"not_picked":["Bouncing Flask+1","Prepared+1","Reflex"],"picked":"Leg Sweep","floor":45},{"not_picked":["Die Die Die","Poisoned Stab+1","Underhanded Strike","Quick Slash"],"picked":"SKIP","floor":45},{"not_picked":["Blur","Bane","Acrobatics"],"picked":"Burst","floor":46},{"not_picked":["Dodge and Roll","Skewer","Tactician"],"picked":"Leg Sweep","floor":46},{"not_picked":["Sucker Punch","Poisoned Stab+1","Flechettes","Escape Plan"],"picked":"SKIP","floor":47},{"not_picked":["Infinite Blades","Bane+1","Blade Dance"],"picked":"Acrobatics","floor":55}],"player_experience":2052668,"relics_obtained":[{"floor":9,"key":"Ancient Tea Set"},{"floor":11,"key":"Prayer Wheel"},{"floor":13,"key":"Question Card"},{"floor":24,"key":"Shuriken"},{"floor":26,"key":"Centennial Puzzle"},{"floor":28,"key":"Bird Faced Urn"},{"floor":30,"key":"Ice Cream"},{"floor":39,"key":"Paper Crane"},{"floor":42,"key":"Mango"},{"floor":47,"key":"Juzu Bracelet"},{"floor":55,"key":"Bottled Tornado"}],"event_choices":[{"damage_healed":0,"gold_gain":0,"player_choice":"Success","damage_taken":18,"relics_obtained":["HornCleat"],"max_hp_gain":0,"max_hp_loss":0,"event_name":"Scrap Ooze","floor":2,"gold_loss":0},{"damage_healed":0,"gold_gain":0,"player_choice":"Donut","damage_taken":0,"max_hp_gain":5,"max_hp_loss":0,"event_name":"Big Fish","floor":3,"gold_loss":0},{"damage_healed":0,"gold_gain":150,"player_choice":"AGREE","damage_taken":0,"max_hp_gain":0,"max_hp_loss":0,"event_name":"Liars Game","floor":5,"gold_loss":0,"cards_obtained":["Doubt"]},{"damage_healed":0,"gold_gain":0,"player_choice":"Upgraded","damage_taken":0,"max_hp_gain":0,"max_hp_loss":0,"event_name":"Upgrade Shrine","floor":21,"gold_loss":0,"cards_upgraded":["Burst"]},{"damage_healed":0,"gold_gain":0,"player_choice":"Max HP","damage_taken":0,"max_hp_gain":0,"max_hp_loss":5,"event_name":"Winding Halls","floor":48,"gold_loss":0}],"is_beta":false,"boss_relics":[{"not_picked":["Ectoplasm","Philosopher\u0027s Stone"],"picked":"Runic Pyramid"},{"not_picked":["Velvet Choker","Runic Dome"],"picked":"Fusion Hammer"}],"items_purged_floors":[10,20,29,54],"is_endless":false,"potions_floor_spawned":[13,14,18,19,30,31,37,42,45,46,55],"ascension_level":20}}