{"host":"474oh00kq6ni8dn3","time":1609784131,"event":{"mods":["AchievementEnabler","Aspiration","BaseMod","Bestiary","Colored Map","Colored Powertips","Conspire","Custom Start","Defuse TimeMaze Blight","Downfall","Duelist Mod","GifTheSpireLib","Googly Eyes","GungeonMod","Halation","Hubris","Infinite Spire","Jedi Mod","Minty Spire (QoL Compilation)","Permanent Neow","Quick Restart","Random Character Button","Replay The Spire","Shop Mod","StSLib","Stuff the Spire","The Construct","The Factory","The Jungle","Trackpad","Unceasing Turn Reminder","vexMod"],"gold_per_floor":[190,120,181,196,216,296,310,385,408,426,458,473,473,536,536,632,632,696,696,710,773,786,870,870,600,600,665,690,702,717,728,728,826,826,846,846,861,875,890,972,972,987,1035,1062,1062,1073,1090,1109,1109,1109],"floor_reached":51,"playtime":4307,"items_purged":["theDuelist:Sparks"],"score":923,"play_id":"2b23842d-7fed-41e3-99bd-76c620655a89","local_time":"20210104181531","is_ascension_mode":true,"campfire_choices":[{"data":"theDuelist:SliferSky","floor":15.0,"key":"SMITH"},{"floor":24.0,"key":"REST"},{"floor":32.0,"key":"REST"},{"floor":49.0,"key":"REST"}],"circlet_count":0,"master_deck":["theDuelist:AncientDragon","theDuelist:DragonCaptureJar+1","theDuelist:LesserDragon","theDuelist:SnowDragon","theDuelist:CurseDragon","theDuelist:GoldenSparks","theDuelist:LordD","theDuelist:TyrantWing+1","theDuelist:SliferSky+1","theDuelist:CastleWalls","theDuelist:CyberValley","theDuelist:RainbowOverdragon","theDuelist:CastleWalls","theDuelist:DefenseZone","theDuelist:BabyDragon","theDuelist:LesserDragon","theDuelist:CaveDragon","theDuelist:YamataDragon","theDuelist:AncientPixieDragon","theDuelist:CaveDragon","theDuelist:FiendSkull","theDuelist:TwinBarrelDragon+1","theDuelist:CaveDragon","theDuelist:DefenseZone+2","Clumsy","theDuelist:LeviaDragon+1"],"relics":["theDuelist:MillenniumPuzzle","theDuelist:CardPoolRelic","theDuelist:CardPoolBasicRelic","theDuelist:BoosterPackPoolRelic","theDuelist:CardPoolAddRelic","theDuelist:CardPoolMinusRelic","theDuelist:CardPoolSaveRelic","theDuelist:CardPoolOptionsRelic","aspiration:Nostalgia","construct:Cogwheel","ReplayTheSpireMod:Ninjato","Toy Ornithopter","infinitespire:Beetle Shell","halation:KoshaPiece","hubris:TinFlute","jedi:battlestandard","Centennial Puzzle","Replay:Towering Pillar of Hats","hubris:TenFootPole","Replay:Bottled Eggs","aspiration:Stabinomicon","hubris:ScarierMask","DemoMod:WhiteGuonStone","Vajra","Regal Pillow","theDuelist:MillenniumPeriapt"],"acts_visited":["Exordium","TheCity","TheCity"],"potions_floor_usage":[50,50,50],"damage_taken":[{"damage":2.0,"enemies":"Small Slimes","floor":1.0,"turns":3.0},{"damage":0.0,"enemies":"Cultist","floor":3.0,"turns":3.0},{"damage":0.0,"enemies":"Jaw Worm","floor":4.0,"turns":2.0},{"damage":0.0,"enemies":"Looter","floor":5.0,"turns":4.0},{"damage":23.0,"enemies":"3 Sentries","floor":6.0,"turns":10.0},{"damage":1.0,"enemies":"Exordium Thugs","floor":7.0,"turns":4.0},{"damage":9.0,"enemies":"Lagavulin","floor":8.0,"turns":10.0},{"damage":0.0,"enemies":"Blue Slaver","floor":10.0,"turns":3.0},{"damage":0.0,"enemies":"Replay:BlueRogue","floor":11.0,"turns":6.0},{"damage":0.0,"enemies":"2 Fungi Beasts","floor":12.0,"turns":2.0},{"damage":0.0,"enemies":"3 Louse","floor":14.0,"turns":2.0},{"damage":0.0,"enemies":"Fading Forest","floor":16.0,"turns":11.0},{"damage":20.0,"enemies":"3 Byrds","floor":18.0,"turns":5.0},{"damage":20.0,"enemies":"Spheric Guardian","floor":20.0,"turns":5.0},{"damage":0.0,"enemies":"Snecko","floor":21.0,"turns":4.0},{"damage":28.0,"enemies":"Snake Plant","floor":22.0,"turns":5.0},{"damage":5.0,"enemies":"theDuelist:KaibaA2","floor":23.0,"turns":4.0},{"damage":6.0,"enemies":"Centurion and Healer","floor":27.0,"turns":5.0},{"damage":15.0,"enemies":"Book of Stabbing","floor":28.0,"turns":6.0},{"damage":0.0,"enemies":"conspire:HollyBat","floor":29.0,"turns":6.0},{"damage":9.0,"enemies":"Snake Plant","floor":30.0,"turns":4.0},{"damage":9.0,"enemies":"3 Cultists","floor":31.0,"turns":6.0},{"damage":21.0,"enemies":"Collector","floor":33.0,"turns":10.0},{"damage":0.0,"enemies":"theFactory:BigBot","floor":35.0,"turns":8.0},{"damage":7.0,"enemies":"theFactory:2_Experiment_Personnel","floor":37.0,"turns":5.0},{"damage":0.0,"enemies":"theFactory:ShrapnelTosser","floor":38.0,"turns":7.0},{"damage":28.0,"enemies":"theFactory:Orbs_and_Orb_Walker","floor":39.0,"turns":6.0},{"damage":1.0,"enemies":"theFactory:DrinkBrewer","floor":40.0,"turns":5.0},{"damage":12.0,"enemies":"theFactory:DefectiveSentry","floor":42.0,"turns":9.0},{"damage":6.0,"enemies":"theFactory:SmogElemental","floor":44.0,"turns":6.0},{"damage":0.0,"enemies":"theFactory:Big_Bot_Bundle","floor":46.0,"turns":3.0},{"damage":0.0,"enemies":"theFactory:DecayingSentinel","floor":47.0,"turns":5.0},{"damage":27.0,"enemies":"theFactory:6_Mini-Bots","floor":48.0,"turns":9.0},{"damage":5,"enemies":"theFactory:SPIDER","floor":50,"turns":16}],"seed_played":"2300218348997416475","potions_obtained":[{"floor":4.0,"key":"Regen Potion"},{"floor":6.0,"key":"Dexterity Potion"},{"floor":7.0,"key":"Languid Potion"},{"floor":12.0,"key":"theDuelist:BabyPotion"},{"floor":14.0,"key":"theDuelist:CoolBottle"},{"floor":18.0,"key":"theDuelist:WhiteBottle"},{"floor":20.0,"key":"theDuelist:MegaupgradePotion"},{"floor":40.0,"key":"PowerPotion"},{"floor":42.0,"key":"Dexterity Potion"},{"floor":44.0,"key":"Dexterity Potion"},{"floor":48.0,"key":"Swift Potion"}],"is_trial":false,"path_per_floor":["M","?","M","M","M","E","M","E","T","M","E","M","?","M","R","B",null,"M","?","M","M","M","E","R","$","T","M","E","M","M","M","R","B",null,"M","?","M","M","M","E","?","M","T","E","?","M","M","M","R","B",null],"character_chosen":"THE_DUELIST","items_purchased":["hubris:TenFootPole","theDuelist:AncientPixieDragon"],"campfire_rested":3,"item_purchase_floors":[25,25],"current_hp_per_floor":[78,78,78,78,78,55,54,45,45,45,45,45,45,45,45,50,80,60,60,40,40,12,7,31,31,31,25,10,10,1,7,31,10,80,80,80,73,73,45,44,44,32,32,31,28,28,28,6,45,55],"gold":1109,"neow_bonus":"NOSTALGIA","is_daily":false,"chose_seed":false,"campfire_upgraded":1,"win_rate":0.0,"timestamp":1609784131,"path_taken":["M","?","?","M","M","E","M","E","T","?","E","M","?","M","R","BOSS","M","?","M","M","M","E","R","$","T","M","E","M","M","?","R","BOSS","M","?","M","M","M","E","?","M","T","E","?","M","M","?","R","BOSS"],"items_purchased_type":["Relic","Card"],"build_version":"2020-12-22","purchased_purges":1,"victory":true,"max_hp_per_floor":[80,80,80,80,80,80,80,80,80,80,80,80,80,80,80,80,80,80,80,80,80,80,80,80,80,80,80,80,80,80,80,80,80,80,80,80,80,80,80,80,80,80,80,80,80,80,80,80,80,80],"card_choices":[{"not_picked":[],"picked":"theDuelist:CurseDragon","floor":1.0},{"not_picked":[],"picked":"theDuelist:TwinHeadedBehemoth","floor":3.0},{"not_picked":["theDuelist:RainbowOverdragon"],"picked":"SKIP","floor":4.0},{"not_picked":["theDuelist:MoltenDestruction"],"picked":"SKIP","floor":5.0},{"not_picked":["theDuelist:Hinotama"],"picked":"SKIP","floor":6.0},{"not_picked":[],"picked":"theDuelist:DragonCaptureJar","floor":7.0},{"not_picked":["theDuelist:MoltenDestruction"],"picked":"SKIP","floor":8.0},{"not_picked":["theDuelist:TrihornedDragon"],"picked":"SKIP","floor":10.0},{"not_picked":["theDuelist:RainbowOverdragon"],"picked":"SKIP","floor":11.0},{"not_picked":["theDuelist:BlackTyranno"],"picked":"SKIP","floor":12.0},{"not_picked":[],"picked":"theDuelist:FiendSkull","floor":14.0},{"not_picked":["theDuelist:Pyrorex"],"picked":"SKIP","floor":18.0},{"not_picked":[],"picked":"theDuelist:CyberValley","floor":20.0},{"not_picked":[],"picked":"theDuelist:LordD","floor":21.0},{"not_picked":["theDuelist:SphereChaos"],"picked":"SKIP","floor":22.0},{"not_picked":[],"picked":"theDuelist:DefenseZone","floor":23.0},{"not_picked":["theDuelist:MagicalStone"],"picked":"SKIP","floor":27.0},{"not_picked":[],"picked":"theDuelist:TyrantWing+1","floor":28.0},{"not_picked":["theDuelist:RainbowOverdragon"],"picked":"SKIP","floor":29.0},{"not_picked":[],"picked":"theDuelist:SnowDragon","floor":30.0},{"not_picked":["theDuelist:ScrapIronScarecrow"],"picked":"SKIP","floor":31.0},{"not_picked":[],"picked":"theDuelist:RainbowOverdragon","floor":33.0},{"not_picked":["theDuelist:RainbowOverdragon"],"picked":"SKIP","floor":35.0},{"not_picked":[],"picked":"theDuelist:TwinBarrelDragon+1","floor":37.0},{"not_picked":[],"picked":"theDuelist:CaveDragon","floor":38.0},{"not_picked":[],"picked":"theDuelist:DefenseZone+2","floor":39.0},{"not_picked":["theDuelist:FrozenFitzgerald"],"picked":"SKIP","floor":40.0},{"not_picked":[],"picked":"theDuelist:LeviaDragon+1","floor":42.0},{"not_picked":["theDuelist:Berserking"],"picked":"SKIP","floor":44.0},{"not_picked":["theDuelist:FiendSkull+1"],"picked":"SKIP","floor":46.0},{"not_picked":["theDuelist:ViceDragon+1"],"picked":"SKIP","floor":47.0},{"not_picked":["theDuelist:RainbowOverdragon"],"picked":"SKIP","floor":48.0}],"player_experience":71086,"relics_obtained":[{"floor":6.0,"key":"ReplayTheSpireMod:Ninjato"},{"floor":8.0,"key":"Toy Ornithopter"},{"floor":9.0,"key":"infinitespire:Beetle Shell"},{"floor":11.0,"key":"halation:KoshaPiece"},{"floor":13.0,"key":"hubris:TinFlute"},{"floor":19.0,"key":"Centennial Puzzle"},{"floor":23.0,"key":"Replay:Towering Pillar of Hats"},{"floor":26.0,"key":"Replay:Bottled Eggs"},{"floor":28.0,"key":"aspiration:Stabinomicon"},{"floor":40.0,"key":"DemoMod:WhiteGuonStone"},{"floor":43.0,"key":"Vajra"},{"floor":44.0,"key":"Regal Pillow"}],"event_choices":[{"damage_healed":0.0,"max_hp_gain":0.0,"max_hp_loss":0.0,"gold_gain":0.0,"event_name":"Card Trader","player_choice":"Purchased Slifer Sky Dragon for 70 Gold.","duelist":true,"floor":2.0,"gold_loss":0.0,"damage_taken":0.0},{"damage_healed":0.0,"max_hp_gain":0.0,"max_hp_loss":0.0,"gold_gain":0.0,"event_name":"Wheel of Change","player_choice":"Relic","floor":19.0,"gold_loss":0.0,"damage_taken":0.0},{"total_magic_score":122.0,"gold_gain":0.0,"duelist":true,"damage_taken":0.0,"relics_obtained":[],"points":4.0,"max_hp_gain":0.0,"max_hp_loss":0.0,"spent_points":{"magic":0.0,"greed":0.0,"war":0.0,"power":0.0,"hunger":0.0},"event_name":"Nameless Tomb","floor":36.0,"gold_loss":0.0,"cards_obtained":[]},{"damage_healed":0.0,"max_hp_gain":0.0,"max_hp_loss":0.0,"gold_gain":0.0,"event_name":"Card Trader","player_choice":"Traded T.H. Behemoth for Ancient Dragon","duelist":true,"floor":41.0,"gold_loss":0.0,"damage_taken":0.0},{"damage_healed":0.0,"max_hp_gain":0.0,"max_hp_loss":0.0,"gold_gain":0.0,"event_name":"Aknamkanon\u0027s Tomb","player_choice":"Dig - random Duelist relic","duelist":true,"floor":45.0,"gold_loss":0.0,"damage_taken":0.0}],"is_beta":false,"boss_relics":[{"not_picked":["aspiration:WatcherSkillbook","trackpad:StolenKidneys"],"picked":"jedi:battlestandard"},{"not_picked":["halation:Risk","halation:CatFaceCupcake"],"picked":"hubris:ScarierMask"}],"items_purged_floors":[25],"is_endless":false,"potions_floor_spawned":[4,6,7,12,14,18,20,21,23,27,40,42,44,46,48],"ascension_level":1}}