{"host":"na09lpbrez4gbfiz","time":1609764884,"event":{"mods":["Act Like it!","BaseMod","BetterRewards","Colored Map","Colored Powertips","DeckTracker","Googly Eyes","Highlight Path","Minty Spire (QoL Compilation)","Quick Restart","Spicy Shops","StSLib","SuperFastMode","Synergy Search"],"gold_per_floor":[118,137,62,74,74,100,112,112,112],"floor_reached":8,"playtime":328,"items_purged":["Strike_G"],"score":87,"play_id":"55a6c85f-094b-4105-9112-2f5e780b9893","local_time":"20210104135444","is_ascension_mode":true,"campfire_choices":[],"circlet_count":0,"master_deck":["AscendersBane","Strike_G","Strike_G","Strike_G","Strike_G","Defend_G","Defend_G","Defend_G","Defend_G","Defend_G","Survivor","Neutralize","Poisoned Stab","Dodge and Roll","Die Die Die","Deflect"],"relics":["Ring of the Snake","NeowsBlessing","Toy Ornithopter"],"acts_visited":["Exordium"],"potions_floor_usage":[6,6,8,8],"damage_taken":[{"damage":0,"enemies":"Cultist","floor":1,"turns":1},{"damage":0,"enemies":"Small Slimes","floor":2,"turns":1},{"damage":0,"enemies":"Jaw Worm","floor":4,"turns":1},{"damage":40,"enemies":"3 Sentries","floor":6,"turns":16},{"damage":20,"enemies":"Large Slime","floor":7,"turns":11},{"damage":17,"enemies":"Lagavulin","floor":8,"turns":6}],"seed_played":"-5972192391342363155","potions_obtained":[{"floor":4,"key":"SkillPotion"},{"floor":5,"key":"FearPotion"},{"floor":5,"key":"Swift Potion"},{"floor":6,"key":"Dexterity Potion"}],"is_trial":false,"path_per_floor":["M","M","$","M","?","E","M","E"],"character_chosen":"THE_SILENT","items_purchased":[],"campfire_rested":0,"item_purchase_floors":[],"current_hp_per_floor":[63,63,63,63,63,23,3,0,0],"gold":112,"neow_bonus":"THREE_ENEMY_KILL","is_daily":false,"chose_seed":false,"campfire_upgraded":0,"win_rate":0.0,"timestamp":1609764884,"path_taken":["M","M","?","M","?","E","?","E"],"items_purchased_type":[],"build_version":"2020-12-22","purchased_purges":1,"victory":false,"max_hp_per_floor":[70,70,70,70,70,70,70,70,70],"card_choices":[{"not_picked":["Blade Dance","Backflip"],"picked":"Poisoned Stab","floor":1},{"not_picked":["Underhanded Strike","Finisher","Predator"],"picked":"SKIP","floor":2},{"not_picked":["Blur","Endless Agony"],"picked":"Dodge and Roll","floor":4},{"not_picked":["Accuracy","Flying Knee"],"picked":"Die Die Die","floor":6},{"not_picked":["Finisher","Acrobatics"],"picked":"Deflect","floor":7}],"player_experience":154552,"relics_obtained":[{"floor":6,"key":"Toy Ornithopter"}],"event_choices":[{"damage_healed":0,"gold_gain":0,"player_choice":"Got Potions","damage_taken":0,"max_hp_gain":0,"max_hp_loss":0,"event_name":"Lab","floor":5,"gold_loss":0}],"is_beta":false,"boss_relics":[],"items_purged_floors":[3],"is_endless":false,"potions_floor_spawned":[4,6],"killed_by":"Lagavulin","ascension_level":10}}