{"host":"wdeqp3oywc1fg6fs","time":1609725540,"event":{"mods":["BaseMod","Colored Map","Colored Powertips","Downfall","Duelist Mod","Googly Eyes","Hermit","Highlight Path","Hubris","Infinite Spire","Jorbs\u0027s Wanderer Trilogy","Marisa????????","Minty Spire (QoL Compilation)","READ ME - Guardian Mod","Remilia??????","Replay The Spire","StSLib","The Animator","The Bug Knight","The Cursed","The Disciple","The Hierophant","The Jungle","The Senshi","The Servant 0.9.4"],"gold_per_floor":[117,133,133,152,152,187,187,0,0,0,0,16,16,32,32,32,32],"floor_reached":16,"playtime":1032,"items_purged":[],"score":100,"play_id":"a609535e-1934-4f4d-bf39-acf5bed6985c","local_time":"20210104015900","is_ascension_mode":false,"campfire_choices":[{"floor":10,"key":"REST"},{"floor":13,"key":"REST"},{"floor":15,"key":"RECALL"}],"circlet_count":0,"master_deck":["HollowMod:NailStrikeStart","HollowMod:NailStrikeStart","HollowMod:NailStrikeStart","HollowMod:NailStrikeStart","HollowMod:QuickDashStart","HollowMod:QuickDashStart","HollowMod:QuickDashStart","HollowMod:QuickDashStart","HollowMod:FocusHealStart+1","HollowMod:PogoStrike","HollowMod:GrimmsGift+1","HollowMod:DescendingDark","HollowMod:ChannelNail","stsjorbsmod:BlackTentacles","HollowMod:ShapeofUnn","HollowMod:ShapeofUnn","HollowMod:MonarchWings","theDuelist:GoraTurtle","Capacitor"],"relics":["HollowMod:VesselMask","NeowsBlessing","PrismaticShard","HollowMod:LifeEnderRelic","hubris:Reverence"],"acts_visited":["Exordium"],"potions_floor_usage":[6,6,16,16,16],"damage_taken":[{"damage":0,"enemies":"Cultist","floor":1,"turns":1},{"damage":0,"enemies":"Small Slimes","floor":2,"turns":2},{"damage":0,"enemies":"2 Louse","floor":4,"turns":1},{"damage":47,"enemies":"Lagavulin","floor":6,"turns":8},{"damage":16,"enemies":"Exordium Wildlife","floor":12,"turns":3},{"damage":10,"enemies":"Large Slime","floor":14,"turns":6},{"damage":60,"enemies":"Hexaghost","floor":16,"turns":10}],"seed_played":"-35586223805230218","potions_obtained":[{"floor":1,"key":"Fire Potion"},{"floor":4,"key":"Block Potion"},{"floor":12,"key":"Ancient Potion"},{"floor":14,"key":"Languid Potion"}],"is_trial":false,"path_per_floor":["M","M","T","M","?","E","?","$","T","R","$","M","R","M","R","B"],"character_chosen":"THE_BUGKNIGHT","items_purchased":["HollowMod:ShapeofUnn","HollowMod:MonarchWings","Strength Potion"],"campfire_rested":2,"item_purchase_floors":[8,8,8],"current_hp_per_floor":[75,75,75,75,75,34,19,19,19,41,41,25,47,47,47,0,0],"gold":32,"neow_bonus":"THREE_ENEMY_KILL","is_daily":false,"chose_seed":false,"campfire_upgraded":0,"win_rate":0.0,"timestamp":1609725540,"path_taken":["M","M","?","?","?","E","?","$","T","R","?","M","R","M","R","BOSS"],"items_purchased_type":["Card","Card","Potion"],"build_version":"2020-12-22","purchased_purges":0,"victory":false,"max_hp_per_floor":[75,75,75,75,75,75,75,75,75,75,75,75,75,75,75,75,75],"card_choices":[{"not_picked":["HollowMod:FallenFury","HollowMod:InfectedAttack"],"picked":"HollowMod:GrimmsGift","floor":1},{"not_picked":["HollowMod:MawleksShell","HollowMod:VengefulVoid"],"picked":"HollowMod:DescendingDark","floor":2},{"not_picked":["HollowMod:GoodIntentions","HollowMod:VengefulSpirit"],"picked":"HollowMod:ChannelNail","floor":4},{"not_picked":["BiteCommand","animator:LizardPriest"],"picked":"stsjorbsmod:BlackTentacles","floor":6},{"not_picked":["animator:Alexander","theDuelist:BlueEyes"],"picked":"theDuelist:GoraTurtle","floor":12},{"not_picked":["theDuelist:HardSellinZombie","theSenshi:PlutosSolemnity"],"picked":"Capacitor","floor":14}],"player_experience":72911,"relics_obtained":[{"floor":6,"key":"HollowMod:LifeEnderRelic"},{"floor":9,"key":"hubris:Reverence"}],"event_choices":[{"damage_healed":0,"gold_gain":0,"player_choice":"Entered Light","damage_taken":15,"max_hp_gain":0,"max_hp_loss":0,"event_name":"Shining Light","floor":7,"gold_loss":0,"cards_upgraded":["HollowMod:FocusHealStart","HollowMod:GrimmsGift"]}],"is_beta":false,"boss_relics":[],"items_purged_floors":[],"is_endless":false,"potions_floor_spawned":[1,4,12,14],"killed_by":"Hexaghost","ascension_level":0}}