{"host":"whloki2o3dp1b07n","time":1609770754,"event":{"mods":["100% Spire Juice","Abigail Mod","Act Like it!","Arknights The Spire","BaseMod","Better Synergies","Block Reminder","CapriCore","Colored Map","Colored Powertips","DNKmod","Evolution","Friendly Minions","GifTheSpireLib","GungeonMod","HexUI Lib","Koishi","Marked Mod","Minty Spire (QoL Compilation)","StSLib","Swap Starting Deck Mod","The Bug Knight","The Marked","Transform Curses"],"gold_per_floor":[118,18,35,45,61,88,88,102,102,102,102,102,102,115,115,115,115],"floor_reached":16,"playtime":773,"items_purged":[],"score":104,"play_id":"c5ae8421-28cc-4d55-85dd-aeb44d6353d9","local_time":"20210104093234","is_ascension_mode":false,"campfire_choices":[{"floor":7,"key":"REST"},{"floor":12,"key":"REST"},{"floor":15,"key":"REST"}],"circlet_count":0,"master_deck":["Moonworks:Assault","Moonworks:Assault","Moonworks:Strike","Moonworks:Strike","Moonworks:Defend","Moonworks:Defend","Moonworks:Defend","Moonworks:Defend","Moonworks:Ambush","Moonworks:LongDistanceShot","Moonworks:TreasureThief","Moonworks:JonathanRush","Moonworks:AngelHand","Moonworks:Dash","Moonworks:LulusLuckyEgg","Moonworks:Flamethrower","Moonworks:RagingMadness","Injury","Moonworks:EvilSpyWorkPreparation"],"relics":["Moonworks:BrokenBomb","Moonworks:Homemark","EVO:Axolotl","Blood Vial","DemoMod:MeltedRock","Golden Idol"],"acts_visited":["Exordium"],"potions_floor_usage":[4],"damage_taken":[{"damage":3,"enemies":"Small Slimes","floor":1,"turns":4},{"damage":3,"enemies":"Jaw Worm","floor":2,"turns":4},{"damage":5,"enemies":"Cultist","floor":3,"turns":3},{"damage":8,"enemies":"Looter","floor":4,"turns":3},{"damage":15,"enemies":"Lots of Slimes","floor":5,"turns":4},{"damage":26,"enemies":"Lagavulin","floor":6,"turns":9},{"damage":5,"enemies":"2 Fungi Beasts","floor":8,"turns":2},{"damage":0,"enemies":"Large Slime","floor":14,"turns":6},{"damage":65,"enemies":"The Guardian","floor":16,"turns":9}],"seed_played":"-4427358741893336327","potions_obtained":[{"floor":3,"key":"FearPotion"},{"floor":4,"key":"GamblersBrew"},{"floor":6,"key":"GamblersBrew"}],"is_trial":false,"path_per_floor":["M","M","M","M","M","E","R","M","T","$","?","R","?","M","R","B"],"character_chosen":"THE_STARBREAKER","items_purchased":[],"campfire_rested":3,"item_purchase_floors":[],"current_hp_per_floor":[63,60,55,47,32,6,25,22,22,22,22,41,41,43,62,0,0],"gold":115,"neow_bonus":"TEN_PERCENT_HP_BONUS","is_daily":false,"chose_seed":false,"campfire_upgraded":0,"win_rate":0.0,"timestamp":1609770754,"path_taken":["M","M","M","M","M","E","R","M","T","$","?","R","?","M","R","BOSS"],"items_purchased_type":[],"build_version":"2020-12-22","purchased_purges":0,"victory":false,"max_hp_per_floor":[66,66,66,66,66,66,66,66,66,66,66,66,66,66,66,66,66],"card_choices":[{"not_picked":["Moonworks:WindyEnchantment","Moonworks:ImOnFire"],"picked":"Moonworks:TreasureThief","floor":1},{"not_picked":["Moonworks:Assault","Moonworks:DeployBits"],"picked":"Moonworks:JonathanRush","floor":2},{"not_picked":["Moonworks:SinkOrSwim","Moonworks:CloudOfSeagulls"],"picked":"Moonworks:AngelHand","floor":3},{"not_picked":["Moonworks:ImOnFire","Moonworks:WindyEnchantment"],"picked":"Moonworks:Dash","floor":4},{"not_picked":["Moonworks:WindyEnchantment","Moonworks:Wanted"],"picked":"Moonworks:LulusLuckyEgg","floor":5},{"not_picked":["Moonworks:LulusLuckyEgg","Moonworks:AwakeningOfTalent"],"picked":"Moonworks:Flamethrower","floor":6},{"not_picked":["Moonworks:CloudOfSeagulls","Moonworks:ImOnFire"],"picked":"Moonworks:RagingMadness","floor":8},{"not_picked":["Moonworks:HolyNight","Moonworks:SelfDestruct"],"picked":"Moonworks:EvilSpyWorkPreparation","floor":14}],"player_experience":1113339,"relics_obtained":[{"floor":6,"key":"Blood Vial"},{"floor":9,"key":"DemoMod:MeltedRock"}],"event_choices":[{"damage_healed":0,"gold_gain":0,"player_choice":"Ignored","damage_taken":0,"max_hp_gain":0,"max_hp_loss":0,"event_name":"Shining Light","floor":11,"gold_loss":0},{"damage_healed":0,"gold_gain":0,"player_choice":"Take Wound","damage_taken":0,"relics_obtained":["Golden Idol"],"max_hp_gain":0,"max_hp_loss":0,"event_name":"Golden Idol","floor":13,"gold_loss":0,"cards_obtained":["Injury"]}],"is_beta":false,"boss_relics":[],"items_purged_floors":[],"is_endless":false,"potions_floor_spawned":[3,4,6],"killed_by":"The Guardian","ascension_level":0}}