{"host":"kiauivt48syq9iz6","time":1609780839,"event":{"mods":["A Magickal Journey","BaseMod","Conspire","Downfall","Hermit","Minty Spire (QoL Compilation)","Replay The Spire","SIMod","Somnambulant","StSLib","The Animator","The Construct","The Cursed","The Disciple","The Forsaken","The Judge","The Marked","The Runesmith","The Servant 0.9.4","The Spell Scribe"],"gold_per_floor":[110,110,125,125,125,163,163,163,163,48,48,73,73,117,117,236,236,254,56,74,74,41,76,92,92,115,140,140,140,140],"floor_reached":29,"playtime":1225,"items_purged":["hermit:Strike_Hermit"],"score":251,"play_id":"9090f854-c7d7-4c38-b96f-1b015d92726c","local_time":"20210104102039","is_ascension_mode":false,"campfire_choices":[{"floor":7,"key":"REST"},{"floor":11,"key":"REST"},{"data":"hermit:TakeAim","floor":13,"key":"SMITH"},{"floor":15,"key":"REST"},{"floor":25,"key":"REST"}],"circlet_count":0,"master_deck":["hermit:Strike_Hermit","hermit:Strike_Hermit+1","hermit:Strike_Hermit","hermit:Defend_Hermit","hermit:Defend_Hermit","hermit:Defend_Hermit","hermit:Snapshot","hermit:Covet","hermit:ItchyTrigger","hermit:Deadeye","Injury","hermit:Vantage+1","Regret","Hallucinations","hermit:NoHoldsBarred","hermit:Dive+1","hermit:Dive+1","hermit:TakeAim+1","hermit:Grudge","hermit:Quickdraw+1","hermit:FatalDesire","hermit:SprayPray+1","hermit:Determination","hermit:Coalescence+1","hermit:Determination","hermit:LuckOfTheDraw","hermit:Glare+1","hermit:Manifest+1"],"relics":["hermit:ClaspedLocket","Golden Idol","hermit:CharredGlove","Bottled Lightning","theForsaken:HumbleEgg","Divine Protection","Replay:Bottled Flurry","Ancient Tea Set","Nloth\u0027s Gift"],"acts_visited":["Exordium","TheCity"],"potions_floor_usage":[14,21,23,24],"damage_taken":[{"damage":6,"enemies":"Jaw Worm","floor":1,"turns":3},{"damage":5,"enemies":"conspire:RoseBush","floor":3,"turns":2},{"damage":21,"enemies":"3 Sentries","floor":6,"turns":9},{"damage":0,"enemies":"2 Louse","floor":12,"turns":2},{"damage":28,"enemies":"Lagavulin","floor":14,"turns":6},{"damage":36,"enemies":"Slime Boss","floor":16,"turns":12},{"damage":33,"enemies":"Spheric Guardian","floor":18,"turns":8},{"damage":0,"enemies":"Shell Parasite","floor":20,"turns":6},{"damage":0,"enemies":"Snecko","floor":21,"turns":2},{"damage":39,"enemies":"Book of Stabbing","floor":23,"turns":7},{"damage":5,"enemies":"Snake Plant","floor":24,"turns":4},{"damage":23,"enemies":"Shelled Parasite and Fungi","floor":27,"turns":9},{"damage":24,"enemies":"Cultist and Chosen","floor":29,"turns":7}],"seed_played":"-7623610304920809371","potions_obtained":[{"floor":1,"key":"SteroidPotion"},{"floor":14,"key":"DuplicationPotion"},{"floor":16,"key":"FearPotion"},{"floor":20,"key":"SmokeBomb"},{"floor":24,"key":"hermit:BlackBile"}],"is_trial":false,"path_per_floor":["M","?","M","?","?","E","R","?","T","$","R","M","R","E","R","B",null,"M","$","M","M","?","E","M","R","T","M","?","M"],"character_chosen":"HERMIT","items_purchased":["hermit:Dive+1","hermit:TakeAim","hermit:Determination","hermit:Coalescence+1"],"campfire_rested":4,"item_purchase_floors":[10,10,19,19],"current_hp_per_floor":[69,69,64,64,64,43,65,50,50,50,72,72,72,44,66,30,75,44,44,45,45,45,8,4,26,26,4,4,0,0],"gold":140,"neow_bonus":"TRANSFORM_CARD","is_daily":false,"chose_seed":false,"campfire_upgraded":1,"win_rate":0.0,"timestamp":1609780839,"path_taken":["M","?","M","?","?","E","R","?","T","?","R","M","R","E","R","BOSS","M","$","M","M","?","E","M","R","T","M","?","?"],"items_purchased_type":["Card","Card","Card","Card"],"build_version":"2020-12-22","purchased_purges":1,"victory":false,"max_hp_per_floor":[75,75,75,75,75,75,75,75,75,75,75,75,75,75,75,75,75,75,75,75,75,75,75,75,75,75,75,75,75,75],"card_choices":[{"not_picked":["hermit:LowProfile","hermit:WideOpen"],"picked":"hermit:Deadeye","floor":1},{"not_picked":["hermit:Horror","hermit:Cheat"],"picked":"hermit:Vantage","floor":3},{"not_picked":["hermit:Headshot","hermit:HoleUp"],"picked":"hermit:NoHoldsBarred","floor":6},{"not_picked":["hermit:Roulette+1","hermit:Malice"],"picked":"hermit:Grudge","floor":12},{"not_picked":["hermit:Scavenge","hermit:CalledShot+1"],"picked":"hermit:Quickdraw+1","floor":14},{"not_picked":["hermit:Gambit","hermit:BlackWind"],"picked":"hermit:FatalDesire","floor":16},{"not_picked":["hermit:ItchyTrigger+1","hermit:Maintenance"],"picked":"hermit:SprayPray+1","floor":18},{"not_picked":["hermit:LuckOfTheDraw","hermit:Desperado+1"],"picked":"hermit:Determination","floor":20},{"not_picked":["hermit:Midnight","hermit:Misfire+1"],"picked":"hermit:LuckOfTheDraw","floor":23},{"not_picked":["hermit:WideOpen+1","hermit:Desperado+1"],"picked":"hermit:Glare+1","floor":24},{"not_picked":["hermit:Grudge","hermit:TrackingShot+1"],"picked":"hermit:Manifest+1","floor":27}],"player_experience":148458,"relics_obtained":[{"floor":5,"key":"Ring of Fangs"},{"floor":6,"key":"Bottled Lightning"},{"floor":9,"key":"theForsaken:HumbleEgg"},{"floor":14,"key":"Divine Protection"},{"floor":23,"key":"Replay:Bottled Flurry"},{"floor":26,"key":"Ancient Tea Set"}],"event_choices":[{"damage_healed":0,"gold_gain":0,"player_choice":"Take Wound","damage_taken":0,"relics_obtained":["Golden Idol"],"max_hp_gain":0,"max_hp_loss":0,"event_name":"Golden Idol","floor":2,"gold_loss":0,"cards_obtained":["Injury"]},{"damage_healed":0,"gold_gain":0,"player_choice":"Box","damage_taken":0,"relics_obtained":["hermit:CharredGlove"],"max_hp_gain":0,"max_hp_loss":0,"event_name":"Big Fish","floor":4,"gold_loss":0,"cards_obtained":["Regret"]},{"damage_healed":0,"gold_gain":0,"player_choice":"Entered Light","damage_taken":15,"max_hp_gain":0,"max_hp_loss":0,"event_name":"Shining Light","floor":8,"gold_loss":0,"cards_upgraded":["hermit:Strike_Hermit","hermit:Vantage"]},{"damage_healed":0,"gold_gain":0,"player_choice":"Traded Relic","damage_taken":0,"relics_obtained":["Nloth\u0027s Gift"],"max_hp_gain":0,"max_hp_loss":0,"event_name":"N\u0027loth","floor":28,"relics_lost":["Ring of Fangs"],"gold_loss":0}],"is_beta":false,"boss_relics":[{"not_picked":["SacredBark","Black Star"],"picked":"hermit:ClaspedLocket"}],"items_purged_floors":[19],"is_endless":false,"potions_floor_spawned":[1,14,16,20,24],"killed_by":"Cultist and Chosen","ascension_level":0}}