{"host":"w5vfr18i2ft1pzo2","time":1609790526,"event":{"mods":["Act Like it!","Aspiration","BaseMod","Better Third Choice","BetterRewards","Colored Map","Colored Powertips","Conspire","Curses Come First","DNKmod","Defuse TimeMaze Blight","Dota2Spire","Energized Spire","Evolution","Force Act Four","Friendly Minions","Gensokyo","GifTheSpireLib","Gold Saver","Halation","Hubris","Hyrulean Relics","Infinite Spire","Jedi Mod","Marisa????????","Minty Spire (QoL Compilation)","MostiFishMod","Prisma Mod","Remilia??????","Replay The Spire","SacredBarkPlus","Small Relic Pack","Spicy Shops","Spikes Relics","StSLib","Stuff the Spire","Synergy Search","The Blue Laboratory","The Servant 0.9.4","Trackpad","Treasure Hunter","Uncapped","Wandering Minibosses","Yakumo Yukari mod","noobMod","vexMod","??????REMEMod"],"gold_per_floor":[1061,1072,1082,1099,1115,1141,1141,1168,1168,1183,1183,1183,1218,1238,1238,1338,1338,1352,1352,1610,1610,1610,1610],"floor_reached":22,"playtime":1007,"items_purged":[],"score":325,"play_id":"fb168021-169a-4887-b75c-069e51c02e16","local_time":"20210105040206","is_ascension_mode":true,"campfire_choices":[{"floor":7,"key":"RECALL"},{"data":"Skim","floor":11,"key":"SMITH"},{"data":"InstantArmor","floor":15,"key":"SMITH"}],"circlet_count":0,"master_deck":["Strike_S","Strike_S","Strike_S","Strike_S","Defend_S","Defend_S","Defend_S","Defend_S","KidneyShot","Exchange","BottledTime","RealityMarble","Skim+1","SoulSculpture","ShiftingGears","MurderousAura","TH:CopperCoins","Potential","TH:DeckOfManyThings","StarChef","Pain","TH:DeckOfManyThings","BottledTime","InstantArmor+1","TH:DeckOfManyThings","TrueSight","Potential+1","StuffTheSpire:DeathNote","Starlight"],"relics":["Uniform","EVO:Axolotl","DaveBox","ice","REME_ComplimentaryCards","aspiration:DSix","SynthV:TestCard","ShadowXiaoBlade","hubris:PeanutButter","Oddly Smooth Stone","WarpedTongs","aspiration:ChemicalBlood","halation:PinkSoulGem"],"acts_visited":["Exordium","TheCity"],"potions_floor_usage":[],"damage_taken":[{"damage":8,"enemies":"conspire:RoseBush","floor":1,"turns":3},{"damage":0,"enemies":"Cultist","floor":2,"turns":4},{"damage":0,"enemies":"2 Louse","floor":3,"turns":2},{"damage":0,"enemies":"Exordium Wildlife","floor":4,"turns":1},{"damage":5,"enemies":"Red Slaver","floor":5,"turns":2},{"damage":5,"enemies":"3 Sentries","floor":6,"turns":4},{"damage":0,"enemies":"Replay:BlueRogue","floor":8,"turns":3},{"damage":0,"enemies":"Large Slime","floor":10,"turns":1},{"damage":2,"enemies":"3 Sentries","floor":13,"turns":3},{"damage":2,"enemies":"Lots of Slimes","floor":14,"turns":3},{"damage":0,"enemies":"The Guardian","floor":16,"turns":4},{"damage":0,"enemies":"Shell Parasite","floor":18,"turns":2},{"damage":9,"enemies":"conspire:FuzzyDice","floor":20,"turns":7},{"damage":36,"enemies":"Snake Plant","floor":22,"turns":3}],"seed_played":"-5240963961133215115","potions_obtained":[{"floor":1,"key":"blueLaboratory:PolymorphPotion"},{"floor":4,"key":"Adrenaline Potion"},{"floor":20,"key":"blueLaboratory:PhilterOfMotion"},{"floor":22,"key":"Languid Potion"},{"floor":22,"key":"REME_GoldPotion"},{"floor":22,"key":"LiquidMemories"}],"is_trial":false,"path_per_floor":["M","M","M","M","M","E","R","E","T","M","R","?","E","M","R","B",null,"M","?","M","?","M"],"character_chosen":"THE_SERVANT","items_purchased":[],"campfire_rested":0,"item_purchase_floors":[],"current_hp_per_floor":[57,57,57,57,52,47,47,47,47,47,47,47,45,43,43,43,65,65,45,36,36,0,0],"gold":1610,"neow_bonus":"DSIX","is_daily":false,"chose_seed":false,"campfire_upgraded":2,"win_rate":0.0,"timestamp":1609790526,"path_taken":["M","M","M","M","M","E","R","E","T","M","R","?","E","M","R","BOSS","M","?","M","?","M"],"items_purchased_type":[],"build_version":"2020-12-22","purchased_purges":0,"victory":false,"max_hp_per_floor":[65,65,65,65,65,65,65,65,65,65,65,65,65,65,65,65,65,65,65,65,65,65,65],"card_choices":[{"not_picked":["DoubleEdge","Alleviate"],"picked":"BottledTime","floor":1},{"not_picked":["ShatteredReality","FastForward","TimeWarp","Luminosity"],"picked":"RealityMarble","floor":2},{"not_picked":["Revamp","Rewind","DoubleEdge","ShatteredReality"],"picked":"SoulSculpture","floor":3},{"not_picked":["Misdirection","Hightail","BottledTime","ShatteredReality"],"picked":"ShiftingGears","floor":4},{"not_picked":["Ricochet","BottledTime","TimeWarp","Misdirection"],"picked":"MurderousAura","floor":5},{"not_picked":["TH:Mimic","TH:ElvenBoots","TH:PixieDust"],"picked":"TH:CopperCoins","floor":6},{"not_picked":["Alleviate","Rewind","Spin","TimeWarp"],"picked":"Potential","floor":6},{"not_picked":["TH:ArmorSpikes","TH:Mimic","TH:EnergyPotion"],"picked":"TH:DeckOfManyThings","floor":8},{"not_picked":["Alleviate","LightFlow","Rewind","DoubleEdge"],"picked":"StarChef","floor":8},{"not_picked":["Defy","Alleviate","Reset","Collapse","FastForward"],"picked":"SKIP","floor":10},{"not_picked":["TH:TreasureMap","TH:PixieDust","TH:EnergyPotion"],"picked":"TH:DeckOfManyThings","floor":13},{"not_picked":["Read","Alleviate","Revamp","WasteNot"],"picked":"BottledTime","floor":13},{"not_picked":["Revamp","FanOfKnives","Starlight","Rewind"],"picked":"InstantArmor","floor":14},{"not_picked":["TH:BikiniMail","TH:EnergyPotion","TH:CursedSword"],"picked":"TH:DeckOfManyThings","floor":16},{"not_picked":["PendulumOfEternity","FloweringNight","FlawlessForm","TheWorld"],"picked":"TrueSight","floor":16},{"not_picked":["Contraction+1","TimeWarp+1","Defy","ReturningBlade"],"picked":"Potential+1","floor":18},{"not_picked":["Replace","ShatteredReality","Hightail+1","Potential+1"],"picked":"Starlight","floor":20}],"player_experience":215263,"relics_obtained":[{"floor":1,"key":"SynthV:TestCard"},{"floor":6,"key":"hubris:PeanutButter"},{"floor":8,"key":"Oddly Smooth Stone"},{"floor":13,"key":"aspiration:ChemicalBlood"}],"event_choices":[{"damage_healed":0,"gold_gain":0,"player_choice":"Rummage","damage_taken":0,"relics_obtained":["WarpedTongs"],"max_hp_gain":0,"max_hp_loss":0,"event_name":"Accursed Blacksmith","floor":12,"gold_loss":0,"cards_obtained":["Pain"]}],"is_beta":false,"boss_relics":[{"not_picked":["vexMod:RockOfEvil","CosmicIsotope","aspiration:PoetsPen"]}],"items_purged_floors":[],"is_endless":false,"potions_floor_spawned":[1,2,4,5,14,20],"killed_by":"Snake Plant","ascension_level":3}}