{"host":"77pvex58kafzx78l","time":1609746565,"event":{"mods":["BaseMod","Better Vampires","DeckTracker","Googly Eyes","Minty Spire (QoL Compilation)","Quick Restart","StSLib","SuperFastMode"],"gold_per_floor":[111,111,127,127,138,138,210,210,210,245,256,24,34,52,52,130,130,148,159,159,177,97,97,97,97,97,111,143,143,143],"floor_reached":29,"playtime":659,"items_purged":["Strike_P"],"score":473,"play_id":"f755698b-0bfb-42ce-aca0-24a351498a46","local_time":"20210104154925","is_ascension_mode":true,"campfire_choices":[{"data":"Worship","floor":6.0,"key":"SMITH"},{"data":"Fasting2","floor":8.0,"key":"SMITH"},{"floor":15.0,"key":"REST"},{"data":"Adaptation","floor":23.0,"key":"SMITH"},{"data":"Uppercut","floor":25.0,"key":"SMITH"}],"circlet_count":0,"master_deck":["AscendersBane","Strike_P","Strike_P","Strike_P","Defend_P+1","Eruption+1","Vigilance+1","DeusExMachina+1","Vengeance+1","DevaForm+1","Worship+1","Fasting2+1","ThirdEye","Omniscience","Uppercut+1","Grand Finale","Adaptation+1","Hologram"],"relics":["Astrolabe","Mercury Hourglass","War Paint","Mummified Hand","PrismaticShard","Runic Pyramid","CultistMask","Frozen Egg 2","Akabeko"],"acts_visited":["Exordium","TheCity"],"potions_floor_usage":[28,28],"damage_taken":[{"damage":0.0,"enemies":"2 Louse","floor":1.0,"turns":3.0},{"damage":0.0,"enemies":"Cultist","floor":3.0,"turns":4.0},{"damage":7.0,"enemies":"Jaw Worm","floor":5.0,"turns":3.0},{"damage":30.0,"enemies":"3 Sentries","floor":10.0,"turns":6.0},{"damage":7.0,"enemies":"Blue Slaver","floor":11.0,"turns":5.0},{"damage":15.0,"enemies":"Gremlin Gang","floor":13.0,"turns":2.0},{"damage":0.0,"enemies":"Exordium Thugs","floor":14.0,"turns":2.0},{"damage":15.0,"enemies":"The Guardian","floor":16.0,"turns":7.0},{"damage":0.0,"enemies":"Spheric Guardian","floor":18.0,"turns":3.0},{"damage":14.0,"enemies":"Shell Parasite","floor":19.0,"turns":3.0},{"damage":0.0,"enemies":"Snecko","floor":21.0,"turns":3.0},{"damage":15.0,"enemies":"Centurion and Healer","floor":27.0,"turns":4.0},{"damage":23,"enemies":"Slavers","floor":28,"turns":3},{"damage":6,"enemies":"Sentry and Sphere","floor":29,"turns":2}],"seed_played":"1215482095033002935","potions_obtained":[{"floor":3.0,"key":"DistilledChaos"},{"floor":5.0,"key":"LiquidBronze"},{"floor":11.0,"key":"Dexterity Potion"},{"floor":16.0,"key":"Ancient Potion"}],"is_trial":false,"path_per_floor":["M","?","M","?","M","R","T","R","T","E","M","$","M","M","R","B",null,"M","M","?","M","$","R","$","R","T","M","E","M"],"character_chosen":"WATCHER","items_purchased":["PrismaticShard","Adaptation"],"campfire_rested":1,"item_purchase_floors":[12,22],"current_hp_per_floor":[61,61,61,66,59,59,59,59,59,29,22,22,7,7,28,13,58,58,44,44,44,44,44,44,44,44,29,6,0,0],"gold":143,"neow_bonus":"BOSS_RELIC","is_daily":false,"chose_seed":false,"campfire_upgraded":4,"win_rate":0.0,"timestamp":1609746565,"path_taken":["M","?","?","?","M","R","?","R","T","E","M","$","M","M","R","BOSS","M","?","?","M","$","R","$","R","T","M","E","M"],"items_purchased_type":["Relic","Card"],"build_version":"2020-12-22","purchased_purges":1,"victory":false,"max_hp_per_floor":[68,68,68,73,73,73,73,73,73,73,73,73,73,73,73,73,73,73,73,73,73,73,73,73,73,73,73,73,73,73],"card_choices":[{"not_picked":["CrushJoints","PathToVictory"],"picked":"Worship","floor":1.0},{"not_picked":["SashWhip","Weave"],"picked":"Fasting2","floor":3.0},{"not_picked":["WheelKick","PathToVictory","Vengeance"],"picked":"SKIP","floor":5.0},{"not_picked":["Vengeance","FollowUp"],"picked":"ThirdEye","floor":10.0},{"not_picked":["Crescendo","Sanctity"],"picked":"Omniscience","floor":11.0},{"not_picked":["Accuracy","Anger"],"picked":"Uppercut","floor":13.0},{"not_picked":["Conserve Battery","Wild Strike","Underhanded Strike"],"picked":"SKIP","floor":14.0},{"not_picked":["Violence","Storm of Steel"],"picked":"Grand Finale","floor":16.0},{"not_picked":["PiercingWail","Cold Snap","Flex"],"picked":"SKIP","floor":18.0},{"not_picked":["Reckless Charge","Force Field+1","Barrage"],"picked":"SKIP","floor":19.0},{"not_picked":["Quick Slash","Sword Boomerang","Rebound"],"picked":"SKIP","floor":21.0},{"not_picked":["Escape Plan","Twin Strike"],"picked":"Hologram","floor":27.0},{"not_picked":["Sucker Punch","Reflex","Blasphemy"],"picked":"SKIP","floor":28}],"player_experience":282014,"relics_obtained":[{"floor":7.0,"key":"Mercury Hourglass"},{"floor":9.0,"key":"War Paint"},{"floor":10.0,"key":"Mummified Hand"},{"floor":26.0,"key":"Frozen Egg 2"},{"floor":28,"key":"Akabeko"}],"event_choices":[{"damage_healed":0.0,"max_hp_gain":0.0,"max_hp_loss":0.0,"gold_gain":0.0,"event_name":"Upgrade Shrine","player_choice":"Upgraded","floor":2.0,"gold_loss":0.0,"damage_taken":0.0,"cards_upgraded":["Eruption"]},{"damage_healed":0.0,"max_hp_gain":5.0,"max_hp_loss":0.0,"gold_gain":0.0,"event_name":"Big Fish","player_choice":"Donut","floor":4.0,"gold_loss":0.0,"damage_taken":0.0},{"damage_healed":0.0,"max_hp_gain":0.0,"max_hp_loss":0.0,"gold_gain":0.0,"event_name":"FaceTrader","player_choice":"Trade","floor":20.0,"gold_loss":0.0,"damage_taken":0.0,"relics_obtained":["CultistMask"]}],"is_beta":false,"boss_relics":[{"not_picked":["Ectoplasm","SacredBark"],"picked":"Runic Pyramid"}],"items_purged_floors":[12],"is_endless":false,"potions_floor_spawned":[3,5,10,11,16,18,19,27],"killed_by":"Sentry and Sphere","ascension_level":15}}