{"host":"Sumable","time":1609737637,"event":{"mods":["AchievementEnabler","BaseMod","Better Note","BetterRewards","Googly Eyes","Hermit","Minty Spire (QoL Compilation)","Quick Restart","Shop Mod","StSLib","The Cursed","everything is the same but u backflip on backflip","slay the spire mod where everything is the same but ironclad has a cowboy hat"],"gold_per_floor":[114,124,143,154,154,185,185,185,185,198,228,244,255,270,270,367,367,386,386,68,68,86,86,114,0,0,16,16,31,50,50,50,153,153,173,173,173],"floor_reached":36,"playtime":2574,"items_purged":[],"score":523,"play_id":"94a96dec-b15f-4e42-9dfe-27357cd123f7","local_time":"20210103222037","is_ascension_mode":true,"campfire_choices":[{"floor":8.0,"key":"REST"},{"floor":15.0,"key":"REST"},{"floor":23.0,"key":"REST"},{"floor":28.0,"key":"REST"},{"floor":32.0,"key":"REST"}],"circlet_count":0,"master_deck":["Strike_P","Strike_P","Strike_P","Strike_P","Defend_P","Defend_P","Defend_P","Defend_P","Eruption+1","Vigilance","Prostrate","Wallop","Crescendo","Prostrate","WaveOfTheHand","MasterReality","Tantrum","ReachHeaven","CarveReality","ConjureBlade","BattleHymn","Bandage Up","Tantrum+1","Decay","Vault"],"relics":["PureWater","NeowsBlessing","Pen Nib","Gremlin Horn","Orichalcum","PreservedInsect","SlaversCollar","Lantern","Art of War","Meat on the Bone","Runic Pyramid"],"acts_visited":["Exordium","TheCity","TheBeyond"],"potions_floor_usage":[36],"damage_taken":[{"damage":0.0,"enemies":"Cultist","floor":1.0,"turns":1.0},{"damage":0.0,"enemies":"Small Slimes","floor":2.0,"turns":1.0},{"damage":0.0,"enemies":"2 Louse","floor":3.0,"turns":1.0},{"damage":8.0,"enemies":"2 Fungi Beasts","floor":4.0,"turns":3.0},{"damage":23.0,"enemies":"Lagavulin","floor":6.0,"turns":5.0},{"damage":12.0,"enemies":"Red Slaver","floor":10.0,"turns":2.0},{"damage":14.0,"enemies":"3 Sentries","floor":11.0,"turns":5.0},{"damage":2.0,"enemies":"3 Louse","floor":12.0,"turns":3.0},{"damage":0.0,"enemies":"Gremlin Gang","floor":13.0,"turns":3.0},{"damage":0.0,"enemies":"Exordium Wildlife","floor":14.0,"turns":2.0},{"damage":0.0,"enemies":"Slime Boss","floor":16.0,"turns":3.0},{"damage":6.0,"enemies":"Spheric Guardian","floor":18.0,"turns":3.0},{"damage":40.0,"enemies":"2 Thieves","floor":22.0,"turns":4.0},{"damage":0.0,"enemies":"Gremlin Leader","floor":24.0,"turns":2.0},{"damage":0.0,"enemies":"Snecko","floor":27.0,"turns":2.0},{"damage":26.0,"enemies":"Centurion and Healer","floor":29.0,"turns":4.0},{"damage":27.0,"enemies":"Snake Plant","floor":30.0,"turns":5.0},{"damage":35.0,"enemies":"Automaton","floor":33.0,"turns":6.0},{"damage":21,"enemies":"Orb Walker","floor":35,"turns":4},{"damage":58,"enemies":"2 Orb Walkers","floor":36,"turns":3}],"seed_played":"7416587242365035091","potions_obtained":[{"floor":2.0,"key":"DuplicationPotion"},{"floor":4.0,"key":"Energy Potion"},{"floor":10.0,"key":"CultistPotion"},{"floor":13.0,"key":"LiquidMemories"},{"floor":24.0,"key":"Fire Potion"},{"floor":27.0,"key":"Strength Potion"},{"floor":35,"key":"Energy Potion"}],"is_trial":false,"path_per_floor":["M","M","M","M","?","E","?","R","T","M","E","M","M","M","R","B",null,"M","?","$","?","M","R","E","?","T","M","R","M","M","?","R","B",null,"M","?"],"character_chosen":"WATCHER","items_purchased":["BattleHymn","Lantern","Bandage Up"],"campfire_rested":5,"item_purchase_floors":[20,20,20],"current_hp_per_floor":[72,72,72,64,57,34,34,55,55,43,29,27,27,27,48,48,72,66,66,66,66,30,51,51,51,51,51,72,50,39,39,60,41,72,51,0,0],"gold":173,"neow_bonus":"THREE_ENEMY_KILL","is_daily":false,"chose_seed":false,"campfire_upgraded":0,"win_rate":0.0,"timestamp":1609737637,"path_taken":["M","M","?","?","?","E","?","R","T","M","E","M","M","M","R","BOSS","M","?","$","?","?","R","E","?","T","M","R","M","M","?","R","BOSS","M","?"],"items_purchased_type":["Card","Relic","Card"],"build_version":"2020-12-18","purchased_purges":0,"victory":false,"max_hp_per_floor":[72,72,72,72,72,72,72,72,72,72,72,72,72,72,72,72,72,72,72,72,72,72,72,72,72,72,72,72,72,72,72,72,72,72,72,72,72],"card_choices":[{"not_picked":["JustLucky","Meditate"],"picked":"Prostrate","floor":1.0},{"not_picked":["FlyingSleeves","Protect"],"picked":"Wallop","floor":2.0},{"not_picked":["CrushJoints","FlyingSleeves"],"picked":"Crescendo","floor":3.0},{"not_picked":["CrushJoints","FollowUp"],"picked":"Prostrate","floor":4.0},{"not_picked":["CrushJoints","TalkToTheHand","SandsOfTime"],"picked":"SKIP","floor":6.0},{"not_picked":["Nirvana","Fasting2"],"picked":"WaveOfTheHand","floor":10.0},{"not_picked":["SashWhip","LikeWater"],"picked":"MasterReality","floor":11.0},{"not_picked":["Halt","FlurryOfBlows"],"picked":"Tantrum","floor":12.0},{"not_picked":["FlurryOfBlows","Nirvana"],"picked":"ReachHeaven","floor":13.0},{"not_picked":["ForeignInfluence","Prostrate"],"picked":"CarveReality","floor":14.0},{"not_picked":["SpiritShield","Scrawl"],"picked":"ConjureBlade","floor":16.0},{"not_picked":["SashWhip+1","LikeWater","ThirdEye"],"picked":"SKIP","floor":18.0},{"not_picked":["ThirdEye","TalkToTheHand","Weave"],"picked":"SKIP","floor":22.0},{"not_picked":["WheelKick+1","Protect","EmptyMind"],"picked":"SKIP","floor":24.0},{"not_picked":["SashWhip","Consecrate"],"picked":"Tantrum+1","floor":27.0},{"not_picked":["Evaluate+1","CrushJoints","WreathOfFlame"],"picked":"SKIP","floor":29.0},{"not_picked":["WheelKick","FlyingSleeves","FollowUp"],"picked":"SKIP","floor":30.0},{"not_picked":["Ragnarok","DeusExMachina"],"picked":"Vault","floor":33.0},{"not_picked":["SignatureMove+1","FlurryOfBlows+1","Protect+1"],"picked":"SKIP","floor":35}],"player_experience":1045720,"relics_obtained":[{"floor":6.0,"key":"Gremlin Horn"},{"floor":9.0,"key":"Orichalcum"},{"floor":11.0,"key":"PreservedInsect"},{"floor":24.0,"key":"Art of War"},{"floor":26.0,"key":"Meat on the Bone"}],"event_choices":[{"damage_healed":0.0,"max_hp_gain":0.0,"max_hp_loss":0.0,"gold_gain":0.0,"event_name":"Scrap Ooze","player_choice":"Success","floor":5.0,"gold_loss":0.0,"damage_taken":7.0,"relics_obtained":["Pen Nib"]},{"damage_healed":0.0,"max_hp_gain":0.0,"max_hp_loss":0.0,"gold_gain":0.0,"event_name":"Living Wall","player_choice":"Grow","floor":7.0,"gold_loss":0.0,"damage_taken":0.0,"cards_upgraded":["Eruption"]},{"damage_healed":0.0,"max_hp_gain":0.0,"max_hp_loss":0.0,"gold_gain":0.0,"event_name":"betterNote:BetterNote","player_choice":"Ignored","floor":19.0,"gold_loss":0.0,"damage_taken":0.0,"cards_obtained":["hermit:DeadOrAlive"]},{"damage_healed":0.0,"max_hp_gain":0.0,"max_hp_loss":0.0,"gold_gain":0.0,"event_name":"Match and Keep!","player_choice":"0 cards matched","floor":21.0,"gold_loss":0.0,"damage_taken":0.0,"cards_obtained":[]},{"damage_healed":0.0,"max_hp_gain":0.0,"max_hp_loss":0.0,"gold_gain":0.0,"event_name":"Masked Bandits","player_choice":"Paid Fearfully","floor":25.0,"gold_loss":114.0,"damage_taken":0.0},{"damage_healed":0.0,"max_hp_gain":0.0,"max_hp_loss":0.0,"gold_gain":0.0,"event_name":"Forgotten Altar","player_choice":"Smashed Altar","floor":31.0,"gold_loss":0.0,"damage_taken":0.0,"cards_obtained":["Decay"]},{"damage_healed":0,"gold_gain":0,"player_choice":"Fight","damage_taken":0,"max_hp_gain":0,"max_hp_loss":0,"event_name":"Mysterious Sphere","floor":36,"gold_loss":0}],"is_beta":true,"boss_relics":[{"not_picked":["Pandora\u0027s Box","Snecko Eye"],"picked":"SlaversCollar"},{"not_picked":["Astrolabe","Runic Dome"],"picked":"Runic Pyramid"}],"items_purged_floors":[],"is_endless":false,"potions_floor_spawned":[2,4,10,13,24,27,35],"killed_by":"2 Orb Walkers","ascension_level":1}}