{"host":"wghdsg8ym2wc7ov9","time":1609742191,"event":{"mods":["AchievementEnabler","Astrologer","BaseMod","Beaked The Cultist","Better Altar","Better Note","Colored Map","Downfall","Hermit","Highlight Path","Jorbs\u0027s Wanderer Trilogy","KinomotoSakuraMod(????)","Minty Spire (QoL Compilation)","Random Character Button","Relic Stats","SIMod","Shop Mod","StSLib","The Blackbeard","The Bladedancer","The Construct","The Cursed","The Death Knight","The Gatherer","The Hierophant","The Marked","The Mystic","The Necromancer","The Runesmith","The Senshi","The Servant 0.9.4"],"gold_per_floor":[99,117,135,145,145,245,245,259,273,303,9,25,35,35,53,157,157,82,101,120,131,131,131,131,131,142,162,197,197,216,216,216,216,216],"floor_reached":32,"playtime":6577,"items_purged":[],"score":293,"play_id":"89c5e921-11ef-4bd2-9f4b-e79e24865279","local_time":"20210103223631","is_ascension_mode":false,"campfire_choices":[{"data":"Slimebound:Split","floor":1.0,"key":"SMITH"},{"data":"Slimebound:SpikyOuterGoop","floor":18,"key":"SMITH"},{"data":"Slimebound:SpikyOuterGoop","floor":23,"key":"SMITH"},{"data":"Slimebound:FlameTackle","floor":25,"key":"SMITH"}],"circlet_count":0,"master_deck":["Slimebound:Strike_Slimebound","Slimebound:Strike_Slimebound","Slimebound:Strike_Slimebound","Slimebound:Tackle","Slimebound:Defend_Slimebound","Slimebound:Defend_Slimebound","Slimebound:Defend_Slimebound","Slimebound:Defend_Slimebound","Slimebound:Split+1","Slimebound:CorrosiveSpit","Slimebound:FlameTackle+1","Slimebound:Repurpose","Slimebound:GoopSpray","Slimebound:GrowthPunch","Slimebound:SpikyOuterGoop+1","Slimebound:RollThrough","Slimebound:LeechLife","Slimebound:SpikyOuterGoop+1","Slimebound:SlimeSpikes","Backflip","Streamline","construct:ClusterMines","BeautySensation","beaked:BloodRitual+1","stsjorbsmod:TollTheDead","hermit:Gestalt+1","ShiftingGears+1","Slimebound:GrowthPunch","Slimebound:AcidTongue+1","Slimebound:Split+1","beaked:Windmill","ClowCardTheFlower+1"],"relics":["Slimebound:AbsorbEndCombat","Ginger","Strawberry","PrismaticShard","Letter Opener","construct:ClawGrip","downfall:HeartBlessingGreen","Eternal Feather","Darkstone Periapt"],"acts_visited":["Exordium","TheCity"],"potions_floor_usage":[26,28,28],"damage_taken":[{"damage":16.0,"enemies":"Small Slimes","floor":2.0,"turns":3.0},{"damage":9.0,"enemies":"Cultist","floor":3.0,"turns":4.0},{"damage":8.0,"enemies":"Jaw Worm","floor":4.0,"turns":3.0},{"damage":19.0,"enemies":"Large Slime","floor":8.0,"turns":6.0},{"damage":13.0,"enemies":"Blue Slaver","floor":9.0,"turns":4.0},{"damage":33.0,"enemies":"Lagavulin","floor":10.0,"turns":8.0},{"damage":13.0,"enemies":"downfall:FleeingMerchant","floor":11.0,"turns":4.0},{"damage":18.0,"enemies":"2 Fungi Beasts","floor":12.0,"turns":5.0},{"damage":11.0,"enemies":"Lots of Slimes","floor":13.0,"turns":2.0},{"damage":18.0,"enemies":"Blue Slaver","floor":15.0,"turns":5.0},{"damage":30.0,"enemies":"downfall:Watcher","floor":16.0,"turns":12.0},{"damage":15,"enemies":"3 Byrds","floor":19,"turns":3},{"damage":8,"enemies":"Chosen","floor":20,"turns":5},{"damage":39,"enemies":"Centurion and Healer","floor":21,"turns":8},{"damage":18,"enemies":"3 Cultists","floor":26,"turns":5},{"damage":32,"enemies":"Snake Plant","floor":27,"turns":4},{"damage":62,"enemies":"Book of Stabbing","floor":28,"turns":8},{"damage":16,"enemies":"Snecko","floor":30,"turns":8},{"damage":41,"enemies":"Sentry and Sphere","floor":32,"turns":6}],"seed_played":"-1956353093783164322","potions_obtained":[{"floor":2.0,"key":"Guardian:BlockOnCardUsePotion"},{"floor":8.0,"key":"GamblersBrew"},{"floor":9.0,"key":"sneckomod:MuddlingPotion"},{"floor":12.0,"key":"FearPotion"},{"floor":21,"key":"Weak Potion"},{"floor":27,"key":"Guardian:BlockOnCardUsePotion"}],"is_trial":false,"path_per_floor":["R","M","M","M","?","?","T","M","M","E","$","M","M","?","M","B",null,"R","M","M","M","?","R","T","R","M","M","E","?","M","?","M"],"character_chosen":"SLIMEBOUND","items_purchased":["Slimebound:SpikyOuterGoop","Slimebound:SlimeSpikes","PrismaticShard"],"campfire_rested":0,"item_purchase_floors":[11,11,11],"current_hp_per_floor":[66,60,63,66,71,71,71,70,69,71,72,70,63,63,59,71,78,78,75,78,59,59,59,59,74,76,56,14,14,32,32,0,0,0],"gold":216,"neow_bonus":"TEN_PERCENT_HP_BONUS","is_daily":false,"chose_seed":false,"campfire_upgraded":4,"win_rate":0.0,"timestamp":1609742191,"path_taken":["R","M","M","M","?","?","T","?","M","E","$","M","M","?","M","BOSS","R","M","M","?","?","R","T","R","M","M","E","?","M","?","M"],"items_purchased_type":["Card","Card","Relic"],"build_version":"2020-12-22","purchased_purges":0,"victory":false,"max_hp_per_floor":[66,66,66,66,71,71,71,71,71,78,78,78,78,78,78,78,78,78,78,78,78,78,78,78,78,78,78,78,78,78,78,78,78,78],"relic_stats":{"Darkstone Periapt":0,"counters":[19,101],"Eternal Feather":15,"Ginger":[12],"Letter Opener":[91],"obtain_stats":[{"Darkstone Periapt":28,"construct:ClawGrip":17,"Strawberry":10,"downfall:HeartBlessingGreen":18,"Eternal Feather":24,"Slimebound:AbsorbEndCombat":0,"Ginger":7,"Letter Opener":14,"PrismaticShard":11},{"Darkstone Periapt":17,"construct:ClawGrip":11,"Strawberry":6,"downfall:HeartBlessingGreen":11,"Eternal Feather":14,"Slimebound:AbsorbEndCombat":0,"Ginger":3,"Letter Opener":9,"PrismaticShard":7},{"Darkstone Periapt":88,"construct:ClawGrip":56,"Strawberry":28,"downfall:HeartBlessingGreen":56,"Eternal Feather":71,"Slimebound:AbsorbEndCombat":0,"Ginger":10,"Letter Opener":39,"PrismaticShard":32}]},"card_choices":[{"not_picked":["Slimebound:SlimeTap","Slimebound:GoopSpray"],"picked":"Slimebound:FlameTackle","floor":2.0},{"not_picked":["Slimebound:LeechingTouch","Slimebound:SplitMire"],"picked":"Slimebound:Repurpose","floor":3.0},{"not_picked":["Slimebound:SamplingLick","Slimebound:SlimeTap"],"picked":"Slimebound:GoopSpray","floor":4.0},{"not_picked":["Slimebound:FinishingTackle","Slimebound:LeechingTouch"],"picked":"Slimebound:GrowthPunch","floor":8.0},{"not_picked":["Slimebound:SplitLeeching","Slimebound:GrowthPunch"],"picked":"Slimebound:SpikyOuterGoop","floor":9.0},{"not_picked":["Slimebound:SamplingLick","Slimebound:BestDefense"],"picked":"Slimebound:RollThrough","floor":10.0},{"not_picked":["Slimebound:SlimeBarrage","Slimebound:SlimeBrawl"],"picked":"Slimebound:LeechLife","floor":11.0},{"not_picked":["Beam Cell","hierophant:HolyVerse"],"picked":"Backflip","floor":12.0},{"not_picked":["astrologer:LonelyStar","Havoc"],"picked":"Streamline","floor":13.0},{"not_picked":["ClearTheMind","beaked:FeelMyPain"],"picked":"construct:ClusterMines","floor":15.0},{"not_picked":["stsjorbsmod:Intervention","Runesmith:LightningRod"],"picked":"BeautySensation","floor":16.0},{"not_picked":["stsjorbsmod:OldPocket","theMarked:Improvise+1"],"picked":"beaked:BloodRitual+1","floor":19},{"not_picked":["Runesmith:CraftMagma","Wireheading+1"],"picked":"stsjorbsmod:TollTheDead","floor":20},{"not_picked":["ClowCardTheMirror","ClowCardThePower+1"],"picked":"hermit:Gestalt+1","floor":21},{"not_picked":["BatchProduction","hierophant:Smite"],"picked":"ShiftingGears+1","floor":26},{"not_picked":["beaked:DigDeep+1","blackbeard:GoldenRain"],"picked":"Slimebound:GrowthPunch","floor":27},{"not_picked":["beaked:VigorBurst+1","mysticmod:Sideswipe"],"picked":"Slimebound:AcidTongue+1","floor":28},{"not_picked":["RashStunts","champ:CrookedStrike"],"picked":"beaked:Windmill","floor":30}],"player_experience":596303,"relics_obtained":[{"floor":7.0,"key":"Ginger"},{"floor":10.0,"key":"Strawberry"},{"floor":14.0,"key":"Letter Opener"},{"floor":24,"key":"Eternal Feather"},{"floor":28,"key":"Darkstone Periapt"}],"event_choices":[{"damage_healed":0.0,"max_hp_gain":5.0,"max_hp_loss":0.0,"gold_gain":0.0,"event_name":"Big Fish","player_choice":"Donut","floor":5.0,"gold_loss":0.0,"damage_taken":0.0},{"damage_healed":0.0,"max_hp_gain":0.0,"max_hp_loss":0.0,"gold_gain":0.0,"event_name":"Wheel of Change","player_choice":"Relic","floor":14.0,"gold_loss":0.0,"damage_taken":0.0},{"damage_healed":0,"gold_gain":0,"player_choice":"Ignored","damage_taken":0,"max_hp_gain":0,"max_hp_loss":0,"event_name":"Purifier","floor":22,"gold_loss":0},{"damage_healed":0,"gold_gain":0,"player_choice":"Copied","damage_taken":0,"max_hp_gain":0,"max_hp_loss":0,"event_name":"Duplicator","floor":29,"gold_loss":0,"cards_obtained":["Slimebound:Split"]},{"cards_removed":["beaked:BloodRitual"],"damage_healed":0,"gold_gain":0,"player_choice":"Take \u0026 Give","damage_taken":0,"max_hp_gain":0,"max_hp_loss":0,"event_name":"betterNote:BetterNote","floor":31,"gold_loss":0,"cards_obtained":["ClowCardTheFlower"]}],"is_beta":false,"boss_relics":[{"not_picked":["SlaversCollar","Astrolabe"],"picked":"construct:ClawGrip"}],"items_purged_floors":[],"is_endless":false,"potions_floor_spawned":[2,8,9,12,21,27],"killed_by":"Sentry and Sphere","ascension_level":0}}