{"host":"nk1hwk2qadwaubm5","time":1609797082,"event":{"mods":["BaseMod","Hermit","Hubris","Infinite Spire","Marisa????????","Minty Spire (QoL Compilation)","Replay The Spire","StSLib","The Animator","The Cursed","The Jungle","The Servant 0.9.4"],"gold_per_floor":[116,116,66,17,36,36,70,70,70,70,91,91,16,20,20,128,128,155,6,6,33,33,33,57,57,95,120,156,156,178,178,289,289,316,316,316,316,362,362,362,374,413,413,413,420],"floor_reached":51,"playtime":18999,"items_purged":["hermit:Defend_Hermit","hermit:Strike_Hermit"],"score":961,"play_id":"214ebe7d-7cb6-4858-af28-46309004f4a2","local_time":"20210104225122","is_ascension_mode":true,"campfire_choices":[{"data":"hermit:Snapshot","floor":6,"key":"SMITH"},{"data":"hermit:Scavenge","floor":8,"key":"SMITH"},{"data":"hermit:Quickdraw","floor":10,"key":"SMITH"},{"data":"hermit:CursedWeapon","floor":15,"key":"SMITH"},{"data":"hermit:Brawl","floor":23,"key":"SMITH"},{"data":"hermit:CalledShot","floor":30,"key":"SMITH"},{"data":"hermit:Enervate","floor":32,"key":"SMITH"},{"data":"Replay:Fractal Strike","floor":40,"key":"SMITH"},{"data":"hermit:Defend_Hermit","floor":42,"key":"SMITH"},{"floor":49,"key":"REST"}],"circlet_count":0,"master_deck":["hermit:Defend_Hermit+1","hermit:Defend_Hermit+1","hermit:Snapshot+1","hermit:Covet","hermit:Scavenge+1","hermit:Quickdraw+1","hermit:CursedWeapon+1","hermit:Enervate+1","hermit:Brawl+1","hermit:CalledShot+1","Replay:Fractal Strike+1","hermit:Horror+1"],"relics":["Replay:Drink Me","hubris:Icosahedron","hubris:Spice","hubris:Teleporter","hubris:MedicalManual","hubris:VirtuousBlindfold","infinitespire:Cupcake","Anchor","hermit:Spyglass","ReplayTheSpireMod:Lightbulb","hubris:DeckOfHolding","Philosopher\u0027s Stone","hermit:CharredGlove","hermit:CharredGlove","hubris:ToyBattleship","Regal Pillow"],"acts_visited":["Exordium","Exordium","TheBeyond"],"potions_floor_usage":[16,22],"damage_taken":[{"damage":0,"enemies":"Small Slimes","floor":1,"turns":4},{"damage":0,"enemies":"Jaw Worm","floor":5,"turns":4},{"damage":0,"enemies":"Replay:BlueRogue","floor":7,"turns":7},{"damage":0,"enemies":"infinitespire:Voidling","floor":11,"turns":3},{"damage":4,"enemies":"Exordium Thugs","floor":14,"turns":4},{"damage":44,"enemies":"Fading Forest","floor":16,"turns":11},{"damage":2,"enemies":"theJungle:MUSHROOMGANG","floor":18,"turns":4},{"damage":2,"enemies":"theJungle:Flameango_and_Byrd","floor":22,"turns":4},{"damage":3,"enemies":"theJungle:SlimyTreeVines","floor":25,"turns":3},{"damage":2,"enemies":"theJungle:2_Phrogs","floor":27,"turns":5},{"damage":2,"enemies":"theJungle:Lyon","floor":28,"turns":2},{"damage":2,"enemies":"theJungle:Cassacara","floor":29,"turns":3},{"damage":2,"enemies":"Snake Plant","floor":31,"turns":2},{"damage":2,"enemies":"theJungle:TotemBoss","floor":33,"turns":5},{"damage":2,"enemies":"3 Shapes","floor":35,"turns":2},{"damage":2,"enemies":"R_Hoarder","floor":41,"turns":5},{"damage":2,"enemies":"Orb Walker","floor":45,"turns":1},{"damage":2,"enemies":"Reptomancer","floor":46,"turns":2},{"damage":2,"enemies":"Replay:Hell Engine","floor":50,"turns":2}],"seed_played":"-7536745381847343557","potions_obtained":[{"floor":1,"key":"Adrenaline Potion"},{"floor":5,"key":"SkillPotion"},{"floor":20,"key":"infinitespire:BlackPotion"},{"floor":20,"key":"Regen Potion"},{"floor":22,"key":"Weak Potion"},{"floor":35,"key":"DuplicationPotion"}],"is_trial":false,"path_per_floor":["M","?","?","$","M","R","E","R","T","R","M","T","$","M","R","B",null,"M","$","?","M","R","AVR","M","T","E","M","E","R","M","R","B",null,"M","AVR","?","R","E","R","T","M","E","?","R","B",null],"character_chosen":"HERMIT","items_purchased":["Fire Potion","hermit:Enervate","hermit:Brawl"],"campfire_rested":1,"item_purchase_floors":[4,19,19],"current_hp_per_floor":[57,57,57,57,57,57,65,65,65,65,65,65,65,61,61,23,65,63,63,63,61,61,61,61,61,59,57,55,55,53,53,51,65,63,63,63,63,65,65,65,63,61,61,65,63],"gold":420,"neow_bonus":"BOSS_RELIC","is_daily":false,"chose_seed":false,"campfire_upgraded":9,"win_rate":0.0,"timestamp":1609797082,"path_taken":["M","?","?","?","M","R","E","R","T","R","M","?","$","M","R","BOSS","M","$","?","?","R","AVR","M","T","E","M","E","R","M","R","BOSS","M","AVR","?","R","E","R","T","M","E","?","R","BOSS"],"items_purchased_type":["Potion","Card","Card"],"build_version":"2020-12-22","purchased_purges":2,"victory":true,"max_hp_per_floor":[57,57,57,57,57,57,65,65,65,65,65,65,65,65,65,65,65,65,65,65,65,65,65,65,65,65,65,65,65,65,65,65,65,65,65,65,65,65,65,65,65,65,65,65,65],"card_choices":[{"not_picked":["hermit:Desperado","hermit:CursedWeapon"],"picked":"hermit:Scavenge","floor":1},{"not_picked":["hermit:BodyArmor","hermit:FlashPowder"],"picked":"hermit:Quickdraw","floor":5},{"not_picked":["hermit:Malice","hermit:LuckOfTheDraw","hermit:Misfire"],"picked":"SKIP","floor":7},{"not_picked":["hermit:GoldenBullet","hermit:Grudge"],"picked":"hermit:CursedWeapon","floor":11},{"not_picked":["hermit:LuckOfTheDraw","hermit:Spite","hermit:HoleUp"],"picked":"SKIP","floor":14},{"not_picked":["hermit:Vantage+1","hermit:SprayPray","hermit:Roulette"],"picked":"SKIP","floor":18},{"not_picked":["hermit:HighCaliber","hermit:Manifest"],"picked":"hermit:Enervate","floor":22},{"not_picked":["hermit:Manifest+1","hermit:Maintenance","hermit:HeroicBravado"],"picked":"SKIP","floor":25},{"not_picked":["hermit:Showdown","hermit:GoldenBullet+1"],"picked":"hermit:CalledShot","floor":27},{"not_picked":["hermit:BodyArmor","hermit:Snipe","hermit:Vantage"],"picked":"SKIP","floor":28},{"not_picked":["hermit:BodyArmor","hermit:GhostlyPresence+1","hermit:Coalescence"],"picked":"SKIP","floor":29},{"not_picked":["hermit:Ricochet","hermit:Cheat","hermit:Roulette+1"],"picked":"SKIP","floor":31},{"not_picked":["hermit:HoleUp","hermit:CursedWeapon","hermit:GhostlyPresence+1"],"picked":"SKIP","floor":35},{"not_picked":["hermit:Quickdraw+1","hermit:ItchyTrigger+1","hermit:HighCaliber"],"picked":"SKIP","floor":41},{"not_picked":["hermit:BodyArmor+1","hermit:EyeOfTheStorm+1","hermit:FlashPowder+1"],"picked":"SKIP","floor":45},{"not_picked":["hermit:GoldenBullet","hermit:FinalCanter"],"picked":"hermit:Horror+1","floor":46}],"player_experience":382903,"relics_obtained":[{"floor":7,"key":"hubris:Spice"},{"floor":9,"key":"hubris:Teleporter"},{"floor":12,"key":"hubris:MedicalManual"},{"floor":26,"key":"hermit:Spyglass"},{"floor":27,"key":"ReplayTheSpireMod:Lightbulb"},{"floor":29,"key":"hubris:DeckOfHolding"},{"floor":41,"key":"hermit:CharredGlove"},{"floor":43,"key":"hubris:ToyBattleship"},{"floor":46,"key":"Regal Pillow"}],"event_choices":[{"cards_removed":["hermit:Strike_Hermit"],"damage_healed":0,"gold_gain":0,"player_choice":"Card Removal","damage_taken":0,"max_hp_gain":0,"max_hp_loss":0,"event_name":"The Cleric","floor":3,"gold_loss":50},{"damage_healed":0,"gold_gain":0,"player_choice":"Got Potions","damage_taken":0,"max_hp_gain":0,"max_hp_loss":0,"event_name":"Lab","floor":20,"gold_loss":0},{"cards_removed":["hermit:Enervate"],"damage_healed":0,"gold_gain":0,"player_choice":"Removed Attack","damage_taken":0,"max_hp_gain":0,"max_hp_loss":0,"event_name":"Falling","floor":39,"gold_loss":0},{"damage_healed":0,"gold_gain":0,"player_choice":"Upgraded","damage_taken":0,"max_hp_gain":0,"max_hp_loss":0,"event_name":"Upgrade Shrine","floor":47,"gold_loss":0,"cards_upgraded":["hermit:Defend_Hermit"]}],"is_beta":false,"boss_relics":[{"not_picked":["Velvet Choker","Empty Cage"],"picked":"hubris:VirtuousBlindfold"},{"not_picked":["hubris:Spice","Calling Bell"],"picked":"Philosopher\u0027s Stone"}],"items_purged_floors":[13,24],"is_endless":false,"potions_floor_spawned":[1,5,22,25,29,31,33,35,41],"ascension_level":2}}