{"host":"xazfs2cmso1lkipw","time":1609779314,"event":{"mods":["AchievementEnabler","Arknights The Spire","BaseMod","Bestiary","Better Third Choice","BetterRewards","Clockwork Mod","Colored Map","Colored Powertips","Highlight Path","Infinite Spire","Minty Spire (QoL Compilation)","Quick Restart","Railgun Mod","Rare Cards Sparkle","Relic Stats","Replay The Spire","Shop Mod","StSLib","The Marked"],"gold_per_floor":[111,111,111,123,135,166,166,166,166,208,217,260,107,126,126,210,210,248,248,248,248,248,282,282,317,368,386,386,218,247,267,267,345,345,361,361,361,361,361,396,396,413,413,422,450,450,480,491,491,491,491],"floor_reached":52,"playtime":1158,"items_purged":[],"score":1916,"play_id":"940ab55c-fc1b-4faf-b27a-0634cf48e3db","local_time":"20210105005514","daily_mods":["Shiny","Vintage","Heirloom","Time Dilation","Flight","Elite Swarm"],"is_ascension_mode":true,"campfire_choices":[{"data":"TheRailgun:Level_6","floor":11,"key":"SMITH"},{"data":"Echo Form","floor":15,"key":"SMITH"},{"data":"Clockwork:PerfectForm","floor":24,"key":"SMITH"},{"data":"Eclipse","floor":32,"key":"SMITH"},{"data":"DevaForm","floor":41,"key":"SMITH"},{"data":"Limit Break","floor":44,"key":"SMITH"},{"data":"Double Tap","floor":49,"key":"SMITH"}],"circlet_count":0,"master_deck":["Demon Form","Wraith Form v2","Echo Form+1","DevaForm+1","TheRailgun:Level_6+1","Clockwork:PerfectForm+1","AscendersBane","Double Tap+1","Fiend Fire","Eclipse+1","Demonic Infusion","Exhume","Bludgeon","Limit Break+1","Hemogenesis","Demon Form","Berserk","Impervious","Juggernaut","Brutality","Offering","Feed","Replay:Many Hands","Corruption","Barricade","Reaper","Immolate","Barricade","Demon Form","Intimidate","Reaper","Impervious","Corruption+1","Pot Of Greed","Pot Of Greed","Pot Of Greed","Bludgeon+1","Double Tap+1","ReplayTheSpireMod:Stacked","Pot Of Greed","Rage"],"relics":["Black Blood","replay:Trail_Library","infinitespire:Joker Card","Replay:Bottled Flurry","NeowsBlessing","NeowsBlessing","Pantograph","Replay:Wax Seal","Regal Pillow","NeowsBlessing","NeowsBlessing","CeramicFish","Dream Catcher","Peace Pipe","Golden Egg","Busted Crown","Grinning Jar","NeowsBlessing","NeowsBlessing","NeowsBlessing","infinitespire:Golems Mask","Gremlin Food","ReplayTheSpireMod:Spearhead","NeowsBlessing","NeowsBlessing","Cauldron","Singing Bowl","infinitespire:Lucky Rock","Du-Vu Doll","NeowsBlessing","NeowsBlessing","Smiling Mask","Quantum Egg","Bag of Preparation","infinitespire:Satchel","NeowsBlessing","Self Forming Clay","Calipers"],"acts_visited":["Exordium","TheCity","TheBeyond"],"potions_floor_usage":[],"damage_taken":[{"damage":12,"enemies":"Cultist","floor":1,"turns":3},{"damage":6,"enemies":"Jaw Worm","floor":4,"turns":1},{"damage":6,"enemies":"2 Louse","floor":5,"turns":1},{"damage":6,"enemies":"Lagavulin","floor":6,"turns":2},{"damage":0,"enemies":"Replay:BlueRogue","floor":10,"turns":1},{"damage":11,"enemies":"3 Sentries","floor":12,"turns":2},{"damage":0,"enemies":"2 Fungi Beasts","floor":14,"turns":1},{"damage":0,"enemies":"Hexaghost","floor":16,"turns":1},{"damage":7,"enemies":"Spheric Guardian","floor":18,"turns":4},{"damage":0,"enemies":"Gremlin Leader","floor":23,"turns":1},{"damage":0,"enemies":"Book of Stabbing","floor":25,"turns":2},{"damage":0,"enemies":"Replay:Snechameleon","floor":30,"turns":1},{"damage":0,"enemies":"Shell Parasite","floor":31,"turns":1},{"damage":48,"enemies":"Collector","floor":33,"turns":4},{"damage":6,"enemies":"Orb Walker","floor":35,"turns":2},{"damage":0,"enemies":"R_Hoarder","floor":40,"turns":1},{"damage":7,"enemies":"3 Shapes","floor":42,"turns":1},{"damage":0,"enemies":"Nightmare","floor":45,"turns":1},{"damage":0,"enemies":"Giant Head","floor":47,"turns":1},{"damage":0,"enemies":"Spire Growth","floor":48,"turns":1},{"damage":153,"enemies":"Awakened One","floor":50,"turns":8},{"damage":24,"enemies":"Donu and Deca","floor":51,"turns":2}],"seed_played":"-6913610541129020051","potions_obtained":[{"floor":4,"key":"PowerPotion"},{"floor":6,"key":"PowerPotion"},{"floor":12,"key":"Elixir"},{"floor":16,"key":"Swift Potion"},{"floor":29,"key":"FairyPotion"}],"is_trial":true,"path_per_floor":["M","WH","WH","M","M","E","WH","WH","T","E","R","E","$","M","R","B",null,"M","WH","?","WH","WH","E","R","E","T","WH","WH","$","E","M","R","B",null,"M","WH","?","WH","?","E","R","M","T","R","NM","WH","E","M","R","B","B",null],"character_chosen":"IRONCLAD","items_purchased":["Impervious","Cauldron"],"campfire_rested":0,"item_purchase_floors":[13,29],"current_hp_per_floor":[65,65,65,65,65,70,70,70,70,76,76,71,71,77,77,78,78,77,77,77,77,77,78,78,78,78,78,78,78,80,83,83,43,75,85,85,81,81,81,83,83,83,83,83,85,85,87,87,87,73,90],"gold":491,"neow_bonus":"THREE_ENEMY_KILL","is_daily":false,"chose_seed":false,"campfire_upgraded":7,"win_rate":0.0,"timestamp":1609779314,"path_taken":["M","WH","WH","M","M","E","WH","WH","T","E","R","E","$","M","R","BOSS","M","WH","?","WH","WH","E","R","E","T","WH","WH","$","E","M","R","BOSS","M","WH","?","WH","?","E","R","M","T","R","NM","WH","E","M","R","BOSS","BOSS"],"items_purchased_type":["Card","Relic"],"build_version":"2020-12-22","purchased_purges":0,"victory":true,"max_hp_per_floor":[78,78,78,78,78,78,78,78,78,78,78,78,78,78,78,78,78,78,78,78,78,78,78,78,78,78,78,78,78,80,83,83,85,85,85,85,81,81,81,83,83,83,83,83,85,85,87,87,87,90,90],"relic_stats":{"Regal Pillow":0,"Singing Bowl":10,"counters":[22,42],"Self Forming Clay":[36],"CeramicFish":117,"Black Blood":83,"Bag of Preparation":[10],"Smiling Mask":0,"Peace Pipe":0,"Dream Catcher":0,"Busted Crown":28,"Pantograph":18,"obtain_stats":[{"Golden Egg":14,"Regal Pillow":6,"Calipers":48,"Singing Bowl":30,"CeramicFish":9,"Black Blood":34,"Bag of Preparation":43,"Smiling Mask":40,"Burning Blood":0,"Dream Catcher":10,"Pantograph":4,"infinitespire:Golems Mask":23,"Replay:Bottled Flurry":1,"Replay:Wax Seal":5,"replay:Trail_Library":0,"Gremlin Food":25,"NeowsBlessing":2,"Self Forming Clay":47,"Quantum Egg":42,"infinitespire:Joker Card":0,"infinitespire:Lucky Rock":31,"Peace Pipe":12,"Du-Vu Doll":35,"Cauldron":29,"ReplayTheSpireMod:Spearhead":26,"Busted Crown":17,"infinitespire:Satchel":45,"Grinning Jar":18},{"Golden Egg":7,"Regal Pillow":4,"Calipers":20,"Singing Bowl":12,"CeramicFish":4,"Black Blood":14,"Bag of Preparation":17,"Smiling Mask":16,"Burning Blood":0,"Dream Catcher":5,"Pantograph":2,"infinitespire:Golems Mask":10,"Replay:Bottled Flurry":1,"Replay:Wax Seal":3,"replay:Trail_Library":0,"Gremlin Food":11,"NeowsBlessing":1,"Self Forming Clay":19,"Quantum Egg":17,"infinitespire:Joker Card":0,"infinitespire:Lucky Rock":13,"Peace Pipe":6,"Du-Vu Doll":15,"Cauldron":11,"ReplayTheSpireMod:Spearhead":11,"Busted Crown":8,"infinitespire:Satchel":18,"Grinning Jar":9},{"Golden Egg":11,"Regal Pillow":7,"Calipers":32,"Singing Bowl":20,"CeramicFish":7,"Black Blood":25,"Bag of Preparation":29,"Smiling Mask":28,"Burning Blood":0,"Dream Catcher":8,"Pantograph":4,"infinitespire:Golems Mask":17,"Replay:Bottled Flurry":3,"Replay:Wax Seal":5,"replay:Trail_Library":0,"Gremlin Food":19,"NeowsBlessing":3,"Self Forming Clay":31,"Quantum Egg":29,"infinitespire:Joker Card":0,"infinitespire:Lucky Rock":21,"Peace Pipe":10,"Du-Vu Doll":27,"Cauldron":19,"ReplayTheSpireMod:Spearhead":19,"Busted Crown":12,"infinitespire:Satchel":30,"Grinning Jar":16}]},"card_choices":[{"not_picked":["Corruption","Hemogenesis"],"picked":"Barricade","floor":6},{"not_picked":["Hemogenesis","Barricade"],"picked":"Demon Form","floor":10},{"not_picked":["Barricade","Eclipse"],"picked":"Reaper","floor":12},{"not_picked":["Double Tap","Demon Form"],"picked":"Corruption","floor":16},{"not_picked":[],"picked":"Bludgeon","floor":23},{"not_picked":[],"picked":"Double Tap","floor":25},{"not_picked":["Juggernaut"],"picked":"Singing Bowl","floor":30},{"not_picked":["Double Tap"],"picked":"Singing Bowl","floor":33},{"not_picked":["Demon Form"],"picked":"Singing Bowl","floor":40},{"not_picked":["Barricade"],"picked":"Singing Bowl","floor":45},{"not_picked":["Immolate"],"picked":"Singing Bowl","floor":47}],"player_experience":9644,"relics_obtained":[{"floor":1,"key":"Replay:Bottled Flurry"},{"floor":4,"key":"Pantograph"},{"floor":5,"key":"Replay:Wax Seal"},{"floor":6,"key":"Regal Pillow"},{"floor":9,"key":"CeramicFish"},{"floor":10,"key":"Dream Catcher"},{"floor":12,"key":"Peace Pipe"},{"floor":14,"key":"Golden Egg"},{"floor":18,"key":"Grinning Jar"},{"floor":23,"key":"infinitespire:Golems Mask"},{"floor":25,"key":"Gremlin Food"},{"floor":26,"key":"ReplayTheSpireMod:Spearhead"},{"floor":30,"key":"Singing Bowl"},{"floor":31,"key":"infinitespire:Lucky Rock"},{"floor":35,"key":"Du-Vu Doll"},{"floor":40,"key":"Smiling Mask"},{"floor":42,"key":"Quantum Egg"},{"floor":43,"key":"Bag of Preparation"},{"floor":45,"key":"infinitespire:Satchel"},{"floor":47,"key":"Self Forming Clay"},{"floor":48,"key":"Calipers"}],"event_choices":[{"damage_healed":0,"gold_gain":0,"player_choice":"Ignored","damage_taken":0,"max_hp_gain":0,"max_hp_loss":0,"event_name":"The Mausoleum","floor":20,"gold_loss":0},{"damage_healed":0,"gold_gain":0,"player_choice":"Max HP","damage_taken":0,"max_hp_gain":0,"max_hp_loss":4,"event_name":"Winding Halls","floor":37,"gold_loss":0}],"is_beta":false,"boss_relics":[{"not_picked":["Kintsugi","Calling Bell"],"picked":"Busted Crown"},{"not_picked":["ReplayTheSpireMod:SealedPack","ReplayTheSpireMod:DimensionalGlitch"],"picked":"Black Blood"}],"items_purged_floors":[],"is_endless":false,"potions_floor_spawned":[4,6,12,16,18,30,31,47],"ascension_level":20}}