{"host":"lhth1efayex2023z","time":1609722804,"event":{"mods":["BaseMod","Colored Map","Googly Eyes","Minty Spire (QoL Compilation)","StSLib"],"gold_per_floor":[111,127,127,52,63,89,89,101,101,130,145,176,188,205,205,205,205],"floor_reached":16,"playtime":622,"items_purged":["Regret"],"score":205,"play_id":"ec4b562b-df28-4ecf-a5a6-ffef8c8eae0e","local_time":"20210103181324","is_ascension_mode":true,"campfire_choices":[{"floor":7,"key":"REST"},{"data":"Armaments","floor":15,"key":"SMITH"}],"circlet_count":0,"master_deck":["AscendersBane","Strike_R","Strike_R","Strike_R","Strike_R","Strike_R","Defend_R","Defend_R","Defend_R","Defend_R","Bash","Violence","Warcry+1","Twin Strike","Shrug It Off","Rage","Flex","Rupture","Battle Trance","Armaments+1","Sword Boomerang"],"relics":["Burning Blood","Du-Vu Doll","Meat on the Bone","White Beast Statue","Red Skull"],"acts_visited":["Exordium"],"potions_floor_usage":[6,11,12,16,16],"damage_taken":[{"damage":2,"enemies":"2 Louse","floor":1,"turns":3},{"damage":6,"enemies":"Cultist","floor":2,"turns":3},{"damage":2,"enemies":"Jaw Worm","floor":5,"turns":4},{"damage":55,"enemies":"Lagavulin","floor":6,"turns":9},{"damage":6,"enemies":"2 Fungi Beasts","floor":8,"turns":3},{"damage":54,"enemies":"Gremlin Nob","floor":10,"turns":5},{"damage":1,"enemies":"Lots of Slimes","floor":11,"turns":5},{"damage":29,"enemies":"Lagavulin","floor":12,"turns":5},{"damage":0,"enemies":"Blue Slaver","floor":13,"turns":2},{"damage":4,"enemies":"Looter","floor":14,"turns":3},{"damage":60,"enemies":"The Guardian","floor":16,"turns":10}],"seed_played":"-8239859238965009456","potions_obtained":[{"floor":2,"key":"AttackPotion"},{"floor":8,"key":"Strength Potion"},{"floor":10,"key":"Block Potion"},{"floor":11,"key":"LiquidBronze"},{"floor":12,"key":"Swift Potion"}],"is_trial":false,"path_per_floor":["M","M","?","$","M","E","R","M","T","E","M","E","M","M","R","B"],"character_chosen":"IRONCLAD","items_purchased":[],"campfire_rested":1,"item_purchase_floors":[],"current_hp_per_floor":[76,76,76,76,80,31,55,55,55,19,36,25,43,57,57,0,0],"gold":205,"neow_bonus":"RANDOM_COLORLESS_2","is_daily":false,"chose_seed":false,"campfire_upgraded":1,"win_rate":0.0,"timestamp":1609722804,"path_taken":["M","M","?","$","M","E","R","M","T","E","M","E","M","?","R","BOSS"],"items_purchased_type":[],"build_version":"2020-12-22","purchased_purges":1,"victory":false,"max_hp_per_floor":[80,80,80,80,80,80,80,80,80,80,80,80,80,80,80,80,80],"card_choices":[{"not_picked":["Magnetism","Panache"],"picked":"Violence","floor":0},{"not_picked":["Wild Strike","Headbutt"],"picked":"Warcry","floor":1},{"not_picked":["Dark Embrace","Pommel Strike"],"picked":"Twin Strike","floor":2},{"not_picked":["Wild Strike","Pommel Strike"],"picked":"Shrug It Off","floor":5},{"not_picked":["Thunderclap","Blood for Blood"],"picked":"Rage","floor":6},{"not_picked":["Shrug It Off","Headbutt"],"picked":"Flex","floor":8},{"not_picked":["Bludgeon","Iron Wave"],"picked":"Rupture","floor":10},{"not_picked":["Pommel Strike","Dropkick","Shockwave"],"picked":"SKIP","floor":11},{"not_picked":["Reckless Charge","Clash"],"picked":"Battle Trance","floor":12},{"not_picked":["Rampage","Uppercut"],"picked":"Armaments","floor":13},{"not_picked":["Burning Pact","Warcry"],"picked":"Sword Boomerang","floor":14}],"player_experience":455035,"relics_obtained":[{"floor":6,"key":"Du-Vu Doll"},{"floor":9,"key":"Meat on the Bone"},{"floor":10,"key":"White Beast Statue"},{"floor":12,"key":"Red Skull"}],"event_choices":[{"damage_healed":0,"gold_gain":0,"player_choice":"Upgraded","damage_taken":0,"max_hp_gain":0,"max_hp_loss":0,"event_name":"Upgrade Shrine","floor":3,"gold_loss":0,"cards_upgraded":["Warcry"]}],"is_beta":false,"boss_relics":[],"items_purged_floors":[4],"is_endless":false,"potions_floor_spawned":[2,8,10,11,12,13,14],"killed_by":"The Guardian","ascension_level":13}}