{"host":"5wznv0010959mrmz","time":1609729687,"event":{"mods":["BaseMod","Highlight Path","Minty Spire (QoL Compilation)"],"gold_per_floor":[215,226,14,27,38,38,10,10,33,56,131,150,37,55,55,128,128,144,159,209,219,236,236,262,272,272,290,290,315,28,44,44,44,44],"floor_reached":33,"playtime":1404,"items_purged":[],"score":562,"play_id":"0e111bd3-d847-4afb-ae9a-7c954a2d0478","local_time":"20210103210807","is_ascension_mode":true,"campfire_choices":[{"data":"Crippling Poison","floor":6,"key":"SMITH"},{"data":"Sucker Punch","floor":8,"key":"SMITH"},{"floor":15,"key":"REST"},{"floor":23,"key":"REST"},{"floor":28,"key":"REST"},{"floor":32,"key":"REST"}],"circlet_count":0,"master_deck":["AscendersBane","Strike_G","Strike_G","Strike_G","Strike_G","Strike_G","Defend_G","Defend_G","Defend_G","Defend_G","Defend_G","Survivor","Neutralize","Backstab","Terror","Sucker Punch+1","Crippling Poison+1","Poisoned Stab","Poisoned Stab","Dagger Spray","Backflip","Venomology","Deadly Poison","Dash","Wraith Form v2","Blur"],"relics":["Ring of the Snake","Oddly Smooth Stone","Regal Pillow","Odd Mushroom","Fusion Hammer","Lantern","Dead Branch","Eternal Feather"],"acts_visited":["Exordium","TheCity"],"potions_floor_usage":[5,16,16,16,16,19,21,22,24,24,24,27,27,29,31,31],"damage_taken":[{"damage":0,"enemies":"Cultist","floor":1,"turns":4},{"damage":1,"enemies":"2 Louse","floor":2,"turns":3},{"damage":0,"enemies":"Jaw Worm","floor":4,"turns":4},{"damage":7,"enemies":"Exordium Thugs","floor":5,"turns":6},{"damage":15,"enemies":"The Mushroom Lair","floor":10,"turns":4},{"damage":1,"enemies":"3 Louse","floor":12,"turns":3},{"damage":1,"enemies":"Red Slaver","floor":14,"turns":2},{"damage":42,"enemies":"Slime Boss","floor":16,"turns":8},{"damage":12,"enemies":"Spheric Guardian","floor":18,"turns":6},{"damage":11,"enemies":"2 Thieves","floor":19,"turns":4},{"damage":9,"enemies":"Snake Plant","floor":21,"turns":5},{"damage":9,"enemies":"Cultist and Chosen","floor":22,"turns":7},{"damage":30,"enemies":"Book of Stabbing","floor":24,"turns":5},{"damage":9,"enemies":"Snecko","floor":25,"turns":5},{"damage":0,"enemies":"Snake Plant","floor":27,"turns":4},{"damage":34,"enemies":"Slavers","floor":29,"turns":7},{"damage":2,"enemies":"3 Cultists","floor":31,"turns":5},{"damage":78,"enemies":"Champ","floor":33,"turns":13}],"seed_played":"8898460365677660491","potions_obtained":[{"floor":1,"key":"Block Potion"},{"floor":10,"key":"EssenceOfSteel"},{"floor":21,"key":"Weak Potion"},{"floor":25,"key":"Swift Potion"},{"floor":29,"key":"Ancient Potion"}],"is_trial":false,"path_per_floor":["M","M","$","M","M","R","$","R","T","?","?","M","$","M","R","B",null,"M","M","?","M","M","R","E","M","T","M","R","E","$","M","R","B"],"character_chosen":"THE_SILENT","items_purchased":["Oddly Smooth Stone","Sucker Punch","Poisoned Stab","EntropicBrew","Eternal Feather"],"campfire_rested":4,"item_purchase_floors":[3,3,7,13,30],"current_hp_per_floor":[59,58,58,58,51,51,51,51,51,36,25,24,24,23,57,15,53,41,30,30,21,12,46,16,7,7,7,41,7,7,5,54,0,0],"gold":44,"neow_bonus":"HUNDRED_GOLD","is_daily":false,"chose_seed":false,"campfire_upgraded":2,"win_rate":0.0,"timestamp":1609729687,"path_taken":["M","?","$","?","M","R","?","R","T","?","?","M","$","M","R","BOSS","M","M","?","M","M","R","E","?","T","M","R","E","$","M","R","BOSS"],"items_purchased_type":["Relic","Card","Card","Potion","Relic"],"build_version":"2020-12-22","purchased_purges":0,"victory":false,"max_hp_per_floor":[66,66,66,66,66,66,66,66,66,66,66,66,66,66,66,66,66,66,66,66,66,66,66,66,66,66,66,66,66,66,66,66,66,66],"card_choices":[{"not_picked":["Underhanded Strike","Tactician"],"picked":"Backstab","floor":1},{"not_picked":["Noxious Fumes","Underhanded Strike"],"picked":"Terror","floor":2},{"not_picked":["Outmaneuver","Sucker Punch"],"picked":"Crippling Poison","floor":4},{"not_picked":["Sucker Punch","Burst"],"picked":"Poisoned Stab","floor":5},{"not_picked":["Flying Knee","Backflip"],"picked":"Dagger Spray","floor":12},{"not_picked":["Heel Hook","Reflex"],"picked":"Backflip","floor":14},{"not_picked":["Storm of Steel","Envenom"],"picked":"Venomology","floor":16},{"not_picked":["Backflip","Blade Dance","Choke"],"picked":"SKIP","floor":18},{"not_picked":["Acrobatics","Deflect+1"],"picked":"Deadly Poison","floor":19},{"not_picked":["Slice","Expertise"],"picked":"Dash","floor":21},{"not_picked":["Sucker Punch","Slice","Acrobatics"],"picked":"SKIP","floor":22},{"not_picked":["Deadly Poison","Infinite Blades"],"picked":"Wraith Form v2","floor":24},{"not_picked":["Cloak And Dagger","Dagger Throw","Acrobatics"],"picked":"SKIP","floor":25},{"not_picked":["Well Laid Plans","Bane+1","Dagger Spray+1"],"picked":"SKIP","floor":27},{"not_picked":["Dagger Spray","Outmaneuver"],"picked":"Blur","floor":29},{"not_picked":["Acrobatics","Flying Knee","Skewer"],"picked":"SKIP","floor":31}],"player_experience":392933,"relics_obtained":[{"floor":9,"key":"Regal Pillow"},{"floor":10,"key":"Odd Mushroom"},{"floor":24,"key":"Lantern"},{"floor":29,"key":"Dead Branch"}],"event_choices":[{"damage_healed":0,"gold_gain":0,"player_choice":"Fought Mushrooms","damage_taken":0,"max_hp_gain":0,"max_hp_loss":0,"event_name":"Mushrooms","floor":10,"gold_loss":0},{"damage_healed":0,"gold_gain":75,"player_choice":"Gather Gold","damage_taken":11,"max_hp_gain":0,"max_hp_loss":0,"event_name":"World of Goop","floor":11,"gold_loss":0},{"damage_healed":0,"gold_gain":100,"player_choice":"Bet on Murderer","damage_taken":0,"max_hp_gain":0,"max_hp_loss":0,"event_name":"The Joust","floor":20,"gold_loss":50}],"is_beta":false,"boss_relics":[{"not_picked":["Empty Cage","Ring of the Serpent"],"picked":"Fusion Hammer"}],"items_purged_floors":[],"is_endless":false,"potions_floor_spawned":[1,10,14,21,22,25,29],"killed_by":"Champ","ascension_level":20}}