{"host":"2se5dq1do2gp0x9k","time":1609718918,"event":{"mods":["AchievementEnabler","BaseMod","Block Reminder","Colored Map","Colored Powertips","Minty Spire (QoL Compilation)","Relic Stats","StSLib","SuperFastMode"],"gold_per_floor":[114,127,139,154,2,2,33,33,33,44,69,80,50,62,62,163,163,176,275,294,314,333,333,348,348,348,382,407,424,454,253,253,358,358,370,370,382,13,27,27,57,57,57,57,72,72,102,119,119,119,119,119,21,56,56,56],"floor_reached":55,"playtime":2795,"items_purged":["Strike_P","Writhe","Strike_P","Regret"],"score":1359,"play_id":"f028e828-1576-40c7-93d1-6adfb30dd508","local_time":"20210103160838","is_ascension_mode":true,"campfire_choices":[{"data":"WheelKick","floor":6.0,"key":"SMITH"},{"data":"Meditate","floor":8.0,"key":"SMITH"},{"floor":15.0,"key":"REST"},{"data":"Vault","floor":23.0,"key":"SMITH"},{"data":"Adaptation","floor":25.0,"key":"SMITH"},{"floor":32.0,"key":"REST"},{"data":"MentalFortress","floor":40.0,"key":"SMITH"},{"floor":42.0,"key":"RECALL"},{"floor":44.0,"key":"REST"},{"data":"Ragnarok","floor":46.0,"key":"SMITH"},{"floor":49.0,"key":"REST"},{"floor":52,"key":"REST"}],"circlet_count":0,"master_deck":["AscendersBane","Defend_P+1","Defend_P","Defend_P","Eruption+1","Vigilance+1","WheelKick+1","Meditate+1","CutThroughFate","Adaptation+1","Crescendo","Clumsy","Tantrum+1","ClearTheMind+1","Vault+1","LessonLearned+1","DeusExMachina+1","Vault+1","Consecrate+1","CutThroughFate+1","Vengeance+1","Consecrate","Collect+1","Adaptation","Halt","TalkToTheHand","Ragnarok+1","Vault+1","Meditate","MentalFortress+1","Scrawl","TalkToTheHand+1","SashWhip","TalkToTheHand"],"relics":["Cursed Key","Gremlin Horn","Du-Vu Doll","Unceasing Top","Astrolabe","Mummified Hand","Kunai","Red Mask","GoldenEye","Snecko Eye","Bottled Lightning","Blue Candle","Smiling Mask","Art of War"],"acts_visited":["Exordium","TheCity","TheBeyond","TheEnding"],"potions_floor_usage":[50,55],"damage_taken":[{"damage":0.0,"enemies":"Cultist","floor":1.0,"turns":2.0},{"damage":2.0,"enemies":"Jaw Worm","floor":2.0,"turns":2.0},{"damage":1.0,"enemies":"2 Louse","floor":3.0,"turns":2.0},{"damage":18.0,"enemies":"Looter","floor":4.0,"turns":3.0},{"damage":19.0,"enemies":"3 Sentries","floor":7.0,"turns":7.0},{"damage":0.0,"enemies":"Large Slime","floor":10.0,"turns":2.0},{"damage":0.0,"enemies":"Lagavulin","floor":11.0,"turns":4.0},{"damage":11.0,"enemies":"Exordium Thugs","floor":12.0,"turns":4.0},{"damage":4.0,"enemies":"3 Louse","floor":14.0,"turns":2.0},{"damage":0.0,"enemies":"Slime Boss","floor":16.0,"turns":6.0},{"damage":7.0,"enemies":"3 Byrds","floor":18.0,"turns":4.0},{"damage":12.0,"enemies":"Shell Parasite","floor":20.0,"turns":3.0},{"damage":0.0,"enemies":"3 Cultists","floor":21.0,"turns":2.0},{"damage":0.0,"enemies":"Snake Plant","floor":22.0,"turns":2.0},{"damage":8.0,"enemies":"Shelled Parasite and Fungi","floor":24.0,"turns":3.0},{"damage":0.0,"enemies":"Gremlin Leader","floor":27.0,"turns":4.0},{"damage":7.0,"enemies":"Masked Bandits","floor":28.0,"turns":2.0},{"damage":6.0,"enemies":"3 Cultists","floor":29.0,"turns":5.0},{"damage":15.0,"enemies":"Book of Stabbing","floor":30.0,"turns":2.0},{"damage":13.0,"enemies":"Collector","floor":33.0,"turns":5.0},{"damage":8.0,"enemies":"3 Shapes","floor":35.0,"turns":7.0},{"damage":0.0,"enemies":"Orb Walker","floor":37.0,"turns":3.0},{"damage":2.0,"enemies":"3 Darklings","floor":39.0,"turns":3.0},{"damage":0.0,"enemies":"Reptomancer","floor":41.0,"turns":5.0},{"damage":8.0,"enemies":"Jaw Worm Horde","floor":45.0,"turns":3.0},{"damage":45.0,"enemies":"Nemesis","floor":47.0,"turns":7.0},{"damage":9.0,"enemies":"4 Shapes","floor":48.0,"turns":5.0},{"damage":1,"enemies":"Donu and Deca","floor":50,"turns":4},{"damage":31,"enemies":"Shield and Spear","floor":54,"turns":6},{"damage":44,"enemies":"The Heart","floor":55,"turns":7}],"seed_played":"-8339317184500363430","potions_obtained":[{"floor":1.0,"key":"Ancient Potion"},{"floor":10.0,"key":"Energy Potion"},{"floor":11.0,"key":"ColorlessPotion"},{"floor":14.0,"key":"Ambrosia"},{"floor":24.0,"key":"LiquidBronze"},{"floor":29.0,"key":"ColorlessPotion"},{"floor":30.0,"key":"SpeedPotion"},{"floor":41.0,"key":"SteroidPotion"},{"floor":47.0,"key":"BlessingOfTheForge"}],"is_trial":false,"path_per_floor":["M","M","M","M","$","R","E","R","T","M","E","M","?","M","R","B",null,"M","?","M","M","M","R","M","R","T","E","?","M","E","$","R","B",null,"M","?","M","$","M","R","E","R","T","R","M","R","E","M","R","B",null,"R","$","E","B"],"character_chosen":"WATCHER","items_purchased":["Adaptation","CultistPotion","Bottled Lightning","SashWhip"],"campfire_rested":5,"item_purchase_floors":[5,31,38,53],"current_hp_per_floor":[65,63,62,44,44,44,25,25,25,25,25,14,14,10,31,31,62,55,55,43,43,43,43,35,35,35,35,28,22,7,7,28,15,58,50,50,50,50,48,48,48,48,48,69,61,61,16,7,28,27,61,72,72,41,0,0],"gold":56,"neow_bonus":"BOSS_RELIC","is_daily":false,"chose_seed":false,"campfire_upgraded":6,"win_rate":0.0,"timestamp":1609718918,"path_taken":["M","?","M","M","$","R","E","R","T","M","E","M","?","M","R","BOSS","M","?","M","M","M","R","M","R","T","E","?","M","E","$","R","BOSS","M","?","M","$","M","R","E","R","T","R","M","R","E","?","R","BOSS","R","$","E","BOSS"],"items_purchased_type":["Card","Potion","Relic","Card"],"build_version":"2020-12-22","purchased_purges":4,"victory":false,"max_hp_per_floor":[72,72,72,72,72,72,72,72,72,72,72,72,72,72,72,72,72,72,72,72,72,72,72,72,72,72,72,72,72,72,72,72,72,72,72,72,72,72,72,72,72,72,72,72,72,72,72,72,72,72,72,72,72,72,72,72],"relic_stats":{"Gremlin Horn":[30,32],"counters":[30,116],"Astrolabe":["DeusExMachina","Vault","Consecrate"],"Blue Candle":[3],"Cursed Key":3,"GoldenEye":[37],"Smiling Mask":100,"Mummified Hand":[55],"Snecko Eye":[106,91,100,96],"Art of War":[0],"Kunai":[21],"obtain_stats":[{"Gremlin Horn":7,"Astrolabe":17,"Blue Candle":41,"Cursed Key":0,"GoldenEye":30,"Smiling Mask":47,"Du-Vu Doll":9,"Mummified Hand":26,"Snecko Eye":34,"Red Mask":28,"Art of War":54,"Kunai":27,"Bottled Lightning":38,"PureWater":0,"Unceasing Top":11},{"Gremlin Horn":5,"Astrolabe":10,"Blue Candle":24,"Cursed Key":0,"GoldenEye":19,"Smiling Mask":26,"Du-Vu Doll":5,"Mummified Hand":15,"Snecko Eye":20,"Red Mask":17,"Art of War":29,"Kunai":16,"Bottled Lightning":22,"PureWater":0,"Unceasing Top":7},{"Gremlin Horn":16,"Astrolabe":34,"Blue Candle":84,"Cursed Key":0,"GoldenEye":61,"Smiling Mask":94,"Du-Vu Doll":16,"Mummified Hand":48,"Snecko Eye":66,"Red Mask":54,"Art of War":109,"Kunai":52,"Bottled Lightning":76,"PureWater":0,"Unceasing Top":22}],"Unceasing Top":[0]},"card_choices":[{"not_picked":["SignatureMove","Pray"],"picked":"WheelKick","floor":1.0},{"not_picked":["EmptyBody","BattleHymn","ClearTheMind"],"picked":"SKIP","floor":2.0},{"not_picked":["CrushJoints","Collect"],"picked":"Meditate","floor":3.0},{"not_picked":["Perseverance","Prostrate"],"picked":"CutThroughFate","floor":4.0},{"not_picked":["CarveReality","ClearTheMind"],"picked":"Crescendo","floor":7.0},{"not_picked":["Evaluate","SpiritShield"],"picked":"Tantrum","floor":10.0},{"not_picked":["FlurryOfBlows","CrushJoints"],"picked":"ClearTheMind","floor":11.0},{"not_picked":["BowlingBash","ClearTheMind","Crescendo"],"picked":"SKIP","floor":12.0},{"not_picked":["CrushJoints","JustLucky"],"picked":"Vault","floor":14.0},{"not_picked":["Blasphemy","Establishment"],"picked":"LessonLearned","floor":16.0},{"not_picked":["Vengeance","FollowUp"],"picked":"CutThroughFate+1","floor":18.0},{"not_picked":["Prostrate","PathToVictory"],"picked":"Vengeance","floor":20.0},{"not_picked":["BowlingBash","Adaptation"],"picked":"Consecrate","floor":21.0},{"not_picked":["EmptyBody+1","ThirdEye"],"picked":"Collect+1","floor":22.0},{"not_picked":["ClearTheMind+1","Evaluate","CutThroughFate"],"picked":"SKIP","floor":24.0},{"not_picked":["BowlingBash","FlyingSleeves"],"picked":"Adaptation","floor":27.0},{"not_picked":["SashWhip+1","CutThroughFate"],"picked":"Halt","floor":28.0},{"not_picked":["SandsOfTime","SashWhip+1","Prostrate+1"],"picked":"SKIP","floor":29.0},{"not_picked":["FollowUp","MasterReality"],"picked":"TalkToTheHand","floor":30.0},{"not_picked":["Devotion","Judgement"],"picked":"Ragnarok","floor":33.0},{"not_picked":["FlurryOfBlows","Perseverance+1","FollowUp"],"picked":"SKIP","floor":35.0},{"not_picked":["SashWhip+1","Adaptation"],"picked":"Meditate","floor":37.0},{"not_picked":["ThirdEye+1","FollowUp"],"picked":"MentalFortress","floor":39.0},{"not_picked":["InnerPeace+1","SashWhip"],"picked":"Scrawl","floor":41.0},{"not_picked":["CrushJoints","CutThroughFate","EmptyMind+1"],"picked":"SKIP","floor":45.0},{"not_picked":["CarveReality+1","ClearTheMind+1"],"picked":"TalkToTheHand","floor":47.0},{"not_picked":["FlurryOfBlows+1","Crescendo+1","Prostrate"],"picked":"SKIP","floor":48.0},{"not_picked":["Vengeance","BowlingBash+1"],"picked":"TalkToTheHand","floor":54}],"player_experience":3746030,"relics_obtained":[{"floor":7.0,"key":"Gremlin Horn"},{"floor":9.0,"key":"Du-Vu Doll"},{"floor":11.0,"key":"Unceasing Top"},{"floor":26.0,"key":"Mummified Hand"},{"floor":27.0,"key":"Kunai"},{"floor":28.0,"key":"Red Mask"},{"floor":30.0,"key":"GoldenEye"},{"floor":41.0,"key":"Blue Candle"},{"floor":47.0,"key":"Smiling Mask"},{"floor":54,"key":"Art of War"}],"event_choices":[{"damage_healed":0.0,"max_hp_gain":0.0,"max_hp_loss":0.0,"gold_gain":0.0,"event_name":"World of Goop","player_choice":"Left Gold","floor":13.0,"gold_loss":30.0,"damage_taken":0.0},{"damage_healed":0.0,"max_hp_gain":0.0,"max_hp_loss":0.0,"gold_gain":99.0,"event_name":"Nest","player_choice":"Stole From Cult","floor":19.0,"gold_loss":0.0,"damage_taken":0.0},{"damage_healed":0.0,"max_hp_gain":0.0,"max_hp_loss":0.0,"gold_gain":0.0,"event_name":"Masked Bandits","player_choice":"Fought Bandits","floor":28.0,"gold_loss":0.0,"damage_taken":0.0},{"damage_healed":0.0,"max_hp_gain":0.0,"max_hp_loss":0.0,"gold_gain":0.0,"event_name":"Duplicator","player_choice":"Copied","floor":36.0,"gold_loss":0.0,"damage_taken":0.0,"cards_obtained":["Vault"]}],"is_beta":false,"boss_relics":[{"not_picked":["Coffee Dripper","Velvet Choker"],"picked":"Astrolabe"},{"not_picked":["SacredBark","Runic Dome"],"picked":"Snecko Eye"}],"items_purged_floors":[5,31,38,53],"is_endless":false,"potions_floor_spawned":[1,10,11,14,21,24,29,30,41,47,48],"killed_by":"The Heart","ascension_level":10}}