{"host":"5raohst9sk3kvp5v","time":1609724534,"event":{"mods":["BaseMod","Colored Powertips","Highlight Path","Minty Spire (QoL Compilation)","Quick Restart","Relic Stats","StSLib"],"gold_per_floor":[119,2,17,17,35,62,81,81,81],"floor_reached":8,"playtime":346,"items_purged":[],"score":116,"play_id":"5b6a56c8-c2df-47cc-bc72-c5d7420b4a03","local_time":"20210103194214","is_ascension_mode":true,"campfire_choices":[],"circlet_count":0,"master_deck":["AscendersBane","Strike_R","Strike_R","Strike_R","Strike_R","Strike_R","Defend_R","Defend_R","Defend_R","Defend_R","Bash","Feel No Pain","Carnage","Disarm","Metallicize","True Grit","Offering","Body Slam"],"relics":["Burning Blood","NeowsBlessing","Du-Vu Doll"],"acts_visited":["Exordium"],"potions_floor_usage":[8],"damage_taken":[{"damage":0,"enemies":"Cultist","floor":1,"turns":1},{"damage":0,"enemies":"Jaw Worm","floor":3,"turns":1},{"damage":0,"enemies":"Small Slimes","floor":5,"turns":1},{"damage":38,"enemies":"3 Sentries","floor":6,"turns":23},{"damage":21,"enemies":"Exordium Thugs","floor":7,"turns":5},{"damage":30,"enemies":"Gremlin Nob","floor":8,"turns":3}],"seed_played":"-7244403853159444782","potions_obtained":[{"floor":5,"key":"Dexterity Potion"},{"floor":6,"key":"Strength Potion"}],"is_trial":false,"path_per_floor":["M","$","M","?","M","E","M","E"],"character_chosen":"IRONCLAD","items_purchased":["Carnage","Disarm"],"campfire_rested":0,"item_purchase_floors":[2,2],"current_hp_per_floor":[74,74,75,75,75,43,28,0,0],"gold":81,"neow_bonus":"THREE_ENEMY_KILL","is_daily":false,"chose_seed":false,"campfire_upgraded":0,"win_rate":0.0,"timestamp":1609724534,"path_taken":["M","$","?","?","M","E","M","E"],"items_purchased_type":["Card","Card"],"build_version":"2020-12-22","purchased_purges":0,"victory":false,"max_hp_per_floor":[75,75,75,75,75,75,75,75,75],"relic_stats":{"counters":[6,34],"obtain_stats":[{"Du-Vu Doll":6,"NeowsBlessing":0,"Burning Blood":0},{"Du-Vu Doll":4,"NeowsBlessing":0,"Burning Blood":0},{"Du-Vu Doll":26,"NeowsBlessing":0,"Burning Blood":0}],"Burning Blood":19},"card_choices":[{"not_picked":["Body Slam","Clothesline"],"picked":"Feel No Pain","floor":1},{"not_picked":["Shrug It Off","Heavy Blade"],"picked":"Metallicize","floor":3},{"not_picked":["Havoc","Anger"],"picked":"True Grit","floor":5},{"not_picked":["Clash","Thunderclap"],"picked":"Offering","floor":6},{"not_picked":["Sever Soul","Warcry"],"picked":"Body Slam","floor":7}],"player_experience":1693702,"relics_obtained":[{"floor":6,"key":"Du-Vu Doll"}],"event_choices":[{"damage_healed":0,"gold_gain":0,"player_choice":"Ignored","damage_taken":0,"max_hp_gain":0,"max_hp_loss":0,"event_name":"Liars Game","floor":4,"gold_loss":0}],"is_beta":false,"boss_relics":[],"items_purged_floors":[],"is_endless":false,"potions_floor_spawned":[5,6,7],"killed_by":"Gremlin Nob","ascension_level":20}}