{"host":"bf9sa99gaumonoeu","time":1609798946,"event":{"mods":["AchievementEnabler","Act Like it!","BaseMod","Better Sensory Stone","Colored Map","Colored Powertips","Downfall","Duelist Mod","Friendly Minions","Gensokyo","GifTheSpireLib","Hallownest","Hermit","Hubris","Jorbs\u0027s Wanderer Trilogy","KinomotoSakuraMod(????)","Koishi","Lobotomy","Marisa????????","Minty Spire (QoL Compilation)","Rare Cards Sparkle","Reimu??????","Remilia??????","Replay The Spire","Shop Mod","StSLib","The Administrix","The Animator","The Blue Laboratory","The Bug Knight","The Construct","The Cursed","The Disciple","The Hierophant","The Mystic","The Necromancer","The Poker Player","The Runesmith","The Senshi","The Servant 0.9.4"],"gold_per_floor":[111,129,143,143,153,153,167,167,167,198,216,241,264,276,288,400,412,440,467,449,479,49,49,49],"floor_reached":23,"playtime":2735,"items_purged":["AdministrixMod:Defend_Administrix"],"score":205,"play_id":"6f7df1f3-b7bd-4803-9e20-7569eaf92980","local_time":"20210104202226","is_ascension_mode":false,"campfire_choices":[{"data":"AdministrixMod:SealAway","floor":6,"key":"SMITH"},{"data":"AdministrixMod:StarSwordSoul","floor":8,"key":"SMITH"},{"floor":15,"key":"REST"}],"circlet_count":0,"master_deck":["AdministrixMod:Strike_Administrix","AdministrixMod:Strike_Administrix","AdministrixMod:Strike_Administrix","AdministrixMod:RedCloak","AdministrixMod:Defend_Administrix","AdministrixMod:Defend_Administrix","AdministrixMod:Defend_Administrix","AdministrixMod:BlueCloak","PanicButton","AdministrixMod:WickedPunishment","AdministrixMod:PlateOfAntiquity","AdministrixMod:StarSwordSoul+1","AdministrixMod:FeastOfDew","AdministrixMod:SealAway+1","AdministrixMod:ExtolVirtue","AdministrixMod:CosmosControl","AdministrixMod:Convergence+1","AdministrixMod:SipOfSparks","AdministrixMod:ImmortalClarity+1","AdministrixMod:SyncreticPlunge","AdministrixMod:CenturiesAscent","AdministrixMod:BloodlessSapphire","AdministrixMod:ImmortalGrace","AdministrixMod:Mastermind"],"relics":["AdministrixMod:ConductorRitualBaton","Frozen Egg 2","Pondfish Scales","MawBank","hubris:Backtick","Gremlin Horn","Membership Card"],"acts_visited":["Exordium","TheCity"],"potions_floor_usage":[10,12,16,18,19,21,21,23,23],"damage_taken":[{"damage":0,"enemies":"2 Louse","floor":1,"turns":3},{"damage":0,"enemies":"Cultist","floor":2,"turns":2},{"damage":0,"enemies":"Small Slimes","floor":3,"turns":4},{"damage":0,"enemies":"Exordium Wildlife","floor":5,"turns":3},{"damage":9,"enemies":"Lots of Slimes","floor":7,"turns":7},{"damage":16,"enemies":"3 Sentries","floor":10,"turns":5},{"damage":0,"enemies":"Looter","floor":11,"turns":3},{"damage":18,"enemies":"Gremlin Nob","floor":12,"turns":5},{"damage":5,"enemies":"Large Slime","floor":13,"turns":6},{"damage":8,"enemies":"Hexaghost","floor":16,"turns":6},{"damage":5,"enemies":"3 Byrds","floor":18,"turns":5},{"damage":7,"enemies":"Spheric Guardian","floor":19,"turns":6},{"damage":18,"enemies":"Shelled Parasite and Fungi","floor":21,"turns":7},{"damage":37,"enemies":"Slavers","floor":23,"turns":4}],"seed_played":"-678499865114469836","potions_obtained":[{"floor":3,"key":"PowerPotion"},{"floor":5,"key":"SneckoOil"},{"floor":7,"key":"AdministrixMod:AttunementTonic"},{"floor":12,"key":"blueLaboratory:BubblePotion"},{"floor":13,"key":"ColorlessPotion"},{"floor":18,"key":"blueLaboratory:FrostheartPotion"},{"floor":19,"key":"blueLaboratory:EmptyBottle"},{"floor":20,"key":"blueLaboratory:EmptyBottle"},{"floor":20,"key":"Milkshake"}],"is_trial":false,"path_per_floor":["M","M","M","?","M","R","M","R","T","E","M","E","M","?","R","B",null,"M","M","?","M","$","E"],"character_chosen":"TheAdministrix","items_purchased":["AdministrixMod:ImmortalGrace","Membership Card","SkillPotion","blueLaboratory:EnragingPotion","sneckomod:MuddlingPotion","AdministrixMod:Mastermind"],"campfire_rested":1,"item_purchase_floors":[22,22,22,22,22,22],"current_hp_per_floor":[65,65,65,65,65,65,56,56,56,40,40,22,17,17,36,28,65,60,53,53,35,35,0,0],"gold":49,"neow_bonus":"RANDOM_COLORLESS","is_daily":false,"chose_seed":false,"campfire_upgraded":2,"win_rate":0.0,"timestamp":1609798946,"path_taken":["M","M","M","?","?","R","M","R","T","E","M","E","M","?","R","BOSS","M","M","?","M","$","E"],"items_purchased_type":["Card","Relic","Potion","Potion","Potion","Card"],"build_version":"2020-12-22","purchased_purges":1,"victory":false,"max_hp_per_floor":[65,65,65,65,65,65,65,65,65,65,65,65,65,65,65,65,65,65,65,65,65,65,65,65],"card_choices":[{"not_picked":["expansioncontent:AwakenDeath","expansioncontent:Chronoboost"],"picked":"PanicButton","floor":0},{"not_picked":["AdministrixMod:FiendishCrimson","AdministrixMod:PlateOfAntiquity"],"picked":"AdministrixMod:WickedPunishment","floor":1},{"not_picked":["AdministrixMod:TouchOfCinnabar","AdministrixMod:Overdrive"],"picked":"AdministrixMod:PlateOfAntiquity","floor":2},{"not_picked":["AdministrixMod:TouchOfCinnabar","AdministrixMod:GuanyinBlessing"],"picked":"AdministrixMod:StarSwordSoul","floor":3},{"not_picked":["AdministrixMod:BloodBargain","AdministrixMod:CrackingPangu"],"picked":"AdministrixMod:SealAway","floor":5},{"not_picked":["AdministrixMod:HarmonicReverence","AdministrixMod:ImmortalGrace"],"picked":"AdministrixMod:ExtolVirtue","floor":7},{"not_picked":["AdministrixMod:ExtolVirtue","AdministrixMod:SyncreticSurge","AdministrixMod:XianArts+1"],"picked":"SKIP","floor":10},{"not_picked":["AdministrixMod:ShadowPlay","AdministrixMod:BegetEternity"],"picked":"AdministrixMod:CosmosControl","floor":11},{"not_picked":["AdministrixMod:BegetEternity","AdministrixMod:RebukeDesires"],"picked":"AdministrixMod:Convergence+1","floor":12},{"not_picked":["AdministrixMod:CenturiesAscent","AdministrixMod:TouchOfCinnabar"],"picked":"AdministrixMod:SipOfSparks","floor":13},{"not_picked":["AdministrixMod:NewbornDivinity","AdministrixMod:DeathByGlamour+1"],"picked":"AdministrixMod:ImmortalClarity+1","floor":16},{"not_picked":["AdministrixMod:FiendishCrimson","AdministrixMod:NoblePath"],"picked":"AdministrixMod:SyncreticPlunge","floor":18},{"not_picked":["AdministrixMod:SeventeenArticleLaser","AdministrixMod:QuietConspiracy"],"picked":"AdministrixMod:CenturiesAscent","floor":19},{"not_picked":["AdministrixMod:NoblePath+1","AdministrixMod:GuanyinBlessing"],"picked":"AdministrixMod:BloodlessSapphire","floor":21}],"player_experience":761054,"relics_obtained":[{"floor":9,"key":"Frozen Egg 2"},{"floor":10,"key":"Pondfish Scales"},{"floor":12,"key":"MawBank"}],"event_choices":[{"damage_healed":0,"gold_gain":0,"cards_transformed":["AdministrixMod:Strike_Administrix"],"player_choice":"Transformed","damage_taken":0,"max_hp_gain":0,"max_hp_loss":0,"event_name":"Transmorgrifier","floor":4,"gold_loss":0,"cards_obtained":["AdministrixMod:FeastOfDew"]},{"damage_healed":0,"gold_gain":0,"player_choice":"Ignored","damage_taken":0,"max_hp_gain":0,"max_hp_loss":0,"event_name":"Liars Game","floor":14,"gold_loss":0},{"damage_healed":0,"gold_gain":0,"player_choice":"Bought 2 Potions","damage_taken":0,"max_hp_gain":0,"max_hp_loss":0,"event_name":"The Woman in Blue","floor":20,"gold_loss":0}],"is_beta":false,"boss_relics":[{"not_picked":["hubris:BlackHole","hubris:HollowSoul"],"picked":"hubris:Backtick"}],"items_purged_floors":[22],"is_endless":false,"potions_floor_spawned":[3,5,7,12,13,18,19],"killed_by":"Slavers","ascension_level":0}}