{"host":"6999i8eg5ewbhdiq","time":1609783595,"event":{"mods":["AchievementEnabler","BaseMod","Colored Map","Colored Powertips","Highlight Path","Minty Spire (QoL Compilation)"],"gold_per_floor":[218,233,8,21,31,58,58,88,162,173,187,187,187,204,204,307,307,324,239,164,164,180,180,214,214,214],"floor_reached":25,"playtime":2221,"items_purged":["Strike_R"],"score":291,"play_id":"f4b258f8-b18b-420c-a0ce-eacc65e9f4c8","local_time":"20210104190635","is_ascension_mode":true,"campfire_choices":[{"floor":7.0,"key":"REST"},{"floor":13.0,"key":"REST"},{"floor":15.0,"key":"REST"},{"floor":23,"key":"REST"}],"circlet_count":0,"master_deck":["Strike_R","Strike_R","Strike_R","Defend_R","Defend_R","Defend_R","Cleave","Cleave","Rampage","Clash","Disarm","Inflame","Thunderclap","Thunderclap","Dropkick","Feed","Inflame+1","Iron Wave+1","Evolve+1"],"relics":["Burning Blood","Pen Nib","Juzu Bracelet","Charon\u0027s Ashes","Singing Bowl","Astrolabe","PreservedInsect","Enchiridion","Regal Pillow"],"acts_visited":["Exordium","TheCity"],"potions_floor_usage":[22,22],"damage_taken":[{"damage":6.0,"enemies":"Jaw Worm","floor":1.0,"turns":5.0},{"damage":4.0,"enemies":"2 Louse","floor":2.0,"turns":3.0},{"damage":1.0,"enemies":"Cultist","floor":4.0,"turns":3.0},{"damage":9.0,"enemies":"2 Fungi Beasts","floor":5.0,"turns":3.0},{"damage":29.0,"enemies":"Gremlin Nob","floor":6.0,"turns":4.0},{"damage":15.0,"enemies":"3 Sentries","floor":8.0,"turns":4.0},{"damage":18.0,"enemies":"Large Slime","floor":10.0,"turns":3.0},{"damage":38.0,"enemies":"Exordium Thugs","floor":11.0,"turns":3.0},{"damage":8.0,"enemies":"Blue Slaver","floor":14.0,"turns":2.0},{"damage":53.0,"enemies":"The Guardian","floor":16.0,"turns":9.0},{"damage":23.0,"enemies":"Spheric Guardian","floor":18.0,"turns":4.0},{"damage":1,"enemies":"3 Byrds","floor":22,"turns":3},{"damage":53,"enemies":"Book of Stabbing","floor":24,"turns":5},{"damage":27,"enemies":"Snake Plant","floor":25,"turns":2}],"seed_played":"-2105495050184838362","potions_obtained":[{"floor":5.0,"key":"DistilledChaos"},{"floor":6.0,"key":"Fire Potion"},{"floor":8.0,"key":"EntropicBrew"},{"floor":14.0,"key":"Energy Potion"},{"floor":16.0,"key":"DistilledChaos"}],"is_trial":false,"path_per_floor":["M","M","$","M","M","E","R","E","T","M","M","?","R","M","R","B",null,"M","?","$","?","M","R","E","M"],"character_chosen":"IRONCLAD","items_purchased":["Pen Nib","Rampage"],"campfire_rested":4,"item_purchase_floors":[3,3],"current_hp_per_floor":[80,80,80,80,77,54,78,69,69,57,25,25,49,47,71,24,66,54,54,54,38,45,71,27,0,0],"gold":214,"neow_bonus":"HUNDRED_GOLD","is_daily":false,"chose_seed":false,"campfire_upgraded":0,"win_rate":0.0,"timestamp":1609783595,"path_taken":["M","M","$","M","M","E","R","E","T","M","M","?","R","M","R","BOSS","M","?","$","?","M","R","E","M"],"items_purchased_type":["Relic","Card"],"build_version":"2020-12-22","purchased_purges":1,"victory":false,"max_hp_per_floor":[80,80,80,80,80,80,80,80,80,80,80,80,80,80,80,80,80,85,85,85,85,87,87,90,90,90],"card_choices":[{"not_picked":["Sword Boomerang","Anger"],"picked":"Cleave","floor":1.0},{"not_picked":["Body Slam","Clothesline"],"picked":"Cleave","floor":2.0},{"not_picked":["Searing Blow","Ghostly Armor","Evolve"],"picked":"SKIP","floor":4.0},{"not_picked":["Uppercut","Perfected Strike"],"picked":"Clash","floor":5.0},{"not_picked":["Heavy Blade","Entrench"],"picked":"Disarm","floor":6.0},{"not_picked":["Heavy Blade","Second Wind"],"picked":"Inflame","floor":8.0},{"not_picked":["Entrench","Exhume"],"picked":"Thunderclap","floor":10.0},{"not_picked":["Flex","Carnage"],"picked":"Thunderclap","floor":11.0},{"not_picked":["Wild Strike","Searing Blow"],"picked":"Dropkick","floor":14.0},{"not_picked":["Double Tap","Impervious"],"picked":"Feed","floor":16.0},{"not_picked":["Uppercut+1","Burning Pact","Cleave"],"picked":"Singing Bowl","floor":18.0},{"not_picked":["Sword Boomerang","Uppercut","Pommel Strike"],"picked":"Singing Bowl","floor":22},{"not_picked":["Iron Wave","Fire Breathing","Entrench"],"picked":"SKIP","floor":24}],"player_experience":125166,"relics_obtained":[{"floor":6.0,"key":"Juzu Bracelet"},{"floor":8.0,"key":"Charon\u0027s Ashes"},{"floor":9.0,"key":"Singing Bowl"},{"floor":21.0,"key":"Enchiridion"},{"floor":24,"key":"Regal Pillow"}],"event_choices":[{"damage_healed":0.0,"max_hp_gain":0.0,"max_hp_loss":0.0,"gold_gain":0.0,"event_name":"Golden Idol","player_choice":"Ignored","floor":12.0,"gold_loss":0.0,"damage_taken":0.0},{"damage_healed":0.0,"max_hp_gain":0.0,"max_hp_loss":0.0,"gold_gain":0.0,"event_name":"Addict","player_choice":"Obtained Relic","floor":19.0,"gold_loss":85.0,"damage_taken":0.0,"relics_obtained":["PreservedInsect"]},{"damage_healed":0.0,"max_hp_gain":0.0,"max_hp_loss":0.0,"gold_gain":0.0,"event_name":"Cursed Tome","player_choice":"Obtained Book","floor":21.0,"gold_loss":0.0,"damage_taken":16.0}],"is_beta":false,"boss_relics":[{"not_picked":["Ectoplasm","SacredBark"],"picked":"Astrolabe"}],"items_purged_floors":[20],"is_endless":false,"potions_floor_spawned":[5,6,8,14,16],"killed_by":"Snake Plant","ascension_level":5}}