{"host":"56ghxnzsglgdq727","time":1609748205,"event":{"mods":["AchievementEnabler","BaseMod","Downfall","Minty Spire (QoL Compilation)","StSLib"],"gold_per_floor":[110,129,6,29,47,47,47,47,71,71,71,106,65,83,83,187,187,201,215,117,144,44,44,44],"floor_reached":23,"playtime":441,"items_purged":["Strike_B","Coolheaded"],"score":221,"play_id":"a35ea137-1a39-4c1d-b388-ec6426d9fdd7","local_time":"20210104031645","is_ascension_mode":true,"campfire_choices":[{"data":"Electrodynamics","floor":6,"key":"SMITH"},{"data":"Zap","floor":8,"key":"SMITH"},{"floor":11,"key":"REST"},{"data":"Capacitor","floor":15,"key":"SMITH"}],"circlet_count":0,"master_deck":["Strike_B","Strike_B","Strike_B","Defend_B","Defend_B","Defend_B","Defend_B","Zap+1","Dualcast","Electrodynamics+1","Capacitor+1","Ball Lightning","Reboot","Tempest+1"],"relics":["Cracked Core","Potion Belt","Tiny Chest","Pear","Pantograph","Nuclear Battery","Boot"],"acts_visited":["Exordium","TheCity"],"potions_floor_usage":[16,19],"damage_taken":[{"damage":0,"enemies":"Cultist","floor":1,"turns":3},{"damage":11,"enemies":"Jaw Worm","floor":2,"turns":2},{"damage":5,"enemies":"2 Louse","floor":5,"turns":2},{"damage":4,"enemies":"3 Sentries","floor":12,"turns":2},{"damage":3,"enemies":"Gremlin Gang","floor":14,"turns":3},{"damage":28,"enemies":"Slime Boss","floor":16,"turns":6},{"damage":21,"enemies":"Shell Parasite","floor":18,"turns":4},{"damage":0,"enemies":"Spheric Guardian","floor":19,"turns":2},{"damage":45,"enemies":"Book of Stabbing","floor":23,"turns":5}],"seed_played":"-3993300382185958856","potions_obtained":[{"floor":12,"key":"PotionOfCapacity"},{"floor":16,"key":"PowerPotion"}],"is_trial":false,"path_per_floor":["M","M","$","T","M","R","?","R","T","T","R","E","$","M","R","B",null,"M","M","?","T","$","E"],"character_chosen":"DEFECT","items_purchased":["Coolheaded","Capacitor"],"campfire_rested":1,"item_purchase_floors":[3,13],"current_hp_per_floor":[75,64,64,64,59,59,64,64,64,74,90,86,86,83,83,62,90,69,69,69,69,69,24,24],"gold":44,"neow_bonus":"ONE_RANDOM_RARE_CARD","is_daily":false,"chose_seed":false,"campfire_upgraded":3,"win_rate":0.0,"timestamp":1609748205,"path_taken":["M","M","$","?","?","R","?","R","T","?","R","E","$","?","R","BOSS","M","M","?","?","?","E"],"items_purchased_type":["Card","Card"],"build_version":"2020-12-22","purchased_purges":2,"victory":false,"max_hp_per_floor":[75,75,75,75,75,75,80,80,80,90,90,90,90,90,90,90,90,90,90,90,90,90,90,90],"card_choices":[{"not_picked":["Conserve Battery","Undo","BootSequence"],"picked":"SKIP","floor":1},{"not_picked":["Undo","Beam Cell","Aggregate"],"picked":"SKIP","floor":2},{"not_picked":["Hologram","Stack","Hyperbeam"],"picked":"SKIP","floor":5},{"not_picked":["Darkness","Leap","Force Field"],"picked":"SKIP","floor":12},{"not_picked":["Conserve Battery","Redo"],"picked":"Ball Lightning","floor":14},{"not_picked":["Hyperbeam","All For One"],"picked":"Reboot","floor":16},{"not_picked":["Turbo","Steam","Sweeping Beam"],"picked":"SKIP","floor":18},{"not_picked":["Steam Power","Force Field"],"picked":"Tempest+1","floor":19}],"player_experience":124383,"relics_obtained":[{"floor":4,"key":"Potion Belt"},{"floor":9,"key":"Tiny Chest"},{"floor":10,"key":"Pear"},{"floor":12,"key":"Pantograph"}],"event_choices":[{"damage_healed":0,"gold_gain":0,"player_choice":"Donut","damage_taken":0,"max_hp_gain":5,"max_hp_loss":0,"event_name":"Big Fish","floor":7,"gold_loss":0},{"damage_healed":0,"gold_gain":0,"player_choice":"Paid Gold","damage_taken":0,"relics_obtained":["Boot"],"max_hp_gain":0,"max_hp_loss":0,"event_name":"WeMeetAgain","floor":20,"gold_loss":98}],"is_beta":false,"boss_relics":[{"not_picked":["Runic Dome","Sozu"],"picked":"Nuclear Battery"}],"items_purged_floors":[3,22],"is_endless":false,"potions_floor_spawned":[12,16],"killed_by":"Book of Stabbing","ascension_level":1}}