{"host":"2apb6gwm2fj4theg","time":1609783774,"event":{"mods":["2.2 Compatiblity","AlwaysNeverKeys","BaseMod","ChefMod","Halation","Infinite Spire","Minty Spire (QoL Compilation)","Replay The Spire","Shop Mod","Small Relic Pack","StSLib","The Animator"],"gold_per_floor":[112,112,124,124,134,163,163,182,182,12,28,48,48,48,48,151,151,170,3,200,220,238,238,250,283,283,317,335,364,14,14,14],"floor_reached":31,"playtime":2432,"items_purged":["Regret","Shame"],"score":417,"play_id":"64e17cd9-a695-4d6a-b40b-0592341c30a8","local_time":"20210104200934","is_ascension_mode":true,"campfire_choices":[{"floor":7.0,"key":"REST"},{"floor":13.0,"key":"REST"},{"data":"ReplayTheSpireMod:Limb From Limb","floor":15.0,"key":"SMITH"},{"data":"Apotheosis","floor":23.0,"key":"SMITH"}],"circlet_count":0,"master_deck":["Strike_R","Strike_R","Strike_R","Strike_R","Strike_R","Defend_R","Defend_R","Defend_R","Defend_R","Bash","Replay:Undeath\u0027s Touch","Rupture","Feel No Pain","Reaper","Anger","Jack Of All Trades","Havoc","ReplayTheSpireMod:Limb From Limb+1","Reaper","Pummel","Apotheosis+1","Sever Soul","Battle Trance","Iron Wave","Inflame+1","Feel No Pain+1","Sword Boomerang+1","Berserk+1","Evolve+1","ReplayTheSpireMod:Strike From Hell","Intimidate","Inflame+1","Twin Strike"],"relics":["Burning Blood","NeowsBlessing","Anchor","Gambling Chip","HornCleat","Bottled Lightning","Cursed Key","Frozen Egg 2","Kunai","StoneCalendar","Ancient Tea Set"],"acts_visited":["TheCity"],"potions_floor_usage":[31,31],"damage_taken":[{"damage":0.0,"enemies":"Jaw Worm","floor":1.0,"turns":1.0},{"damage":0.0,"enemies":"Cultist","floor":3.0,"turns":1.0},{"damage":0.0,"enemies":"Small Slimes","floor":5.0,"turns":1.0},{"damage":72.0,"enemies":"Lagavulin","floor":6.0,"turns":7.0},{"damage":9.0,"enemies":"2 Fungi Beasts","floor":8.0,"turns":4.0},{"damage":28.0,"enemies":"Gremlin Gang","floor":11.0,"turns":7.0},{"damage":0.0,"enemies":"3 Louse","floor":12.0,"turns":3.0},{"damage":50.0,"enemies":"Slime Boss","floor":16.0,"turns":12.0},{"damage":14.0,"enemies":"Spheric Guardian","floor":18.0,"turns":4.0},{"damage":6.0,"enemies":"Shell Parasite","floor":21.0,"turns":4.0},{"damage":11.0,"enemies":"Snake Plant","floor":22.0,"turns":4.0},{"damage":24.0,"enemies":"Sentry and Sphere","floor":24.0,"turns":7.0},{"damage":43.0,"enemies":"Slavers","floor":25.0,"turns":7.0},{"damage":40.0,"enemies":"Gremlin Leader","floor":27.0,"turns":8.0},{"damage":16.0,"enemies":"Snecko","floor":28.0,"turns":5.0},{"damage":68.0,"enemies":"Slavers","floor":29.0,"turns":7.0},{"damage":23,"enemies":"Shelled Parasite and Fungi","floor":31,"turns":5}],"seed_played":"-6511495147353400258","potions_obtained":[{"floor":3.0,"key":"Ancient Potion"},{"floor":12.0,"key":"Weak Potion"},{"floor":16.0,"key":"GamblersBrew"},{"floor":21.0,"key":"Elixir"},{"floor":24.0,"key":"Swift Potion"},{"floor":25.0,"key":"PowerPotion"},{"floor":28.0,"key":"FearPotion"},{"floor":29.0,"key":"Adrenaline Potion"}],"is_trial":false,"path_per_floor":["M","?","M","?","M","E","R","M","T","$","M","M","R","T","R","B",null,"M","$","?","M","M","R","M","E","T","E","M","E","$","M"],"character_chosen":"IRONCLAD","items_purchased":["Jack Of All Trades","Apotheosis","ReplayTheSpireMod:Strike From Hell","Intimidate","Inflame+1","Twin Strike"],"campfire_rested":2,"item_purchase_floors":[10,19,30,30,30,30],"current_hp_per_floor":[80,80,80,80,80,14,38,45,45,45,33,51,75,75,75,47,80,76,76,76,80,80,80,73,64,64,58,58,19,19,0,0],"gold":14,"neow_bonus":"THREE_ENEMY_KILL","is_daily":false,"chose_seed":false,"campfire_upgraded":2,"win_rate":0.0,"timestamp":1609783774,"path_taken":["M","?","M","?","M","E","R","M","T","?","M","?","R","?","R","BOSS","M","$","?","?","M","R","M","E","T","E","M","E","$","M"],"items_purchased_type":["Card","Card","Card","Card","Card","Card"],"build_version":"2020-12-22","purchased_purges":2,"victory":false,"max_hp_per_floor":[80,80,80,80,80,80,80,80,80,80,80,80,80,80,80,80,80,80,80,80,80,80,80,80,80,80,80,80,80,80,80,80],"card_choices":[{"not_picked":["Headbutt","Second Wind"],"picked":"Replay:Undeath\u0027s Touch","floor":1.0},{"not_picked":["Clothesline","Heavy Blade"],"picked":"Rupture","floor":3.0},{"not_picked":["Iron Wave","Spot Weakness"],"picked":"Feel No Pain","floor":5.0},{"not_picked":["Twin Strike","Intimidate"],"picked":"Reaper","floor":6.0},{"not_picked":["Sever Soul","Life Link"],"picked":"Anger","floor":8.0},{"not_picked":["Body Slam","Entrench"],"picked":"Havoc","floor":11.0},{"not_picked":["Shrug It Off","Whirlwind"],"picked":"ReplayTheSpireMod:Limb From Limb","floor":12.0},{"not_picked":["Demonic Infusion","Brutality"],"picked":"Reaper","floor":16.0},{"not_picked":["Sword Boomerang","Shrug It Off"],"picked":"Pummel","floor":18.0},{"not_picked":["Inflame","Run Through+1"],"picked":"Sever Soul","floor":20.0},{"not_picked":["Thunderclap","Havoc"],"picked":"Battle Trance","floor":21.0},{"not_picked":["Combust","Perfected Strike"],"picked":"Iron Wave","floor":22.0},{"not_picked":["Carnage","Pommel Strike"],"picked":"Inflame+1","floor":24.0},{"not_picked":["Life Link+1","Body Slam"],"picked":"Feel No Pain+1","floor":25.0},{"not_picked":["Headbutt+1","Clothesline"],"picked":"Sword Boomerang+1","floor":27.0},{"not_picked":["Whirlwind","Body Slam"],"picked":"Berserk+1","floor":28.0},{"not_picked":["ReplayTheSpireMod:Stacked","Flame Barrier"],"picked":"Evolve+1","floor":29.0}],"player_experience":591961,"relics_obtained":[{"floor":6.0,"key":"Gambling Chip"},{"floor":9.0,"key":"HornCleat"},{"floor":14.0,"key":"Bottled Lightning"},{"floor":25.0,"key":"Frozen Egg 2"},{"floor":26.0,"key":"Kunai"},{"floor":27.0,"key":"StoneCalendar"},{"floor":29.0,"key":"Ancient Tea Set"}],"event_choices":[{"damage_healed":0.0,"max_hp_gain":0.0,"max_hp_loss":0.0,"gold_gain":0.0,"event_name":"The Cleric","player_choice":"Leave","floor":2.0,"gold_loss":0.0,"damage_taken":0.0},{"damage_healed":0.0,"max_hp_gain":0.0,"max_hp_loss":0.0,"gold_gain":0.0,"event_name":"Big Fish","player_choice":"Box","floor":4.0,"gold_loss":0.0,"damage_taken":0.0,"relics_obtained":["Anchor"],"cards_obtained":["Regret"]}],"is_beta":false,"boss_relics":[{"not_picked":["Snecko Eye","Velvet Choker"],"picked":"Cursed Key"}],"items_purged_floors":[10,30],"is_endless":false,"potions_floor_spawned":[3,12,16,21,24,25,28,29],"killed_by":"Shelled Parasite and Fungi","ascension_level":1}}