{"host":"j8ly90ps7nkk24ot","time":1609778368,"event":{"mods":["AchievementEnabler","Act Like it!","Aspiration","BaseMod","Better Note","Better Sensory Stone","Better Skull","Block Reminder","Clockwork Mod","Colored Map","Colored Powertips","DeckTracker","Dio Mod","Downfall","Fiend Mod","Googly Eyes","GungeonMod","Halation","Hermit","Highlight Path","Minty Spire (QoL Compilation)","Permanent Neow","Practice Mode","Quick Restart","Rare Cards Sparkle","Relic Sorter","Relic Stats","Replay The Spire","StSLib","SuperFastMode","Synergy Search","The Bladedancer","The Bug Knight","The Construct","The Disciple","The Exalted","The Juggle","The Necromancer","The Saiyan","The Servant 0.9.4","The Showman","The Wild Card","TheBandit","TheHero","Waifu the Spire","everything is the same but u backflip on backflip","slay the spire mod where everything is the same but ironclad has a cowboy hat"],"gold_per_floor":[115,127,139,156,156,156,189,289,289,309,78,97,110,137,137,235,235,247,262,273,273,273],"floor_reached":21,"playtime":1409,"items_purged":[],"score":195,"play_id":"f92c815a-0cce-48ef-88a5-63831ebd8c83","local_time":"20210104083928","is_ascension_mode":false,"campfire_choices":[{"floor":6,"key":"REST"},{"floor":15,"key":"REST"}],"circlet_count":0,"master_deck":["animeID:Deku","animeID:Bakugo","animeID:Smash","animeID:Smash","animeID:Smash","animeID:Smash","animeID:DefendMH","animeID:DefendMH","animeID:DefendMH","animeID:DefendMH","animeID:PresentMic","animeID:Muscular","animeID:TodorokiShoto","animeID:Mezo","animeID:Dabi","animeID:Kirishima","animeID:FatGum","animeID:Tamaki","animeID:Mezo","animeID:Ojiro","animeID:DetroitDelaware","animeID:PlusUltra","animeID:Uraraka","animeID:Tomura","animeID:HowitzerImpact"],"relics":["animeID:HeroCostume","Lantern","Girya","Vajra","Potion Belt","Philosopher\u0027s Stone"],"acts_visited":["Exordium","TheCity"],"potions_floor_usage":[14,16,16,21,21],"damage_taken":[{"damage":9,"enemies":"Cultist","floor":1,"turns":4},{"damage":23,"enemies":"Small Slimes","floor":2,"turns":5},{"damage":0,"enemies":"2 Louse","floor":3,"turns":1},{"damage":18,"enemies":"Lots of Slimes","floor":4,"turns":3},{"damage":34,"enemies":"Gremlin Nob","floor":7,"turns":4},{"damage":0,"enemies":"Gremlin Gang","floor":10,"turns":3},{"damage":6,"enemies":"Large Slime","floor":12,"turns":4},{"damage":0,"enemies":"3 Louse","floor":13,"turns":3},{"damage":28,"enemies":"Lagavulin","floor":14,"turns":10},{"damage":38,"enemies":"The Guardian","floor":16,"turns":8},{"damage":13,"enemies":"3 Byrds","floor":18,"turns":5},{"damage":13,"enemies":"Chosen","floor":19,"turns":4},{"damage":22,"enemies":"Snecko","floor":20,"turns":6},{"damage":62,"enemies":"Snake Plant","floor":21,"turns":5}],"seed_played":"-1354407110871849232","potions_obtained":[{"floor":1,"key":"Death Potion"},{"floor":4,"key":"Block Potion"},{"floor":10,"key":"Block Potion"},{"floor":16,"key":"SteroidPotion"},{"floor":19,"key":"SpeedPotion"},{"floor":20,"key":"Elixir"}],"is_trial":false,"path_per_floor":["M","M","M","M","?","R","E","?","T","M","$","M","M","E","R","B",null,"M","M","M","M"],"character_chosen":"THE_HERO","items_purchased":["Vajra","animeID:Tamaki"],"campfire_rested":2,"item_purchase_floors":[11,11],"current_hp_per_floor":[68,47,47,31,31,53,21,21,21,23,23,19,21,12,34,12,75,67,61,49,0,0],"gold":273,"neow_bonus":"ONE_RANDOM_RARE_CARD","is_daily":false,"chose_seed":false,"campfire_upgraded":0,"win_rate":0.0,"timestamp":1609778368,"path_taken":["M","?","M","M","?","R","E","?","T","?","?","M","M","E","R","BOSS","M","M","M","M"],"items_purchased_type":["Relic","Card"],"build_version":"2020-12-22","purchased_purges":0,"victory":false,"max_hp_per_floor":[75,75,75,75,75,75,75,75,75,75,75,75,75,75,75,75,75,75,75,75,75,75],"relic_stats":{"counters":[14,65],"obtain_stats":[{"Potion Belt":14,"Girya":9,"Lantern":7,"Vajra":11,"Philosopher\u0027s Stone":17,"DemoMod:GlassGuonStoneRelic":1,"animeID:HeroCostume":0},{"Potion Belt":9,"Girya":5,"Lantern":5,"Vajra":6,"Philosopher\u0027s Stone":10,"DemoMod:GlassGuonStoneRelic":1,"animeID:HeroCostume":0},{"Potion Belt":37,"Girya":17,"Lantern":17,"Vajra":20,"Philosopher\u0027s Stone":45,"DemoMod:GlassGuonStoneRelic":4,"animeID:HeroCostume":0}]},"card_choices":[{"not_picked":["animeID:ToruHagakure","animeID:DelawareSmash"],"picked":"animeID:Muscular","floor":1},{"not_picked":["animeID:DetroitSmash","animeID:Aoyama"],"picked":"animeID:TodorokiShoto","floor":2},{"not_picked":["animeID:Rappa","animeID:HighFive"],"picked":"animeID:Mezo","floor":3},{"not_picked":["animeID:Uraraka","animeID:DelawareSmash"],"picked":"animeID:Dabi","floor":4},{"not_picked":["animeID:Bakugo","animeID:MirioTogata"],"picked":"animeID:Kirishima","floor":7},{"not_picked":["animeID:Rappa","animeID:Kirishima"],"picked":"animeID:FatGum","floor":10},{"not_picked":["animeID:TodorokiShoto","animeID:Muscular"],"picked":"animeID:Mezo","floor":12},{"not_picked":["animeID:Tsuyu","animeID:Bakugo"],"picked":"animeID:Ojiro","floor":13},{"not_picked":["animeID:Tsuyu","animeID:TodorokiShoto"],"picked":"animeID:DetroitDelaware","floor":14},{"not_picked":["animeID:AllForOne","animeID:Shigaraki"],"picked":"animeID:PlusUltra","floor":16},{"not_picked":["animeID:GranTorino","animeID:Bakugo"],"picked":"animeID:Uraraka","floor":18},{"not_picked":["animeID:Bakugo","animeID:Kirishima"],"picked":"animeID:Tomura","floor":19},{"not_picked":["animeID:Deku","animeID:DetroitSmash+1"],"picked":"animeID:HowitzerImpact","floor":20}],"player_experience":130597,"relics_obtained":[{"floor":7,"key":"Lantern"},{"floor":9,"key":"Girya"},{"floor":14,"key":"Potion Belt"}],"event_choices":[{"damage_healed":0,"gold_gain":0,"player_choice":"Leave","damage_taken":0,"max_hp_gain":0,"max_hp_loss":0,"event_name":"The Cleric","floor":5,"gold_loss":0},{"damage_healed":0,"gold_gain":100,"player_choice":"Pray","damage_taken":0,"max_hp_gain":0,"max_hp_loss":0,"event_name":"Golden Shrine","floor":8,"gold_loss":0}],"is_beta":false,"boss_relics":[{"not_picked":["Painkiller Herb","Velvet Choker"],"picked":"Philosopher\u0027s Stone"}],"items_purged_floors":[],"is_endless":false,"potions_floor_spawned":[1,4,10,12,16,19,20],"killed_by":"Snake Plant","ascension_level":0}}