{"host":"yo9wwslrag05lh37","time":1609737827,"event":{"mods":["AchievementEnabler","BaseMod","Block Reminder","Colored Map","Colored Powertips","GifTheSpireLib","HexUI Lib","Highlight Path","Minty Spire (QoL Compilation)","Rare Cards Sparkle","Relic Stats","StSLib","everything is the same but u backflip on backflip"],"gold_per_floor":[118,37,61,61,61,96,96,107,107,107,138,138,173,185,185,257,257,268,268,268,21,21,21,34,67,67,67,67,67,92,103,103,177,177,196,0,13,68,88,88,107,107,107,107,119,119,152,152,152,152,152,152,152,16,43,43,43],"floor_reached":56,"playtime":3034,"items_purged":["Strike_G"],"score":1904,"play_id":"282106ab-c323-4ede-bc85-cdf4cf73eb57","local_time":"20210104062347","is_ascension_mode":true,"campfire_choices":[{"data":"Infinite Blades","floor":7.0,"key":"SMITH"},{"data":"Predator","floor":10.0,"key":"SMITH"},{"floor":12.0,"key":"REST"},{"floor":15.0,"key":"REST"},{"floor":23.0,"key":"REST"},{"floor":27.0,"key":"REST"},{"data":"Noxious Fumes","floor":28.0,"key":"SMITH"},{"data":"Night Terror","floor":32.0,"key":"SMITH"},{"floor":40.0,"key":"REST"},{"data":"Calculated Gamble","floor":44.0,"key":"SMITH"},{"floor":46.0,"key":"REST"},{"floor":49.0,"key":"RECALL"},{"data":"Footwork","floor":53.0,"key":"SMITH"}],"circlet_count":0,"master_deck":["AscendersBane","Strike_G+1","Strike_G+1","Strike_G+1","Defend_G+1","Defend_G+1","Defend_G+1","Defend_G+1","Defend_G+1","Survivor","Neutralize","Calculated Gamble+1","Footwork+1","Infinite Blades+1","Predator+1","Noxious Fumes+1","Dagger Throw","Corpse Explosion","Crippling Poison+1","Backflip","Night Terror+1","Adrenaline","Backflip","Acrobatics+1","Prepared+1","Footwork","Master of Strategy","Leg Sweep"],"relics":["Ring of the Snake","NeowsBlessing","PreservedInsect","White Beast Statue","Pantograph","Ginger","WingedGreaves","Nunchaku","Philosopher\u0027s Stone","Bronze Scales","Art of War","Bottled Flame","Omamori","SlaversCollar","Red Mask","Tough Bandages","Bottled Tornado","Snake Skull"],"acts_visited":["Exordium","TheCity","TheBeyond","TheEnding"],"potions_floor_usage":[56],"damage_taken":[{"damage":0.0,"enemies":"Cultist","floor":1.0,"turns":1.0},{"damage":0.0,"enemies":"Lagavulin","floor":6.0,"turns":1.0},{"damage":0.0,"enemies":"Jaw Worm","floor":8.0,"turns":1.0},{"damage":18.0,"enemies":"3 Sentries","floor":11.0,"turns":10.0},{"damage":11.0,"enemies":"Lagavulin","floor":13.0,"turns":7.0},{"damage":9.0,"enemies":"Small Slimes","floor":14.0,"turns":3.0},{"damage":35.0,"enemies":"Slime Boss","floor":16.0,"turns":11.0},{"damage":19.0,"enemies":"Spheric Guardian","floor":18.0,"turns":4.0},{"damage":16.0,"enemies":"Shell Parasite","floor":24.0,"turns":5.0},{"damage":25.0,"enemies":"Slavers","floor":25.0,"turns":3.0},{"damage":7.0,"enemies":"Book of Stabbing","floor":30.0,"turns":4.0},{"damage":14.0,"enemies":"Cultist and Chosen","floor":31.0,"turns":4.0},{"damage":32.0,"enemies":"Automaton","floor":33.0,"turns":12.0},{"damage":2.0,"enemies":"Orb Walker","floor":35.0,"turns":5.0},{"damage":0.0,"enemies":"3 Shapes","floor":37.0,"turns":5.0},{"damage":38.0,"enemies":"2 Orb Walkers","floor":38.0,"turns":4.0},{"damage":11.0,"enemies":"Spire Growth","floor":39.0,"turns":7.0},{"damage":0.0,"enemies":"Maw","floor":41.0,"turns":7.0},{"damage":21.0,"enemies":"Jaw Worm Horde","floor":45.0,"turns":3.0},{"damage":1.0,"enemies":"Nemesis","floor":47.0,"turns":7.0},{"damage":61.0,"enemies":"Time Eater","floor":50.0,"turns":15.0},{"damage":24.0,"enemies":"Donu and Deca","floor":51.0,"turns":10.0},{"damage":32.0,"enemies":"Shield and Spear","floor":55.0,"turns":5.0},{"damage":49,"enemies":"The Heart","floor":56,"turns":3}],"seed_played":"-5074744614061390133","potions_obtained":[{"floor":6.0,"key":"ColorlessPotion"},{"floor":8.0,"key":"Swift Potion"},{"floor":11.0,"key":"Weak Potion"},{"floor":13.0,"key":"Dexterity Potion"},{"floor":16.0,"key":"PowerPotion"},{"floor":25.0,"key":"DistilledChaos"},{"floor":30.0,"key":"CunningPotion"},{"floor":31.0,"key":"ColorlessPotion"},{"floor":33.0,"key":"CultistPotion"},{"floor":35.0,"key":"LiquidMemories"},{"floor":38.0,"key":"PowerPotion"},{"floor":39.0,"key":"CultistPotion"},{"floor":55.0,"key":"Dexterity Potion"}],"is_trial":false,"path_per_floor":["M","$","T","$","?","E","R","M","T","R","E","R","E","M","R","B",null,"M","?","?","$","?","R","M","E","T","R","R","?","E","M","R","B",null,"M","?","M","?","M","R","M","?","T","R","M","R","E","?","R","B","B",null,"R","$","E","B"],"character_chosen":"THE_SILENT","items_purchased":["Footwork","Bronze Scales","Leg Sweep","Fire Potion"],"campfire_rested":6,"item_purchase_floors":[2,21,54,54],"current_hp_per_floor":[59,59,59,59,33,33,33,33,33,33,15,34,23,14,33,23,55,36,49,31,31,31,52,36,11,11,32,32,32,25,11,11,4,54,52,52,52,14,3,24,24,38,38,38,17,38,37,37,37,1,2,54,54,54,22,0,0],"gold":43,"neow_bonus":"THREE_ENEMY_KILL","is_daily":false,"chose_seed":false,"campfire_upgraded":6,"win_rate":0.0,"timestamp":1609737827,"path_taken":["M","?","?","$","?","E","R","?","T","R","E","R","E","M","R","BOSS","M","?","?","$","?","R","M","E","T","R","R","?","E","?","R","BOSS","M","?","M","?","M","R","M","?","T","R","M","R","E","?","R","BOSS","BOSS","R","$","E","BOSS"],"items_purchased_type":["Card","Relic","Card","Potion"],"build_version":"2020-12-22","purchased_purges":1,"victory":false,"max_hp_per_floor":[66,66,66,66,66,66,66,66,66,66,66,66,66,66,66,66,66,66,66,71,71,71,71,71,71,71,71,71,71,71,71,71,71,71,71,71,71,71,71,71,71,71,71,71,71,71,71,71,71,71,71,71,71,71,71,71,71],"relic_stats":{"Nunchaku":[23],"Tough Bandages":[414],"counters":[24,137],"Pantograph":125,"Bronze Scales":[339],"PreservedInsect":273,"Snake Skull":[2],"Art of War":[17],"Ginger":[19],"obtain_stats":[{"NeowsBlessing":0,"PreservedInsect":3,"Snake Skull":55,"Omamori":30,"Ginger":9,"Bottled Tornado":47,"White Beast Statue":5,"SlaversCollar":34,"Nunchaku":13,"Bottled Flame":26,"Tough Bandages":38,"Pantograph":6,"Bronze Scales":21,"Philosopher\u0027s Stone":17,"WingedGreaves":11,"Art of War":25,"Red Mask":36,"Ring of the Snake":0},{"NeowsBlessing":0,"PreservedInsect":1,"Snake Skull":23,"Omamori":11,"Ginger":3,"Bottled Tornado":20,"White Beast Statue":1,"SlaversCollar":13,"Nunchaku":5,"Bottled Flame":10,"Tough Bandages":16,"Pantograph":2,"Bronze Scales":8,"Philosopher\u0027s Stone":7,"WingedGreaves":4,"Art of War":10,"Red Mask":14,"Ring of the Snake":0},{"NeowsBlessing":0,"PreservedInsect":1,"Snake Skull":134,"Omamori":50,"Ginger":3,"Bottled Tornado":104,"White Beast Statue":1,"SlaversCollar":66,"Nunchaku":20,"Bottled Flame":46,"Tough Bandages":80,"Pantograph":2,"Bronze Scales":38,"Philosopher\u0027s Stone":34,"WingedGreaves":13,"Art of War":46,"Red Mask":71,"Ring of the Snake":0}],"Ring of the Snake":[48]},"card_choices":[{"not_picked":["Cloak And Dagger","Flechettes"],"picked":"Calculated Gamble","floor":1.0},{"not_picked":["Cloak And Dagger","Setup"],"picked":"Infinite Blades","floor":6.0},{"not_picked":["Setup","Deflect"],"picked":"Predator","floor":8.0},{"not_picked":["Dagger Spray","Underhanded Strike"],"picked":"Noxious Fumes","floor":11.0},{"not_picked":["Setup","Venomology","Night Terror"],"picked":"SKIP","floor":13.0},{"not_picked":["Slice","Quick Slash"],"picked":"Dagger Throw","floor":14.0},{"not_picked":["Bullet Time","Phantasmal Killer"],"picked":"Corpse Explosion","floor":16.0},{"not_picked":["Skewer","Eviscerate"],"picked":"Crippling Poison+1","floor":18.0},{"not_picked":["Dagger Throw","Deflect+1"],"picked":"Backflip","floor":24.0},{"not_picked":["Sucker Punch","Deflect","Slice"],"picked":"SKIP","floor":25.0},{"not_picked":["Poisoned Stab+1","All Out Attack+1"],"picked":"Night Terror","floor":30.0},{"not_picked":["Slice","Cloak And Dagger","Terror"],"picked":"SKIP","floor":31.0},{"not_picked":["Envenom","Burst"],"picked":"Adrenaline","floor":33.0},{"not_picked":["Masterful Stab","Acrobatics+1"],"picked":"Backflip","floor":35.0},{"not_picked":["Bane","Outmaneuver+1","Dagger Throw"],"picked":"SKIP","floor":37.0},{"not_picked":["Prepared","Bane"],"picked":"Acrobatics+1","floor":39.0},{"not_picked":["Noxious Fumes","Quick Slash"],"picked":"Prepared+1","floor":41.0},{"not_picked":["Dodge and Roll","Dagger Throw","Deadly Poison"],"picked":"SKIP","floor":45.0},{"not_picked":["Setup+1","Tactician+1"],"picked":"Footwork","floor":47.0},{"not_picked":["Transmutation","Trip"],"picked":"Master of Strategy","floor":48.0},{"not_picked":["Underhanded Strike","Terror","Flying Knee"],"picked":"SKIP","floor":55.0}],"player_experience":1467637,"relics_obtained":[{"floor":3.0,"key":"PreservedInsect"},{"floor":6.0,"key":"Pantograph"},{"floor":9.0,"key":"Ginger"},{"floor":11.0,"key":"WingedGreaves"},{"floor":13.0,"key":"Nunchaku"},{"floor":25.0,"key":"Art of War"},{"floor":26.0,"key":"Bottled Flame"},{"floor":30.0,"key":"Omamori"},{"floor":38.0,"key":"Tough Bandages"},{"floor":47.0,"key":"Bottled Tornado"},{"floor":55.0,"key":"Snake Skull"}],"event_choices":[{"damage_healed":0.0,"max_hp_gain":0.0,"max_hp_loss":0.0,"gold_gain":0.0,"event_name":"Scrap Ooze","player_choice":"Success","floor":5.0,"gold_loss":0.0,"damage_taken":26.0,"relics_obtained":["White Beast Statue"]},{"damage_healed":13.0,"max_hp_gain":0.0,"max_hp_loss":0.0,"gold_gain":0.0,"event_name":"The Library","player_choice":"Heal","floor":19.0,"gold_loss":0.0,"damage_taken":0.0},{"damage_healed":0.0,"max_hp_gain":5.0,"max_hp_loss":0.0,"gold_gain":0.0,"event_name":"Forgotten Altar","player_choice":"Shed Blood","floor":20.0,"gold_loss":0.0,"damage_taken":23.0},{"damage_healed":0.0,"max_hp_gain":0.0,"max_hp_loss":0.0,"gold_gain":0.0,"event_name":"Back to Basics","player_choice":"Simplicity","floor":22.0,"gold_loss":0.0,"damage_taken":0.0,"cards_upgraded":["Strike_G","Strike_G","Strike_G","Strike_G","Defend_G","Defend_G","Defend_G","Defend_G","Defend_G"]},{"cards_removed":["Strike_G"],"damage_healed":0.0,"max_hp_gain":0.0,"max_hp_loss":0.0,"gold_gain":0.0,"event_name":"Bonfire Elementals","player_choice":"Offered Basic","floor":29.0,"gold_loss":0.0,"damage_taken":0.0},{"damage_healed":0.0,"max_hp_gain":0.0,"max_hp_loss":0.0,"gold_gain":0.0,"event_name":"Tomb of Lord Red Mask","player_choice":"Paid","floor":36.0,"gold_loss":196.0,"damage_taken":0.0,"relics_obtained":["Red Mask"]},{"damage_healed":0.0,"max_hp_gain":0.0,"max_hp_loss":0.0,"gold_gain":0.0,"event_name":"Mysterious Sphere","player_choice":"Fight","floor":38.0,"gold_loss":0.0,"damage_taken":0.0},{"damage_healed":14.0,"max_hp_gain":0.0,"max_hp_loss":0.0,"gold_gain":0.0,"event_name":"Winding Halls","player_choice":"Writhe","floor":42.0,"gold_loss":0.0,"damage_taken":0.0,"cards_obtained":["Writhe"]},{"damage_healed":0.0,"max_hp_gain":0.0,"max_hp_loss":0.0,"gold_gain":0.0,"event_name":"SensoryStone","player_choice":"Memory 1","floor":48.0,"gold_loss":0.0,"damage_taken":0.0}],"is_beta":false,"boss_relics":[{"not_picked":["Velvet Choker","WristBlade"],"picked":"Philosopher\u0027s Stone"},{"not_picked":["Tiny House","Empty Cage"],"picked":"SlaversCollar"}],"items_purged_floors":[21],"is_endless":false,"potions_floor_spawned":[6,8,11,13,14,16,18,24,25,30,31,33,35,37,38,39,41,45,47,55],"killed_by":"The Heart","ascension_level":20}}