{"host":"qnk15saze0ayia2v","time":1609719509,"event":{"mods":["BaseMod","GifTheSpireLib","Koishi","Marisa????????","Minty Spire (QoL Compilation)","Replay The Spire","StSLib","The Necromancer","The Servant 0.9.4"],"gold_per_floor":[119,119,139,155,155,155,170,189,214,139,158,158,158,158,158,279,279,292,292,332,332,355,355,369,369,369,124,144,144,170,248,248,383,446,468,252,585,603,623,623,647,647,670,550,576,576,119,192,192,200,200],"floor_reached":50,"playtime":3887,"items_purged":["Strike_P","Strike_P","Defend_P","Parasite","Replay:Hum+1"],"score":457,"play_id":"b2ce56b2-0213-44bb-8655-702ae4796de4","local_time":"20210104011829","is_ascension_mode":false,"campfire_choices":[{"data":"Eruption","floor":6,"key":"SMITH"},{"floor":12,"key":"REST"},{"floor":15,"key":"REST"},{"data":"1","floor":23,"key":"LIFT"},{"data":"2","floor":25,"key":"LIFT"},{"data":"3","floor":29,"key":"LIFT"},{"floor":32,"key":"REST"},{"floor":42,"key":"REST"},{"data":"DevaForm","floor":46,"key":"SMITH"},{"floor":49,"key":"REST"}],"circlet_count":0,"master_deck":["Strike_P+1","Defend_P+1","Defend_P+1","Eruption+1","Vigilance+1","PathToVictory","Replay:ManipulateFuture","DeceiveReality","CarveReality+1","Judgement","CurseOfTheBell","PathToVictory+1","LikeWater+1","MentalFortress+1","DevaForm+1","FearNoEvil"],"relics":["PureWater","Gremlin Food","Nunchaku","Mummified Hand","Calling Bell","Tiny Chest","Letter Opener","Girya","Red Mask","FossilizedHelix","Replay:Bandana","The Courier","Tiny House","Bag of Preparation","Lantern","OrangePellets","Onion Ring","Meat on the Bone"],"acts_visited":["Exordium","TheCity","TheBeyond"],"potions_floor_usage":[16,18,20,20,33,33,50,50,50],"damage_taken":[{"damage":0,"enemies":"2 Louse","floor":1,"turns":3},{"damage":0,"enemies":"Small Slimes","floor":3,"turns":3},{"damage":0,"enemies":"Cultist","floor":4,"turns":2},{"damage":19,"enemies":"Exordium Thugs","floor":7,"turns":5},{"damage":6,"enemies":"Looter","floor":8,"turns":3},{"damage":0,"enemies":"Blue Slaver","floor":11,"turns":4},{"damage":6,"enemies":"The Guardian","floor":16,"turns":9},{"damage":4,"enemies":"2 Thieves","floor":18,"turns":4},{"damage":0,"enemies":"Masked Bandits","floor":20,"turns":2},{"damage":9,"enemies":"3 Byrds","floor":22,"turns":4},{"damage":7,"enemies":"Snake Plant","floor":24,"turns":4},{"damage":0,"enemies":"Shelled Parasite and Fungi","floor":28,"turns":3},{"damage":0,"enemies":"3 Cultists","floor":30,"turns":4},{"damage":29,"enemies":"Champ","floor":33,"turns":15},{"damage":0,"enemies":"3 Shapes","floor":35,"turns":4},{"damage":0,"enemies":"Orb Walker","floor":38,"turns":3},{"damage":0,"enemies":"4 Shapes","floor":39,"turns":6},{"damage":30,"enemies":"Writhing Mass","floor":41,"turns":5},{"damage":7,"enemies":"3 Darklings","floor":45,"turns":4},{"damage":77,"enemies":"Awakened One","floor":50,"turns":11}],"seed_played":"5305891271989569454","potions_obtained":[{"floor":3,"key":"Strength Potion"},{"floor":7,"key":"SteroidPotion"},{"floor":11,"key":"SkillPotion"},{"floor":16,"key":"PowerPotion"},{"floor":18,"key":"DuplicationPotion"},{"floor":30,"key":"ColorlessPotion"},{"floor":33,"key":"DuplicationPotion"},{"floor":34,"key":"Strength Potion"},{"floor":38,"key":"BlessingOfTheForge"},{"floor":45,"key":"Ambrosia"}],"is_trial":false,"path_per_floor":["M","?","M","M","?","R","M","M","T","$","M","R","T","?","R","B",null,"M","?","?","?","M","R","M","R","T","$","M","R","M","T","R","B",null,"M","$","?","M","M","?","M","R","T","$","M","R","$","T","R","B"],"character_chosen":"WATCHER","items_purchased":["Replay:Bandana","Bag of Preparation","OrangePellets","Onion Ring"],"campfire_rested":5,"item_purchase_floors":[27,36,47,47],"current_hp_per_floor":[72,72,72,72,72,72,53,47,47,47,47,68,68,50,71,65,72,68,68,68,68,59,59,52,52,52,52,52,52,52,52,72,43,77,77,77,77,77,77,77,47,70,70,70,63,63,63,63,74,0,0],"gold":200,"neow_bonus":"RANDOM_COMMON_RELIC","is_daily":false,"chose_seed":false,"campfire_upgraded":2,"win_rate":0.0,"timestamp":1609719509,"path_taken":["M","?","M","M","?","R","?","M","T","$","M","R","?","?","R","BOSS","M","?","?","?","M","R","M","R","T","$","M","R","M","?","R","BOSS","M","$","?","M","M","?","M","R","T","?","M","R","$","?","R","BOSS"],"items_purchased_type":["Relic","Relic","Relic","Relic"],"build_version":"2020-12-22","purchased_purges":5,"victory":false,"max_hp_per_floor":[72,72,72,72,72,72,72,72,72,72,72,72,72,72,72,72,72,72,72,72,72,72,72,72,72,72,72,72,72,72,72,72,72,77,77,77,77,77,77,77,77,77,77,74,74,74,74,74,74,74,74],"card_choices":[{"not_picked":["Prostrate","ClearTheMind"],"picked":"PathToVictory","floor":1},{"not_picked":["CrushJoints","Replay:BluntJabs","Replay:AtTheReady"],"picked":"SKIP","floor":3},{"not_picked":["DeceiveReality","SashWhip"],"picked":"Replay:ManipulateFuture","floor":4},{"not_picked":["FlurryOfBlows","Replay:AllIn"],"picked":"DeceiveReality","floor":7},{"not_picked":["EmptyFist","Replay:BluntJabs"],"picked":"CarveReality","floor":8},{"not_picked":["Prostrate","Crescendo","Consecrate"],"picked":"SKIP","floor":11},{"not_picked":["Wish","LessonLearned"],"picked":"Judgement","floor":16},{"not_picked":["Consecrate+1","Replay:AtTheReady"],"picked":"PathToVictory+1","floor":18},{"not_picked":["CrushJoints","Replay:Vibes"],"picked":"MentalFortress+1","floor":20},{"not_picked":["Replay:BluntJabs","Protect","Replay:Hum"],"picked":"SKIP","floor":22},{"not_picked":["Meditate","Replay:ManipulateFuture","BowlingBash+1"],"picked":"SKIP","floor":24},{"not_picked":["SashWhip+1","WreathOfFlame","FlurryOfBlows"],"picked":"SKIP","floor":28},{"not_picked":["Consecrate+1","FlurryOfBlows","Replay:LoomingThreat"],"picked":"SKIP","floor":30},{"not_picked":["Replay:LoomingThreat","Judgement"],"picked":"DevaForm","floor":33},{"not_picked":["SashWhip+1","EmptyBody+1","MentalFortress"],"picked":"SKIP","floor":35},{"not_picked":["Protect+1","JustLucky+1"],"picked":"Replay:Hum+1","floor":38},{"not_picked":["Wallop","Replay:AtTheReady+1","SashWhip+1"],"picked":"SKIP","floor":39},{"not_picked":["Evaluate","FollowUp+1"],"picked":"FearNoEvil","floor":41},{"not_picked":["WreathOfFlame","Pray+1","Protect+1"],"picked":"SKIP","floor":45}],"player_experience":384631,"relics_obtained":[{"floor":9,"key":"Nunchaku"},{"floor":13,"key":"Mummified Hand"},{"floor":17,"key":"Tiny Chest"},{"floor":17,"key":"Letter Opener"},{"floor":17,"key":"Girya"},{"floor":20,"key":"Red Mask"},{"floor":26,"key":"FossilizedHelix"},{"floor":31,"key":"The Courier"},{"floor":43,"key":"Lantern"},{"floor":48,"key":"Meat on the Bone"}],"event_choices":[{"cards_removed":["Strike_P"],"damage_healed":0,"gold_gain":0,"player_choice":"Offered Basic","damage_taken":0,"max_hp_gain":0,"max_hp_loss":0,"event_name":"Bonfire Elementals","floor":5,"gold_loss":0},{"damage_healed":0,"gold_gain":0,"player_choice":"Take Damage","damage_taken":18,"relics_obtained":["Golden Idol"],"max_hp_gain":0,"max_hp_loss":0,"event_name":"Golden Idol","floor":14,"gold_loss":0},{"damage_healed":0,"gold_gain":0,"player_choice":"Read","damage_taken":0,"max_hp_gain":0,"max_hp_loss":0,"event_name":"The Library","floor":19,"gold_loss":0,"cards_obtained":["LikeWater"]},{"damage_healed":0,"gold_gain":0,"player_choice":"Fought Bandits","damage_taken":0,"max_hp_gain":0,"max_hp_loss":0,"event_name":"Masked Bandits","floor":20,"gold_loss":0},{"damage_healed":0,"gold_gain":0,"player_choice":"Ignored","damage_taken":0,"max_hp_gain":0,"max_hp_loss":0,"event_name":"Ghosts","floor":21,"gold_loss":0},{"damage_healed":0,"gold_gain":333,"player_choice":"Gave Idol","damage_taken":0,"max_hp_gain":0,"max_hp_loss":0,"event_name":"The Moai Head","floor":37,"relics_lost":["Golden Idol"],"gold_loss":0}],"is_beta":false,"boss_relics":[{"not_picked":["Replay:Drink Me","Black Star"],"picked":"Calling Bell"},{"not_picked":["ReplayTheSpireMod:DimensionalGlitch","Abe\u0027s Treasure"],"picked":"Tiny House"}],"items_purged_floors":[10,27,36,44,47],"is_endless":false,"potions_floor_spawned":[3,7,11,16,18,30,33,38,45],"killed_by":"Awakened One","ascension_level":0}}