{"host":"wbdly04l9mkn9nrc","time":1609763176,"event":{"mods":["AchievementEnabler","BaseMod","BetterRewards","Minty Spire (QoL Compilation)","StSLib"],"gold_per_floor":[113,113,130,63,63,90,90,102,102,102,122,22,22,32,32,128,128,148,80,80,80,80,80,80,80,80,96,123,134,160,175,175,274,274,289,289,300,310,359,9,9,44,93,103,130,130,130,0,0,0],"floor_reached":51,"playtime":2901,"items_purged":["Strike_P","Defend_P"],"score":1204,"play_id":"23482c6f-b4f2-450c-a2b6-15ce296887a6","local_time":"20210104202616","is_ascension_mode":true,"campfire_choices":[{"data":"Pain","floor":7.0,"key":"PURGE"},{"data":"CrushJoints","floor":10.0,"key":"SMITH"},{"data":"1","floor":13.0,"key":"LIFT"},{"data":"TalkToTheHand","floor":15.0,"key":"SMITH"},{"data":"Shame","floor":23.0,"key":"PURGE"},{"data":"BattleHymn","floor":25.0,"key":"SMITH"},{"floor":32.0,"key":"REST"},{"data":"Writhe","floor":41.0,"key":"PURGE"},{"data":"CutThroughFate","floor":47,"key":"SMITH"},{"data":"Strike_P","floor":49,"key":"PURGE"}],"circlet_count":0,"master_deck":["Strike_P","Strike_P","Defend_P","Defend_P","Defend_P","Eruption","Vigilance","TalkToTheHand+1","FlyingSleeves","FollowUp","CrushJoints+1","CutThroughFate+1","Indignation+1","Evaluate","EmptyFist+1","ClearTheMind","Scrawl","BattleHymn+1","RitualDagger","Crescendo","Establishment+1","InnerPeace+1","LessonLearned","CurseOfTheBell","ThirdEye+1","Halt+1","EmptyBody+1","DevaForm+1","Tantrum+1","Crescendo+1","Jack Of All Trades+1"],"relics":["HolyWater","Peace Pipe","Happy Flower","Sundial","WarpedTongs","CloakClasp","Frozen Egg 2","Nloth\u0027s Gift","Bottled Tornado","White Beast Statue","Centennial Puzzle","Calling Bell","GoldenEye","Eternal Feather","Strawberry","Mango","Membership Card","PreservedInsect","Toxic Egg 2","Oddly Smooth Stone","Dream Catcher","Ginger","Pantograph"],"acts_visited":["Exordium","TheCity","TheBeyond"],"potions_floor_usage":[],"damage_taken":[{"damage":3.0,"enemies":"2 Louse","floor":1.0,"turns":3.0},{"damage":0.0,"enemies":"Cultist","floor":3.0,"turns":3.0},{"damage":3.0,"enemies":"Gremlin Nob","floor":6.0,"turns":2.0},{"damage":0.0,"enemies":"Small Slimes","floor":8.0,"turns":1.0},{"damage":0.0,"enemies":"2 Fungi Beasts","floor":11.0,"turns":3.0},{"damage":7.0,"enemies":"Exordium Wildlife","floor":14.0,"turns":2.0},{"damage":28.0,"enemies":"Hexaghost","floor":16.0,"turns":5.0},{"damage":3.0,"enemies":"2 Thieves","floor":18.0,"turns":3.0},{"damage":3.0,"enemies":"Chosen","floor":27.0,"turns":3.0},{"damage":25.0,"enemies":"Slavers","floor":28.0,"turns":4.0},{"damage":12.0,"enemies":"Snake Plant","floor":29.0,"turns":3.0},{"damage":19.0,"enemies":"Gremlin Leader","floor":30.0,"turns":5.0},{"damage":0.0,"enemies":"Chosen and Byrds","floor":31.0,"turns":3.0},{"damage":15.0,"enemies":"Champ","floor":33.0,"turns":4.0},{"damage":31.0,"enemies":"3 Darklings","floor":35.0,"turns":4.0},{"damage":12.0,"enemies":"Orb Walker","floor":37.0,"turns":2.0},{"damage":0.0,"enemies":"Transient","floor":38.0,"turns":5.0},{"damage":20.0,"enemies":"2 Orb Walkers","floor":39.0,"turns":3.0},{"damage":22.0,"enemies":"Nemesis","floor":42.0,"turns":5.0},{"damage":13.0,"enemies":"4 Shapes","floor":44.0,"turns":4.0},{"damage":3.0,"enemies":"Giant Head","floor":45.0,"turns":5.0},{"damage":90,"enemies":"Time Eater","floor":50,"turns":8}],"seed_played":"-8462954450541917269","potions_obtained":[{"floor":1.0,"key":"BottledMiracle"},{"floor":14.0,"key":"Swift Potion"},{"floor":16.0,"key":"Energy Potion"},{"floor":29.0,"key":"GamblersBrew"},{"floor":31.0,"key":"DuplicationPotion"},{"floor":33.0,"key":"LiquidMemories"},{"floor":35.0,"key":"SpeedPotion"},{"floor":37.0,"key":"Strength Potion"},{"floor":38.0,"key":"Swift Potion"},{"floor":39.0,"key":"LiquidBronze"},{"floor":42.0,"key":"SpeedPotion"},{"floor":44.0,"key":"BlessingOfTheForge"}],"is_trial":false,"path_per_floor":["M","?","M","$","?","E","R","M","T","R","M","$","R","M","R","B",null,"M","$","?","?","$","R","?","R","T","M","E","M","E","M","R","B",null,"M","?","M","M","?","$","R","E","T","M","E","?","R","$","R","B",null],"character_chosen":"WATCHER","items_purchased":["TalkToTheHand","Peace Pipe","Happy Flower","FlyingSleeves","Sundial","FollowUp","CrushJoints","Establishment","Indignation","BattleHymn","Membership Card","PreservedInsect","Toxic Egg 2","Pantograph"],"campfire_rested":1,"item_purchase_floors":[0,0,0,0,0,0,0,0,4,19,40,40,40,48],"current_hp_per_floor":[31,82,82,82,82,79,79,79,79,79,79,79,79,72,72,44,82,79,79,73,73,73,73,73,73,73,70,45,33,14,14,38,23,89,58,80,68,68,62,62,77,55,55,42,39,39,57,57,75,10],"gold":0,"neow_bonus":"","is_daily":false,"chose_seed":false,"campfire_upgraded":4,"win_rate":0.0,"timestamp":1609763176,"path_taken":["M","?","?","$","?","E","R","M","T","R","?","$","R","M","R","BOSS","M","$","?","?","?","R","?","R","T","?","E","M","E","M","R","BOSS","M","?","M","M","?","$","R","E","T","M","E","?","R","$","R","BOSS"],"items_purchased_type":["Card","Relic","Relic","Card","Relic","Card","Card","Card","Card","Card","Relic","Relic","Relic","Relic"],"build_version":"2020-12-22","purchased_purges":2,"victory":true,"max_hp_per_floor":[72,82,82,82,82,82,82,82,82,82,82,82,82,82,82,82,82,82,82,82,82,82,82,82,82,82,82,82,82,82,82,82,82,89,89,89,89,89,103,103,103,103,103,103,103,103,103,103,103,103],"card_choices":[{"not_picked":["Consecrate","CrushJoints","FollowUp"],"picked":"SKIP","floor":1.0},{"not_picked":["Prostrate","Crescendo"],"picked":"CutThroughFate","floor":3.0},{"not_picked":["BowlingBash","CutThroughFate"],"picked":"Evaluate","floor":6.0},{"not_picked":["MentalFortress","SpiritShield"],"picked":"EmptyFist","floor":8.0},{"not_picked":["EmptyBody","Evaluate"],"picked":"ClearTheMind","floor":11.0},{"not_picked":["TalkToTheHand","ClearTheMind","FollowUp"],"picked":"SKIP","floor":14.0},{"not_picked":["Devotion","Omniscience"],"picked":"Scrawl","floor":16.0},{"not_picked":["CutThroughFate","EmptyBody","Perseverance"],"picked":"SKIP","floor":18.0},{"not_picked":["FlurryOfBlows","ThirdEye","ClearTheMind"],"picked":"SKIP","floor":27.0},{"not_picked":["EmptyMind","CarveReality"],"picked":"Crescendo","floor":28.0},{"not_picked":["FollowUp","Consecrate"],"picked":"Establishment+1","floor":29.0},{"not_picked":["WheelKick","Swivel","EmptyFist"],"picked":"SKIP","floor":30.0},{"not_picked":["EmptyFist+1","Crescendo"],"picked":"InnerPeace+1","floor":31.0},{"not_picked":["DevaForm+1","MasterReality+1"],"picked":"LessonLearned","floor":33.0},{"not_picked":["ClearTheMind+1","TalkToTheHand+1"],"picked":"ThirdEye+1","floor":35.0},{"not_picked":["EmptyMind","CrushJoints+1","Ragnarok"],"picked":"SKIP","floor":37.0},{"not_picked":["ReachHeaven","BattleHymn+1"],"picked":"Halt+1","floor":38.0},{"not_picked":["Perseverance","Fasting2+1"],"picked":"EmptyBody+1","floor":39.0},{"not_picked":["Sanctity+1","Halt+1"],"picked":"DevaForm+1","floor":42.0},{"not_picked":["PathToVictory+1","SashWhip+1"],"picked":"Tantrum+1","floor":44.0},{"not_picked":["Indignation+1","Worship+1"],"picked":"Crescendo+1","floor":45.0},{"not_picked":["Finesse+1","Impatience+1"],"picked":"Jack Of All Trades+1","floor":46}],"player_experience":190355,"relics_obtained":[{"floor":6.0,"key":"Girya"},{"floor":9.0,"key":"CloakClasp"},{"floor":26.0,"key":"Bottled Tornado"},{"floor":28.0,"key":"White Beast Statue"},{"floor":30.0,"key":"Centennial Puzzle"},{"floor":34.0,"key":"GoldenEye"},{"floor":34.0,"key":"Eternal Feather"},{"floor":34.0,"key":"Strawberry"},{"floor":39.0,"key":"Mango"},{"floor":42.0,"key":"Oddly Smooth Stone"},{"floor":43.0,"key":"Dream Catcher"},{"floor":45.0,"key":"Ginger"}],"event_choices":[{"cards_removed":["Establishment"],"damage_healed":41.0,"max_hp_gain":10.0,"max_hp_loss":0.0,"gold_gain":0.0,"event_name":"Bonfire Elementals","player_choice":"Offered Rare","floor":2.0,"gold_loss":0.0,"damage_taken":0.0},{"damage_healed":0.0,"max_hp_gain":0.0,"max_hp_loss":0.0,"gold_gain":0.0,"event_name":"Accursed Blacksmith","player_choice":"Rummage","floor":5.0,"gold_loss":0.0,"damage_taken":0.0,"relics_obtained":["WarpedTongs"],"cards_obtained":["Pain"]},{"damage_healed":0.0,"max_hp_gain":0.0,"max_hp_loss":0.0,"gold_gain":0.0,"event_name":"Nest","player_choice":"Joined the Cult","floor":20.0,"gold_loss":0.0,"damage_taken":6.0,"cards_obtained":["RitualDagger"]},{"damage_healed":0.0,"max_hp_gain":0.0,"max_hp_loss":0.0,"gold_gain":0.0,"event_name":"Addict","player_choice":"Stole Relic","floor":21.0,"gold_loss":0.0,"damage_taken":0.0,"relics_obtained":["Frozen Egg 2"],"cards_obtained":["Shame"]},{"damage_healed":0.0,"max_hp_gain":0.0,"max_hp_loss":0.0,"gold_gain":0.0,"event_name":"N\u0027loth","player_choice":"Traded Relic","floor":24.0,"relics_lost":["Girya"],"gold_loss":0.0,"damage_taken":0.0,"relics_obtained":["Nloth\u0027s Gift"]},{"damage_healed":22.0,"max_hp_gain":0.0,"max_hp_loss":0.0,"gold_gain":0.0,"event_name":"Winding Halls","player_choice":"Writhe","floor":36.0,"gold_loss":0.0,"damage_taken":0.0,"cards_obtained":["Writhe"]},{"damage_healed":0.0,"max_hp_gain":0.0,"max_hp_loss":0.0,"gold_gain":0.0,"event_name":"Mysterious Sphere","player_choice":"Fight","floor":39.0,"gold_loss":0.0,"damage_taken":0.0},{"damage_healed":0,"gold_gain":0,"player_choice":"Memory 1","damage_taken":0,"max_hp_gain":0,"max_hp_loss":0,"event_name":"SensoryStone","floor":46,"gold_loss":0}],"is_beta":false,"boss_relics":[{"not_picked":["Runic Pyramid","Busted Crown"],"picked":"HolyWater"},{"not_picked":["VioletLotus","Runic Dome"],"picked":"Calling Bell"}],"items_purged_floors":[0,12],"is_endless":false,"potions_floor_spawned":[1,14,16,27,29,30,31,33,35,37,38,39,42,44,45],"ascension_level":4}}