{"host":"yiit85oc4oi3nqs8","time":1609756809,"event":{"mods":["AchievementEnabler","BaseMod","Better Third Choice","Block Reminder","DeckTracker","Highlight Path","Keyboard Shortcuts","Minty Spire (QoL Compilation)","MonsterHotkey","Quick Restart","Random Character Button","Relic Stats","StSLib"],"gold_per_floor":[110,120,136,136,136,155,155,155,175,187,187,201,212,232,249,13,13,13,13,117,117,137,157,172,172,172,172,172,172,72,88,115,129,54,54,54,54,54,54,64,64,64,64,169,169,186,186,186,186,186,205,205,172,47,47,47,47,47],"floor_reached":57,"playtime":2131,"items_purged":["Strike_R","Strike_R","Purity"],"score":496,"play_id":"227731a8-e960-4c8a-ba25-cdbd81d90c03","local_time":"20210104194009","is_ascension_mode":false,"campfire_choices":[{"data":"Disarm","floor":7.0,"key":"SMITH"},{"data":"Body Slam","floor":8.0,"key":"SMITH"},{"data":"Armaments","floor":18.0,"key":"SMITH"},{"data":"Juggernaut","floor":19.0,"key":"SMITH"},{"data":"Metallicize","floor":27.0,"key":"SMITH"},{"data":"Defend_R","floor":28.0,"key":"SMITH"},{"data":"Defend_R","floor":36.0,"key":"SMITH"},{"data":"Bash","floor":37.0,"key":"SMITH"},{"data":"Defend_R","floor":41.0,"key":"SMITH"},{"data":"Defend_R","floor":42.0,"key":"SMITH"},{"data":"Strike_R","floor":43.0,"key":"SMITH"},{"data":"Juggernaut","floor":55.0,"key":"SMITH"},{"data":"Dual Wield","floor":56.0,"key":"SMITH"}],"circlet_count":0,"master_deck":["Strike_R+1","Defend_R+1","Defend_R+1","Defend_R+1","Defend_R+1","Bash+1","Body Slam+1","Disarm+1","Metallicize+1","Juggernaut+1","Juggernaut+1","Dual Wield+1","Metallicize"],"relics":["Burning Blood"],"acts_visited":["Exordium","TheCity","TheBeyond"],"potions_floor_usage":[57],"damage_taken":[{"damage":8.0,"enemies":"Cultist","floor":1.0,"turns":5.0},{"damage":2.0,"enemies":"Small Slimes","floor":2.0,"turns":4.0},{"damage":6.0,"enemies":"2 Louse","floor":3.0,"turns":3.0},{"damage":51.0,"enemies":"Exordium Thugs","floor":6.0,"turns":10.0},{"damage":12.0,"enemies":"Exordium Wildlife","floor":9.0,"turns":5.0},{"damage":25.0,"enemies":"Large Slime","floor":10.0,"turns":10.0},{"damage":0.0,"enemies":"2 Fungi Beasts","floor":12.0,"turns":3.0},{"damage":0.0,"enemies":"Red Slaver","floor":13.0,"turns":4.0},{"damage":0.0,"enemies":"Blue Slaver","floor":14.0,"turns":6.0},{"damage":4.0,"enemies":"Gremlin Gang","floor":15.0,"turns":8.0},{"damage":24.0,"enemies":"Slime Boss","floor":20.0,"turns":9.0},{"damage":35.0,"enemies":"2 Thieves","floor":22.0,"turns":5.0},{"damage":6.0,"enemies":"3 Byrds","floor":23.0,"turns":5.0},{"damage":8.0,"enemies":"Snecko","floor":24.0,"turns":7.0},{"damage":16.0,"enemies":"Cultist and Chosen","floor":31.0,"turns":8.0},{"damage":16.0,"enemies":"Snake Plant","floor":33.0,"turns":5.0},{"damage":8.0,"enemies":"Shelled Parasite and Fungi","floor":40.0,"turns":5.0},{"damage":47.0,"enemies":"Champ","floor":44.0,"turns":10.0},{"damage":42.0,"enemies":"3 Darklings","floor":46.0,"turns":6.0},{"damage":13.0,"enemies":"Orb Walker","floor":51.0,"turns":5.0},{"damage":37,"enemies":"Spire Growth","floor":57,"turns":6}],"seed_played":"418567398289120434","potions_obtained":[{"floor":6.0,"key":"Block Potion"},{"floor":10.0,"key":"Weak Potion"},{"floor":13.0,"key":"Energy Potion"},{"floor":14.0,"key":"SkillPotion"},{"floor":20.0,"key":"Weak Potion"},{"floor":23.0,"key":"LiquidBronze"},{"floor":31.0,"key":"PowerPotion"},{"floor":46.0,"key":"Block Potion"}],"is_trial":false,"path_per_floor":["M","M","M","?","?","M","R","R","M","M","T","M","M","M","M","$","$","R","R","B",null,"M","M","M","?","?","R","R","$","$","M","T","M","?","?","R","R","$","?","M","R","R","R","B",null,"M","?","?","?","?","M","?","$","$","R","R","M"],"character_chosen":"IRONCLAD","items_purchased":["Juggernaut","Metallicize"],"campfire_rested":0,"item_purchase_floors":[16,53],"current_hp_per_floor":[78,80,80,80,80,35,35,35,29,10,10,16,22,28,30,30,30,30,30,12,80,51,51,49,75,75,75,75,75,75,65,65,55,55,55,55,55,55,55,53,53,53,53,12,80,44,44,44,44,44,37,37,37,37,37,37,0,0],"gold":47,"neow_bonus":"THREE_CARDS","is_daily":false,"chose_seed":false,"campfire_upgraded":13,"win_rate":0.0,"timestamp":1609756809,"path_taken":["M","M","M","?","?","M","R","R","M","M","T","M","M","M","?","$","$","R","R","BOSS","M","M","M","?","?","R","R","$","$","M","T","M","?","?","R","R","?","?","M","R","R","R","BOSS","M","?","?","?","?","?","?","$","$","R","R","M"],"items_purchased_type":["Card","Card"],"build_version":"2020-12-22","purchased_purges":3,"victory":false,"max_hp_per_floor":[80,80,80,80,80,80,80,80,80,80,80,80,80,80,80,80,80,80,80,80,80,80,80,80,80,80,80,80,80,80,80,80,80,80,80,80,80,80,80,80,80,80,80,80,80,80,80,80,80,80,80,80,80,80,80,80,80,80],"relic_stats":{"counters":[21,129],"obtain_stats":[{"Burning Blood":0},{"Burning Blood":0},{"Burning Blood":0}],"Burning Blood":118},"card_choices":[{"not_picked":["Anger","Infernal Blade"],"picked":"Body Slam","floor":0.0},{"not_picked":["Heavy Blade","Clash","Thunderclap"],"picked":"SKIP","floor":1.0},{"not_picked":["Anger","Clash","Burning Pact"],"picked":"SKIP","floor":2.0},{"not_picked":["Thunderclap","Second Wind"],"picked":"Disarm","floor":3.0},{"not_picked":["Armaments","Warcry","Havoc"],"picked":"SKIP","floor":6.0},{"not_picked":["Twin Strike","Hemokinesis","Immolate"],"picked":"SKIP","floor":9.0},{"not_picked":["Pommel Strike","Dual Wield"],"picked":"Armaments","floor":10.0},{"not_picked":["Shockwave","Dropkick","Cleave"],"picked":"SKIP","floor":12.0},{"not_picked":["Anger","Wild Strike"],"picked":"Metallicize","floor":13.0},{"not_picked":["Clash","Rupture","Havoc"],"picked":"SKIP","floor":14.0},{"not_picked":["Clothesline","Dark Embrace","Thunderclap"],"picked":"SKIP","floor":15.0},{"not_picked":["Clothesline+1","Bloodletting+1","Havoc+1"],"picked":"SKIP","floor":22.0},{"not_picked":["Sword Boomerang","Rupture","Perfected Strike"],"picked":"SKIP","floor":23.0},{"not_picked":["Wild Strike","Pommel Strike","Disarm"],"picked":"SKIP","floor":24.0},{"not_picked":["Second Wind+1","Bloodletting+1","Warcry"],"picked":"SKIP","floor":31.0},{"not_picked":["Heavy Blade","Hemokinesis","Exhume"],"picked":"SKIP","floor":33.0},{"not_picked":["Intimidate","Body Slam","Havoc+1"],"picked":"SKIP","floor":40.0},{"not_picked":["Limit Break","Offering"],"picked":"Juggernaut","floor":44.0},{"not_picked":["Thunderclap+1","Pommel Strike","Perfected Strike"],"picked":"SKIP","floor":46.0},{"not_picked":["Violence","The Bomb"],"picked":"Purity","floor":48.0},{"not_picked":["Sword Boomerang+1","Reckless Charge"],"picked":"Dual Wield","floor":51.0}],"player_experience":437334,"relics_obtained":[],"event_choices":[{"damage_healed":0.0,"max_hp_gain":0.0,"max_hp_loss":0.0,"gold_gain":0.0,"event_name":"Golden Idol","player_choice":"Ignored","floor":4.0,"gold_loss":0.0,"damage_taken":0.0},{"damage_healed":0.0,"max_hp_gain":0.0,"max_hp_loss":0.0,"gold_gain":0.0,"event_name":"Wheel of Change","player_choice":"Full Heal","floor":5.0,"gold_loss":0.0,"damage_taken":0.0},{"damage_healed":26.0,"max_hp_gain":0.0,"max_hp_loss":0.0,"gold_gain":0.0,"event_name":"The Library","player_choice":"Heal","floor":25.0,"gold_loss":0.0,"damage_taken":0.0},{"damage_healed":0.0,"max_hp_gain":0.0,"max_hp_loss":0.0,"gold_gain":0.0,"event_name":"Cursed Tome","player_choice":"Ignored","floor":26.0,"gold_loss":0.0,"damage_taken":0.0},{"cards_removed":["Strike_R"],"damage_healed":0.0,"max_hp_gain":0.0,"max_hp_loss":0.0,"gold_gain":0.0,"event_name":"Beggar","player_choice":"Gave Gold","floor":34.0,"gold_loss":75.0,"damage_taken":0.0},{"damage_healed":0.0,"max_hp_gain":0.0,"max_hp_loss":0.0,"gold_gain":0.0,"event_name":"Tomb of Lord Red Mask","player_choice":"Ignored","floor":47.0,"gold_loss":0.0,"damage_taken":0.0},{"damage_healed":0.0,"max_hp_gain":0.0,"max_hp_loss":0.0,"gold_gain":0.0,"event_name":"SensoryStone","player_choice":"Memory 1","floor":48.0,"gold_loss":0.0,"damage_taken":0.0},{"cards_removed":["Armaments"],"damage_healed":0.0,"max_hp_gain":0.0,"max_hp_loss":0.0,"gold_gain":0.0,"event_name":"Falling","player_choice":"Removed Skill","floor":49.0,"gold_loss":0.0,"damage_taken":0.0},{"cards_removed":["Strike_R"],"damage_healed":0.0,"max_hp_gain":0.0,"max_hp_loss":0.0,"gold_gain":0.0,"event_name":"Bonfire Elementals","player_choice":"Offered Basic","floor":50.0,"gold_loss":0.0,"damage_taken":0.0}],"is_beta":false,"boss_relics":[{"not_picked":[]},{"not_picked":["Black Blood","Astrolabe","Philosopher\u0027s Stone"]}],"items_purged_floors":[16,30,54],"is_endless":false,"potions_floor_spawned":[6,10,13,14,15,20,23,31,46],"killed_by":"Spire Growth","ascension_level":0}}