{"host":"vhikgave70uorr7d","time":1609733618,"event":{"mods":["AchievementEnabler","Act Like it!","Ascension Reborn","Ascension Unlocker","BaseMod","Beaked The Cultist","Better Altar","Better Match","Better Note","Better Sensory Stone","Better Skull","Better Third Choice","BetterRewards","ChefMod","Colored Powertips","Custom Start","Defuse TimeMaze Blight","Downfall","Elementarium","Energized Spire","GifTheSpireLib","GungeonMod","Hermit","Hero for Fun","Highlight Path","Hubris","Infinite Spire","JesterMod","Marisa????????","Menagerie","Mimic Mod","Minty Spire (QoL Compilation)","MostiFishMod","Permanent Neow","Quick Restart","Rare Cards Sparkle","Relic Filter","Remove Card Discount Mod","Replay The Spire","Retaliation","Shade Mod","Small Relic Pack","Spicy Shops","StSLib","Swap Starting Deck Mod","Td1madao Mod","The Accelerator","The Alterego","The Animator","The Bladedancer","The Blue Laboratory","The Bug Knight","The Construct","The Cursed","The Disciple","The Hayseed","The Hierophant","The Mystic","The Necromancer","The Runesmith","The Servant 0.9.4","The Vixen","The Wild Card","TheSwordswoman","TheVacant","Transform Curses"],"gold_per_floor":[119,119,60,80,96,96,96,126,126,126,51,326,326,426,426,826,826,836,855,873,873,1148,1148,1178,1228,1228,1228,1228,1228,1243,1262,1262,1357,1357,1374,1391,1391,1402,1414,1443,1493,1164,1164,422,422,322,333,365,365,365,365,365,665,679,707,757],"floor_reached":57,"playtime":6610,"items_purged":["TheCursedMod:Defend_TheCursed","TheCursedMod:Defend_TheCursed","TheCursedMod:Defend_TheCursed","TheCursedMod:Defend_TheCursed","TheCursedMod:Strike_TheCursed+1","TheCursedMod:Strike_TheCursed+1","TheCursedMod:Strike_TheCursed+1","TheCursedMod:Strike_TheCursed+1","Wraith"],"score":1653,"play_id":"1007aeab-a2f1-4f63-8ec7-13e7080e481c","local_time":"20210103231338","is_ascension_mode":true,"campfire_choices":[{"data":"TheCursedMod:ReleasedStrength","floor":6,"key":"SMITH"},{"data":"TheCursedMod:ForbiddenAlchemy","floor":10,"key":"SMITH"},{"data":"TheCursedMod:CircleOfFlame","floor":15,"key":"SMITH"},{"floor":23,"key":"RECALL"},{"data":"TheCursedMod:CircleOfFlame","floor":25,"key":"SMITH"},{"data":"TheCursedMod:CircleOfFlame","floor":27,"key":"SMITH"},{"data":"hubris:Fate","floor":32,"key":"SMITH"},{"data":"TheCursedMod:CircleOfFlame","floor":49,"key":"SMITH"},{"floor":52,"key":"REST"}],"circlet_count":0,"master_deck":["TheCursedMod:CursedWand+1","TheCursedMod:CleanUpWorkshop+1","TheCursedMod:Dregs","TheCursedMod:EmpowerCircles+1","TheCursedMod:TroublousMinions+1","TheCursedMod:ReleasedStrength+1","TheCursedMod:ForbiddenAlchemy+1","Regret","TheCursedMod:CircleOfFlame+1","TheCursedMod:VoidForm+1","TheCursedMod:CircleOfAbyss+1","TheCursedMod:CircleOfFlame+1","TheCursedMod:VoidForm+1","Regret","TheCursedMod:CircleOfFlame+1","hubris:Fate+1","TheCursedMod:SpitefulPlan+1","TheCursedMod:CollectTribute+1","TheCursedMod:CircleOfAmplification+1","TheCursedMod:Hemoplague+1","TheCursedMod:CircleOfWindfury+1","TheCursedMod:CircleOfFocus+1","TheCursedMod:ReleasedStrength+1","TheCursedMod:CircleOfFlame+1","TheCursedMod:LuckyCharm+1","TheCursedMod:CircleOfCorruption+1","TheCursedMod:TroublousMinions+1","TheCursedMod:EmpowerCircles+1","TheCursedMod:CursedShiv+1","TheCursedMod:CursedShiv+1"],"relics":["TheCursedMod:BlackMagic101","DaveBox","OneHitWonderSystem","SynthV:TestCard","Orichalcum","DemoMod:GlassGuonStoneRelic","DemoMod:WhiteGuonStone","Potion Belt","Juzu Bracelet","DSteel32","hubris:OldNail","infinitespire:Satchel","ChiXiaoBlade","hubris:MobiusCoin","JellyFishMachine","ChiLing","Chi","Ling","relicPack:OneForAll","Philosopher\u0027s Stone","DemoMod:MemoryAlloy","construct:BoolHorns","Runesmith:AutoHammer","Bag of Preparation","Nunchaku","Molten Egg 2","DemoMod:ClearGuonStone","jesterMod:MirrorMask","Frozen Eye","DemoMod:Metronome","hubris:NiceRug","Pen Nib","Centennial Puzzle","Technique","infinitespire:Eraser","infinitespire:Beetle Shell","MetatronsCube","Ice Cream"],"acts_visited":["Exordium","TheCity","TheBeyond","TheEnding"],"potions_floor_usage":[16,16,16,17,33,33,33,33,33,50,50,50,50,50,50,50,50,50,50,50,50,50,50,50,53,56,56,56,56,56,56,56,56,56,56,56,56,56,56],"damage_taken":[{"damage":0,"enemies":"Jaw Worm","floor":1,"turns":3},{"damage":0,"enemies":"Cultist","floor":4,"turns":2},{"damage":0,"enemies":"Small Slimes","floor":5,"turns":2},{"damage":0,"enemies":"Lagavulin","floor":8,"turns":4},{"damage":0,"enemies":"Fading Forest","floor":16,"turns":11},{"damage":0,"enemies":"3 Byrds","floor":18,"turns":3},{"damage":0,"enemies":"Chosen","floor":19,"turns":3},{"damage":0,"enemies":"Snecko","floor":20,"turns":3},{"damage":0,"enemies":"Book of Stabbing","floor":24,"turns":4},{"damage":0,"enemies":"Cultist and Chosen","floor":30,"turns":2},{"damage":0,"enemies":"Shelled Parasite and Fungi","floor":31,"turns":2},{"damage":0,"enemies":"Automaton","floor":33,"turns":3},{"damage":0,"enemies":"3 Darklings","floor":35,"turns":2},{"damage":0,"enemies":"3 Shapes","floor":36,"turns":1},{"damage":0,"enemies":"Sphere and 2 Shapes","floor":38,"turns":1},{"damage":0,"enemies":"4 Shapes","floor":39,"turns":1},{"damage":0,"enemies":"Nemesis","floor":40,"turns":3},{"damage":0,"enemies":"Mind Bloom Boss Battle","floor":41,"turns":1},{"damage":0,"enemies":"Spire Growth","floor":47,"turns":1},{"damage":0,"enemies":"Nightmare","floor":48,"turns":4},{"damage":0,"enemies":"Awakened One","floor":50,"turns":4},{"damage":0,"enemies":"hubris:Merchant","floor":53,"turns":3},{"damage":0,"enemies":"4 Shapes","floor":54,"turns":1},{"damage":0,"enemies":"Shield and Spear","floor":55,"turns":1},{"damage":0,"enemies":"The Heart","floor":56,"turns":4}],"seed_played":"5643065189482863807","potions_obtained":[{"floor":38,"key":"Fire Potion"},{"floor":39,"key":"AttackPotion"},{"floor":48,"key":"LifebloodPotion"},{"floor":53,"key":"Swift Potion"},{"floor":53,"key":"Fire Potion"}],"is_trial":false,"path_per_floor":["M","?","$","M","M","R","?","E","T","R","$","?","?","?","R","B",null,"M","M","M","?","?","R","E","R","T","R","AVR","?","M","M","R","B",null,"M","M","?","M","M","E","?","$","T","$","?","NS","M","NM","R","B",null,"R","$","M","E","B",null],"character_chosen":"THE_CURSED","items_purchased":["ReplayTheSpireMod:ShopPack","TheCursedMod:EmpowerCircles","Orichalcum","hubris:OldNail","TheCursedMod:CircleOfFlame","Runesmith:AutoHammer","Bag of Preparation","TheCursedMod:Hemoplague","Molten Egg 2","DemoMod:ClearGuonStone","jesterMod:MirrorMask","Frozen Eye","TheCursedMod:LuckyCharm"],"campfire_rested":1,"item_purchase_floors":[3,3,3,11,42,42,42,42,44,44,44,44,44],"current_hp_per_floor":[1,1,1,1,1,1,1,1,1,1,1,1,1,1,1,1,1,1,1,1,1,1,1,1,1,1,1,1,1,1,1,1,1,1,1,1,1,1,1,1,1,1,1,1,1,1,1,1,1,1,1,1,1,1,1,1],"gold":757,"neow_bonus":"RANDOM_EVENT","is_daily":false,"chose_seed":false,"campfire_upgraded":7,"win_rate":0.0,"timestamp":1609733618,"path_taken":["M","?","$","M","?","R","?","E","T","R","$","?","?","?","R","BOSS","M","M","M","?","?","R","E","R","T","R","AVR","?","M","M","R","BOSS","M","M","?","M","M","E","?","$","T","$","?","NS","M","NM","R","BOSS","R","$","E","BOSS"],"items_purchased_type":["Relic","Card","Relic","Relic","Card","Relic","Relic","Card","Relic","Relic","Relic","Relic","Card"],"build_version":"2020-12-22","purchased_purges":9,"victory":true,"max_hp_per_floor":[1,1,1,1,1,1,1,1,1,1,1,1,1,1,1,1,1,1,1,1,1,1,1,1,1,1,1,1,1,1,1,1,1,1,1,1,1,1,1,1,1,1,1,1,1,1,1,1,1,1,1,1,1,1,1,1],"card_choices":[{"not_picked":["TheCursedMod:Wield","TheCursedMod:VitalStrike"],"picked":"TheCursedMod:TacticalStrike","floor":1},{"not_picked":["TheCursedMod:RavingStaff","TheCursedMod:TacticalStrike","TheCursedMod:CursedAmulet","TheCursedMod:Wield"],"picked":"TheCursedMod:TroublousMinions","floor":4},{"not_picked":["TheCursedMod:RapidMovement","TheCursedMod:LuckyCharm","TheCursedMod:Hemoplague","TheCursedMod:CursedAmulet"],"picked":"TheCursedMod:ReleasedStrength","floor":5},{"not_picked":["TheCursedMod:RavingStaff","TheCursedMod:CircleOfFocus","TheCursedMod:CircleOfAmplification","TheCursedMod:SurpriseAttack"],"picked":"TheCursedMod:ForbiddenAlchemy","floor":8},{"not_picked":["TheCursedMod:CircleOfAbyss","TheCursedMod:ShockAndAwe","TheCursedMod:StunningStrike","TheCursedMod:CursedRelics"],"picked":"TheCursedMod:VoidForm","floor":16},{"not_picked":["TheCursedMod:TacticalStrike","TheCursedMod:SpreadPlague","TheCursedMod:FleshFromBone+1","TheCursedMod:RapidMovement"],"picked":"TheCursedMod:CircleOfFlame","floor":18},{"not_picked":["TheCursedMod:RapidMovement+1","TheCursedMod:Wield+1","TheCursedMod:Stretching","TheCursedMod:CursedShiv+1"],"picked":"TheCursedMod:VoidForm","floor":19},{"not_picked":["TheCursedMod:SoulCrush","TheCursedMod:Obscuration","TheCursedMod:CursedBlade","TheCursedMod:SpitefulStrike","TheCursedMod:RapidMovement+1"],"picked":"SKIP","floor":20},{"not_picked":["TheCursedMod:FuryStrike","TheCursedMod:WearCloak","TheCursedMod:CursedBlade","TheCursedMod:RapidMovement+1"],"picked":"TheCursedMod:CircleOfFlame","floor":24},{"not_picked":["TheCursedMod:DoubleShield","TheCursedMod:Wield+1","TheCursedMod:CursedBoomerang","TheCursedMod:FleshFromBone"],"picked":"TheCursedMod:SpitefulPlan","floor":30},{"not_picked":["TheCursedMod:Stigma","TheCursedMod:WearCloak+1","TheCursedMod:Obscuration","TheCursedMod:CursedMace+1","TheCursedMod:Wield"],"picked":"SKIP","floor":31},{"not_picked":["TheCursedMod:DarkBarrier","TheCursedMod:UltimatePain","TheCursedMod:VoidForm","TheCursedMod:Neurasthenia"],"picked":"TheCursedMod:CollectTribute","floor":33},{"not_picked":["TheCursedMod:CursedAmulet","TheCursedMod:HellsGateOpen+1","TheCursedMod:Obscuration","TheCursedMod:CursedShiv"],"picked":"TheCursedMod:CircleOfAmplification","floor":35},{"not_picked":["TheCursedMod:Stigma","TheCursedMod:CursedBlade","TheCursedMod:Stretching","TheCursedMod:SurpriseAttack"],"picked":"TheCursedMod:Wield+1","floor":36},{"not_picked":["TheCursedMod:TacticalStrike","TheCursedMod:Obscuration","TheCursedMod:Stigma+1","TheCursedMod:SurpriseAttack+1"],"picked":"TheCursedMod:Hemoplague","floor":38},{"not_picked":["TheCursedMod:Torture","TheCursedMod:Stretching","TheCursedMod:CursedAmulet","TheCursedMod:CircleOfCorruption+1"],"picked":"TheCursedMod:CircleOfWindfury+1","floor":39},{"not_picked":["TheCursedMod:Hemoplague","TheCursedMod:Stigma+1","TheCursedMod:Evocation","TheCursedMod:RapidMovement+1"],"picked":"TheCursedMod:CircleOfFocus","floor":40},{"not_picked":["TheCursedMod:SurpriseAttack","TheCursedMod:SpitefulPlan+1","TheCursedMod:SpitefulStrike+1","TheCursedMod:Wield+1"],"picked":"TheCursedMod:ReleasedStrength+1","floor":41},{"not_picked":["TheCursedMod:ReleasedKnowledge","TheCursedMod:SmokeScreen","TheCursedMod:CursedMace+1","TheCursedMod:SpitefulPlan"],"picked":"TheCursedMod:CircleOfCorruption+1","floor":47},{"not_picked":["TheCursedMod:HellsGateOpen","TheCursedMod:Wield+1","TheCursedMod:Stigma+1","TheCursedMod:Hemoplague+1"],"picked":"TheCursedMod:TroublousMinions+1","floor":48},{"not_picked":[],"picked":"TheCursedMod:EmpowerCircles","floor":53},{"not_picked":["TheCursedMod:SurpriseAttack+1"],"picked":"SKIP","floor":53},{"not_picked":["TheCursedMod:RavingStaff+1"],"picked":"SKIP","floor":53},{"not_picked":["TheCursedMod:SpitefulPray"],"picked":"SKIP","floor":53},{"not_picked":["TheCursedMod:SmokeScreen"],"picked":"SKIP","floor":53},{"not_picked":["Swift Strike+1"],"picked":"SKIP","floor":53},{"not_picked":["DDmod:PotionAddictCard"],"picked":"SKIP","floor":53},{"not_picked":["TheCursedMod:SurpriseAttack+1"],"picked":"SKIP","floor":53},{"not_picked":["TheCursedMod:RavingStaff+1"],"picked":"SKIP","floor":53},{"not_picked":["TheCursedMod:SpitefulPray"],"picked":"SKIP","floor":53},{"not_picked":["TheCursedMod:SmokeScreen"],"picked":"SKIP","floor":53},{"not_picked":["Swift Strike+1"],"picked":"SKIP","floor":53},{"not_picked":["DDmod:PotionAddictCard"],"picked":"SKIP","floor":53},{"not_picked":["TheCursedMod:SurpriseAttack+1"],"picked":"SKIP","floor":53},{"not_picked":["TheCursedMod:RavingStaff+1"],"picked":"SKIP","floor":53},{"not_picked":["TheCursedMod:SpitefulPray"],"picked":"SKIP","floor":53},{"not_picked":["TheCursedMod:SmokeScreen"],"picked":"SKIP","floor":53},{"not_picked":["Swift Strike+1"],"picked":"SKIP","floor":53},{"not_picked":["DDmod:PotionAddictCard"],"picked":"SKIP","floor":53},{"not_picked":["TheCursedMod:SurpriseAttack+1","TheCursedMod:BlessingInDisguise","TheCursedMod:UltimatePain","TheCursedMod:TacticalStrike+1"],"picked":"TheCursedMod:CursedShiv+1","floor":54},{"not_picked":["TheCursedMod:SmokeScreen","TheCursedMod:SoulReap+1","TheCursedMod:ReleasedKnowledge","TheCursedMod:Neurasthenia"],"picked":"TheCursedMod:CursedShiv+1","floor":55}],"player_experience":360167,"relics_obtained":[{"floor":1,"key":"SynthV:TestCard"},{"floor":8,"key":"DemoMod:WhiteGuonStone"},{"floor":9,"key":"Juzu Bracelet"},{"floor":24,"key":"hubris:MobiusCoin"},{"floor":40,"key":"DemoMod:MemoryAlloy"},{"floor":41,"key":"construct:BoolHorns"},{"floor":43,"key":"Nunchaku"},{"floor":48,"key":"DemoMod:Metronome"},{"floor":53,"key":"Pen Nib"},{"floor":53,"key":"Centennial Puzzle"},{"floor":53,"key":"Technique"},{"floor":53,"key":"infinitespire:Eraser"},{"floor":53,"key":"infinitespire:Beetle Shell"},{"floor":53,"key":"MetatronsCube"},{"floor":55,"key":"Ice Cream"}],"event_choices":[{"damage_healed":0,"gold_gain":0,"player_choice":"Ignored","damage_taken":0,"max_hp_gain":0,"max_hp_loss":0,"event_name":"Fountain of Cleansing","floor":2,"gold_loss":0},{"damage_healed":0,"gold_gain":275,"player_choice":"Desecrate","damage_taken":0,"max_hp_gain":0,"max_hp_loss":0,"event_name":"Golden Shrine","floor":12,"gold_loss":0,"cards_obtained":["Regret"]},{"damage_healed":0,"gold_gain":100,"player_choice":"Gold","damage_taken":0,"max_hp_gain":0,"max_hp_loss":0,"event_name":"Wheel of Change","floor":14,"gold_loss":0},{"cards_removed":["TheCursedMod:CircleOfFlame"],"damage_healed":0,"gold_gain":0,"player_choice":"Give","damage_taken":0,"max_hp_gain":0,"max_hp_loss":0,"event_name":"betterNote:BetterNote","floor":21,"gold_loss":0,"cards_obtained":["DemoMod:RustySidearm"]},{"damage_healed":0,"gold_gain":275,"player_choice":"Desecrate","damage_taken":0,"max_hp_gain":0,"max_hp_loss":0,"event_name":"Golden Shrine","floor":22,"gold_loss":0,"cards_obtained":["Regret"]},{"damage_healed":0,"gold_gain":0,"player_choice":"Ignored","damage_taken":0,"max_hp_gain":0,"max_hp_loss":0,"event_name":"OrinTheCat","floor":37,"gold_loss":0},{"damage_healed":0,"gold_gain":0,"player_choice":"Fight","damage_taken":0,"max_hp_gain":0,"max_hp_loss":0,"event_name":"MindBloom","floor":41,"gold_loss":0}],"is_beta":false,"boss_relics":[{"not_picked":["Velvet Choker","FrostBlade"],"picked":"ChiXiaoBlade"},{"not_picked":["energizedSpire:RedRose","Painkiller Herb"],"picked":"Philosopher\u0027s Stone"}],"items_purged_floors":[3,3,3,3,42,42,42,42,42],"is_endless":false,"potions_floor_spawned":[8,16,18,19,30,31,38,39,40,48,55],"ascension_level":0}}