{"host":"jr9txmeil0uubrvm","time":1609765618,"event":{"mods":["10 clothes from DAL","ATMod(阿瑾Mod)","Act Like it!","BaseMod","Colored Powertips","Gensokyo","Minty Spire (QoL Compilation)","Permanent Neow","Quick Restart","StSLib","The Alterego","The Marked","The Wild Card","TheWitcher","【功能Mod】Neow奖励","【功能Mod】强力的原版药水","【功能Mod】精心准备","【遗物Mod】简单游戏","【遗物卡牌】REMEMod","残留之物","没有小屋子和绿帽子啦","魔戒"],"gold_per_floor":[213,213,163,163,175,175,175,175],"floor_reached":7,"playtime":301,"items_purged":[],"score":39,"play_id":"7d7db79b-1586-4c52-b7a8-d5384b047d9c","local_time":"20210104210658","is_ascension_mode":false,"campfire_choices":[{"data":"alterego_mod:BigMeatyClaws","floor":6,"key":"SMITH"}],"circlet_count":0,"master_deck":["alterego_mod:Strike","alterego_mod:Strike","alterego_mod:Strike","alterego_mod:Defend","alterego_mod:Defend","alterego_mod:Defend","alterego_mod:Defend","alterego_mod:Impale","alterego_mod:BigMeatyClaws+1","alterego_mod:BrynhildrsRune","REME_Flogging","alterego_mod:Exercise"],"relics":["alterego_mod:MasochisticConstitution","EasyRelic","REME_ComplimentaryCards","AT_ATBox","REME_IWantAll","Ice Cream"],"acts_visited":["Exordium"],"potions_floor_usage":[],"damage_taken":[{"damage":0,"enemies":"Small Slimes","floor":1,"turns":3},{"damage":8,"enemies":"Jaw Worm","floor":5,"turns":3},{"damage":26,"enemies":"Lagavulin","floor":7,"turns":3}],"seed_played":"-7729210014362478161","potions_obtained":[{"floor":1,"key":"PlaceholderMod:PlaceholderPotion"}],"is_trial":false,"path_per_floor":["M","?","?","T","M","R","E"],"character_chosen":"The_Alterego","items_purchased":[],"campfire_rested":0,"item_purchase_floors":[],"current_hp_per_floor":[70,28,28,28,21,21,0,0],"gold":175,"neow_bonus":"HUNDRED_GOLD","is_daily":false,"chose_seed":false,"campfire_upgraded":1,"win_rate":0.0,"timestamp":1609765618,"path_taken":["M","?","?","?","?","R","E"],"items_purchased_type":[],"build_version":"2020-12-22","purchased_purges":0,"victory":false,"max_hp_per_floor":[70,70,70,70,71,71,71,71],"card_choices":[{"not_picked":["alterego_mod:Complex","alterego_mod:Birthday"],"picked":"alterego_mod:Exercise","floor":1},{"not_picked":["alterego_mod:Jiggle","alterego_mod:Bounce","alterego_mod:GachaTicket"],"picked":"SKIP","floor":5}],"player_experience":404989,"relics_obtained":[{"floor":4,"key":"Ice Cream"}],"event_choices":[{"damage_healed":0,"gold_gain":0,"player_choice":"Success","damage_taken":42,"relics_obtained":["REME_IWantAll"],"max_hp_gain":0,"max_hp_loss":0,"event_name":"Scrap Ooze","floor":2,"gold_loss":0},{"cards_removed":["alterego_mod:Strike"],"damage_healed":0,"gold_gain":0,"player_choice":"Card Removal","damage_taken":0,"max_hp_gain":0,"max_hp_loss":0,"event_name":"The Cleric","floor":3,"gold_loss":50}],"is_beta":false,"boss_relics":[],"items_purged_floors":[],"is_endless":false,"potions_floor_spawned":[1],"killed_by":"Lagavulin","ascension_level":0}}