{"host":"h5acbxt0wmjo1kpm","time":1609742078,"event":{"mods":["2.2 Compatiblity","Act Like it!","AlwaysNeverKeys","Aspiration","Bard","Bartender","BaseMod","Better Third Choice","Colored Map","Elementarium","Gensokyo","GifTheSpireLib","Hallownest","Marisa????????","Menagerie","Minty Spire (QoL Compilation)","Permanent Neow","Potionbrewer","Relic Filter","Replay The Spire","Robot Space Explorer","RumiaBox-????????","Shade Mod","Spicy Shops","StSLib","Strawberry Spire","The Blackbeard","The Dragon Tamer","The Forsaken","The Gatherer","The Problem Sleuth","The Servant 0.9.4","Wandering Minibosses","vexMod"],"gold_per_floor":[116,12,25,25,25,25,37,37,64,140,308,318,318,342,342,428,500,526,526,538,238,0,30,30,56,56,56,56],"floor_reached":27,"playtime":1605,"items_purged":[],"score":511,"play_id":"4d0a2b7b-cc14-42b0-a828-59ef1bc2ef41","local_time":"20210103223438","is_ascension_mode":true,"campfire_choices":[{"data":"Zap","floor":6,"key":"SMITH"},{"data":"Crystallizer","floor":8,"key":"SMITH"},{"data":"Creative AI","floor":13,"key":"SMITH"},{"floor":15,"key":"REST"},{"data":"Mirror Shield","floor":24,"key":"SMITH"}],"circlet_count":0,"master_deck":["AscendersBane","Zap+1","Dualcast+1","Crystallizer+1","strawberrySpire:GearCrunch+1","Creative AI+1","Doom and Gloom","Compile Driver","Echo Form+1","Streamline","Mirror Shield+1","Darkness","strawberrySpire:BreederCore","Aggregate","ReplayRNGCard","Self Repair","FIFO Queue","Leap+1","Defragment"],"relics":["Cracked Core","aspiration:Nostalgia","Gatherer:AlchemyBag","Baka","vexMod:FocusSash","Pandora\u0027s Box","OrangePellets","Tiny Chest","Iron Hammer"],"acts_visited":["Gensokyo:Gensokyo","Gensokyo:Gensokyoer"],"potions_floor_usage":[14,16,16,23,27],"damage_taken":[{"damage":2,"enemies":"Gensokyo:3_Fairies","floor":1,"turns":4},{"damage":16,"enemies":"Gensokyo:Gryphon","floor":3,"turns":3},{"damage":0,"enemies":"Gensokyo:2_Kodama","floor":7,"turns":3},{"damage":15,"enemies":"Gensokyo:Aya","floor":11,"turns":4},{"damage":13,"enemies":"Gensokyo:VengefulSpirit","floor":12,"turns":4},{"damage":0,"enemies":"Gensokyo:CorruptedTreant","floor":14,"turns":2},{"damage":12,"enemies":"Gensokyo:Kokoro","floor":16,"turns":9},{"damage":16,"enemies":"Gensokyo:AngelMirror","floor":18,"turns":3},{"damage":33,"enemies":"Gensokyo:Chomper","floor":20,"turns":5},{"damage":40,"enemies":"Gensokyo:Reisen","floor":23,"turns":11},{"damage":0,"enemies":"Gensokyo:Koishi","floor":25,"turns":3},{"damage":54,"enemies":"Gensokyo:Koishi","floor":27,"turns":6}],"seed_played":"-2011713427700894865","potions_obtained":[{"floor":1,"key":"PowerPotion"},{"floor":11,"key":"Fire Potion"},{"floor":14,"key":"Elixir"},{"floor":16,"key":"potionbrewer:NoxiousPotion"},{"floor":20,"key":"Explosive Potion"},{"floor":25,"key":"SkillPotion"}],"is_trial":false,"path_per_floor":["M","COS","M","?","$","R","M","R","T","T","E","M","R","M","R","B",null,"M","?","M","$","?","E","R","E","T","?"],"character_chosen":"DEFECT","items_purchased":["FIFO Queue","OrangePellets"],"campfire_rested":1,"item_purchase_floors":[21,21],"current_hp_per_floor":[62,62,46,46,46,46,46,46,46,52,37,24,24,24,56,44,91,75,75,69,69,69,43,43,50,50,0,0],"gold":56,"neow_bonus":"NOSTALGIA","is_daily":false,"chose_seed":false,"campfire_upgraded":4,"win_rate":0.0,"timestamp":1609742078,"path_taken":["M","COS","M","?","?","R","?","R","T","?","E","?","R","M","R","BOSS","M","?","M","$","?","E","R","E","T","?"],"items_purchased_type":["Card","Relic"],"build_version":"2020-12-22","purchased_purges":0,"victory":false,"max_hp_per_floor":[71,71,101,101,101,101,101,101,101,107,107,107,107,107,107,107,107,107,107,103,103,103,103,103,103,103,103,103],"card_choices":[{"not_picked":["Darkness","Hologram","aspiration:Polymerization"],"picked":"SKIP","floor":1},{"not_picked":["BasicCrystalCard","strawberrySpire:NeonFlight"],"picked":"Crystallizer","floor":3},{"not_picked":["Force Field","Streamline"],"picked":"strawberrySpire:GearCrunch","floor":7},{"not_picked":["Reboot","Meteor Strike"],"picked":"Creative AI","floor":11},{"not_picked":["Skim","Coolheaded"],"picked":"Doom and Gloom","floor":11},{"not_picked":["ReplayTheSpireMod:Omega Cannon","BasicCrystalCard","Turbo"],"picked":"SKIP","floor":12},{"not_picked":["Streamline","Melter"],"picked":"Compile Driver","floor":14},{"not_picked":["strawberrySpire:Refactor","Multi-Cast"],"picked":"Echo Form","floor":16},{"not_picked":["Go for the Eyes","Undo"],"picked":"Self Repair","floor":18},{"not_picked":["strawberrySpire:Disconnect","Hello World+1","Go for the Eyes+1"],"picked":"SKIP","floor":20},{"not_picked":["Darkness+1","Melter"],"picked":"Leap+1","floor":23},{"not_picked":["Chaos","Hologram+1"],"picked":"Defragment","floor":25}],"player_experience":2027750,"relics_obtained":[{"floor":1,"key":"Baka"},{"floor":9,"key":"CeramicFish"},{"floor":10,"key":"vexMod:BerryBomb"},{"floor":11,"key":"vexMod:FocusSash"},{"floor":23,"key":"Tiny Chest"},{"floor":25,"key":"Iron Hammer"}],"event_choices":[],"is_beta":false,"boss_relics":[{"not_picked":["ChewingGum","Ring of Chaos"],"picked":"Pandora\u0027s Box"}],"items_purged_floors":[],"is_endless":false,"potions_floor_spawned":[1,11,14,16,20,25],"killed_by":"Gensokyo:Koishi","ascension_level":15}}