{"host":"9616p6fq555p3lhn","time":1609755938,"event":{"mods":["Act Like it!","BaseMod","Gensokyo","Koishi","Luminous","Marisa£®ÏF”Í°°ƒß¿Ì…≥£©","Minty Spire (QoL Compilation)","Replay The Spire","StSLib","The Servant 0.9.4","Waifu the Spire","Yakumo Yukari mod","Yuyuko","vexMod","°æ“≈ŒÔø®≈∆°øREMEMod"],"gold_per_floor":[116,128,59,72,87,87,121,140,140,169,344,375,395,409,409,526,526,539,317,327,307,323,323,373,440,465,554,604,617,617,632,632,767,767,845,755,755,783,220,316,316,316,340,340,400,400,83,102,102,146],"floor_reached":51,"playtime":3884,"items_purged":["Doubt","EnergyRecoil"],"score":942,"play_id":"0ef175a5-c58d-49d8-9b23-6c791ec3cdf9","local_time":"20210104182538","is_ascension_mode":false,"campfire_choices":[{"data":"PulseMagic","floor":6,"key":"SMITH"},{"floor":15,"key":"REST"},{"data":"JA","floor":23,"key":"SMITH"},{"floor":30,"key":"REST"},{"data":"SprinkleStarSeal","floor":32,"key":"SMITH"},{"floor":41,"key":"REST"},{"floor":44,"key":"REST"}],"circlet_count":0,"master_deck":["Strike_MRS","Strike_MRS","Strike_MRS","Strike_MRS","Defend_MRS","Defend_MRS","MasterSpark","UpSweep","NonDirectionalLaser","LuminesStrike","Singularity","WitchLeyline","PulseMagic+1","GrandCross","CasketOfStar","GrandCross","6A","LuminesStrike","SporeBomb","WitchOfGreed","PowerUp","NonDirectionalLaser","BinaryStars+1","JA+1","MeteoricShower+1","GalacticHalo+1","JA+1","Robbery","Singularity+1","PowerUp","SuperPerseids","Robbery+1","SprinkleStarSeal+1","MaximisePower+1","BinaryStars","BigCrunch","Gensokyo:CustomPotion","PulseMagic","MysteriousBeam+1","SporeBomb+1","REME_BodyOfCthun+1","StarlightTyphoon+1","Gensokyo:Shovel","Gensokyo:LockedMedkit","Gensokyo:RustyChest","Gensokyo:TarnishedGold"],"relics":["MiniHakkero","REME_ComplimentaryCards","HornCleat","Gremlin Horn","vexMod:BarristanHead","REME_IWantAll","ExperimentalFamiliar","vexMod:PaidLearning","Bottled Flame","ReplayTheSpireMod:TigerMarble","Ancient Tea Set","REME_LowDesire","PreservedInsect","REME_PuzzleBoxRelic","Darkstone Periapt","Guide Book","Thread and Needle","Replay:Mystery Machine","Dream Catcher","Bag of Marbles","SimpleLauncher","Gensokyo:EmptyGrave"],"acts_visited":["Exordium","TheCity","TheCity"],"potions_floor_usage":[10,16,16,20,24,25,29,33,33,33,40,45,45,50,50],"damage_taken":[{"damage":2,"enemies":"2 Louse","floor":1,"turns":3},{"damage":0,"enemies":"Small Slimes","floor":2,"turns":3},{"damage":1,"enemies":"Cultist","floor":4,"turns":3},{"damage":0,"enemies":"Large Slime","floor":5,"turns":4},{"damage":24,"enemies":"Gremlin Nob","floor":7,"turns":4},{"damage":10,"enemies":"Lots of Slimes","floor":8,"turns":3},{"damage":31,"enemies":"Lagavulin","floor":10,"turns":5},{"damage":4,"enemies":"Gremlin Nob","floor":12,"turns":4},{"damage":0,"enemies":"Exordium Wildlife","floor":13,"turns":2},{"damage":5,"enemies":"Exordium Thugs","floor":14,"turns":3},{"damage":0,"enemies":"Slime Boss","floor":16,"turns":6},{"damage":4,"enemies":"3 Byrds","floor":18,"turns":2},{"damage":0,"enemies":"Shell Parasite","floor":20,"turns":1},{"damage":8,"enemies":"Centurion and Healer","floor":22,"turns":4},{"damage":17,"enemies":"Gremlin Leader","floor":24,"turns":5},{"damage":22,"enemies":"Chosen and Byrds","floor":25,"turns":6},{"damage":0,"enemies":"Book of Stabbing","floor":27,"turns":2},{"damage":2,"enemies":"Cultist and Chosen","floor":29,"turns":2},{"damage":0,"enemies":"Snecko","floor":31,"turns":1},{"damage":33,"enemies":"Automaton","floor":33,"turns":5},{"damage":35,"enemies":"Gensokyo:AncientGuardian","floor":35,"turns":5},{"damage":0,"enemies":"Gensokyo:3_Boulders","floor":38,"turns":3},{"damage":22,"enemies":"Gensokyo:Marisa","floor":40,"turns":2},{"damage":0,"enemies":"Gensokyo:Kasen","floor":45,"turns":1},{"damage":0,"enemies":"Gensokyo:Sharpion","floor":48,"turns":2},{"damage":50,"enemies":"Gensokyo:Shinki","floor":50,"turns":9}],"seed_played":"3857264008280060888","potions_obtained":[{"floor":2,"key":"BlessingOfTheForge"},{"floor":7,"key":"SteroidPotion"},{"floor":8,"key":"ColorlessPotion"},{"floor":10,"key":"FearPotion"},{"floor":16,"key":"FearPotion"},{"floor":16,"key":"Explosive Potion"},{"floor":21,"key":"Toxic Potion"},{"floor":24,"key":"REME_GoldPotion"},{"floor":25,"key":"Weak Potion"},{"floor":25,"key":"Energy Potion"},{"floor":27,"key":"SkillPotion"},{"floor":29,"key":"SteroidPotion"},{"floor":33,"key":"Regen Potion"},{"floor":35,"key":"ColorlessPotion"},{"floor":38,"key":"PowerPotion"},{"floor":40,"key":"DistilledChaos"},{"floor":45,"key":"Toxic Potion"}],"is_trial":false,"path_per_floor":["M","M","$","M","M","R","E","M","T","E","?","E","M","M","R","B",null,"M","$","M","?","M","R","E","M","T","E","?","M","R","M","R","B",null,"M","?","T","M","$","E","R","?","T","R","E","?","COS","M","R","B",null],"character_chosen":"MARISA","items_purchased":["Singularity","vexMod:PaidLearning","Guide Book","Thread and Needle"],"campfire_rested":4,"item_purchase_floors":[3,19,39,39],"current_hp_per_floor":[80,80,80,79,79,79,55,45,45,14,14,13,13,11,37,37,88,84,84,84,84,79,79,65,43,43,46,46,44,73,73,73,43,100,65,65,65,69,69,47,78,78,78,104,104,104,104,104,96,55],"gold":146,"neow_bonus":"TEN_PERCENT_HP_BONUS","is_daily":false,"chose_seed":false,"campfire_upgraded":3,"win_rate":0.0,"timestamp":1609755938,"path_taken":["M","M","$","M","M","R","E","M","T","E","?","E","M","M","R","BOSS","M","$","M","?","M","R","E","?","T","E","?","?","R","M","R","BOSS","M","?","?","M","$","E","R","?","T","R","E","?","COS","?","R","BOSS"],"items_purchased_type":["Card","Relic","Relic","Relic"],"build_version":"2020-12-22","purchased_purges":2,"victory":true,"max_hp_per_floor":[82,82,82,82,82,82,82,82,82,82,82,85,85,88,88,88,88,88,88,88,88,91,91,94,94,94,97,97,97,97,97,97,100,100,100,100,100,104,104,104,104,104,104,104,104,104,104,104,96,96],"card_choices":[{"not_picked":["Acceleration","GravityBeat"],"picked":"NonDirectionalLaser","floor":1},{"not_picked":["Acceleration","EventHorizon"],"picked":"LuminesStrike","floor":2},{"not_picked":["MilkyWay","DC"],"picked":"WitchLeyline","floor":4},{"not_picked":["GravityBeat","SuperPerseids"],"picked":"PulseMagic","floor":5},{"not_picked":["6A","MysteriousBeam"],"picked":"GrandCross","floor":7},{"not_picked":["LuminesStrike","ShootTheMoon"],"picked":"CasketOfStar","floor":8},{"not_picked":["AsteroidBelt","SuperPerseids"],"picked":"EnergyRecoil","floor":10},{"not_picked":["6A","LuminesStrike","SporeBomb"],"picked":"Singing Bowl","floor":12},{"not_picked":["MachineGunSpark","AsteroidBelt"],"picked":"WitchOfGreed","floor":13},{"not_picked":["PowerUp","NonDirectionalLaser","BinaryStars"],"picked":"Singing Bowl","floor":14},{"not_picked":["BigCrunch","UltimateShortwave"],"picked":"JA","floor":16},{"not_picked":["DC","ShootingEcho","WitchOfGreed"],"picked":"SKIP","floor":18},{"not_picked":["MeteoricShower","GalacticHalo+1","JA"],"picked":"SKIP","floor":20},{"not_picked":["StarlightTyphoon","MachineGunSpark","UltimateShortwave"],"picked":"Singing Bowl","floor":22},{"not_picked":["DoubleSpark+1","MysteriousBeam","SuperPerseids"],"picked":"SKIP","floor":22},{"not_picked":["Robbery","Singularity+1","PowerUp"],"picked":"Singing Bowl","floor":24},{"not_picked":["BlazeAway","StarBarrage","EnergyRecoil"],"picked":"SKIP","floor":25},{"not_picked":["SuperPerseids","Robbery+1","SprinkleStarSeal"],"picked":"Singing Bowl","floor":27},{"not_picked":["SuperPerseids","AsteroidBelt","DeepEcoloBomb"],"picked":"SKIP","floor":29},{"not_picked":["PowerUp","OneTimeOff","SporeBomb"],"picked":"SKIP","floor":31},{"not_picked":["MaximisePower","BinaryStars","BigCrunch"],"picked":"Singing Bowl","floor":33},{"not_picked":["ChargeUpSpray+1","AsteroidBelt+1","ShootingEcho","ReplayTheSpireMod:Uncanny Aura+1"],"picked":"SKIP","floor":35},{"not_picked":["PulseMagic","MysteriousBeam+1","SporeBomb+1","REME_BodyOfCthun"],"picked":"Singing Bowl","floor":38},{"not_picked":["GravityBeat+1","ManaConvection","Good Instincts"],"picked":"StarlightTyphoon+1","floor":40},{"not_picked":["UltimateShortwave","LuminesStrike+1","NonDirectionalLaser","ReplayUltimateDefense"],"picked":"SKIP","floor":45},{"not_picked":["SuperPerseids","UnstableBomb","AsteroidBelt","REME_ShortnessOfBreath+1"],"picked":"SKIP","floor":48}],"player_experience":36652,"relics_obtained":[{"floor":7,"key":"HornCleat"},{"floor":9,"key":"Gremlin Horn"},{"floor":10,"key":"vexMod:BarristanHead"},{"floor":12,"key":"REME_IWantAll"},{"floor":24,"key":"Bottled Flame"},{"floor":26,"key":"ReplayTheSpireMod:TigerMarble"},{"floor":27,"key":"Ancient Tea Set"},{"floor":34,"key":"PreservedInsect"},{"floor":34,"key":"REME_PuzzleBoxRelic"},{"floor":37,"key":"Darkstone Periapt"},{"floor":40,"key":"Replay:Mystery Machine"},{"floor":43,"key":"Dream Catcher"},{"floor":45,"key":"Bag of Marbles"}],"event_choices":[{"damage_healed":0,"gold_gain":175,"player_choice":"AGREE","damage_taken":0,"max_hp_gain":0,"max_hp_loss":0,"event_name":"Liars Game","floor":11,"gold_loss":0,"cards_obtained":["Doubt"]},{"damage_healed":0,"gold_gain":0,"player_choice":"Bought 1 Potion","damage_taken":0,"max_hp_gain":0,"max_hp_loss":0,"event_name":"The Woman in Blue","floor":21,"gold_loss":0},{"damage_healed":0,"gold_gain":100,"player_choice":"Bet on Murderer","damage_taken":0,"max_hp_gain":0,"max_hp_loss":0,"event_name":"The Joust","floor":28,"gold_loss":50}],"is_beta":false,"boss_relics":[{"not_picked":["Replay:Bronze Core","vexMod:ImprovementManual"],"picked":"ExperimentalFamiliar"},{"not_picked":["Calling Bell","Replay:Ancient Bell"],"picked":"REME_LowDesire"}],"items_purged_floors":[19,39],"is_endless":false,"potions_floor_spawned":[2,7,8,10,16,25,27,29,31,33,38],"ascension_level":0}}