{"host":"2pffx5rqbod9ds0c","time":1609721561,"event":{"mods":["BaseMod","Better Altar","Better Match","Better Note","Better Sensory Stone","Better Skull","Better Third Choice","Custom Start","Hubris","Minty Spire (QoL Compilation)","Quick Restart","Relic Stats","Spicy Shops","StSLib","The Marked"],"gold_per_floor":[118,118,118,137,157,157,197,222,246,269,305,329,359,359,359,488,488,513,537,537,558,383,383,423,423,447,485,500,534,37,162,162,162,162],"floor_reached":33,"playtime":1262,"items_purged":["Parasite","theMarked:Strike","theMarked:Strike"],"score":357,"play_id":"f3a7b76d-f8df-4a43-9fa6-a890c2c06ae2","local_time":"20210103165241","is_ascension_mode":true,"campfire_choices":[{"data":"theMarked:EternalStudent","floor":6.0,"key":"SMITH"},{"data":"theMarked:EmpowerWeapon","floor":15.0,"key":"SMITH"},{"data":"theMarked:ThrowWeapon","floor":23.0,"key":"SMITH"},{"data":"theMarked:SoldierForm","floor":25.0,"key":"SMITH"},{"data":"theMarked:BindingBlade","floor":32,"key":"SMITH"}],"circlet_count":0,"master_deck":["theMarked:ThrowWeapon+1","theMarked:Strike","theMarked:Strike","theMarked:Strike","theMarked:Defend","theMarked:Defend","theMarked:Defend","theMarked:Defend","theMarked:SoldierOfQuellstein","theMarked:EternalStudent+1","theMarked:ThrowWeapon+1","theMarked:EmpowerWeapon+1","theMarked:BindingBlade+1","theMarked:SoldierForm+1"],"relics":["theMarked:ArtifactOfAir","Golden Idol","Ancient Tea Set","Nunchaku","Akabeko","Snecko Eye","Omamori","Regal Pillow","hubris:FunFungus","Toy Ornithopter","Medical Kit","Happy Flower","hubris:ToyBattleship","TungstenRod","Singing Bowl"],"acts_visited":["Exordium","TheCity"],"potions_floor_usage":[],"damage_taken":[{"damage":0.0,"enemies":"Small Slimes","floor":1.0,"turns":2.0},{"damage":0.0,"enemies":"2 Louse","floor":4.0,"turns":3.0},{"damage":0.0,"enemies":"Cultist","floor":5.0,"turns":2.0},{"damage":11.0,"enemies":"Lagavulin","floor":7.0,"turns":7.0},{"damage":11.0,"enemies":"Gremlin Gang","floor":8.0,"turns":3.0},{"damage":0.0,"enemies":"2 Fungi Beasts","floor":10.0,"turns":2.0},{"damage":0.0,"enemies":"Gremlin Nob","floor":11.0,"turns":2.0},{"damage":2.0,"enemies":"3 Louse","floor":12.0,"turns":2.0},{"damage":39.0,"enemies":"Hexaghost","floor":16.0,"turns":8.0},{"damage":0.0,"enemies":"Shell Parasite","floor":18.0,"turns":2.0},{"damage":20.0,"enemies":"2 Thieves","floor":19.0,"turns":3.0},{"damage":5.0,"enemies":"Cultist and Chosen","floor":21.0,"turns":4.0},{"damage":2.0,"enemies":"Book of Stabbing","floor":24.0,"turns":2.0},{"damage":21.0,"enemies":"Slavers","floor":27.0,"turns":3.0},{"damage":0.0,"enemies":"Snake Plant","floor":28.0,"turns":1.0},{"damage":15.0,"enemies":"Book of Stabbing","floor":29.0,"turns":3.0},{"damage":7.0,"enemies":"Colosseum Slavers","floor":31.0,"turns":2.0},{"damage":4.0,"enemies":"Colosseum Nobs","floor":31.0,"turns":3.0},{"damage":29,"enemies":"Collector","floor":33,"turns":2}],"seed_played":"4939303392489932031","potions_obtained":[{"floor":1.0,"key":"Swift Potion"},{"floor":3.0,"key":"DuplicationPotion"},{"floor":3.0,"key":"PowerPotion"},{"floor":7.0,"key":"SkillPotion"},{"floor":10.0,"key":"AttackPotion"},{"floor":12.0,"key":"SteroidPotion"},{"floor":16.0,"key":"FairyPotion"},{"floor":27.0,"key":"AttackPotion"},{"floor":31.0,"key":"Strength Potion"}],"is_trial":false,"path_per_floor":["M","?","?","M","M","R","E","M","T","M","E","M","?","?","R","B",null,"M","M","?","M","$","R","E","R","T","E","M","E","$","?","R","B"],"character_chosen":"THE_DEFAULT","items_purchased":["Medical Kit","Happy Flower","hubris:ToyBattleship"],"campfire_rested":0,"item_purchase_floors":[30,30,30],"current_hp_per_floor":[49,49,49,49,49,49,38,27,27,27,27,25,25,41,41,2,65,65,45,45,40,40,40,38,38,38,17,17,2,2,21,21,0,0],"gold":162,"neow_bonus":"THREE_RARE_CARDS","is_daily":false,"chose_seed":false,"campfire_upgraded":5,"win_rate":0.0,"timestamp":1609721561,"path_taken":["M","?","?","M","?","R","E","M","T","M","E","?","?","?","R","BOSS","M","M","?","M","$","R","E","R","T","E","M","E","$","?","R","BOSS"],"items_purchased_type":["Relic","Relic","Relic"],"build_version":"2020-12-22","purchased_purges":3,"victory":false,"max_hp_per_floor":[70,65,65,65,65,65,65,65,65,65,65,65,65,65,65,65,65,65,65,65,65,62,62,62,62,62,62,62,62,62,64,64,64,64],"relic_stats":{"Nunchaku":[6],"Regal Pillow":0,"Happy Flower":[2],"Singing Bowl":2,"counters":[19,56],"Golden Idol":134,"Snecko Eye":[42,37,31,35],"Medical Kit":[0],"obtain_stats":[{"Regal Pillow":26,"Happy Flower":30,"Singing Bowl":31,"Golden Idol":2,"Omamori":24,"Ancient Tea Set":7,"Medical Kit":30,"Akabeko":11,"theMarked:ArtifactOfAir":0,"Nunchaku":9,"Snecko Eye":17,"hubris:FunFungus":27,"hubris:ToyBattleship":30,"Toy Ornithopter":29,"TungstenRod":31},{"Regal Pillow":13,"Happy Flower":16,"Singing Bowl":18,"Golden Idol":1,"Omamori":13,"Ancient Tea Set":4,"Medical Kit":16,"Akabeko":7,"theMarked:ArtifactOfAir":0,"Nunchaku":5,"Snecko Eye":9,"hubris:FunFungus":14,"hubris:ToyBattleship":16,"Toy Ornithopter":16,"TungstenRod":18},{"Regal Pillow":42,"Happy Flower":49,"Singing Bowl":54,"Golden Idol":2,"Omamori":42,"Ancient Tea Set":14,"Medical Kit":49,"Akabeko":21,"theMarked:ArtifactOfAir":0,"Nunchaku":17,"Snecko Eye":31,"hubris:FunFungus":45,"hubris:ToyBattleship":49,"Toy Ornithopter":49,"TungstenRod":54}],"Toy Ornithopter":5,"TungstenRod":3},"card_choices":[{"not_picked":["theMarked:UnarmedFury","theMarked:Snap"],"picked":"theMarked:EternalStudent","floor":0.0},{"not_picked":["theMarked:Polarize","theMarked:BanishingStrike","theMarked:Static"],"picked":"SKIP","floor":1.0},{"not_picked":["theMarked:CreepingChasm","theMarked:ChainLightning","theMarked:ContemptForTheProud"],"picked":"SKIP","floor":4.0},{"not_picked":["theMarked:Panic","theMarked:EmpowerWeapon","theMarked:WardOff"],"picked":"SKIP","floor":5.0},{"not_picked":["theMarked:HeightenedSenses","theMarked:ChainLightning"],"picked":"theMarked:ThrowWeapon","floor":7.0},{"not_picked":["theMarked:Improvise","theMarked:PowerFlow","theMarked:ComboAttacks"],"picked":"SKIP","floor":8.0},{"not_picked":["theMarked:HeightenedSenses","theMarked:EmpowerWeapon","theMarked:Standoff"],"picked":"SKIP","floor":10.0},{"not_picked":["theMarked:HeightenedSenses","theMarked:Standoff"],"picked":"theMarked:EmpowerWeapon","floor":10.0},{"not_picked":["theMarked:ParalyzingBlade","theMarked:SwordAndMagic"],"picked":"theMarked:BindingBlade","floor":11.0},{"not_picked":["theMarked:WardOff","theMarked:BanishingStrike","theMarked:WastefulDefense"],"picked":"SKIP","floor":12.0},{"not_picked":["theMarked:TurnInvisible","theMarked:MuscleMemory"],"picked":"theMarked:SoldierForm","floor":16.0},{"not_picked":["theMarked:EmpowerWeapon","theMarked:Opportunist","theMarked:ResourceFulStrike"],"picked":"SKIP","floor":18.0},{"not_picked":["theMarked:Static+1","theMarked:WastefulAttack","theMarked:ElectricStrings"],"picked":"SKIP","floor":19.0},{"not_picked":["theMarked:Static","theMarked:HeightenedSenses","theMarked:BanishingStrike+1"],"picked":"SKIP","floor":21.0},{"not_picked":["theMarked:Panic","theMarked:Parkour","theMarked:Aftermath+1"],"picked":"SKIP","floor":24.0},{"not_picked":["theMarked:Challenge","theMarked:MaelstromOfLightning","theMarked:Standoff+1"],"picked":"SKIP","floor":27.0},{"not_picked":["theMarked:Indomitable","theMarked:Parry","theMarked:Reabsorb"],"picked":"SKIP","floor":28.0},{"not_picked":["theMarked:PowerFlow+1","theMarked:WastefulDefense+1","theMarked:Seal"],"picked":"SKIP","floor":29.0},{"not_picked":["theMarked:EnhanceMovement","theMarked:EmpowerWeapon","theMarked:ElectricStrings+1"],"picked":"Singing Bowl","floor":31.0}],"player_experience":727759,"relics_obtained":[{"floor":7.0,"key":"Ancient Tea Set"},{"floor":9.0,"key":"Nunchaku"},{"floor":11.0,"key":"Akabeko"},{"floor":24.0,"key":"Omamori"},{"floor":26.0,"key":"Regal Pillow"},{"floor":27.0,"key":"hubris:FunFungus"},{"floor":29.0,"key":"Toy Ornithopter"},{"floor":31.0,"key":"TungstenRod"},{"floor":31.0,"key":"Singing Bowl"}],"event_choices":[{"damage_healed":0.0,"max_hp_gain":0.0,"max_hp_loss":5.0,"gold_gain":0.0,"event_name":"Golden Idol","player_choice":"Lose Max HP","floor":2.0,"gold_loss":0.0,"damage_taken":0.0,"relics_obtained":["Golden Idol"]},{"damage_healed":0.0,"max_hp_gain":0.0,"max_hp_loss":0.0,"gold_gain":0.0,"event_name":"Lab","player_choice":"Got Potions","floor":3.0,"gold_loss":0.0,"damage_taken":0.0},{"damage_healed":0.0,"max_hp_gain":0.0,"max_hp_loss":0.0,"gold_gain":30.0,"event_name":"Dead Adventurer","player_choice":"Searched \u00272\u0027 times","floor":13.0,"gold_loss":0.0,"damage_taken":0.0},{"damage_healed":16.0,"max_hp_gain":0.0,"max_hp_loss":0.0,"gold_gain":0.0,"event_name":"Mushrooms","player_choice":"Healed and dodged fight","floor":14.0,"gold_loss":0.0,"damage_taken":0.0,"cards_obtained":["Parasite"]},{"cards_removed":["theMarked:EternalStudent"],"damage_healed":0.0,"max_hp_gain":0.0,"max_hp_loss":0.0,"gold_gain":0.0,"event_name":"betterNote:BetterNote","player_choice":"Give","floor":20.0,"gold_loss":0.0,"damage_taken":0.0,"cards_obtained":["None"]},{"damage_healed":0.0,"max_hp_gain":0.0,"max_hp_loss":0.0,"gold_gain":0.0,"event_name":"Colosseum","player_choice":"Fight","floor":31.0,"gold_loss":0.0,"damage_taken":0.0},{"damage_healed":0.0,"max_hp_gain":0.0,"max_hp_loss":0.0,"gold_gain":0.0,"event_name":"Colosseum","player_choice":"Fought Nobs","floor":31.0,"gold_loss":0.0,"damage_taken":0.0}],"is_beta":false,"boss_relics":[{"not_picked":["Astrolabe","hubris:BlackHole"],"picked":"Snecko Eye"}],"items_purged_floors":[22,22,30],"is_endless":false,"potions_floor_spawned":[1,7,10,12,16,24,27,31,31],"killed_by":"Collector","ascension_level":1}}