{"host":"doxo6v3vhswwfk80","time":1609741646,"event":{"mods":["2.2 Compatiblity","AchievementEnabler","Act Like it!","Bard","BaseMod","Better Altar","Better Match","Better Note","Better Sensory Stone","Better Skull","Better Third Choice","Curses Come First","Hermit","Marisa????????","Minty Spire (QoL Compilation)","Quick Restart","Relic Stats","Shade Mod","StSLib","The Hierophant","The Runesmith","The Servant 0.9.4"],"gold_per_floor":[117,140,63,80,5,37,60,60,60,73,73,73,98,113,113,113,113],"floor_reached":16,"playtime":916,"items_purged":["Defend_S"],"score":125,"play_id":"c3a9e2fa-6a1b-456f-b027-cfd778812b7f","local_time":"20210104002726","is_ascension_mode":false,"campfire_choices":[{"floor":8,"key":"REST"},{"floor":15,"key":"RECALL"}],"circlet_count":0,"master_deck":["Strike_S","Strike_S","Strike_S","Strike_S","Defend_S","Defend_S","Defend_S","KidneyShot","Exchange","Rewind","Foresight","ShatteredReality","Ricochet","Unruled","Rewind","Ricochet","Starlight"],"relics":["Uniform","NeowsBlessing","Pen Nib","Gremlin Horn","Odd Mushroom","The Courier","Golden Idol"],"acts_visited":["Exordium"],"potions_floor_usage":[10,16],"damage_taken":[{"damage":0,"enemies":"Cultist","floor":1,"turns":1},{"damage":0,"enemies":"2 Louse","floor":4,"turns":1},{"damage":0,"enemies":"Gremlin Nob","floor":6,"turns":1},{"damage":19,"enemies":"The Mushroom Lair","floor":7,"turns":3},{"damage":6,"enemies":"Jaw Worm","floor":10,"turns":2},{"damage":9,"enemies":"Red Slaver","floor":13,"turns":4},{"damage":0,"enemies":"2 Fungi Beasts","floor":14,"turns":2},{"damage":63,"enemies":"Hexaghost","floor":16,"turns":14}],"seed_played":"-857450952203538283","potions_obtained":[{"floor":7,"key":"Fire Potion"},{"floor":10,"key":"SteroidPotion"}],"is_trial":false,"path_per_floor":["M","T","$","M","$","E","?","R","T","M","?","?","M","M","R","B"],"character_chosen":"THE_SERVANT","items_purchased":["Foresight"],"campfire_rested":1,"item_purchase_floors":[3],"current_hp_per_floor":[65,65,65,65,65,65,46,65,65,59,43,64,55,55,55,0,0],"gold":113,"neow_bonus":"THREE_ENEMY_KILL","is_daily":false,"chose_seed":false,"campfire_upgraded":0,"win_rate":0.0,"timestamp":1609741646,"path_taken":["M","?","?","?","?","E","?","R","T","M","?","?","M","M","R","BOSS"],"items_purchased_type":["Card"],"build_version":"2020-12-22","purchased_purges":1,"victory":false,"max_hp_per_floor":[65,65,65,65,65,65,65,65,65,65,65,65,65,65,65,65,65],"relic_stats":{"Gremlin Horn":[3,3],"counters":[8,28],"Golden Idol":8,"Pen Nib":[4],"obtain_stats":[{"NeowsBlessing":0,"Gremlin Horn":6,"Golden Idol":11,"Pen Nib":2,"The Courier":9,"Uniform":0,"Odd Mushroom":7},{"NeowsBlessing":0,"Gremlin Horn":3,"Golden Idol":5,"Pen Nib":1,"The Courier":4,"Uniform":0,"Odd Mushroom":4},{"NeowsBlessing":0,"Gremlin Horn":3,"Golden Idol":8,"Pen Nib":1,"The Courier":6,"Uniform":0,"Odd Mushroom":6}]},"card_choices":[{"not_picked":["StarChef","Desolation"],"picked":"Rewind","floor":1},{"not_picked":["Read","Advance"],"picked":"ShatteredReality","floor":4},{"not_picked":["Foresight","Replace"],"picked":"Ricochet","floor":6},{"not_picked":["ShiftingGears","Collapse"],"picked":"Unruled","floor":7},{"not_picked":["Spin","Read"],"picked":"Rewind","floor":10},{"not_picked":["ShiftingGears","RealityMarble"],"picked":"Ricochet","floor":13},{"not_picked":["Defy","FastForward"],"picked":"Starlight","floor":14}],"player_experience":118883,"relics_obtained":[{"floor":2,"key":"Pen Nib"},{"floor":6,"key":"Gremlin Horn"},{"floor":7,"key":"Odd Mushroom"},{"floor":9,"key":"The Courier"}],"event_choices":[{"damage_healed":0,"gold_gain":0,"player_choice":"Fought Mushrooms","damage_taken":0,"max_hp_gain":0,"max_hp_loss":0,"event_name":"Mushrooms","floor":7,"gold_loss":0},{"damage_healed":0,"gold_gain":0,"player_choice":"Take Damage","damage_taken":16,"relics_obtained":["Golden Idol"],"max_hp_gain":0,"max_hp_loss":0,"event_name":"Golden Idol","floor":11,"gold_loss":0},{"damage_healed":21,"gold_gain":0,"player_choice":"Banana","damage_taken":0,"max_hp_gain":0,"max_hp_loss":0,"event_name":"Big Fish","floor":12,"gold_loss":0}],"is_beta":false,"boss_relics":[],"items_purged_floors":[5],"is_endless":false,"potions_floor_spawned":[7,10],"killed_by":"Hexaghost","ascension_level":0}}