{"host":"rz01j32460kf2mtw","time":1609793883,"event":{"mods":["BaseMod","Downfall","Minty Spire (QoL Compilation)","Quick Restart","StSLib"],"gold_per_floor":[99,99,99,249,249,259,259,289,289,289,304,316,316,335,350,450,450,450,465,465,565,577,577,577,607,607,626,637,664,664,682,702,702,702,702],"floor_reached":33,"playtime":2442,"items_purged":[],"score":268,"play_id":"5516c937-2a17-46e7-a03a-f153c395e0cb","local_time":"20210104135803","is_ascension_mode":false,"campfire_choices":[{"data":"hexamod:Float","floor":1,"key":"SMITH"},{"data":"hexamod:RadiantFlame","floor":9,"key":"SMITH"},{"data":"hexamod:NightmareGuise","floor":13,"key":"SMITH"},{"data":"hexamod:ParanormalForm","floor":18,"key":"SMITH"},{"data":"hexamod:SoulSteal","floor":26,"key":"SMITH"},{"floor":30,"key":"REST"}],"circlet_count":0,"master_deck":["hexamod:Strike+1","hexamod:Strike","hexamod:Strike","hexamod:Defend","hexamod:Defend","hexamod:Defend","hexamod:Sear","hexamod:Float+1","hexamod:Firestarter+1","hexamod:Hexaguard","hexamod:CrushingStance","hexamod:DynamicBlow","hexamod:RadiantFlame+1","hexamod:SpectersWail","hexamod:NightmareGuise+1","hexamod:Rewind","hexamod:EmpoweredFlame","hexamod:ParanormalForm+1","hexamod:NightmareGuise+1","hexamod:SoulSteal+1","hexamod:HeatMetal+1","hexamod:ThirdSeal","J.A.X.","hexamod:PhantomFireball+1","hexamod:StepThrough","hexamod:SpectersWail+1","hexamod:FifthSeal","hexamod:SixthSeal","hexamod:FourthSeal","hexamod:GhostflameInferno","hexamod:SwordOfDarkness","hexamod:SecondSeal","hexamod:FirstSeal","hexamod:TimeWarp"],"relics":["hexamod:SpiritBrand","Gremlin Horn","Oddly Smooth Stone","Spirit Poop","Philosopher\u0027s Stone","MutagenicStrength","Nloth\u0027s Gift","HornCleat","Potion Belt"],"acts_visited":["Exordium","TheCity"],"potions_floor_usage":[16,16,16,25,27,28,29,31],"damage_taken":[{"damage":0,"enemies":"Cultist","floor":2,"turns":1},{"damage":0,"enemies":"Jaw Worm","floor":3,"turns":1},{"damage":0,"enemies":"Small Slimes","floor":5,"turns":1},{"damage":3,"enemies":"Red Slaver","floor":6,"turns":4},{"damage":21,"enemies":"3 Sentries","floor":8,"turns":11},{"damage":0,"enemies":"Blue Slaver","floor":11,"turns":3},{"damage":0,"enemies":"Large Slime","floor":12,"turns":5},{"damage":2,"enemies":"Red Slaver","floor":14,"turns":3},{"damage":5,"enemies":"Exordium Thugs","floor":15,"turns":3},{"damage":9,"enemies":"ArchetypeAct1Statuses","floor":16,"turns":6},{"damage":27,"enemies":"3 Byrds","floor":19,"turns":6},{"damage":18,"enemies":"downfall:Augmenter","floor":21,"turns":6},{"damage":0,"enemies":"Spheric Guardian","floor":22,"turns":3},{"damage":9,"enemies":"Book of Stabbing","floor":25,"turns":5},{"damage":13,"enemies":"Snecko","floor":27,"turns":6},{"damage":6,"enemies":"Snake Plant","floor":28,"turns":5},{"damage":3,"enemies":"Centurion and Healer","floor":29,"turns":4},{"damage":10,"enemies":"Chosen and Byrds","floor":31,"turns":4},{"damage":21,"enemies":"3 Cultists","floor":32,"turns":5},{"damage":5,"enemies":"downfall:Silent","floor":33,"turns":1}],"seed_played":"7566945165053128717","potions_obtained":[{"floor":11,"key":"Strength Potion"},{"floor":12,"key":"hexamod:SoulburnPotion"},{"floor":14,"key":"Strength Potion"},{"floor":15,"key":"Fire Potion"},{"floor":22,"key":"Regen Potion"},{"floor":25,"key":"Energy Potion"},{"floor":27,"key":"Swift Potion"},{"floor":28,"key":"Guardian:BlockOnCardUsePotion"},{"floor":29,"key":"Fire Potion"}],"is_trial":false,"path_per_floor":["R","M","M","?","M","M","T","E","R","?","M","M","R","M","M","B",null,"R","M","?","?","M","?","T","E","R","M","M","M","R","M","M","B"],"character_chosen":"THE_SPIRIT","items_purchased":[],"campfire_rested":1,"item_purchase_floors":[],"current_hp_per_floor":[70,70,70,70,70,67,67,46,46,46,46,46,46,44,39,30,70,70,43,43,25,25,25,25,30,30,17,11,15,36,26,5,0,0,0],"gold":702,"neow_bonus":"THREE_ENEMY_KILL","is_daily":false,"chose_seed":false,"campfire_upgraded":5,"win_rate":0.0,"timestamp":1609793883,"path_taken":["R","M","?","?","M","M","T","E","R","?","M","?","R","M","M","BOSS","R","M","?","?","M","?","T","E","R","M","M","M","R","?","M","BOSS"],"items_purchased_type":[],"build_version":"2020-12-22","purchased_purges":0,"victory":false,"max_hp_per_floor":[70,70,70,70,70,70,70,70,70,70,70,70,70,70,70,70,70,70,70,70,70,70,70,70,70,70,70,70,70,70,70,70,70,70,70],"card_choices":[{"not_picked":["hexamod:EtherealExpedition","hexamod:GhostLash"],"picked":"hexamod:Firestarter","floor":2},{"not_picked":["hexamod:BurningTouch","hexamod:Firestarter"],"picked":"hexamod:Hexaguard","floor":3},{"not_picked":["hexamod:SpectralAdrenaline","hexamod:RecurringNightmare"],"picked":"hexamod:CrushingStance","floor":5},{"not_picked":["hexamod:FirstSeal","hexamod:FastForward"],"picked":"hexamod:DynamicBlow","floor":6},{"not_picked":["hexamod:GhostShield","hexamod:SpectersWail"],"picked":"hexamod:RadiantFlame","floor":8},{"not_picked":["hexamod:RainOfEmbers","hexamod:GhostLash"],"picked":"hexamod:SpectersWail","floor":11},{"not_picked":["hexamod:FastForward","hexamod:Firestarter"],"picked":"hexamod:NightmareGuise","floor":12},{"not_picked":["hexamod:NightmareStrike","hexamod:ShieldOfDarkness"],"picked":"hexamod:Rewind","floor":14},{"not_picked":["hexamod:SwordOfDarkness","hexamod:BurningTouch"],"picked":"hexamod:EmpoweredFlame","floor":15},{"not_picked":["hexamod:FifthSeal","hexamod:SixthSeal"],"picked":"hexamod:ParanormalForm","floor":16},{"not_picked":["hexamod:NightmareStrike","hexamod:GhostflameBarrier"],"picked":"hexamod:NightmareGuise+1","floor":19},{"not_picked":[],"picked":"J.A.X.","floor":21},{"not_picked":["hexamod:SpectersWail","hexamod:GhostOfSpireFuture"],"picked":"hexamod:PhantomFireball+1","floor":21},{"not_picked":["hexamod:SpectralAdrenaline","hexamod:GhostShield+1"],"picked":"hexamod:StepThrough","floor":22},{"not_picked":["hexamod:NightmareGuise","hexamod:SixthSeal"],"picked":"hexamod:SpectersWail+1","floor":25},{"not_picked":["hexamod:GhostLash","hexamod:ShieldOfDarkness+1"],"picked":"hexamod:FifthSeal","floor":25},{"not_picked":["hexamod:ThirdSeal","hexamod:FourthSeal"],"picked":"hexamod:SixthSeal","floor":27},{"not_picked":["hexamod:ThermalTransfer+1","hexamod:TimeWarp"],"picked":"hexamod:FourthSeal","floor":27},{"not_picked":["hexamod:NightmareGuise","hexamod:Hexaguard"],"picked":"hexamod:GhostflameInferno","floor":27},{"not_picked":["hexamod:FastForward","hexamod:SpectralAdrenaline"],"picked":"hexamod:SwordOfDarkness","floor":28},{"not_picked":["hexamod:SixthSeal","hexamod:FourthSeal"],"picked":"hexamod:SecondSeal","floor":28},{"not_picked":["hexamod:NightmareStrike","hexamod:ShieldOfDarkness"],"picked":"hexamod:FirstSeal","floor":28},{"not_picked":["hexamod:ParanormalForm","hexamod:Hexaguard+1"],"picked":"hexamod:TimeWarp","floor":29},{"not_picked":["hexamod:NightmareStrike","hexamod:BurningTouch","hexamod:Rewind"],"picked":"SKIP","floor":29},{"not_picked":["hexamod:SixthSeal","hexamod:FastForward","hexamod:BurningTouch"],"picked":"SKIP","floor":31},{"not_picked":["hexamod:NightmareGuise","hexamod:InspiringFlames","hexamod:StepThrough+1"],"picked":"SKIP","floor":32}],"player_experience":857870,"relics_obtained":[{"floor":7,"key":"Gremlin Horn"},{"floor":8,"key":"Oddly Smooth Stone"},{"floor":21,"key":"MutagenicStrength"},{"floor":24,"key":"HornCleat"},{"floor":25,"key":"Potion Belt"}],"event_choices":[{"cards_removed":["downfall:Icky"],"damage_healed":0,"gold_gain":0,"player_choice":"Offered Curse","damage_taken":0,"relics_obtained":["Spirit Poop"],"max_hp_gain":0,"max_hp_loss":0,"event_name":"Bonfire Elementals","floor":10,"gold_loss":0},{"damage_healed":0,"gold_gain":0,"player_choice":"Read","damage_taken":0,"max_hp_gain":0,"max_hp_loss":0,"event_name":"The Library","floor":20,"gold_loss":0,"cards_obtained":["hexamod:SoulSteal"]}],"is_beta":false,"boss_relics":[{"not_picked":["Empty Cage","bronze:MakeshiftBattery"],"picked":"Philosopher\u0027s Stone"}],"items_purged_floors":[],"is_endless":false,"potions_floor_spawned":[11,12,14,15,22,25,27],"killed_by":"downfall:Silent","ascension_level":0}}