{"host":"Ian","time":1609751842,"event":{"mods":["BaseMod","Bestiary","Block Reminder","Colored Map","Highlight Path","Key Reminder","Minty Spire (QoL Compilation)","Relic Stats"],"gold_per_floor":[112,112,129,129,147,147,164,164,191,220,220,220,237,263,263,339,339,351,52,1,13,13,44,44,72,97,130,130,130,160,170,170,248,248,264,87,103,157,157,157,0,35,80,80,105,119,119,145,145,145,145,145,145,56,87,87,87],"floor_reached":56,"playtime":2997,"items_purged":["Strike_R"],"score":2334,"play_id":"142e684a-dce1-4391-84ce-491d35a62ba3","local_time":"20210104091722","is_ascension_mode":true,"campfire_choices":[{"data":"Armaments","floor":6.0,"key":"SMITH"},{"floor":8.0,"key":"REST"},{"data":"Immolate","floor":11.0,"key":"SMITH"},{"data":"Flame Barrier","floor":15.0,"key":"SMITH"},{"data":"Shockwave","floor":24.0,"key":"SMITH"},{"data":"Impervious","floor":29.0,"key":"SMITH"},{"data":"Dual Wield","floor":32.0,"key":"SMITH"},{"data":"Second Wind","floor":40.0,"key":"SMITH"},{"floor":44,"key":"RECALL"},{"data":"Ghostly Armor","floor":47,"key":"SMITH"},{"data":"Ghostly Armor","floor":49,"key":"SMITH"},{"floor":53,"key":"REST"}],"circlet_count":0,"master_deck":["AscendersBane","Strike_R","Strike_R+1","Strike_R+1","Strike_R+1","Defend_R","Defend_R","Defend_R","Defend_R","Bash+1","Carnage+1","Ghostly Armor+1","Armaments+1","Immolate+1","Flame Barrier+1","Shockwave+1","Impervious+1","Clothesline","Barricade","Dual Wield+1","Ghostly Armor+1","Body Slam+1","Exhume","CurseOfTheBell","Dark Embrace","Second Wind+1","Body Slam","Entrench+1","Feel No Pain"],"relics":["Burning Blood","Ancient Tea Set","Bronze Scales","Snecko Eye","Strange Spoon","Nunchaku","InkBottle","Prayer Wheel","PreservedInsect","Paper Frog","Turnip","Calling Bell","Orichalcum","Blue Candle","Unceasing Top","WingedGreaves","Red Mask","Dead Branch","Bag of Marbles","Whetstone","Centennial Puzzle","Bag of Preparation"],"acts_visited":["Exordium","TheCity","TheBeyond","TheEnding"],"potions_floor_usage":[],"damage_taken":[{"damage":4.0,"enemies":"Jaw Worm","floor":1.0,"turns":4.0},{"damage":14.0,"enemies":"Small Slimes","floor":3.0,"turns":4.0},{"damage":1.0,"enemies":"2 Louse","floor":5.0,"turns":3.0},{"damage":11.0,"enemies":"Gremlin Gang","floor":7.0,"turns":4.0},{"damage":27.0,"enemies":"Lagavulin","floor":10.0,"turns":6.0},{"damage":0.0,"enemies":"Blue Slaver","floor":13.0,"turns":3.0},{"damage":10.0,"enemies":"3 Sentries","floor":14.0,"turns":6.0},{"damage":34.0,"enemies":"The Guardian","floor":16.0,"turns":11.0},{"damage":0.0,"enemies":"Spheric Guardian","floor":18.0,"turns":1.0},{"damage":0.0,"enemies":"Chosen","floor":21.0,"turns":4.0},{"damage":7.0,"enemies":"Slavers","floor":23.0,"turns":5.0},{"damage":10.0,"enemies":"Book of Stabbing","floor":25.0,"turns":4.0},{"damage":0.0,"enemies":"Slavers","floor":27.0,"turns":2.0},{"damage":0.0,"enemies":"Gremlin Leader","floor":30.0,"turns":3.0},{"damage":0.0,"enemies":"Centurion and Healer","floor":31.0,"turns":5.0},{"damage":0.0,"enemies":"Collector","floor":33.0,"turns":8.0},{"damage":13.0,"enemies":"3 Shapes","floor":35.0,"turns":5.0},{"damage":0.0,"enemies":"3 Darklings","floor":37.0,"turns":1.0},{"damage":48.0,"enemies":"2 Orb Walkers","floor":38.0,"turns":5.0},{"damage":0.0,"enemies":"Giant Head","floor":42.0,"turns":6.0},{"damage":11,"enemies":"Nemesis","floor":45,"turns":9},{"damage":9,"enemies":"Maw","floor":46,"turns":7},{"damage":0,"enemies":"Giant Head","floor":48,"turns":5},{"damage":25,"enemies":"Time Eater","floor":50,"turns":10},{"damage":30,"enemies":"Awakened One","floor":51,"turns":11},{"damage":22,"enemies":"Shield and Spear","floor":55,"turns":8},{"damage":51,"enemies":"The Heart","floor":56,"turns":3}],"seed_played":"-3383690165056695731","potions_obtained":[{"floor":3.0,"key":"LiquidBronze"},{"floor":5.0,"key":"Dexterity Potion"},{"floor":18.0,"key":"Fire Potion"},{"floor":23.0,"key":"SteroidPotion"},{"floor":27.0,"key":"Explosive Potion"},{"floor":33.0,"key":"AttackPotion"},{"floor":35.0,"key":"SpeedPotion"},{"floor":38.0,"key":"Energy Potion"}],"is_trial":false,"path_per_floor":["M","?","M","?","M","R","M","R","T","E","R","?","M","E","R","B",null,"M","$","?","M","?","E","R","E","T","E","?","R","E","M","R","B",null,"M","$","M","?","?","R","?","E","T","R","E","M","R","E","R","B","B",null,"R","$","E","B"],"character_chosen":"IRONCLAD","items_purchased":["Strange Spoon","Energy Potion","Dark Embrace","Second Wind","Feel No Pain"],"campfire_rested":2,"item_purchase_floors":[19,19,36,36,54],"current_hp_per_floor":[70,65,57,34,39,39,34,56,56,35,35,35,41,37,37,9,59,65,65,65,71,50,49,49,45,45,51,51,51,57,63,63,69,77,70,70,76,34,66,66,66,66,66,66,61,58,58,64,64,45,21,55,66,66,50,0,0],"gold":87,"neow_bonus":"UPGRADE_CARD","is_daily":false,"chose_seed":false,"campfire_upgraded":9,"win_rate":0.0,"timestamp":1609751842,"path_taken":["M","?","M","?","M","R","M","R","T","E","R","?","M","E","R","BOSS","M","$","?","?","?","E","R","E","T","E","?","R","E","M","R","BOSS","M","$","M","?","?","R","?","E","T","R","E","?","R","E","R","BOSS","BOSS","R","$","E","BOSS"],"items_purchased_type":["Relic","Potion","Card","Card","Card"],"build_version":"2020-12-18","purchased_purges":1,"victory":false,"max_hp_per_floor":[75,75,75,75,75,75,75,75,75,75,75,75,75,75,75,75,75,75,75,75,75,80,80,80,80,80,80,80,80,80,80,80,80,80,80,80,80,80,66,66,66,66,66,66,66,66,66,66,66,66,66,66,66,66,66,66,66],"relic_stats":{"counters":[27,143],"Blue Candle":[0],"Dead Branch":[69],"PreservedInsect":509,"Bag of Preparation":[2],"Whetstone":["Strike_R","Strike_R"],"Orichalcum":[36],"Burning Blood":150,"Strange Spoon":[27],"Nunchaku":[14],"Centennial Puzzle":[12],"Bronze Scales":[367],"Snecko Eye":[180,196,167,193],"Prayer Wheel":4,"Turnip":[14],"obtain_stats":[{"Blue Candle":34,"Dead Branch":42,"PreservedInsect":26,"Bag of Preparation":55,"Whetstone":45,"Orichalcum":34,"Ancient Tea Set":10,"Burning Blood":0,"keyreminder:keyreminder":9,"Calling Bell":34,"Strange Spoon":19,"Nunchaku":20,"Centennial Puzzle":48,"Bronze Scales":14,"Snecko Eye":17,"Prayer Wheel":25,"Turnip":30,"WingedGreaves":38,"Red Mask":41,"Bag of Marbles":43,"InkBottle":23,"Unceasing Top":34,"Paper Frog":27},{"Blue Candle":16,"Dead Branch":20,"PreservedInsect":12,"Bag of Preparation":26,"Whetstone":21,"Orichalcum":16,"Ancient Tea Set":5,"Burning Blood":0,"keyreminder:keyreminder":4,"Calling Bell":16,"Strange Spoon":9,"Nunchaku":9,"Centennial Puzzle":23,"Bronze Scales":7,"Snecko Eye":8,"Prayer Wheel":12,"Turnip":14,"WingedGreaves":19,"Red Mask":19,"Bag of Marbles":20,"InkBottle":11,"Unceasing Top":16,"Paper Frog":13},{"Blue Candle":73,"Dead Branch":90,"PreservedInsect":55,"Bag of Preparation":140,"Whetstone":99,"Orichalcum":73,"Ancient Tea Set":21,"Burning Blood":0,"keyreminder:keyreminder":15,"Calling Bell":73,"Strange Spoon":42,"Nunchaku":42,"Centennial Puzzle":111,"Bronze Scales":30,"Snecko Eye":41,"Prayer Wheel":55,"Turnip":60,"WingedGreaves":84,"Red Mask":84,"Bag of Marbles":90,"InkBottle":51,"Unceasing Top":73,"Paper Frog":57}],"InkBottle":[31],"Unceasing Top":[0]},"card_choices":[{"not_picked":["Havoc","Flex"],"picked":"Carnage","floor":1.0},{"not_picked":["Clothesline","Perfected Strike"],"picked":"Ghostly Armor","floor":3.0},{"not_picked":["Perfected Strike","Cleave"],"picked":"Armaments","floor":5.0},{"not_picked":["Rupture","Burning Pact"],"picked":"Immolate","floor":7.0},{"not_picked":["Body Slam","Blood for Blood","Pommel Strike"],"picked":"SKIP","floor":10.0},{"not_picked":["Armaments","Clash"],"picked":"Flame Barrier","floor":13.0},{"not_picked":["Clothesline","Pommel Strike"],"picked":"Shockwave","floor":14.0},{"not_picked":["Reaper","Brutality"],"picked":"Impervious","floor":16.0},{"not_picked":["Ghostly Armor","Flex","Cleave"],"picked":"SKIP","floor":18.0},{"not_picked":["Warcry+1","Flex","Headbutt"],"picked":"SKIP","floor":21.0},{"not_picked":["Headbutt","Thunderclap"],"picked":"Clothesline","floor":23.0},{"not_picked":["Feed","Dropkick"],"picked":"Barricade","floor":25.0},{"not_picked":["Headbutt","Flex","Twin Strike"],"picked":"SKIP","floor":27.0},{"not_picked":["Pommel Strike","Cleave","Shrug It Off"],"picked":"SKIP","floor":30.0},{"not_picked":["Heavy Blade","Pummel"],"picked":"Ghostly Armor","floor":31.0},{"not_picked":["Headbutt","Sword Boomerang"],"picked":"Body Slam+1","floor":31.0},{"not_picked":["Brutality","Barricade"],"picked":"Exhume","floor":33.0},{"not_picked":["Headbutt","Battle Trance","Heavy Blade"],"picked":"SKIP","floor":35.0},{"not_picked":["Infernal Blade","Dropkick","True Grit"],"picked":"SKIP","floor":35.0},{"not_picked":["Cleave","Pummel"],"picked":"Body Slam","floor":37.0},{"not_picked":["Cleave","Heavy Blade+1","Flex"],"picked":"SKIP","floor":37.0},{"not_picked":["Second Wind","Double Tap","Pommel Strike"],"picked":"SKIP","floor":42},{"not_picked":["Second Wind","Double Tap","Pommel Strike"],"picked":"SKIP","floor":42},{"not_picked":["Anger+1","Exhume","Twin Strike"],"picked":"SKIP","floor":45},{"not_picked":["Anger","Metallicize"],"picked":"Entrench+1","floor":46},{"not_picked":["Flex+1","Blood for Blood+1","Dropkick"],"picked":"SKIP","floor":46},{"not_picked":["Warcry","Perfected Strike","Anger+1"],"picked":"SKIP","floor":48},{"not_picked":["Bloodletting+1","Clash+1","True Grit"],"picked":"SKIP","floor":55}],"player_experience":2624351,"relics_obtained":[{"floor":10.0,"key":"Ancient Tea Set"},{"floor":14.0,"key":"Bronze Scales"},{"floor":23.0,"key":"InkBottle"},{"floor":25.0,"key":"Prayer Wheel"},{"floor":26.0,"key":"PreservedInsect"},{"floor":27.0,"key":"Paper Frog"},{"floor":30.0,"key":"Turnip"},{"floor":34.0,"key":"Orichalcum"},{"floor":34.0,"key":"Blue Candle"},{"floor":34.0,"key":"Unceasing Top"},{"floor":38.0,"key":"WingedGreaves"},{"floor":42,"key":"Dead Branch"},{"floor":43,"key":"Bag of Marbles"},{"floor":45,"key":"Whetstone"},{"floor":48,"key":"Centennial Puzzle"},{"floor":55,"key":"Bag of Preparation"}],"event_choices":[{"damage_healed":0.0,"max_hp_gain":0.0,"max_hp_loss":0.0,"gold_gain":0.0,"event_name":"Scrap Ooze","player_choice":"Fled","floor":2.0,"gold_loss":0.0,"damage_taken":5.0},{"damage_healed":0.0,"max_hp_gain":0.0,"max_hp_loss":0.0,"gold_gain":0.0,"event_name":"Shining Light","player_choice":"Entered Light","floor":4.0,"gold_loss":0.0,"damage_taken":23.0,"cards_upgraded":["Carnage","Strike_R"]},{"damage_healed":0.0,"max_hp_gain":0.0,"max_hp_loss":0.0,"gold_gain":0.0,"event_name":"Liars Game","player_choice":"Ignored","floor":12.0,"gold_loss":0.0,"damage_taken":0.0},{"damage_healed":0.0,"max_hp_gain":0.0,"max_hp_loss":0.0,"gold_gain":0.0,"event_name":"WeMeetAgain","player_choice":"Paid Gold","floor":20.0,"gold_loss":51.0,"damage_taken":0.0,"relics_obtained":["Nunchaku"]},{"damage_healed":0.0,"max_hp_gain":5.0,"max_hp_loss":0.0,"gold_gain":0.0,"event_name":"Forgotten Altar","player_choice":"Shed Blood","floor":22.0,"gold_loss":0.0,"damage_taken":26.0},{"damage_healed":0.0,"max_hp_gain":0.0,"max_hp_loss":0.0,"gold_gain":0.0,"event_name":"The Library","player_choice":"Read","floor":28.0,"gold_loss":0.0,"damage_taken":0.0,"cards_obtained":["Dual Wield"]},{"damage_healed":0.0,"max_hp_gain":0.0,"max_hp_loss":0.0,"gold_gain":0.0,"event_name":"Mysterious Sphere","player_choice":"Fight","floor":38.0,"gold_loss":0.0,"damage_taken":0.0},{"damage_healed":66.0,"max_hp_gain":0.0,"max_hp_loss":14.0,"gold_gain":0.0,"event_name":"The Moai Head","player_choice":"Heal","floor":39.0,"gold_loss":0.0,"damage_taken":0.0},{"damage_healed":0.0,"max_hp_gain":0.0,"max_hp_loss":0.0,"gold_gain":0.0,"event_name":"Tomb of Lord Red Mask","player_choice":"Paid","floor":41.0,"gold_loss":157.0,"damage_taken":0.0,"relics_obtained":["Red Mask"]}],"is_beta":true,"boss_relics":[{"not_picked":["Tiny House","Runic Dome"],"picked":"Snecko Eye"},{"not_picked":["Runic Cube","Black Blood"],"picked":"Calling Bell"}],"items_purged_floors":[19],"is_endless":false,"potions_floor_spawned":[3,5,18,23,27,33,35,38,42,48],"killed_by":"The Heart","ascension_level":20}}