{"host":"szp1d6dso4pv7ddl","time":1609739644,"event":{"mods":["AchievementEnabler","Alarm Clock","BaseMod","Bestiary","Block Reminder","Colored Map","Colored Powertips","Curses Come First","Displayed Cursed Tome","Highlight Path","Minty Spire (QoL Compilation)","Permanent Neow","Quick Restart","Relic Sorter","Relic Stats","StSLib","Synergy Search"],"gold_per_floor":[213,232,407,407,3,3,3,3,54,54,66,66,79,94,94,94,94],"floor_reached":16,"playtime":684,"items_purged":["Defend_R"],"score":149,"play_id":"9224f3a4-d1ef-4c5e-ad39-f34c1f9f9cec","local_time":"20210103215404","is_ascension_mode":true,"campfire_choices":[{"data":"Dark Embrace","floor":6.0,"key":"SMITH"},{"data":"Offering","floor":8.0,"key":"SMITH"},{"data":"Pommel Strike","floor":12.0,"key":"SMITH"},{"data":"Bash","floor":15.0,"key":"SMITH"}],"circlet_count":0,"master_deck":["AscendersBane","Strike_R+1","Strike_R+1","Strike_R","Strike_R","Strike_R","Defend_R","Defend_R","Defend_R","Bash+1","Pommel Strike+1","Offering+1","Dark Embrace+1","Ghostly Armor"],"relics":["Burning Blood","HornCleat","Centennial Puzzle"],"acts_visited":["Exordium"],"potions_floor_usage":[16,16],"damage_taken":[{"damage":1.0,"enemies":"Cultist","floor":1.0,"turns":3.0},{"damage":1.0,"enemies":"2 Louse","floor":2.0,"turns":4.0},{"damage":6.0,"enemies":"Small Slimes","floor":11.0,"turns":2.0},{"damage":18.0,"enemies":"Exordium Wildlife","floor":13.0,"turns":3.0},{"damage":7.0,"enemies":"Looter","floor":14.0,"turns":3.0},{"damage":55,"enemies":"Slime Boss","floor":16,"turns":6}],"seed_played":"3542552269157163546","potions_obtained":[{"floor":2.0,"key":"GamblersBrew"},{"floor":11.0,"key":"ElixirPotion"},{"floor":13.0,"key":"SkillPotion"}],"is_trial":false,"path_per_floor":["M","M","?","?","$","R","$","R","T","?","M","R","M","M","R","B"],"character_chosen":"IRONCLAD","items_purchased":["Dark Embrace","HornCleat"],"campfire_rested":0,"item_purchase_floors":[5,5],"current_hp_per_floor":[77,80,80,73,73,73,73,73,73,57,57,57,45,44,44,0,0],"gold":94,"neow_bonus":"HUNDRED_GOLD","is_daily":false,"chose_seed":false,"campfire_upgraded":4,"win_rate":0.0,"timestamp":1609739644,"path_taken":["M","?","?","?","$","R","?","R","T","?","M","R","M","M","R","BOSS"],"items_purchased_type":["Card","Relic"],"build_version":"2020-12-22","purchased_purges":1,"victory":false,"max_hp_per_floor":[80,80,80,80,80,80,80,80,80,80,80,80,80,80,80,80,80],"relic_stats":{"Centennial Puzzle":[12],"counters":[6,21],"obtain_stats":[{"Centennial Puzzle":9,"HornCleat":5,"Burning Blood":0},{"Centennial Puzzle":2,"HornCleat":2,"Burning Blood":0},{"Centennial Puzzle":7,"HornCleat":7,"Burning Blood":0}],"Burning Blood":28},"card_choices":[{"not_picked":["Thunderclap","Shockwave"],"picked":"Pommel Strike","floor":1.0},{"not_picked":["Reckless Charge","Wild Strike"],"picked":"Offering","floor":2.0},{"not_picked":["Twin Strike","Clothesline","Metallicize"],"picked":"SKIP","floor":11.0},{"not_picked":["Twin Strike","Clothesline","Metallicize"],"picked":"SKIP","floor":11.0},{"not_picked":["Clothesline","Inflame","Body Slam"],"picked":"SKIP","floor":13.0},{"not_picked":["Wild Strike","Perfected Strike"],"picked":"Ghostly Armor","floor":14.0}],"player_experience":1115059,"relics_obtained":[{"floor":9.0,"key":"Centennial Puzzle"}],"event_choices":[{"damage_healed":0.0,"max_hp_gain":0.0,"max_hp_loss":0.0,"gold_gain":175.0,"event_name":"Liars Game","player_choice":"AGREE","floor":3.0,"gold_loss":0.0,"damage_taken":0.0,"cards_obtained":["Doubt"]},{"cards_removed":["Doubt"],"damage_healed":0.0,"max_hp_gain":0.0,"max_hp_loss":0.0,"gold_gain":0.0,"event_name":"Golden Wing","player_choice":"Card Removal","floor":4.0,"gold_loss":0.0,"damage_taken":7.0},{"damage_healed":0.0,"max_hp_gain":0.0,"max_hp_loss":0.0,"gold_gain":0.0,"event_name":"Shining Light","player_choice":"Entered Light","floor":10.0,"gold_loss":0.0,"damage_taken":16.0,"cards_upgraded":["Strike_R","Strike_R"]}],"is_beta":false,"boss_relics":[],"items_purged_floors":[5],"is_endless":false,"potions_floor_spawned":[2,11,13],"killed_by":"Slime Boss","ascension_level":13}}