{"host":"Ceyx","time":1609759893,"event":{"mods":["BaseMod","Beaked The Cultist","BetterRewards","Conspire","Downfall","Hubris","Minty Spire (QoL Compilation)","StSLib","The Jungle"],"gold_per_floor":[114,214,225,35,35,63,25,58,58,70,87,87,103,130,130,230,230,248,173,88,59,71,71,71],"floor_reached":23,"playtime":1607,"items_purged":["beaked:Strike_Y","beaked:Strike_Y"],"score":236,"play_id":"f597398f-e382-4595-91e3-400da90e669b","local_time":"20210104183133","is_ascension_mode":false,"campfire_choices":[{"data":"beaked:Overexert","floor":12,"key":"SMITH"},{"data":"beaked:BraceForImpact","floor":15,"key":"SMITH"}],"circlet_count":0,"master_deck":["beaked:Strike_Y","beaked:Strike_Y","beaked:Strike_Y","beaked:Defend_Y","beaked:Defend_Y","beaked:Defend_Y","beaked:Defend_Y","beaked:Ceremony","beaked:Ceremony","beaked:Ceremony","beaked:Roost","beaked:Overexert+1","beaked:Foresight","beaked:BraceForImpact+1","beaked:KnowThyFoe","beaked:Brace","beaked:BloodRitual","beaked:Hexing"],"relics":["beaked:MendingPlumage","NeowsBlessing","Membership Card","MawBank","hubris:CrystalStatue","hubris:SphereOfDissonance","conspire:TopHat","conspire:SeveredTorchhead","Strawberry"],"acts_visited":["Exordium","TheCity"],"potions_floor_usage":[11,13,14,21,22,22,23],"damage_taken":[{"damage":2,"enemies":"conspire:RoseBush","floor":1,"turns":1},{"damage":0,"enemies":"Cultist","floor":3,"turns":1},{"damage":0,"enemies":"Gremlin Nob","floor":6,"turns":1},{"damage":27,"enemies":"3 Sentries","floor":8,"turns":10},{"damage":3,"enemies":"Small Slimes","floor":10,"turns":4},{"damage":14,"enemies":"Exordium Thugs","floor":11,"turns":6},{"damage":2,"enemies":"3 Louse","floor":13,"turns":4},{"damage":2,"enemies":"Lagavulin","floor":14,"turns":7},{"damage":41,"enemies":"Slime Boss","floor":16,"turns":12},{"damage":35,"enemies":"Chosen","floor":18,"turns":10},{"damage":22,"enemies":"2 Thieves","floor":21,"turns":5},{"damage":24,"enemies":"Snake Plant","floor":22,"turns":5},{"damage":69,"enemies":"Gremlin Leader","floor":23,"turns":5}],"seed_played":"7059771414179651615","potions_obtained":[{"floor":1,"key":"LiquidBronze"},{"floor":10,"key":"hexamod:EctoCoolerPotion"},{"floor":11,"key":"PowerPotion"},{"floor":13,"key":"Dexterity Potion"},{"floor":16,"key":"Dexterity Potion"},{"floor":18,"key":"Swift Potion"},{"floor":21,"key":"Block Potion"}],"is_trial":false,"path_per_floor":["M","?","M","$","?","E","$","E","T","M","M","R","M","E","R","B",null,"M","?","?","M","M","E"],"character_chosen":"BEAKED_THE_CULTIST","items_purchased":["Membership Card"],"campfire_rested":0,"item_purchase_floors":[4],"current_hp_per_floor":[48,48,49,49,54,55,55,48,48,55,53,53,55,55,55,45,55,40,40,47,46,40,0,0],"gold":71,"neow_bonus":"THREE_ENEMY_KILL","is_daily":false,"chose_seed":false,"campfire_upgraded":2,"win_rate":0.0,"timestamp":1609759893,"path_taken":["M","?","?","$","?","E","?","E","T","M","M","R","?","E","R","BOSS","M","?","?","M","M","E"],"items_purchased_type":["Relic"],"build_version":"2020-12-18","purchased_purges":2,"victory":false,"max_hp_per_floor":[50,50,50,50,55,55,55,55,55,55,55,55,55,55,55,55,55,55,55,62,62,62,62,62],"card_choices":[{"not_picked":["beaked:Struggle","beaked:Devastation"],"picked":"beaked:Roost","floor":1},{"not_picked":["beaked:Tradeoff","beaked:CursingBlood"],"picked":"beaked:Overexert","floor":3},{"not_picked":["beaked:FeelMyPain","beaked:Brainwash","beaked:BraceForImpact"],"picked":"SKIP","floor":6},{"not_picked":["beaked:Flinch","beaked:Brace","beaked:BounceBack"],"picked":"SKIP","floor":8},{"not_picked":["beaked:SurvivalInstinct","beaked:Replenish","beaked:BraceForImpact"],"picked":"SKIP","floor":10},{"not_picked":["beaked:StickSmack","beaked:BraceForImpact"],"picked":"beaked:Foresight","floor":11},{"not_picked":["beaked:RitualOfBody","beaked:Caw"],"picked":"beaked:BraceForImpact","floor":13},{"not_picked":["beaked:Poke","beaked:CursingBlood","beaked:Brace"],"picked":"SKIP","floor":14},{"not_picked":["beaked:CheekyTricks","beaked:DarkTribute"],"picked":"beaked:KnowThyFoe","floor":16},{"not_picked":["beaked:CursingBlood+1","beaked:WarriorEssence"],"picked":"beaked:Brace","floor":18},{"not_picked":["beaked:DigDeep","beaked:WildInstinct"],"picked":"beaked:BloodRitual","floor":21},{"not_picked":["beaked:SurvivalInstinct","beaked:Poke"],"picked":"beaked:Hexing","floor":22}],"player_experience":500851,"relics_obtained":[{"floor":6,"key":"MawBank"},{"floor":8,"key":"hubris:CrystalStatue"},{"floor":9,"key":"hubris:SphereOfDissonance"},{"floor":14,"key":"conspire:TopHat"}],"event_choices":[{"damage_healed":0,"gold_gain":100,"player_choice":"Pray","damage_taken":0,"max_hp_gain":0,"max_hp_loss":0,"event_name":"Golden Shrine","floor":2,"gold_loss":0},{"damage_healed":0,"gold_gain":0,"player_choice":"Donut","damage_taken":0,"max_hp_gain":5,"max_hp_loss":0,"event_name":"Big Fish","floor":5,"gold_loss":0},{"cards_removed":["beaked:Strike_Y"],"damage_healed":0,"gold_gain":0,"player_choice":"Gave Gold","damage_taken":0,"max_hp_gain":0,"max_hp_loss":0,"event_name":"Beggar","floor":19,"gold_loss":75},{"damage_healed":0,"gold_gain":0,"player_choice":"Obtained Relic","damage_taken":0,"relics_obtained":["Strawberry"],"max_hp_gain":0,"max_hp_loss":0,"event_name":"Addict","floor":20,"gold_loss":85}],"is_beta":true,"boss_relics":[{"not_picked":["Astrolabe","beaked:FlawlessSticks"],"picked":"conspire:SeveredTorchhead"}],"items_purged_floors":[4,7],"is_endless":false,"potions_floor_spawned":[1,10,11,13,16,18,21],"killed_by":"Gremlin Leader","ascension_level":0}}