{"host":"kh6fvhxn285ncg0o","time":1609737965,"event":{"mods":["Act Like it!","BaseMod","Colored Map","Friendly Minions","Keyboard Shortcuts","Minty Spire (QoL Compilation)","Quick Restart","Relic Stats","StSLib","SuperFastMode"],"gold_per_floor":[119,269,194,209,44,44,77,89,89,115,115,130,146,146,146,225,225,235,235,160,160,176,176,209,209,209],"floor_reached":25,"playtime":482,"items_purged":[],"score":458,"play_id":"5e257833-6329-4648-ae60-c1d752b54798","local_time":"20210104142605","is_ascension_mode":true,"campfire_choices":[{"data":"Bash","floor":6.0,"key":"SMITH"},{"floor":11.0,"key":"REST"},{"floor":15.0,"key":"RECALL"},{"data":"Burning Pact","floor":23.0,"key":"SMITH"}],"circlet_count":0,"master_deck":["AscendersBane","Strike_R+1","Strike_R+1","Strike_R+1","Strike_R+1","Defend_R+1","Defend_R+1","Defend_R+1","Defend_R+1","Bash+1","Fire Breathing+1","Burning Pact+1","Feel No Pain+1"],"relics":["Burning Blood","Bag of Preparation","Sling","Nunchaku","Frozen Egg 2","Eternal Feather","Paper Frog","Mark of Pain","Magic Flower","Incense Burner"],"acts_visited":["Exordium","TheCity"],"potions_floor_usage":[25],"damage_taken":[{"damage":7.0,"enemies":"Small Slimes","floor":1.0,"turns":4.0},{"damage":6.0,"enemies":"2 Louse","floor":4.0,"turns":3.0},{"damage":30.0,"enemies":"Lagavulin","floor":7.0,"turns":6.0},{"damage":7.0,"enemies":"Jaw Worm","floor":8.0,"turns":4.0},{"damage":30.0,"enemies":"3 Sentries","floor":10.0,"turns":10.0},{"damage":11.0,"enemies":"Looter","floor":12.0,"turns":5.0},{"damage":18.0,"enemies":"Red Slaver","floor":13.0,"turns":7.0},{"damage":14.0,"enemies":"Slime Boss","floor":16.0,"turns":7.0},{"damage":30.0,"enemies":"Spheric Guardian","floor":18.0,"turns":4.0},{"damage":8.0,"enemies":"3 Byrds","floor":22.0,"turns":5.0},{"damage":28.0,"enemies":"Book of Stabbing","floor":24.0,"turns":4.0},{"damage":31,"enemies":"Masked Bandits","floor":25,"turns":3}],"seed_played":"-8504777868022705406","potions_obtained":[{"floor":4.0,"key":"Fire Potion"},{"floor":12.0,"key":"Weak Potion"},{"floor":13.0,"key":"Regen Potion"},{"floor":16.0,"key":"LiquidMemories"},{"floor":22.0,"key":"Ancient Potion"}],"is_trial":false,"path_per_floor":["M","?","?","M","$","R","E","M","T","E","R","M","M","?","R","B",null,"M","?","?","?","M","R","E","?"],"character_chosen":"IRONCLAD","items_purchased":["Sling"],"campfire_rested":1,"item_purchase_floors":[5],"current_hp_per_floor":[67,67,67,67,67,67,43,42,42,18,46,41,29,29,35,42,67,43,43,43,43,44,50,31,0,0],"gold":209,"neow_bonus":"RANDOM_COMMON_RELIC","is_daily":false,"chose_seed":false,"campfire_upgraded":2,"win_rate":0.0,"timestamp":1609737965,"path_taken":["M","?","?","M","$","R","E","M","T","E","R","M","M","?","R","BOSS","M","?","?","?","?","R","E","?"],"items_purchased_type":["Relic"],"build_version":"2020-12-22","purchased_purges":0,"victory":false,"max_hp_per_floor":[75,75,75,75,75,75,75,75,75,75,75,75,75,75,75,75,75,75,75,75,75,75,75,75,75,75],"relic_stats":{"Nunchaku":[7],"counters":[12,62],"Magic Flower":[6],"Eternal Feather":18,"Bag of Preparation":[24],"obtain_stats":[{"Nunchaku":7,"Magic Flower":21,"Eternal Feather":10,"Mark of Pain":17,"Bag of Preparation":0,"Incense Burner":24,"Frozen Egg 2":9,"Sling":5,"Burning Blood":0,"Paper Frog":14},{"Nunchaku":3,"Magic Flower":9,"Eternal Feather":5,"Mark of Pain":8,"Bag of Preparation":0,"Incense Burner":11,"Frozen Egg 2":4,"Sling":2,"Burning Blood":0,"Paper Frog":7},{"Nunchaku":13,"Magic Flower":50,"Eternal Feather":27,"Mark of Pain":46,"Bag of Preparation":0,"Incense Burner":59,"Frozen Egg 2":17,"Sling":7,"Burning Blood":0,"Paper Frog":39}],"Burning Blood":72},"card_choices":[{"not_picked":["True Grit","Heavy Blade","Cleave"],"picked":"SKIP","floor":1.0},{"not_picked":["Clothesline","Clash","Entrench"],"picked":"SKIP","floor":4.0},{"not_picked":["Pommel Strike","Thunderclap"],"picked":"Fire Breathing+1","floor":12.0},{"not_picked":["Anger","Flex","Clash"],"picked":"SKIP","floor":13.0},{"not_picked":["Bludgeon","Reaper"],"picked":"Corruption+1","floor":16.0},{"not_picked":["Spot Weakness","Hemokinesis"],"picked":"Burning Pact","floor":18.0},{"not_picked":["Sword Boomerang","Body Slam"],"picked":"Feel No Pain+1","floor":24.0}],"player_experience":3355740,"relics_obtained":[{"floor":7.0,"key":"Nunchaku"},{"floor":9.0,"key":"Frozen Egg 2"},{"floor":10.0,"key":"Eternal Feather"},{"floor":24.0,"key":"Incense Burner"}],"event_choices":[{"damage_healed":0.0,"max_hp_gain":0.0,"max_hp_loss":0.0,"gold_gain":150.0,"event_name":"Liars Game","player_choice":"AGREE","floor":2.0,"gold_loss":0.0,"damage_taken":0.0,"cards_obtained":["Doubt"]},{"cards_removed":["Doubt"],"damage_healed":0.0,"max_hp_gain":0.0,"max_hp_loss":0.0,"gold_gain":0.0,"event_name":"The Cleric","player_choice":"Card Removal","floor":3.0,"gold_loss":75.0,"damage_taken":0.0},{"damage_healed":0.0,"max_hp_gain":0.0,"max_hp_loss":0.0,"gold_gain":0.0,"event_name":"Dead Adventurer","player_choice":"Searched \u00271\u0027 times","floor":14.0,"gold_loss":0.0,"damage_taken":0.0,"relics_obtained":["Paper Frog"]},{"damage_healed":0.0,"max_hp_gain":0.0,"max_hp_loss":0.0,"gold_gain":0.0,"event_name":"Back to Basics","player_choice":"Simplicity","floor":19.0,"gold_loss":0.0,"damage_taken":0.0,"cards_upgraded":["Strike_R","Strike_R","Strike_R","Strike_R","Strike_R","Defend_R","Defend_R","Defend_R","Defend_R"]},{"cards_removed":["Strike_R"],"damage_healed":0.0,"max_hp_gain":0.0,"max_hp_loss":0.0,"gold_gain":0.0,"event_name":"Beggar","player_choice":"Gave Gold","floor":20.0,"gold_loss":75.0,"damage_taken":0.0},{"cards_removed":["Corruption"],"damage_healed":0.0,"max_hp_gain":0.0,"max_hp_loss":0.0,"gold_gain":0.0,"event_name":"WeMeetAgain","player_choice":"Gave Card","floor":21.0,"gold_loss":0.0,"damage_taken":0.0,"relics_obtained":["Magic Flower"]},{"damage_healed":0,"gold_gain":0,"player_choice":"Fought Bandits","damage_taken":0,"max_hp_gain":0,"max_hp_loss":0,"event_name":"Masked Bandits","floor":25,"gold_loss":0}],"is_beta":false,"boss_relics":[{"not_picked":["Fusion Hammer","Busted Crown"],"picked":"Mark of Pain"}],"items_purged_floors":[],"is_endless":false,"potions_floor_spawned":[4,12,13,16,22],"killed_by":"Masked Bandits","ascension_level":20}}