{"host":"gsmj583br51y3r1c","time":1609773883,"event":{"mods":["A Magickal Journey","AchievementEnabler","BaseMod","Better Note","Colored Map","Dio Mod","Downfall","Hermit","Highlight Path","Hubris","Infinite Spire","Marisa????????","Minty Spire (QoL Compilation)","Permanent Neow","Quick Restart","StSLib","The Alterego","The Bug Knight","The Cursed","The Disciple","The Elementalist","The Marked","The Mystic","The Runesmith","The Servant 0.9.4","Unceasing Turn Reminder","everything is the same but u backflip on backflip"],"gold_per_floor":[111,111,126,22,32,32,44,44,67,67,86,97,97,117,117,219,219,238,163,174,174,204,251,107,107,130,130,130],"floor_reached":27,"playtime":3604,"items_purged":["Strike_MRS"],"score":250,"play_id":"31e7da2f-3da4-447b-a18c-12ea151a2924","local_time":"20210104172443","is_ascension_mode":false,"campfire_choices":[{"data":"MeteoricShower","floor":6.0,"key":"SMITH"},{"data":"PulseMagic","floor":8.0,"key":"SMITH"},{"data":"BinaryStars","floor":15.0,"key":"SMITH"},{"data":"GasGiant","floor":25.0,"key":"SMITH"}],"circlet_count":0,"master_deck":["Strike_MRS","Defend_MRS","Defend_MRS","Defend_MRS","Defend_MRS","MasterSpark","UpSweep","GalacticHalo","GrandCross","AsteroidBelt","GasGiant+1","MeteoricShower+1","EnergyFlow","BinaryStars+1","PulseMagic+1","MagicAbsorber","MagicChant","GalacticHalo","TreasureHunter","MilkyWay","WitchOfGreed","NonDirectionalLaser+1","ChargeUpSpray"],"relics":["MiniHakkero","hubris:Towel","Sozu","hubris:AstralHammer","Strange Spoon","Bronze Scales"],"acts_visited":["Exordium","TheCity"],"potions_floor_usage":[],"damage_taken":[{"damage":5.0,"enemies":"Small Slimes","floor":1.0,"turns":3.0},{"damage":6.0,"enemies":"2 Louse","floor":3.0,"turns":3.0},{"damage":1.0,"enemies":"Cultist","floor":5.0,"turns":3.0},{"damage":13.0,"enemies":"3 Louse","floor":7.0,"turns":4.0},{"damage":7.0,"enemies":"Lots of Slimes","floor":11.0,"turns":4.0},{"damage":13.0,"enemies":"Gremlin Gang","floor":12.0,"turns":6.0},{"damage":0.0,"enemies":"Looter","floor":14.0,"turns":3.0},{"damage":5.0,"enemies":"Slime Boss","floor":16.0,"turns":5.0},{"damage":0.0,"enemies":"Shell Parasite","floor":18.0,"turns":6.0},{"damage":0.0,"enemies":"Chosen","floor":20.0,"turns":6.0},{"damage":21.0,"enemies":"Shelled Parasite and Fungi","floor":22.0,"turns":6.0},{"damage":20.0,"enemies":"Nightmare","floor":23.0,"turns":8.0},{"damage":0,"enemies":"3 Cultists","floor":27,"turns":1}],"seed_played":"4605424421881235767","potions_obtained":[{"floor":7.0,"key":"Swift Potion"},{"floor":11.0,"key":"Energy Potion"},{"floor":12.0,"key":"BottledSpark"},{"floor":16.0,"key":"Fire Potion"}],"is_trial":false,"path_per_floor":["M","?","M","$","M","R","M","R","T","?","M","M","?","M","R","B",null,"M","$","M","?","M","NM","$","R","T","M"],"character_chosen":"MARISA","items_purchased":["MeteoricShower","EnergyFlow","Strange Spoon"],"campfire_rested":0,"item_purchase_floors":[4,4,24],"current_hp_per_floor":[70,70,64,64,63,63,50,50,50,43,36,23,23,23,23,18,75,75,75,75,75,54,34,34,34,34,34,34],"gold":130,"neow_bonus":"TRANSFORM_TWO_CARDS","is_daily":false,"chose_seed":false,"campfire_upgraded":4,"win_rate":0.0,"timestamp":1609773883,"path_taken":["M","?","M","$","M","R","M","R","T","?","M","M","?","?","R","BOSS","M","$","M","?","?","NM","?","R","T","M"],"items_purchased_type":["Card","Card","Relic"],"build_version":"2020-12-22","purchased_purges":1,"victory":false,"max_hp_per_floor":[75,75,75,75,75,75,75,75,75,75,75,75,75,75,75,75,75,75,75,75,75,75,75,75,75,75,75,75],"card_choices":[{"not_picked":["6A","Orbital"],"picked":"AsteroidBelt","floor":1.0},{"not_picked":["MysteriousBeam","DarkMatter"],"picked":"GasGiant","floor":3.0},{"not_picked":["MysteriousBeam","EnergyFlow"],"picked":"BinaryStars","floor":5.0},{"not_picked":["StarBarrage","OneTimeOff"],"picked":"PulseMagic","floor":7.0},{"not_picked":["MachineGunSpark","GravityBeat"],"picked":"MagicAbsorber","floor":11.0},{"not_picked":["DeepEcoloBomb","OpenUniverse"],"picked":"MagicChant","floor":12.0},{"not_picked":["DC","UnstableBomb"],"picked":"GalacticHalo","floor":14.0},{"not_picked":["MillisecondPulsars","BigCrunch"],"picked":"TreasureHunter","floor":16.0},{"not_picked":["UnstableBomb","DC+1"],"picked":"MilkyWay","floor":18.0},{"not_picked":["MilkyWay","WitchLeyline"],"picked":"WitchOfGreed","floor":20.0},{"not_picked":["MagicChant","MysteriousBeam+1"],"picked":"NonDirectionalLaser+1","floor":22.0},{"not_picked":["MysteriousBeam","LuminesStrike"],"picked":"ChargeUpSpray","floor":23.0}],"player_experience":313435,"relics_obtained":[{"floor":23.0,"key":"hubris:AstralHammer"},{"floor":26.0,"key":"Bronze Scales"}],"event_choices":[{"cards_removed":["sneckomod:Bewildered"],"damage_healed":0.0,"max_hp_gain":0.0,"max_hp_loss":0.0,"gold_gain":0.0,"event_name":"Golden Wing","player_choice":"Card Removal","floor":10.0,"gold_loss":0.0,"damage_taken":7.0},{"damage_healed":0.0,"max_hp_gain":0.0,"max_hp_loss":0.0,"gold_gain":0.0,"event_name":"The Woman in Blue","player_choice":"Bought 0 Potions","floor":13.0,"gold_loss":0.0,"damage_taken":0.0},{"cards_removed":["GalacticHalo"],"damage_healed":0.0,"max_hp_gain":0.0,"max_hp_loss":0.0,"gold_gain":0.0,"event_name":"betterNote:BetterNote","player_choice":"Give","floor":21.0,"gold_loss":0.0,"damage_taken":0.0,"cards_obtained":["None"]}],"is_beta":false,"boss_relics":[{"not_picked":["Tiny House","hubris:ScarierMask"],"picked":"Sozu"}],"items_purged_floors":[19],"is_endless":true,"potions_floor_spawned":[7,11,12,16,20],"killed_by":"3 Cultists","ascension_level":0}}