{"host":"8xi53560pl5zaoq2","time":1609766865,"event":{"mods":["BaseMod","Colored Map","Highlight Path","Minty Spire (QoL Compilation)","StSLib","Synergy Search"],"gold_per_floor":[210,223,241,241,255,255,255,1,1,15,32,32,64,80,80,80,80],"floor_reached":16,"playtime":762,"items_purged":[],"score":213,"play_id":"83f37947-a3cd-4a86-9446-9589bf5664fa","local_time":"20210104062745","is_ascension_mode":true,"campfire_choices":[{"data":"Accuracy","floor":6,"key":"SMITH"},{"data":"Blade Dance","floor":12,"key":"SMITH"},{"data":"Leg Sweep","floor":15,"key":"SMITH"}],"circlet_count":0,"master_deck":["AscendersBane","Strike_G","Strike_G","Strike_G","Strike_G","Strike_G","Defend_G","Defend_G","Defend_G","Defend_G","Defend_G","Survivor","Neutralize","Blade Dance+1","Accuracy+1","Glass Knife","Terror","Leg Sweep+1","Bullet Time"],"relics":["Ring of the Snake","Kunai","InkBottle","Letter Opener"],"acts_visited":["Exordium"],"potions_floor_usage":[5,16],"damage_taken":[{"damage":3,"enemies":"2 Louse","floor":1,"turns":4},{"damage":6,"enemies":"Cultist","floor":2,"turns":6},{"damage":7,"enemies":"Small Slimes","floor":3,"turns":4},{"damage":11,"enemies":"Exordium Wildlife","floor":5,"turns":6},{"damage":10,"enemies":"Gremlin Gang","floor":10,"turns":4},{"damage":0,"enemies":"Large Slime","floor":11,"turns":4},{"damage":0,"enemies":"Lagavulin","floor":13,"turns":4},{"damage":0,"enemies":"Exordium Wildlife","floor":14,"turns":4},{"damage":26,"enemies":"Slime Boss","floor":16,"turns":8}],"seed_played":"8079657764941110900","potions_obtained":[{"floor":1,"key":"Dexterity Potion"},{"floor":4,"key":"ColorlessPotion"},{"floor":10,"key":"Poison Potion"},{"floor":11,"key":"Ancient Potion"},{"floor":14,"key":"BlessingOfTheForge"}],"is_trial":false,"path_per_floor":["M","M","M","?","M","R","?","$","T","M","M","R","E","M","R","B"],"character_chosen":"THE_SILENT","items_purchased":["Kunai"],"campfire_rested":0,"item_purchase_floors":[8],"current_hp_per_floor":[60,54,47,47,36,36,36,36,36,26,26,26,26,26,26,0,0],"gold":80,"neow_bonus":"HUNDRED_GOLD","is_daily":false,"chose_seed":false,"campfire_upgraded":3,"win_rate":0.0,"timestamp":1609766865,"path_taken":["M","M","M","?","?","R","?","$","T","M","?","R","E","M","R","BOSS"],"items_purchased_type":["Relic"],"build_version":"2020-12-22","purchased_purges":0,"victory":false,"max_hp_per_floor":[70,70,70,70,70,70,70,70,70,70,70,70,70,70,70,70,70],"card_choices":[{"not_picked":["Tactician","Expertise","Flying Knee"],"picked":"SKIP","floor":1},{"not_picked":["Prepared","Underhanded Strike"],"picked":"Blade Dance","floor":2},{"not_picked":["Catalyst","Dagger Spray"],"picked":"Accuracy","floor":3},{"not_picked":["Dagger Throw","Choke","Dodge and Roll"],"picked":"SKIP","floor":5},{"not_picked":["Caltrops","Deflect"],"picked":"Terror","floor":10},{"not_picked":["Terror","Finisher"],"picked":"Leg Sweep","floor":11},{"not_picked":["Underhanded Strike","Eviscerate","Tactician"],"picked":"SKIP","floor":13},{"not_picked":["Underhanded Strike","PiercingWail"],"picked":"Bullet Time","floor":14}],"player_experience":1256644,"relics_obtained":[{"floor":9,"key":"InkBottle"},{"floor":13,"key":"Letter Opener"}],"event_choices":[{"damage_healed":0,"gold_gain":0,"player_choice":"Got Potions","damage_taken":0,"max_hp_gain":0,"max_hp_loss":0,"event_name":"Lab","floor":4,"gold_loss":0},{"damage_healed":0,"gold_gain":0,"player_choice":"1 cards matched","damage_taken":0,"max_hp_gain":0,"max_hp_loss":0,"event_name":"Match and Keep!","floor":7,"gold_loss":0,"cards_obtained":["Glass Knife"]}],"is_beta":false,"boss_relics":[],"items_purged_floors":[],"is_endless":false,"potions_floor_spawned":[1,10,11,14],"killed_by":"Slime Boss","ascension_level":13}}