{"host":"7o30bgpqouqblh42","time":1609790171,"event":{"mods":["AchievementEnabler","Aspiration","BaseMod","Colored Map","Downfall","Highlight Path","Minty Spire (QoL Compilation)","StSLib","SuperFastMode"],"gold_per_floor":[112,112,131,155,173,173,199,199,199,44,44,44,9,40,40,136,136,154,253,253,553,568,598,598,628,652,681,697,716,791,809,809,914,914,930,942,580,593,593,593,593,593,616,630,642,674,674,247,247,247,247,247,97,122,122,122],"floor_reached":55,"playtime":4392,"items_purged":["Defend_P","SignatureMove+1","Strike_P","Strike_P"],"score":861,"play_id":"b4bc2819-858e-4005-9ae6-3af51fb85352","local_time":"20210104145611","is_ascension_mode":false,"campfire_choices":[{"data":"ReachHeaven","floor":6,"key":"SMITH"},{"data":"SignatureMove","floor":12,"key":"SMITH"},{"floor":15,"key":"RECALL"},{"data":"JustLucky","floor":24,"key":"SMITH"},{"floor":32,"key":"REST"},{"data":"Wireheading","floor":40,"key":"SMITH"},{"data":"Omniscience","floor":42,"key":"SMITH"},{"floor":47,"key":"REST"},{"floor":49,"key":"REST"},{"data":"BattleHymn","floor":52,"key":"SMITH"}],"circlet_count":0,"master_deck":["Strike_P","Defend_P+1","Defend_P+1","Defend_P+1","Eruption","Vigilance+1","ReachHeaven+1","Consecrate","Evaluate+1","Alpha+1","Meditate+1","Omniscience+1","JustLucky+1","ThirdEye+1","BattleHymn+1","Wireheading+1","Devotion"],"relics":["Velvet Choker","aspiration:FrozenJewel","Pear","White Beast Statue","expansioncontent:StudyCardRelic","Old Coin","Turnip","aspiration:AnachronicSnailShell","Tiny Chest","Kunai","Busted Crown","Bottled Tornado","aspiration:StickyExplosives_weak","Nunchaku","PreservedInsect","Anchor","Strawberry","Bronze Scales"],"acts_visited":["Exordium","TheCity","TheBeyond","TheEnding"],"potions_floor_usage":[7,14,18,25,25,27,27,33,33,45,45,46,50,50,55],"damage_taken":[{"damage":4,"enemies":"2 Louse","floor":1,"turns":4},{"damage":2,"enemies":"Cultist","floor":3,"turns":3},{"damage":0,"enemies":"Small Slimes","floor":5,"turns":2},{"damage":0,"enemies":"Gremlin Nob","floor":7,"turns":3},{"damage":0,"enemies":"Lagavulin","floor":14,"turns":4},{"damage":7,"enemies":"The Guardian","floor":16,"turns":7},{"damage":0,"enemies":"2 Thieves","floor":18,"turns":4},{"damage":2,"enemies":"Shell Parasite","floor":22,"turns":4},{"damage":0,"enemies":"Book of Stabbing","floor":23,"turns":4},{"damage":7,"enemies":"Gremlin Leader","floor":25,"turns":4},{"damage":14,"enemies":"Slavers","floor":27,"turns":4},{"damage":6,"enemies":"Snecko","floor":28,"turns":4},{"damage":12,"enemies":"Snake Plant","floor":29,"turns":3},{"damage":0,"enemies":"Centurion and Healer","floor":31,"turns":4},{"damage":19,"enemies":"Automaton","floor":33,"turns":8},{"damage":0,"enemies":"3 Darklings","floor":35,"turns":3},{"damage":0,"enemies":"3 Shapes","floor":36,"turns":5},{"damage":2,"enemies":"Maw","floor":38,"turns":6},{"damage":2,"enemies":"Writhing Mass","floor":44,"turns":4},{"damage":24,"enemies":"Spire Growth","floor":45,"turns":4},{"damage":56,"enemies":"Reptomancer","floor":46,"turns":5},{"damage":74,"enemies":"Time Eater","floor":50,"turns":9},{"damage":24,"enemies":"Shield and Spear","floor":54,"turns":5},{"damage":71,"enemies":"The Heart","floor":55,"turns":9}],"seed_played":"-150816757775174292","potions_obtained":[{"floor":3,"key":"Block Potion"},{"floor":5,"key":"LiquidMemories"},{"floor":16,"key":"ColorlessPotion"},{"floor":18,"key":"champ:CounterPotion"},{"floor":22,"key":"SpeedPotion"},{"floor":23,"key":"BlessingOfTheForge"},{"floor":25,"key":"Regen Potion"},{"floor":27,"key":"SpeedPotion"},{"floor":28,"key":"Block Potion"},{"floor":29,"key":"StancePotion"},{"floor":31,"key":"FearPotion"},{"floor":33,"key":"StancePotion"},{"floor":35,"key":"FearPotion"},{"floor":36,"key":"sneckomod:MuddlingPotion"},{"floor":38,"key":"Swift Potion"},{"floor":44,"key":"LiquidBronze"},{"floor":45,"key":"Dexterity Potion"},{"floor":46,"key":"Fire Potion"},{"floor":54,"key":"LiquidMemories"}],"is_trial":false,"path_per_floor":["M","?","M","T","M","R","E","?","T","$","?","R","?","E","R","B",null,"M","?","?","T","M","E","R","E","T","E","M","M","?","M","R","B",null,"M","M","$","M","T","R","?","R","T","M","M","E","R","$","R","B",null,"R","$","E","B"],"character_chosen":"WATCHER","items_purchased":["Meditate","Bottled Tornado","Anchor","Strawberry"],"campfire_rested":3,"item_purchase_floors":[10,37,48,48],"current_hp_per_floor":[68,68,66,66,66,66,66,58,58,58,58,58,78,78,78,71,82,82,82,66,66,64,64,64,57,57,55,49,37,29,29,55,36,87,87,87,87,85,85,85,85,85,85,83,59,3,29,36,64,10,94,94,94,70,0,0],"gold":122,"neow_bonus":"BOSS_RELIC","is_daily":false,"chose_seed":false,"campfire_upgraded":6,"win_rate":0.0,"timestamp":1609790171,"path_taken":["M","?","?","?","M","R","E","?","T","$","?","R","?","E","R","BOSS","M","?","?","?","M","E","R","E","T","E","M","?","?","M","R","BOSS","M","M","$","?","?","R","?","R","T","M","?","E","R","$","R","BOSS","R","$","E","BOSS"],"items_purchased_type":["Card","Relic","Relic","Relic"],"build_version":"2020-12-22","purchased_purges":4,"victory":false,"max_hp_per_floor":[72,72,72,72,72,72,72,82,82,82,82,82,82,82,82,82,82,82,82,87,87,87,87,87,87,87,87,87,87,87,87,87,87,87,87,87,87,87,87,87,87,87,87,87,87,87,87,94,94,94,94,94,94,94,94,94],"card_choices":[{"not_picked":["Prostrate","MentalFortress"],"picked":"ReachHeaven","floor":1},{"not_picked":["FlyingSleeves","FollowUp"],"picked":"Consecrate","floor":3},{"not_picked":["BowlingBash","MentalFortress"],"picked":"Evaluate","floor":5},{"not_picked":["CutThroughFate","JustLucky"],"picked":"Alpha","floor":7},{"not_picked":["Brilliance","Consecrate","Worship"],"picked":"SKIP","floor":14},{"not_picked":["SpiritShield","Ragnarok"],"picked":"Omniscience","floor":16},{"not_picked":["Sanctity","Consecrate","Prostrate"],"picked":"SKIP","floor":18},{"not_picked":["Evaluate","ClearTheMind","EmptyMind"],"picked":"SKIP","floor":22},{"not_picked":["Brilliance","EmptyFist"],"picked":"JustLucky","floor":23},{"not_picked":["BowlingBash+1","ThirdEye","CutThroughFate"],"picked":"SKIP","floor":25},{"not_picked":["WreathOfFlame+1","ClearTheMind"],"picked":"ThirdEye+1","floor":27},{"not_picked":["BowlingBash+1","Blasphemy","Halt"],"picked":"SKIP","floor":28},{"not_picked":["EmptyBody","CrushJoints"],"picked":"BattleHymn","floor":29},{"not_picked":["Protect","JustLucky"],"picked":"Wireheading","floor":31},{"not_picked":["LessonLearned","MasterReality"],"picked":"Devotion","floor":33},{"not_picked":["Weave+1"],"picked":"SKIP","floor":35},{"not_picked":["Sanctity"],"picked":"SKIP","floor":36},{"not_picked":["JustLucky+1"],"picked":"SKIP","floor":38},{"not_picked":["Pray"],"picked":"SKIP","floor":44},{"not_picked":["Consecrate"],"picked":"SKIP","floor":45},{"not_picked":["CrushJoints"],"picked":"SKIP","floor":46},{"not_picked":["ThirdEye"],"picked":"SKIP","floor":54}],"player_experience":230543,"relics_obtained":[{"floor":4,"key":"Lantern"},{"floor":7,"key":"aspiration:FrozenJewel"},{"floor":14,"key":"White Beast Statue"},{"floor":21,"key":"Old Coin"},{"floor":23,"key":"Turnip"},{"floor":25,"key":"aspiration:AnachronicSnailShell"},{"floor":26,"key":"Tiny Chest"},{"floor":27,"key":"Kunai"},{"floor":39,"key":"aspiration:StickyExplosives_weak"},{"floor":43,"key":"Nunchaku"},{"floor":46,"key":"PreservedInsect"},{"floor":54,"key":"Bronze Scales"}],"event_choices":[{"damage_healed":0,"gold_gain":0,"cards_transformed":["Strike_P"],"player_choice":"Transformed","damage_taken":0,"max_hp_gain":0,"max_hp_loss":0,"event_name":"Transmorgrifier","floor":2,"gold_loss":0,"cards_obtained":["SignatureMove"]},{"damage_healed":0,"gold_gain":0,"player_choice":"Success","damage_taken":18,"relics_obtained":["Pear"],"max_hp_gain":0,"max_hp_loss":0,"event_name":"Scrap Ooze","floor":8,"gold_loss":0},{"damage_healed":20,"gold_gain":0,"player_choice":"Healed","damage_taken":0,"max_hp_gain":0,"max_hp_loss":0,"event_name":"The Cleric","floor":13,"gold_loss":35},{"damage_healed":0,"gold_gain":99,"player_choice":"Stole From Cult","damage_taken":0,"max_hp_gain":0,"max_hp_loss":0,"event_name":"Nest","floor":19,"gold_loss":0},{"damage_healed":0,"gold_gain":0,"player_choice":"Shed Blood","damage_taken":21,"max_hp_gain":5,"max_hp_loss":0,"event_name":"Forgotten Altar","floor":20,"gold_loss":0},{"damage_healed":0,"gold_gain":75,"player_choice":"Touch","damage_taken":8,"max_hp_gain":0,"max_hp_loss":0,"event_name":"FaceTrader","floor":30,"gold_loss":0},{"damage_healed":0,"gold_gain":0,"player_choice":"0 cards matched","damage_taken":0,"max_hp_gain":0,"max_hp_loss":0,"event_name":"Match and Keep!","floor":41,"gold_loss":0,"cards_obtained":[]}],"is_beta":false,"boss_relics":[{"not_picked":["aspiration:SecretTechniqueScroll","Runic Dome"],"picked":"expansioncontent:StudyCardRelic"},{"not_picked":["aspiration:FutureDiary","Philosopher\u0027s Stone"],"picked":"Busted Crown"}],"items_purged_floors":[10,37,48,53],"is_endless":false,"potions_floor_spawned":[3,5,16,18,22,23,25,27,28,29,31,33,35,36,38,44,45,46,54],"killed_by":"The Heart","ascension_level":0}}