{"host":"s437j9t81dsq7bjm","time":1609796020,"event":{"mods":["BaseMod","Bestiary","Hermit","Highlight Path","Minty Spire (QoL Compilation)","Shade Mod","StSLib","The Animator","The Blackbeard","The Cursed","The Elementalist","The Necromancer","The Runesmith"],"gold_per_floor":[112,112,62,81,96,96,130,130,130,180,280,295,160,160,160,264,264,264,264],"floor_reached":18,"playtime":1127,"items_purged":[],"score":158,"play_id":"712c179c-a1bb-48f4-8195-23c379961e85","local_time":"20210104193340","is_ascension_mode":false,"campfire_choices":[{"data":"hermit:PistolWhip","floor":6,"key":"SMITH"},{"data":"hermit:Headshot","floor":8,"key":"SMITH"},{"data":"hermit:Roughhouse","floor":15,"key":"SMITH"}],"circlet_count":0,"master_deck":["hermit:Strike_Hermit","hermit:Strike_Hermit","hermit:Strike_Hermit","hermit:Defend_Hermit","hermit:Defend_Hermit","hermit:Defend_Hermit","hermit:Snapshot","hermit:Covet","hermit:Grudge","hermit:LowProfile","hermit:PistolWhip+1","hermit:Horror","hermit:Headshot+1","hermit:Snipe","hermit:Roughhouse+1","Iron Wave","hermit:FatalDesire"],"relics":["hermit:Momento","NeowsBlessing","hermit:Spyglass","Coffee Dripper"],"acts_visited":["Exordium","TheCity"],"potions_floor_usage":[16,16,16],"damage_taken":[{"damage":0,"enemies":"2 Louse","floor":1,"turns":1},{"damage":0,"enemies":"Cultist","floor":4,"turns":1},{"damage":0,"enemies":"Small Slimes","floor":5,"turns":1},{"damage":32,"enemies":"Gremlin Nob","floor":7,"turns":4},{"damage":0,"enemies":"Looter","floor":12,"turns":2},{"damage":53,"enemies":"The Guardian","floor":16,"turns":9},{"damage":20,"enemies":"3 Byrds","floor":18,"turns":4}],"seed_played":"-2282220160098686848","potions_obtained":[{"floor":1,"key":"Regen Potion"},{"floor":4,"key":"DuplicationPotion"},{"floor":12,"key":"Fire Potion"}],"is_trial":false,"path_per_floor":["M","?","$","M","M","R","E","R","T","?","?","M","$","?","R","B",null,"M"],"character_chosen":"HERMIT","items_purchased":["hermit:LowProfile","hermit:Roughhouse"],"campfire_rested":0,"item_purchase_floors":[3,13],"current_hp_per_floor":[75,75,75,75,75,75,43,43,43,43,43,43,43,43,43,5,75,55,55],"gold":264,"neow_bonus":"THREE_ENEMY_KILL","is_daily":false,"chose_seed":false,"campfire_upgraded":3,"win_rate":0.0,"timestamp":1609796020,"path_taken":["M","?","$","?","M","R","E","R","T","?","?","?","?","?","R","BOSS","M"],"items_purchased_type":["Card","Card"],"build_version":"2020-12-22","purchased_purges":0,"victory":false,"max_hp_per_floor":[75,75,75,75,75,75,75,75,75,75,75,75,75,75,75,75,75,75,75],"card_choices":[{"not_picked":["hermit:LoneWolf","hermit:Misfire"],"picked":"hermit:Grudge","floor":1},{"not_picked":["hermit:Feint","hermit:ItchyTrigger"],"picked":"hermit:PistolWhip","floor":4},{"not_picked":["hermit:Coalescence","hermit:Virtue"],"picked":"hermit:Horror","floor":5},{"not_picked":["hermit:Ricochet","hermit:Cheat"],"picked":"hermit:Headshot","floor":7},{"not_picked":["hermit:TakeCover","hermit:LoneWolf"],"picked":"hermit:Snipe","floor":12},{"not_picked":["hermit:FromBeyond","hermit:OverwhelmingPower"],"picked":"hermit:FatalDesire","floor":16}],"player_experience":186882,"relics_obtained":[{"floor":7,"key":"hermit:Spyglass"}],"event_choices":[{"cards_removed":["hermit:Defend_Hermit"],"damage_healed":0,"gold_gain":0,"player_choice":"Purged","damage_taken":0,"max_hp_gain":0,"max_hp_loss":0,"event_name":"Purifier","floor":2,"gold_loss":0},{"damage_healed":0,"gold_gain":100,"player_choice":"Gold","damage_taken":0,"max_hp_gain":0,"max_hp_loss":0,"event_name":"Wheel of Change","floor":11,"gold_loss":0},{"cards_removed":["hermit:Strike_Hermit"],"damage_healed":0,"gold_gain":0,"player_choice":"Took Card","damage_taken":0,"max_hp_gain":0,"max_hp_loss":0,"event_name":"NoteForYourself","floor":14,"gold_loss":0,"cards_obtained":["Iron Wave"]}],"is_beta":false,"boss_relics":[{"not_picked":["hermit:DentedPlate","SacredBark"],"picked":"Coffee Dripper"}],"items_purged_floors":[],"is_endless":false,"potions_floor_spawned":[1,4,12],"killed_by":"3 Byrds","ascension_level":0}}