{"host":"wha9hktbkslqvblg","time":1609763842,"event":{"mods":["BaseMod","Colored Map","Minty Spire (QoL Compilation)","Relic Stats","SuperFastMode","everything is the same but u backflip on backflip"],"gold_per_floor":[118,118,43,43,59,2,43,43,43,62,62,82,157,182,182,182,182],"floor_reached":16,"playtime":244,"items_purged":[],"score":250,"play_id":"a600c450-7dce-4349-bacf-eebefb427b88","local_time":"20210104213722","is_ascension_mode":true,"campfire_choices":[{"data":"Zap","floor":8.0,"key":"SMITH"},{"data":"Coolheaded","floor":15.0,"key":"SMITH"}],"circlet_count":0,"master_deck":["AscendersBane","Strike_B","Strike_B","Strike_B","Defend_B","Defend_B","Zap+1","Dualcast","Glacier","Coolheaded+1","Sweeping Beam","Gash","Core Surge"],"relics":["Cracked Core","NeowsBlessing","Golden Idol","White Beast Statue","Turnip"],"acts_visited":["Exordium"],"potions_floor_usage":[16,16],"damage_taken":[{"damage":0.0,"enemies":"2 Louse","floor":1.0,"turns":1.0},{"damage":0.0,"enemies":"Small Slimes","floor":5.0,"turns":1.0},{"damage":0.0,"enemies":"3 Sentries","floor":7.0,"turns":1.0},{"damage":10.0,"enemies":"Jaw Worm","floor":10.0,"turns":3.0},{"damage":0.0,"enemies":"2 Fungi Beasts","floor":12.0,"turns":2.0},{"damage":12.0,"enemies":"Looter","floor":14.0,"turns":3.0},{"damage":25,"enemies":"Hexaghost","floor":16,"turns":10}],"seed_played":"-253750218099382527","potions_obtained":[{"floor":1.0,"key":"LiquidBronze"},{"floor":5.0,"key":"BlessingOfTheForge"},{"floor":12.0,"key":"SpeedPotion"}],"is_trial":false,"path_per_floor":["M","?","?","?","M","$","E","R","T","M","?","M","?","M","R","B"],"character_chosen":"DEFECT","items_purchased":["Sweeping Beam"],"campfire_rested":0,"item_purchase_floors":[6],"current_hp_per_floor":[64,57,57,57,57,57,57,57,57,47,47,47,36,24,24,0,0],"gold":182,"neow_bonus":"THREE_ENEMY_KILL","is_daily":false,"chose_seed":false,"campfire_upgraded":2,"win_rate":0.0,"timestamp":1609763842,"path_taken":["M","?","?","?","M","$","E","R","T","M","?","?","?","M","R","BOSS"],"items_purchased_type":["Card"],"build_version":"2020-12-22","purchased_purges":0,"victory":false,"max_hp_per_floor":[71,71,71,64,64,64,64,64,64,64,64,64,64,64,64,64,64],"relic_stats":{"counters":[7,21],"Golden Idol":24,"Turnip":[0],"obtain_stats":[{"NeowsBlessing":0,"Golden Idol":4,"Turnip":9,"Cracked Core":0,"White Beast Statue":7},{"NeowsBlessing":0,"Golden Idol":1,"Turnip":3,"Cracked Core":0,"White Beast Statue":3},{"NeowsBlessing":0,"Golden Idol":1,"Turnip":3,"Cracked Core":0,"White Beast Statue":3}]},"card_choices":[{"not_picked":["Barrage","Compile Driver"],"picked":"Glacier","floor":1.0},{"not_picked":["Rebound","Sweeping Beam"],"picked":"Coolheaded","floor":5.0},{"not_picked":["Hologram","BootSequence"],"picked":"Gash","floor":7.0},{"not_picked":["Hello World","Auto Shields","Barrage"],"picked":"SKIP","floor":10.0},{"not_picked":["Barrage","Hologram","Glacier"],"picked":"SKIP","floor":12.0},{"not_picked":["Beam Cell","Hologram","Genetic Algorithm"],"picked":"SKIP","floor":14.0}],"player_experience":934421,"relics_obtained":[{"floor":7.0,"key":"White Beast Statue"},{"floor":9.0,"key":"Turnip"}],"event_choices":[{"cards_removed":["Defend_B"],"damage_healed":0.0,"max_hp_gain":0.0,"max_hp_loss":0.0,"gold_gain":0.0,"event_name":"Golden Wing","player_choice":"Card Removal","floor":2.0,"gold_loss":0.0,"damage_taken":7.0},{"cards_removed":["Defend_B"],"damage_healed":0.0,"max_hp_gain":0.0,"max_hp_loss":0.0,"gold_gain":0.0,"event_name":"The Cleric","player_choice":"Card Removal","floor":3.0,"gold_loss":75.0,"damage_taken":0.0},{"damage_healed":0.0,"max_hp_gain":0.0,"max_hp_loss":7.0,"gold_gain":0.0,"event_name":"Golden Idol","player_choice":"Lose Max HP","floor":4.0,"gold_loss":0.0,"damage_taken":0.0,"relics_obtained":["Golden Idol"]},{"damage_healed":0.0,"max_hp_gain":0.0,"max_hp_loss":0.0,"gold_gain":0.0,"cards_transformed":["Strike_B"],"event_name":"Living Wall","player_choice":"Change","floor":11.0,"gold_loss":0.0,"damage_taken":0.0,"cards_obtained":["Core Surge"]},{"damage_healed":0.0,"max_hp_gain":0.0,"max_hp_loss":0.0,"gold_gain":75.0,"event_name":"World of Goop","player_choice":"Gather Gold","floor":13.0,"gold_loss":0.0,"damage_taken":11.0}],"is_beta":false,"boss_relics":[],"items_purged_floors":[],"is_endless":false,"potions_floor_spawned":[1,5,10,12,14],"killed_by":"Hexaghost","ascension_level":20}}