{"host":"da4a6z8aof69aasy","time":1609783387,"event":{"mods":["AchievementEnabler","BaseMod","Block Reminder","Colored Powertips","DeckTracker","Highlight Path","Minty Spire (QoL Compilation)","Permanent Neow","Relic Stats","StSLib"],"gold_per_floor":[111,111,111,122,139,170,170,188,213,213,225,237,293,329,341,449,461,446,471,4,4,20,20,20,20],"floor_reached":24,"playtime":12326,"items_purged":["Clothesline"],"score":361,"play_id":"b23dd2e7-8615-49f3-bfc3-fec780051b79","local_time":"20210104200307","is_ascension_mode":true,"campfire_choices":[{"floor":7.0,"key":"REST"},{"data":"Uppercut","floor":12.0,"key":"SMITH"},{"floor":15.0,"key":"REST"},{"data":"Flame Barrier","floor":23,"key":"SMITH"}],"circlet_count":0,"master_deck":["AscendersBane","Bash+1","Headbutt","Uppercut+1","Feel No Pain","Evolve","Clothesline+1","Pummel","Shrug It Off","Shrug It Off","Spot Weakness","Flame Barrier+1","Reaper","Sentinel","Spot Weakness"],"relics":["Pandora\u0027s Box","Bag of Marbles","Oddly Smooth Stone","Blood Vial","MawBank","Golden Idol","Shuriken","SacredBark","InkBottle","Lee\u0027s Waffle"],"acts_visited":["Exordium","TheCity"],"potions_floor_usage":[22],"damage_taken":[{"damage":6.0,"enemies":"Small Slimes","floor":1.0,"turns":2.0},{"damage":1.0,"enemies":"Jaw Worm","floor":4.0,"turns":2.0},{"damage":0.0,"enemies":"2 Louse","floor":5.0,"turns":2.0},{"damage":12.0,"enemies":"Gremlin Nob","floor":6.0,"turns":3.0},{"damage":7.0,"enemies":"Red Slaver","floor":8.0,"turns":3.0},{"damage":19.0,"enemies":"Lagavulin","floor":13.0,"turns":9.0},{"damage":5.0,"enemies":"Gremlin Gang","floor":14.0,"turns":4.0},{"damage":16.0,"enemies":"The Guardian","floor":16.0,"turns":11.0},{"damage":25.0,"enemies":"2 Thieves","floor":18.0,"turns":5.0},{"damage":17.0,"enemies":"3 Byrds","floor":19.0,"turns":5.0},{"damage":25,"enemies":"Shelled Parasite and Fungi","floor":22,"turns":8},{"damage":72,"enemies":"3 Cultists","floor":24,"turns":5}],"seed_played":"-1360312169087663679","potions_obtained":[{"floor":4.0,"key":"DuplicationPotion"},{"floor":5.0,"key":"Dexterity Potion"},{"floor":13.0,"key":"Ancient Potion"},{"floor":22,"key":"ElixirPotion"}],"is_trial":false,"path_per_floor":["M","?","?","M","M","E","R","M","T","?","?","R","E","M","R","B",null,"M","M","$","?","M","R","M"],"character_chosen":"IRONCLAD","items_purchased":["InkBottle","Lee\u0027s Waffle"],"campfire_rested":2,"item_purchase_floors":[20,20],"current_hp_per_floor":[62,44,21,20,20,8,30,23,23,23,23,23,6,3,23,9,53,37,25,75,75,65,65,0,0],"gold":20,"neow_bonus":"BOSS_RELIC","is_daily":false,"chose_seed":false,"campfire_upgraded":2,"win_rate":0.0,"timestamp":1609783387,"path_taken":["M","?","?","M","M","E","R","M","T","?","?","R","E","M","R","BOSS","M","M","$","?","?","R","M"],"items_purchased_type":["Relic","Relic"],"build_version":"2020-12-22","purchased_purges":1,"victory":false,"max_hp_per_floor":[75,75,75,75,75,75,75,75,75,75,68,68,68,68,68,68,68,68,68,75,75,75,75,75,75],"relic_stats":{"Blood Vial":12,"Lee\u0027s Waffle":50,"counters":[12,59],"Golden Idol":43,"Shuriken":[0],"Pandora\u0027s Box":["Clash","Headbutt","Uppercut","Feel No Pain","Evolve","Clothesline","Clothesline","Pummel","Shrug It Off"],"MawBank":120,"obtain_stats":[{"Blood Vial":9,"Lee\u0027s Waffle":20,"Golden Idol":11,"Shuriken":13,"SacredBark":17,"Oddly Smooth Stone":6,"Pandora\u0027s Box":0,"Bag of Marbles":2,"MawBank":10,"Burning Blood":0,"InkBottle":20},{"Blood Vial":5,"Lee\u0027s Waffle":10,"Golden Idol":5,"Shuriken":6,"SacredBark":8,"Oddly Smooth Stone":4,"Pandora\u0027s Box":0,"Bag of Marbles":1,"MawBank":5,"Burning Blood":0,"InkBottle":10},{"Blood Vial":12,"Lee\u0027s Waffle":46,"Golden Idol":12,"Shuriken":21,"SacredBark":36,"Oddly Smooth Stone":9,"Pandora\u0027s Box":0,"Bag of Marbles":2,"MawBank":12,"Burning Blood":0,"InkBottle":46}],"InkBottle":[2]},"card_choices":[{"not_picked":["Heavy Blade","Sword Boomerang","Havoc"],"picked":"SKIP","floor":1.0},{"not_picked":["Anger","Whirlwind"],"picked":"Shrug It Off","floor":4.0},{"not_picked":["Feel No Pain","Clash"],"picked":"Spot Weakness","floor":5.0},{"not_picked":["Warcry","Wild Strike","Sever Soul"],"picked":"SKIP","floor":6.0},{"not_picked":["Body Slam","Flex"],"picked":"Flame Barrier","floor":8.0},{"not_picked":["Rage","Hemokinesis","Heavy Blade"],"picked":"SKIP","floor":13.0},{"not_picked":["Body Slam","Dual Wield","Cleave"],"picked":"SKIP","floor":14.0},{"not_picked":["Double Tap","Corruption"],"picked":"Reaper","floor":16.0},{"not_picked":["Sword Boomerang","Havoc"],"picked":"Sentinel","floor":18.0},{"not_picked":["Clash","Reckless Charge","Headbutt"],"picked":"SKIP","floor":19.0},{"not_picked":["Wild Strike","Uppercut"],"picked":"Spot Weakness","floor":22}],"player_experience":1965356,"relics_obtained":[{"floor":6.0,"key":"Oddly Smooth Stone"},{"floor":9.0,"key":"Blood Vial"},{"floor":13.0,"key":"Shuriken"}],"event_choices":[{"damage_healed":0.0,"max_hp_gain":0.0,"max_hp_loss":0.0,"gold_gain":0.0,"event_name":"Scrap Ooze","player_choice":"Success","floor":2.0,"gold_loss":0.0,"damage_taken":18.0,"relics_obtained":["Bag of Marbles"]},{"damage_healed":0.0,"max_hp_gain":0.0,"max_hp_loss":0.0,"gold_gain":0.0,"event_name":"Shining Light","player_choice":"Entered Light","floor":3.0,"gold_loss":0.0,"damage_taken":23.0,"cards_upgraded":["Bash","Clothesline"]},{"damage_healed":0.0,"max_hp_gain":0.0,"max_hp_loss":0.0,"gold_gain":0.0,"event_name":"Dead Adventurer","player_choice":"Searched \u00271\u0027 times","floor":10.0,"gold_loss":0.0,"damage_taken":0.0,"relics_obtained":["MawBank"]},{"damage_healed":0.0,"max_hp_gain":0.0,"max_hp_loss":7.0,"gold_gain":0.0,"event_name":"Golden Idol","player_choice":"Lose Max HP","floor":11.0,"gold_loss":0.0,"damage_taken":0.0,"relics_obtained":["Golden Idol"]},{"cards_removed":["Clash"],"damage_healed":5.0,"max_hp_gain":0.0,"max_hp_loss":0.0,"gold_gain":0.0,"event_name":"Bonfire Elementals","player_choice":"Offered Common","floor":21.0,"gold_loss":0.0,"damage_taken":0.0},{"cards_removed":["Clash"],"damage_healed":5.0,"max_hp_gain":0.0,"max_hp_loss":0.0,"gold_gain":0.0,"event_name":"Bonfire Elementals","player_choice":"Offered Special","floor":21.0,"gold_loss":0.0,"damage_taken":0.0}],"is_beta":false,"boss_relics":[{"not_picked":["Runic Cube","Runic Dome"],"picked":"SacredBark"}],"items_purged_floors":[20],"is_endless":false,"potions_floor_spawned":[4,5,13,16,18,22],"killed_by":"3 Cultists","ascension_level":15}}