{"host":"8i4doyxqctgl5qb0","time":1609801513,"event":{"mods":["AchievementEnabler","BaseMod","Block Reminder","Colored Powertips","Downfall","Marisa£®ÏF”Í°°ƒß¿Ì…≥£©","Minty Spire (QoL Compilation)","Permanent Neow","Potion Indicator Mod","Rare Cards Sparkle","StSLib","SuperFastMode"],"gold_per_floor":[215,232,244,324,424,424,442,442,469,496,35,2,2,31,31,126,126,139,139,157,87,87,87,357,40,40,40,74,129,129,208,208,328,328,342,342,342,106,139,201,201,236,263,263,263,12,12,61,61,61],"floor_reached":51,"playtime":2387,"items_purged":["Defend_MRS","Defend_MRS"],"score":749,"play_id":"f424e54b-e317-4540-bfcf-6524a219c194","local_time":"20210105070513","is_ascension_mode":false,"campfire_choices":[{"data":"MilkyWay","floor":6.0,"key":"SMITH"},{"data":"FairyDestructionRay","floor":8.0,"key":"SMITH"},{"floor":15.0,"key":"REST"},{"data":"expansioncontent:QuickStudy","floor":23.0,"key":"SMITH"},{"floor":27.0,"key":"REST"},{"floor":32.0,"key":"REST"},{"data":"Apotheosis","floor":41,"key":"SMITH"},{"data":"MillisecondPulsars","floor":45,"key":"SMITH"},{"data":"J.A.X.","floor":49,"key":"SMITH"}],"circlet_count":0,"master_deck":["Strike_MRS","Strike_MRS","Strike_MRS","Defend_MRS+1","Defend_MRS+1","MasterSpark","UpSweep","EnergyFlow","MilkyWay+1","WitchLeyline","FairyDestructionRay+1","ShootTheMoon","EventHorizon","expansioncontent:QuickStudy+1","PowerUp","Singularity","AsteroidBelt","BinaryStars","NonDirectionalLaser","J.A.X.+1","SprinkleStarSeal","MilkyWay","WitchOfGreed","PowerUp","WitchOfGreed","expansioncontent:DefensiveStance","WitchOfGreed","NonDirectionalLaser+1","MillisecondPulsars+1","WitchLeyline+1","expansioncontent:QuickStudy+1","Apotheosis+1","expansioncontent:YouAreMine","expansioncontent:DashGenerateEvil","GravityBeat","Acceleration","DoubleSpark+1","ManaConvection+1","GravityBeat","Parasite","Parasite","DragonMeteor","expansioncontent:SuperHexaguard","Madness","Madness","UnstableBomb+1"],"relics":["MiniHakkero","War Paint","Bag of Preparation","Chemical X","Ancient Tea Set","Bottled Lightning","Philosopher\u0027s Stone","Enchiridion","Membership Card","Juzu Bracelet","Sundial","Kunai","ExperimentalFamiliar","Vajra","Bottled Flame","ShroomBag","Lantern","Lee\u0027s Waffle"],"acts_visited":["Exordium","TheCity","TheBeyond"],"potions_floor_usage":[48,48,50,50,50],"damage_taken":[{"damage":0.0,"enemies":"2 Louse","floor":1.0,"turns":2.0},{"damage":1.0,"enemies":"Cultist","floor":2.0,"turns":3.0},{"damage":0.0,"enemies":"Small Slimes","floor":3.0,"turns":2.0},{"damage":1.0,"enemies":"2 Fungi Beasts","floor":7.0,"turns":3.0},{"damage":23.0,"enemies":"3 Sentries","floor":10.0,"turns":5.0},{"damage":4.0,"enemies":"Gremlin Nob","floor":14.0,"turns":3.0},{"damage":28.0,"enemies":"The Guardian","floor":16.0,"turns":7.0},{"damage":0.0,"enemies":"Spheric Guardian","floor":18.0,"turns":3.0},{"damage":9.0,"enemies":"2 Thieves","floor":20.0,"turns":2.0},{"damage":15.0,"enemies":"Shelled Parasite and Fungi","floor":28.0,"turns":4.0},{"damage":0.0,"enemies":"3 Cultists","floor":29.0,"turns":4.0},{"damage":15.0,"enemies":"Book of Stabbing","floor":31.0,"turns":6.0},{"damage":6.0,"enemies":"Collector","floor":33.0,"turns":4.0},{"damage":3.0,"enemies":"3 Darklings","floor":35.0,"turns":1.0},{"damage":0.0,"enemies":"Orb Walker","floor":39.0,"turns":2.0},{"damage":18,"enemies":"Nemesis","floor":40,"turns":7},{"damage":0,"enemies":"Transient","floor":42,"turns":5},{"damage":15,"enemies":"Writhing Mass","floor":48,"turns":3},{"damage":42,"enemies":"Time Eater","floor":50,"turns":8}],"seed_played":"-4238666153334274575","potions_obtained":[{"floor":1.0,"key":"PowerPotion"},{"floor":3.0,"key":"Block Potion"},{"floor":28.0,"key":"champ:CounterPotion"},{"floor":29.0,"key":"Weak Potion"},{"floor":29.0,"key":"SpeedPotion"},{"floor":31.0,"key":"Dexterity Potion"},{"floor":33.0,"key":"LiquidBronze"},{"floor":35.0,"key":"Strength Potion"},{"floor":48,"key":"ColorlessPotion"},{"floor":48,"key":"Weak Potion"}],"is_trial":false,"path_per_floor":["M","M","M","?","?","R","M","R","T","E","$","$","?","E","R","B",null,"M","?","M","$","?","R","?","$","T","R","M","M","?","E","R","B",null,"M","?","?","$","M","E","R","M","T","?","R","$","?","M","R","B",null],"character_chosen":"MARISA","items_purchased":["Chemical X","EventHorizon","expansioncontent:QuickStudy","PowerUp","Singularity","MilkyWay","WitchOfGreed","Membership Card","PowerUp","Juzu Bracelet","WitchOfGreed","expansioncontent:DefensiveStance","expansioncontent:DashGenerateEvil","Vajra","GravityBeat","Acceleration","Lantern","Lee\u0027s Waffle","expansioncontent:SuperHexaguard"],"campfire_rested":3,"item_purchase_floors":[11,11,11,11,12,21,21,25,25,25,25,25,38,38,38,38,46,46,46],"current_hp_per_floor":[75,74,74,74,74,74,73,73,73,50,50,50,43,39,61,33,75,75,75,66,66,50,50,23,23,23,45,30,30,16,1,25,19,80,77,77,72,72,72,54,54,54,54,54,54,87,76,65,65,25],"gold":61,"neow_bonus":"HUNDRED_GOLD","is_daily":false,"chose_seed":false,"campfire_upgraded":6,"win_rate":0.0,"timestamp":1609801513,"path_taken":["M","M","M","?","?","R","?","R","T","E","?","$","?","E","R","BOSS","M","?","M","$","?","R","?","$","T","R","M","M","?","E","R","BOSS","M","?","?","$","M","E","R","M","T","?","R","?","?","M","R","BOSS"],"items_purchased_type":["Relic","Card","Card","Card","Card","Card","Card","Relic","Card","Relic","Card","Card","Card","Relic","Card","Card","Relic","Relic","Card"],"build_version":"2020-12-22","purchased_purges":2,"victory":true,"max_hp_per_floor":[75,75,75,75,75,75,75,75,75,75,75,75,75,75,75,75,75,75,75,75,75,75,75,75,75,75,75,75,75,80,80,80,80,80,80,80,80,80,80,80,80,80,80,80,80,87,87,87,87,87],"card_choices":[{"not_picked":["GravityBeat","MagicChant"],"picked":"EnergyFlow","floor":1.0},{"not_picked":["DC","ShootingEcho"],"picked":"MilkyWay","floor":2.0},{"not_picked":["DC","6A"],"picked":"WitchLeyline","floor":3.0},{"not_picked":["PulseMagic","SporeBomb"],"picked":"FairyDestructionRay","floor":7.0},{"not_picked":["MagicChant","DeepEcoloBomb"],"picked":"ShootTheMoon","floor":10.0},{"not_picked":["SporeBomb","MagicChant"],"picked":"AsteroidBelt","floor":14.0},{"not_picked":["BigCrunch","SuperNova"],"picked":"BinaryStars","floor":16.0},{"not_picked":["GasGiant","UnstableBomb"],"picked":"NonDirectionalLaser","floor":18.0},{"not_picked":["6A+1","Acceleration"],"picked":"SprinkleStarSeal","floor":20.0},{"not_picked":["ChargingUp","EventHorizon"],"picked":"WitchOfGreed","floor":28.0},{"not_picked":["ShootingEcho","PowerUp"],"picked":"NonDirectionalLaser+1","floor":29.0},{"not_picked":["DarkSpark","SuperNova","ShootTheMoon"],"picked":"SKIP","floor":31.0},{"not_picked":["BlazingStar","ManaRampage"],"picked":"MillisecondPulsars","floor":33.0},{"not_picked":["GasGiant+1","Acceleration"],"picked":"WitchLeyline+1","floor":35.0},{"not_picked":["expansioncontent:Flail","Blind"],"picked":"Apotheosis","floor":37.0},{"not_picked":["Deep Breath","expansioncontent:HyperBeam"],"picked":"expansioncontent:YouAreMine","floor":37.0},{"not_picked":["ShootingEcho","WitchLeyline+1"],"picked":"DoubleSpark+1","floor":39.0},{"not_picked":["GrandCross","AsteroidBelt"],"picked":"ManaConvection+1","floor":40},{"not_picked":["Acceleration+1","OneTimeOff"],"picked":"GravityBeat","floor":42},{"not_picked":["WitchOfGreed","GalacticHalo"],"picked":"UnstableBomb+1","floor":48}],"player_experience":69832,"relics_obtained":[{"floor":9.0,"key":"War Paint"},{"floor":10.0,"key":"Bag of Preparation"},{"floor":14.0,"key":"Bottled Lightning"},{"floor":22.0,"key":"Enchiridion"},{"floor":26.0,"key":"Sundial"},{"floor":31.0,"key":"Kunai"},{"floor":40,"key":"Bottled Flame"},{"floor":43,"key":"ShroomBag"}],"event_choices":[{"damage_healed":0.0,"max_hp_gain":0.0,"max_hp_loss":0.0,"gold_gain":80.0,"event_name":"Golden Wing","player_choice":"Gained Gold","floor":4.0,"gold_loss":0.0,"damage_taken":0.0},{"damage_healed":0.0,"max_hp_gain":0.0,"max_hp_loss":0.0,"gold_gain":100.0,"event_name":"Wheel of Change","player_choice":"Gold","floor":5.0,"gold_loss":0.0,"damage_taken":0.0},{"damage_healed":0.0,"max_hp_gain":0.0,"max_hp_loss":0.0,"gold_gain":0.0,"event_name":"Scrap Ooze","player_choice":"Success","floor":13.0,"gold_loss":0.0,"damage_taken":7.0,"relics_obtained":["Ancient Tea Set"]},{"damage_healed":0.0,"max_hp_gain":0.0,"max_hp_loss":0.0,"gold_gain":0.0,"event_name":"Drug Dealer","player_choice":"Obtain J.A.X.","floor":19.0,"gold_loss":0.0,"damage_taken":0.0,"cards_obtained":["J.A.X."]},{"damage_healed":0.0,"max_hp_gain":0.0,"max_hp_loss":0.0,"gold_gain":0.0,"event_name":"Cursed Tome","player_choice":"Obtained Book","floor":22.0,"gold_loss":0.0,"damage_taken":16.0},{"damage_healed":0.0,"max_hp_gain":0.0,"max_hp_loss":0.0,"gold_gain":270.0,"event_name":"Knowing Skull","player_choice":"GOLD GOLD GOLD ","floor":24.0,"potions_obtained":[],"gold_loss":0.0,"damage_taken":27.0,"cards_obtained":[]},{"damage_healed":0.0,"max_hp_gain":5.0,"max_hp_loss":0.0,"gold_gain":0.0,"event_name":"Forgotten Altar","player_choice":"Shed Blood","floor":30.0,"gold_loss":0.0,"damage_taken":19.0},{"damage_healed":0.0,"max_hp_gain":0.0,"max_hp_loss":0.0,"gold_gain":0.0,"event_name":"Duplicator","player_choice":"Copied","floor":36.0,"gold_loss":0.0,"damage_taken":0.0,"cards_obtained":["expansioncontent:QuickStudy"]},{"damage_healed":0.0,"max_hp_gain":0.0,"max_hp_loss":0.0,"gold_gain":0.0,"event_name":"SensoryStone","player_choice":"Memory 2","floor":37.0,"gold_loss":0.0,"damage_taken":5.0},{"damage_healed":0,"gold_gain":0,"cards_transformed":["Strike_MRS"],"player_choice":"Transformed","damage_taken":0,"max_hp_gain":0,"max_hp_loss":0,"event_name":"Transmorgrifier","floor":44,"gold_loss":0,"cards_obtained":["DragonMeteor"]},{"damage_healed":0,"gold_gain":0,"player_choice":"Embrace Madness","damage_taken":11,"max_hp_gain":0,"max_hp_loss":0,"event_name":"Winding Halls","floor":47,"gold_loss":0,"cards_obtained":["Madness","Madness"]}],"is_beta":false,"boss_relics":[{"not_picked":["Calling Bell","Runic Pyramid"],"picked":"Philosopher\u0027s Stone"},{"not_picked":["BewitchedHakkero","Tiny House"],"picked":"ExperimentalFamiliar"}],"items_purged_floors":[38,46],"is_endless":false,"potions_floor_spawned":[1,3,33,35,39],"ascension_level":0}}