{"host":"8lgo2trwv2o0qyml","time":1609733046,"event":{"mods":["BaseMod","Colored Map","Colored Powertips","DeckTracker","Highlight Path","Hubris","Infinite Spire","Minty Spire (QoL Compilation)","Quick Restart","Random Character Button","Relic Sorter","Replay The Spire","StSLib","SuperFastMode","Synergy Search","The Jungle"],"gold_per_floor":[113,113,44,44,58,58,93,93,93,125,140,22,48,65,65,163,163,175,175,195,195,212,212,27,27,50,66,15,46,46,72,72,167,167,183,183,234,234,234,261,261,290,290,290,290,290,301,314,314,350,350],"floor_reached":50,"playtime":2837,"items_purged":[],"score":602,"play_id":"61e2f586-6aaf-4c5f-a312-134244c7bb69","local_time":"20210103230406","is_ascension_mode":false,"campfire_choices":[{"data":"Abandon","floor":6,"key":"SMITH"},{"data":"Rampage","floor":8,"key":"SMITH"},{"data":"1","floor":15,"key":"LIFT"},{"data":"2","floor":23,"key":"LIFT"},{"floor":25,"key":"REST"},{"data":"3","floor":30,"key":"LIFT"},{"floor":32,"key":"REST"},{"floor":41,"key":"REST"},{"floor":44,"key":"REST"},{"floor":46,"key":"REST"},{"floor":49,"key":"DIG"}],"circlet_count":0,"master_deck":["Strike_R","Strike_R","Strike_R","Strike_R","Defend_R","Defend_R+1","Defend_R+1","Defend_R","Bash","Fire Breathing+1","Rampage+1","Entrench","Abandon+1","Headbutt","Heavy Blade","Pommel Strike","infinitespire:OneForAll","Shrug It Off","Replay:Undeath\u0027s Touch","Sword Boomerang","Iron Wave","Blood for Blood","Jack Of All Trades","Enlightenment","Seeing Red","Metallicize","Seeing Red","Dark Embrace+1","Anger","Offering","Whirlwind","Defy Death","Armaments+1","Defy Death+1","Sever Soul+1"],"relics":["Burning Blood","Smiling Mask","infinitespire:Eraser","Girya","Strawberry","hubris:SphereOfDissonance","Fusion Hammer","infinitespire:WardingShard","Simple Rune","PreservedInsect","ReplayTheSpireMod:Spearhead","hubris:Metronome","hubris:Backtick","Bottled Tornado","Torii","Ring of Fury","ReplayTheSpireMod:Ring of Exchange","Mercury Hourglass","Pet Ghost","infinitespire:Midas Blood","hubris:DeckOfHolding"],"acts_visited":["Exordium","TheCity","TheBeyond"],"potions_floor_usage":[13,18,22,22,29,33,33,40,40,50,50],"damage_taken":[{"damage":6,"enemies":"Jaw Worm","floor":1,"turns":5},{"damage":3,"enemies":"Cultist","floor":5,"turns":5},{"damage":36,"enemies":"Gremlin Nob","floor":7,"turns":5},{"damage":12,"enemies":"Replay:BlueRogue","floor":10,"turns":7},{"damage":0,"enemies":"Small Slimes","floor":11,"turns":3},{"damage":27,"enemies":"3 Sentries","floor":13,"turns":5},{"damage":7,"enemies":"Blue Slaver","floor":14,"turns":3},{"damage":10,"enemies":"Slime Boss","floor":16,"turns":7},{"damage":27,"enemies":"3 Byrds","floor":18,"turns":6},{"damage":16,"enemies":"Shell Parasite","floor":20,"turns":4},{"damage":33,"enemies":"Cultist and Chosen","floor":22,"turns":7},{"damage":12,"enemies":"3 Cultists","floor":27,"turns":5},{"damage":5,"enemies":"Gremlin Leader","floor":29,"turns":5},{"damage":9,"enemies":"Nightmare","floor":31,"turns":3},{"damage":30,"enemies":"hubris:MusketHawk","floor":33,"turns":5},{"damage":6,"enemies":"Orb Walker","floor":35,"turns":2},{"damage":47,"enemies":"2 Orb Walkers","floor":37,"turns":5},{"damage":46,"enemies":"Nemesis","floor":40,"turns":5},{"damage":0,"enemies":"Reptomancer","floor":42,"turns":3},{"damage":0,"enemies":"3 Darklings","floor":47,"turns":1},{"damage":0,"enemies":"Sphere and 2 Shapes","floor":48,"turns":2},{"damage":95,"enemies":"infinitespire:MassOfShapes","floor":50,"turns":4}],"seed_played":"-8307985229917785126","potions_obtained":[{"floor":5,"key":"BloodPotion"},{"floor":7,"key":"ColorlessPotion"},{"floor":10,"key":"PowerPotion"},{"floor":13,"key":"EssenceOfSteel"},{"floor":29,"key":"Venom Potion"},{"floor":33,"key":"BloodPotion"},{"floor":35,"key":"Reflective Coating"},{"floor":47,"key":"SneckoOil"}],"is_trial":false,"path_per_floor":["M","?","$","?","M","R","E","R","T","E","M","$","E","M","R_BF","B",null,"M","AVR","M","?","M","R","$","R","T","M","$","E","R","NM","R","B",null,"M","?","?","?","?","E","R","E","T","R","?","R","M","M","R_BF","B"],"character_chosen":"IRONCLAD","items_purchased":["Rampage","infinitespire:OneForAll","Shrug It Off","Simple Rune","Metallicize","Dark Embrace+1"],"campfire_rested":5,"item_purchase_floors":[3,12,12,24,24,28],"current_hp_per_floor":[80,80,80,80,80,80,50,50,50,51,57,57,36,35,35,31,87,66,66,56,37,27,27,27,53,53,47,47,48,48,45,71,47,87,87,87,46,46,46,38,62,68,68,83,93,93,93,93,93,0,0],"gold":350,"neow_bonus":"RANDOM_COMMON_RELIC","is_daily":false,"chose_seed":false,"campfire_upgraded":2,"win_rate":0.0,"timestamp":1609733046,"path_taken":["M","?","$","?","?","R","E","R","T","E","M","?","E","M","R_BF","BOSS","M","AVR","?","?","M","R","?","R","T","M","$","E","R","NM","R","BOSS","M","?","?","?","?","E","R","E","T","R","?","R","?","M","R_BF","BOSS"],"items_purchased_type":["Card","Card","Card","Relic","Card","Card"],"build_version":"2020-12-22","purchased_purges":0,"victory":false,"max_hp_per_floor":[80,80,80,80,80,80,80,80,80,87,87,87,87,87,87,87,87,87,87,87,87,87,87,87,87,87,87,87,87,87,87,87,87,87,87,87,87,87,83,83,83,83,83,83,93,93,93,93,93,93,93],"card_choices":[{"not_picked":["Sword Boomerang","Armaments"],"picked":"Fire Breathing","floor":1},{"not_picked":["Cleave","hubris:ReadiedAction"],"picked":"Abandon","floor":5},{"not_picked":["ReplayTheSpireMod:Strike From Hell","Iron Wave"],"picked":"Headbutt","floor":7},{"not_picked":["ReplayTheSpireMod:Strike From Hell","Sword Boomerang"],"picked":"Heavy Blade","floor":10},{"not_picked":["Demonic Infusion","ReplayTheSpireMod:Corrosion Curse"],"picked":"Pommel Strike","floor":11},{"not_picked":["Heavy Blade","True Grit"],"picked":"Replay:Undeath\u0027s Touch","floor":13},{"not_picked":["Massacre","Twin Strike"],"picked":"Sword Boomerang","floor":14},{"not_picked":["Limit Break","Demonic Infusion"],"picked":"Eclipse","floor":16},{"not_picked":["Flex","Flame Barrier"],"picked":"Iron Wave","floor":18},{"not_picked":["Iron Wave","Shockwave"],"picked":"Blood for Blood","floor":20},{"not_picked":["Sword Boomerang","Dual Wield"],"picked":"Seeing Red","floor":22},{"not_picked":["Battle Trance","Sword Boomerang+1"],"picked":"Seeing Red","floor":27},{"not_picked":["Iron Wave","Clash"],"picked":"Anger","floor":29},{"not_picked":["Disarm","Pummel","Run Through"],"picked":"SKIP","floor":31},{"not_picked":["Replay:Many Hands","Reaper"],"picked":"Offering","floor":33},{"not_picked":["Massacre+1","Blood for Blood+1"],"picked":"Whirlwind","floor":35},{"not_picked":["Dark Embrace+1","Iron Wave"],"picked":"Defy Death","floor":37},{"not_picked":["Entrench+1","hubris:ReadiedAction+1","Cleave+1"],"picked":"SKIP","floor":40},{"not_picked":["Dark Embrace+1","Clash"],"picked":"Armaments+1","floor":42},{"not_picked":["Clash","Perfected Strike+1"],"picked":"Defy Death+1","floor":47},{"not_picked":["Clothesline+1","Thunderclap+1"],"picked":"Sever Soul+1","floor":48}],"player_experience":12196,"relics_obtained":[{"floor":7,"key":"infinitespire:Eraser"},{"floor":9,"key":"Girya"},{"floor":10,"key":"Strawberry"},{"floor":13,"key":"hubris:SphereOfDissonance"},{"floor":26,"key":"PreservedInsect"},{"floor":29,"key":"ReplayTheSpireMod:Spearhead"},{"floor":31,"key":"hubris:Metronome"},{"floor":37,"key":"Torii"},{"floor":38,"key":"Ring of Fury"},{"floor":38,"key":"ReplayTheSpireMod:Ring of Exchange"},{"floor":40,"key":"Mercury Hourglass"},{"floor":42,"key":"Pet Ghost"},{"floor":43,"key":"infinitespire:Midas Blood"},{"floor":49,"key":"hubris:DeckOfHolding"}],"event_choices":[{"damage_healed":0,"gold_gain":0,"player_choice":"Grow","damage_taken":0,"max_hp_gain":0,"max_hp_loss":0,"event_name":"Living Wall","floor":2,"gold_loss":0,"cards_upgraded":["Fire Breathing"]},{"damage_healed":0,"gold_gain":0,"cards_transformed":["Strike_R"],"player_choice":"Transformed","damage_taken":0,"max_hp_gain":0,"max_hp_loss":0,"event_name":"Transmorgrifier","floor":4,"gold_loss":0,"cards_obtained":["Entrench"]},{"damage_healed":0,"gold_gain":0,"player_choice":"CARD CARD ","damage_taken":19,"max_hp_gain":0,"max_hp_loss":0,"event_name":"Knowing Skull","floor":21,"potions_obtained":[],"gold_loss":0,"cards_obtained":["Jack Of All Trades","Enlightenment"]},{"damage_healed":0,"gold_gain":0,"player_choice":"Fight","damage_taken":0,"max_hp_gain":0,"max_hp_loss":0,"event_name":"Mysterious Sphere","floor":37,"gold_loss":0},{"damage_healed":0,"gold_gain":0,"player_choice":"Max HP","damage_taken":0,"max_hp_gain":0,"max_hp_loss":4,"event_name":"Winding Halls","floor":39,"gold_loss":0},{"cards_removed":["Eclipse"],"damage_healed":0,"gold_gain":0,"player_choice":"Offered Rare","damage_taken":0,"max_hp_gain":10,"max_hp_loss":0,"event_name":"Bonfire Elementals","floor":45,"gold_loss":0}],"is_beta":false,"boss_relics":[{"not_picked":["Ooze Armor","infinitespire:Cupcake"],"picked":"Fusion Hammer"},{"not_picked":["Electric Blood","Painkiller Herb"],"picked":"hubris:Backtick"}],"items_purged_floors":[],"is_endless":false,"potions_floor_spawned":[5,7,10,11,13,29,31,33,35,47],"killed_by":"infinitespire:MassOfShapes","ascension_level":0}}