{"host":"y9cfhv0nasly8qeh","time":1609759483,"event":{"mods":["BaseMod","Minty Spire (QoL Compilation)","Relic Stats","StSLib","[IsaacMod]ÒÔÈö¼âËþ"],"gold_per_floor":[118,168,119,69,82,82,132,161,188,188,239,239,250,325,325,452,452,506,519,559,207,218,280,280,318,344,443,368,368,400,400,400,510,510,528,553,553,43,52,52,52,102,102,114,128,173,200,217,217,217],"floor_reached":51,"playtime":1484,"items_purged":["Strike_R","Strike_R","Strike_R","Defend_R","Defend_R"],"score":947,"play_id":"7d9883f8-da88-4d97-891f-3ac3abc9ab83","local_time":"20210104192443","is_ascension_mode":false,"campfire_choices":[{"data":"BettingIsNotGood","floor":6.0,"key":"SMITH"},{"data":"Double Tap","floor":10.0,"key":"SMITH"},{"data":"Spot Weakness","floor":15.0,"key":"SMITH"},{"data":"Crescendo","floor":29.0,"key":"SMITH"},{"data":"Demon Form","floor":32.0,"key":"SMITH"},{"data":"Master of Strategy","floor":40,"key":"SMITH"},{"data":"After Image","floor":49,"key":"SMITH"}],"circlet_count":0,"master_deck":["Defend_R+1","Bash","BettingIsNotGood+1","Sword Boomerang+1","Spot Weakness+1","Double Tap+1","Demon Form+1","Flame Barrier+1","Dropkick+1","Dropkick+1","Crescendo+1","After Image+1","Glacier+1","Master of Strategy+1"],"relics":["Burning Blood","HushsDoor","Chaos","NeowsBlessing","Runic Pyramid","WingedGreaves","MomsKnife","Oddly Smooth Stone","Ginger","Runic Capacitor","Eternal Feather","PrismaticShard","CeramicFish","GuppysPaw","SatanicBible","BelialBook","Red Mask","Ninja Scroll","Meat on the Bone","Prayer Wheel","Smiling Mask","Darkstone Periapt","Medical Kit","NineLifeCat","GuppysHairball","MoneyPower","Vajra","Torii","TheBattery","Membership Card","Regal Pillow","Ring of the Snake","Question Card","Toxic Egg 2"],"acts_visited":["Exordium","TheCity","TheBeyond"],"potions_floor_usage":[38,46],"damage_taken":[{"damage":0.0,"enemies":"Small Slimes","floor":1.0,"turns":1.0},{"damage":0.0,"enemies":"Hiden Room Battle","floor":2.0,"turns":1.0},{"damage":0.0,"enemies":"Cultist","floor":5.0,"turns":1.0},{"damage":30.0,"enemies":"3 Sentries","floor":7.0,"turns":7.0},{"damage":24.0,"enemies":"Lagavulin","floor":8.0,"turns":5.0},{"damage":30.0,"enemies":"3 Sentries","floor":11.0,"turns":6.0},{"damage":1.0,"enemies":"Jaw Worm","floor":13.0,"turns":3.0},{"damage":7.0,"enemies":"Slime Boss","floor":16.0,"turns":6.0},{"damage":37.0,"enemies":"Shell Parasite","floor":18.0,"turns":6.0},{"damage":13.0,"enemies":"2 Thieves","floor":19.0,"turns":4.0},{"damage":0.0,"enemies":"Masked Bandits","floor":20.0,"turns":2.0},{"damage":6.0,"enemies":"Cultist and Chosen","floor":22.0,"turns":3.0},{"damage":23.0,"enemies":"Book of Stabbing","floor":23.0,"turns":5.0},{"damage":14.0,"enemies":"Slavers","floor":25.0,"turns":3.0},{"damage":6.0,"enemies":"Book of Stabbing","floor":30.0,"turns":2.0},{"damage":41.0,"enemies":"Automaton","floor":33.0,"turns":5.0},{"damage":0.0,"enemies":"3 Darklings","floor":35.0,"turns":3.0},{"damage":0.0,"enemies":"3 Shapes","floor":36.0,"turns":3.0},{"damage":0,"enemies":"Sphere and 2 Shapes","floor":44,"turns":3},{"damage":0,"enemies":"Jaw Worm Horde","floor":45,"turns":4},{"damage":0,"enemies":"2 Orb Walkers","floor":46,"turns":3},{"damage":0,"enemies":"Nemesis","floor":47,"turns":5},{"damage":0,"enemies":"Maw","floor":48,"turns":3},{"damage":0,"enemies":"Time Eater","floor":50,"turns":5}],"seed_played":"7901679487058723638","potions_obtained":[{"floor":1.0,"key":"FairyPotion"},{"floor":5.0,"key":"BlessingOfTheForge"},{"floor":8.0,"key":"BloodPotion"},{"floor":20.0,"key":"LiquidBronze"},{"floor":23.0,"key":"SteroidPotion"},{"floor":33.0,"key":"SpeedPotion"},{"floor":36.0,"key":"EssenceOfSteel"},{"floor":46,"key":"Dexterity Potion"},{"floor":47,"key":"GamblersBrew"}],"is_trial":false,"path_per_floor":["M","?","$","?","M","R","E","E","T","R","E","?","M","?","R","B",null,"M","M","?","$","M","E","?","E","T","?","?","R","E","T","R","B",null,"M","M","?","$","?","R","?","$","T","M","M","?","E","M","R","B",null],"character_chosen":"IRONCLAD","items_purchased":["MomsKnife","Oddly Smooth Stone","Ginger","GuppysPaw","SatanicBible","BelialBook","Ninja Scroll","GuppysHairball","MoneyPower","Vajra","Torii","Fruit Juice","EntropicBrew","TheBattery","Membership Card","Regal Pillow"],"campfire_rested":0,"item_purchase_floors":[3,3,3,17,17,17,21,34,38,38,38,38,38,42,42,42],"current_hp_per_floor":[80,71,71,71,77,77,73,55,55,61,63,47,62,51,57,56,45,14,17,23,23,33,16,16,20,20,20,20,26,38,38,44,21,2,2,2,2,7,7,7,6,6,6,6,6,6,6,6,6,6],"gold":217,"neow_bonus":"THREE_ENEMY_KILL","is_daily":false,"chose_seed":false,"campfire_upgraded":7,"win_rate":0.0,"timestamp":1609759483,"path_taken":["M","?","$","?","M","R","E","E","T","R","E","?","?","?","R","BOSS","M","M","?","$","?","E","?","E","T","?","?","R","E","?","R","BOSS","M","M","?","$","?","R","?","$","T","M","M","?","E","?","R","BOSS"],"items_purchased_type":["Relic","Relic","Relic","Relic","Relic","Relic","Relic","Relic","Relic","Relic","Relic","Potion","Potion","Relic","Relic","Relic"],"build_version":"2020-12-22","purchased_purges":5,"victory":true,"max_hp_per_floor":[80,80,80,80,80,80,80,80,80,80,80,80,80,80,80,80,45,45,45,45,45,45,45,45,45,45,45,45,45,45,45,45,45,2,2,2,2,7,7,7,6,6,6,6,6,6,6,6,6,6],"relic_stats":{"Darkstone Periapt":0,"Regal Pillow":0,"Torii":0,"counters":[24,89],"CeramicFish":63,"Eternal Feather":24,"Ginger":[4],"Smiling Mask":100,"Medical Kit":[4],"Question Card":3,"Burning Blood":90,"Prayer Wheel":5,"obtain_stats":[{"Chaos":0,"Darkstone Periapt":30,"Regal Pillow":42,"Torii":38,"GuppysPaw":17,"CeramicFish":17,"Vajra":38,"Runic Capacitor":7,"Ginger":3,"TheBattery":42,"MomsKnife":3,"PrismaticShard":9,"Smiling Mask":26,"Burning Blood":0,"SatanicBible":17,"Ninja Scroll":21,"NineLifeCat":34,"Prayer Wheel":25,"WingedGreaves":2,"Red Mask":20,"Toxic Egg 2":47,"Runic Pyramid":2,"Ring of the Snake":43,"KeepersGift":0,"NeowsBlessing":0,"Oddly Smooth Stone":3,"BelialBook":17,"Eternal Feather":8,"MoneyPower":38,"Medical Kit":31,"Question Card":46,"GuppysHairball":34,"Membership Card":42,"HushsDoor":0,"Meat on the Bone":23},{"Chaos":0,"Darkstone Periapt":15,"Regal Pillow":18,"Torii":18,"GuppysPaw":8,"CeramicFish":8,"Vajra":18,"Runic Capacitor":4,"Ginger":2,"TheBattery":18,"MomsKnife":2,"PrismaticShard":5,"Smiling Mask":14,"Burning Blood":0,"SatanicBible":8,"Ninja Scroll":11,"NineLifeCat":16,"Prayer Wheel":14,"WingedGreaves":2,"Red Mask":11,"Toxic Egg 2":22,"Runic Pyramid":2,"Ring of the Snake":18,"KeepersGift":0,"NeowsBlessing":0,"Oddly Smooth Stone":2,"BelialBook":8,"Eternal Feather":5,"MoneyPower":18,"Medical Kit":15,"Question Card":21,"GuppysHairball":16,"Membership Card":18,"HushsDoor":0,"Meat on the Bone":13},{"Chaos":0,"Darkstone Periapt":55,"Regal Pillow":66,"Torii":66,"GuppysPaw":30,"CeramicFish":30,"Vajra":66,"Runic Capacitor":10,"Ginger":2,"TheBattery":66,"MomsKnife":2,"PrismaticShard":15,"Smiling Mask":53,"Burning Blood":0,"SatanicBible":30,"Ninja Scroll":42,"NineLifeCat":60,"Prayer Wheel":53,"WingedGreaves":2,"Red Mask":42,"Toxic Egg 2":81,"Runic Pyramid":2,"Ring of the Snake":66,"KeepersGift":0,"NeowsBlessing":0,"Oddly Smooth Stone":2,"BelialBook":30,"Eternal Feather":15,"MoneyPower":66,"Medical Kit":55,"Question Card":76,"GuppysHairball":60,"Membership Card":66,"HushsDoor":0,"Meat on the Bone":50}],"Meat on the Bone":36,"Ring of the Snake":[12]},"card_choices":[{"not_picked":[],"picked":"BettingIsNotGood","floor":0.0},{"not_picked":["Heavy Blade","Body Slam"],"picked":"Sword Boomerang","floor":1.0},{"not_picked":["Dropkick","Headbutt"],"picked":"Spot Weakness","floor":2.0},{"not_picked":["Infernal Blade","Rupture"],"picked":"Double Tap","floor":5.0},{"not_picked":["Anger","Armaments"],"picked":"Evolve","floor":7.0},{"not_picked":["Cleave","Battle Trance","Rampage"],"picked":"SKIP","floor":8.0},{"not_picked":["CrushJoints","Prostrate","Beam Cell"],"picked":"SKIP","floor":11.0},{"not_picked":["Flying Knee","Bane","Iron Wave"],"picked":"SKIP","floor":13.0},{"not_picked":["Double Tap","Immolate"],"picked":"Demon Form","floor":16.0},{"not_picked":["Consecrate","Swivel"],"picked":"Flame Barrier+1","floor":18.0},{"not_picked":["Dark Shackles","Endless Agony","Rebound+1"],"picked":"SKIP","floor":19.0},{"not_picked":["Blade Dance","Acrobatics"],"picked":"Dropkick+1","floor":20.0},{"not_picked":["Gash","Dodge and Roll","Bouncing Flask"],"picked":"SKIP","floor":22.0},{"not_picked":["Entrench","Dagger Spray+1"],"picked":"Dropkick+1","floor":23.0},{"not_picked":["Brilliance","CarveReality+1"],"picked":"Crescendo","floor":25.0},{"not_picked":["Prostrate","Bane","Distribution+1"],"picked":"SKIP","floor":30.0},{"not_picked":["Core Surge","BloodyBrimstone"],"picked":"After Image","floor":33.0},{"not_picked":["Evaluate","Deflect+1","Perseverance"],"picked":"SKIP","floor":35.0},{"not_picked":["Dropkick","Nirvana+1","EmptyFist+1"],"picked":"SKIP","floor":35.0},{"not_picked":["Choke+1","Perfected Strike+1"],"picked":"Glacier+1","floor":36.0},{"not_picked":["Clothesline+1","Dash+1","Tantrum"],"picked":"SKIP","floor":36.0},{"not_picked":["Blind","Deep Breath"],"picked":"Master of Strategy","floor":39},{"not_picked":["True Grit","Undo","Blade Dance+1"],"picked":"SKIP","floor":44},{"not_picked":["Cleave","Compile Driver","Defragment"],"picked":"SKIP","floor":44},{"not_picked":["Slice+1","Chaos+1","Deadly Poison+1"],"picked":"SKIP","floor":45},{"not_picked":["Dark Embrace+1","Dagger Throw+1","Dark Shackles"],"picked":"SKIP","floor":45},{"not_picked":["Entrench+1","Backflip+1","Undo+1","Armaments+1"],"picked":"SKIP","floor":47},{"not_picked":["Glacier+1","Accuracy","Blur+1","Armaments+1"],"picked":"SKIP","floor":48},{"not_picked":["Wild Strike","Outmaneuver+1","Poisoned Stab","Eviscerate+1"],"picked":"SKIP","floor":48}],"player_experience":530948,"relics_obtained":[{"floor":2.0,"key":"Runic Pyramid"},{"floor":2.0,"key":"WingedGreaves"},{"floor":7.0,"key":"Runic Capacitor"},{"floor":8.0,"key":"Eternal Feather"},{"floor":9.0,"key":"PrismaticShard"},{"floor":20.0,"key":"Red Mask"},{"floor":23.0,"key":"Meat on the Bone"},{"floor":25.0,"key":"Prayer Wheel"},{"floor":26.0,"key":"Smiling Mask"},{"floor":30.0,"key":"Darkstone Periapt"},{"floor":31.0,"key":"Medical Kit"},{"floor":43,"key":"Ring of the Snake"},{"floor":46,"key":"Question Card"},{"floor":47,"key":"Toxic Egg 2"}],"event_choices":[{"damage_healed":0.0,"max_hp_gain":0.0,"max_hp_loss":0.0,"gold_gain":0.0,"event_name":"HidenRoomEvent","player_choice":"Fight","floor":2.0,"gold_loss":0.0,"damage_taken":0.0},{"cards_removed":["Strike_R"],"damage_healed":0.0,"max_hp_gain":0.0,"max_hp_loss":0.0,"gold_gain":0.0,"event_name":"The Cleric","player_choice":"Card Removal","floor":4.0,"gold_loss":50.0,"damage_taken":0.0},{"damage_healed":0.0,"max_hp_gain":0.0,"max_hp_loss":0.0,"gold_gain":0.0,"event_name":"Shining Light","player_choice":"Entered Light","floor":12.0,"gold_loss":0.0,"damage_taken":16.0,"cards_upgraded":["Defend_R","Sword Boomerang"]},{"damage_healed":0.0,"max_hp_gain":0.0,"max_hp_loss":0.0,"gold_gain":75.0,"event_name":"World of Goop","player_choice":"Gather Gold","floor":14.0,"gold_loss":0.0,"damage_taken":11.0},{"damage_healed":0.0,"max_hp_gain":0.0,"max_hp_loss":0.0,"gold_gain":0.0,"event_name":"Masked Bandits","player_choice":"Fought Bandits","floor":20.0,"gold_loss":0.0,"damage_taken":0.0},{"cards_removed":["Strike_R"],"damage_healed":0.0,"max_hp_gain":0.0,"max_hp_loss":0.0,"gold_gain":0.0,"event_name":"Back to Basics","player_choice":"Elegance","floor":24.0,"gold_loss":0.0,"damage_taken":0.0},{"damage_healed":0.0,"max_hp_gain":0.0,"max_hp_loss":0.0,"gold_gain":99.0,"event_name":"Nest","player_choice":"Stole From Cult","floor":27.0,"gold_loss":0.0,"damage_taken":0.0},{"cards_removed":["Defend_R"],"damage_healed":0.0,"max_hp_gain":0.0,"max_hp_loss":0.0,"gold_gain":0.0,"event_name":"Beggar","player_choice":"Gave Gold","floor":28.0,"gold_loss":75.0,"damage_taken":0.0},{"cards_removed":["Evolve"],"damage_healed":0.0,"max_hp_gain":0.0,"max_hp_loss":0.0,"gold_gain":0.0,"event_name":"Falling","player_choice":"Removed Power","floor":37.0,"gold_loss":0.0,"damage_taken":0.0},{"damage_healed":0,"gold_gain":0,"player_choice":"Memory 1","damage_taken":0,"max_hp_gain":0,"max_hp_loss":0,"event_name":"SensoryStone","floor":39,"gold_loss":0},{"damage_healed":0,"gold_gain":0,"player_choice":"Max HP","damage_taken":0,"max_hp_gain":0,"max_hp_loss":0,"event_name":"Winding Halls","floor":41,"gold_loss":0},{"damage_healed":0,"gold_gain":0,"player_choice":"Fight","damage_taken":0,"max_hp_gain":0,"max_hp_loss":0,"event_name":"Mysterious Sphere","floor":46,"gold_loss":0}],"is_beta":false,"boss_relics":[{"not_picked":["GnawedLeaf","Mango"],"picked":"CeramicFish"},{"not_picked":[]},{"not_picked":["Calipers","Cables"],"picked":"NineLifeCat"},{"not_picked":[]}],"items_purged_floors":[3,17,21,38,42],"is_endless":false,"potions_floor_spawned":[1,5,8,20,23,33,36,46,47,48],"ascension_level":0}}