{"host":"dh8vptmequbrae31","time":1609748558,"event":{"mods":["2.2 Compatiblity","AchievementEnabler","BaseMod","Colored Map","Evolution","Minty Spire (QoL Compilation)","Td1madao Mod"],"gold_per_floor":[20,31,31,71,83,109,128,128,153,203,215,244,244,277,277,372,372,383,383,402,312,327,327,339,339,411,429,429,65,78,98,98,98,98],"floor_reached":33,"playtime":3709,"items_purged":["Wish+1"],"score":321,"play_id":"913f68a5-cd24-4f4a-be67-bdaef3378cdb","local_time":"20210104032238","is_ascension_mode":true,"campfire_choices":[{"data":"Eruption","floor":8,"key":"SMITH"},{"floor":13,"key":"REST"},{"floor":15,"key":"REST"},{"data":"Crescendo","floor":23,"key":"SMITH"},{"floor":25,"key":"REST"},{"floor":32,"key":"REST"}],"circlet_count":0,"master_deck":["SashWhip","Strike_P","Defend_P","Defend_P","Defend_P","Eruption+1","Vigilance","ThirdEye","SpiritShield","Crescendo+1","CrushJoints","Weave","EmptyFist","BattleHymn+1","Establishment+1","FlurryOfBlows+1","FollowUp","LikeWater+1"],"relics":["PureWater","EVO:Axolotl","Frozen Egg 2","Bronze Scales","Pen Nib","Oddly Smooth Stone","Boot","Cursed Key","Mummified Hand","ClockworkSouvenir","Omamori"],"acts_visited":["Exordium","TheCity"],"potions_floor_usage":[6,6,10,16,22,24,33,33,33],"damage_taken":[{"damage":0,"enemies":"Cultist","floor":1,"turns":3},{"damage":6,"enemies":"Jaw Worm","floor":2,"turns":4},{"damage":0,"enemies":"Small Slimes","floor":4,"turns":5},{"damage":0,"enemies":"Red Slaver","floor":5,"turns":5},{"damage":10,"enemies":"Lagavulin","floor":6,"turns":9},{"damage":12,"enemies":"Lots of Slimes","floor":7,"turns":6},{"damage":12,"enemies":"3 Sentries","floor":10,"turns":10},{"damage":0,"enemies":"Looter","floor":11,"turns":2},{"damage":0,"enemies":"Lagavulin","floor":12,"turns":3},{"damage":24,"enemies":"3 Sentries","floor":14,"turns":5},{"damage":32,"enemies":"The Guardian","floor":16,"turns":5},{"damage":0,"enemies":"Chosen","floor":18,"turns":3},{"damage":27,"enemies":"2 Thieves","floor":20,"turns":4},{"damage":22,"enemies":"Centurion and Healer","floor":22,"turns":4},{"damage":17,"enemies":"Snake Plant","floor":24,"turns":3},{"damage":0,"enemies":"Chosen and Byrds","floor":27,"turns":3},{"damage":11,"enemies":"Shelled Parasite and Fungi","floor":30,"turns":5},{"damage":9,"enemies":"Cultist and Chosen","floor":31,"turns":4},{"damage":42,"enemies":"Champ","floor":33,"turns":8}],"seed_played":"620237821827435776","potions_obtained":[{"floor":2,"key":"StancePotion"},{"floor":5,"key":"BottledMiracle"},{"floor":7,"key":"AttackPotion"},{"floor":11,"key":"CultistPotion"},{"floor":16,"key":"Regen Potion"},{"floor":20,"key":"GamblersBrew"},{"floor":22,"key":"SpeedPotion"},{"floor":24,"key":"SpeedPotion"},{"floor":27,"key":"DistilledChaos"}],"is_trial":false,"path_per_floor":["M","M","?","M","M","E","M","R","T","E","M","E","R","E","R","B",null,"M","T","M","?","M","R","M","R","T","M","?","$","M","M","R","B"],"character_chosen":"WATCHER","items_purchased":["ClockworkSouvenir","Omamori"],"campfire_rested":4,"item_purchase_floors":[29,29],"current_hp_per_floor":[72,66,66,66,66,56,44,44,44,32,32,32,53,29,50,18,72,72,72,45,45,23,23,15,36,36,36,36,36,25,16,37,0,0],"gold":98,"neow_bonus":"TRANSFORM_TWO_CARDS","is_daily":false,"chose_seed":false,"campfire_upgraded":2,"win_rate":0.0,"timestamp":1609748558,"path_taken":["M","?","?","M","M","E","?","R","T","E","?","E","R","E","R","BOSS","M","?","M","?","?","R","M","R","T","?","?","$","M","?","R","BOSS"],"items_purchased_type":["Relic","Relic"],"build_version":"2020-12-22","purchased_purges":1,"victory":false,"max_hp_per_floor":[72,72,72,72,72,72,72,72,72,72,72,72,72,72,72,72,72,72,72,72,72,72,72,72,72,72,72,72,72,72,72,72,72,72],"card_choices":[{"not_picked":["ThirdEye","EmptyBody","JustLucky"],"picked":"SKIP","floor":1},{"not_picked":["ClearTheMind","EmptyMind"],"picked":"Crescendo","floor":2},{"not_picked":["EmptyBody","LikeWater"],"picked":"CrushJoints","floor":4},{"not_picked":["Devotion","Crescendo","Prostrate"],"picked":"SKIP","floor":5},{"not_picked":["ForeignInfluence","Protect"],"picked":"Weave","floor":6},{"not_picked":["Swivel","CrushJoints","Evaluate"],"picked":"SKIP","floor":7},{"not_picked":["Tantrum","JustLucky"],"picked":"EmptyFist","floor":10},{"not_picked":["ReachHeaven","ClearTheMind","Halt"],"picked":"SKIP","floor":11},{"not_picked":["PathToVictory","TalkToTheHand"],"picked":"BattleHymn+1","floor":12},{"not_picked":["Brilliance","EmptyFist","SashWhip"],"picked":"SKIP","floor":14},{"not_picked":["Ragnarok","DeusExMachina"],"picked":"Establishment+1","floor":16},{"not_picked":["TalkToTheHand+1","Conclude","Prostrate"],"picked":"SKIP","floor":18},{"not_picked":["ReachHeaven","PathToVictory","Adaptation+1"],"picked":"SKIP","floor":20},{"not_picked":["PathToVictory","ThirdEye"],"picked":"FlurryOfBlows+1","floor":22},{"not_picked":["SignatureMove","SashWhip"],"picked":"FollowUp","floor":24},{"not_picked":["PathToVictory+1","WreathOfFlame","EmptyMind+1"],"picked":"SKIP","floor":27},{"not_picked":["Judgement","SashWhip","CutThroughFate"],"picked":"SKIP","floor":30},{"not_picked":["EmptyBody","CutThroughFate+1"],"picked":"LikeWater+1","floor":31}],"player_experience":199386,"relics_obtained":[{"floor":6,"key":"Frozen Egg 2"},{"floor":9,"key":"Bronze Scales"},{"floor":10,"key":"Pen Nib"},{"floor":12,"key":"Oddly Smooth Stone"},{"floor":14,"key":"Boot"},{"floor":26,"key":"Mummified Hand"}],"event_choices":[{"damage_healed":0,"gold_gain":0,"cards_transformed":["Strike_P"],"player_choice":"Transformed","damage_taken":0,"max_hp_gain":0,"max_hp_loss":0,"event_name":"Transmorgrifier","floor":3,"gold_loss":0,"cards_obtained":["Wish"]},{"cards_removed":["Pain"],"damage_healed":0,"gold_gain":0,"player_choice":"Upgrade and Remove","damage_taken":0,"max_hp_gain":0,"max_hp_loss":0,"event_name":"Designer","floor":21,"gold_loss":90,"cards_upgraded":["Wish"]},{"cards_removed":["Doubt"],"damage_healed":0,"gold_gain":0,"player_choice":"Purged","damage_taken":0,"max_hp_gain":0,"max_hp_loss":0,"event_name":"Purifier","floor":28,"gold_loss":0}],"is_beta":false,"boss_relics":[{"not_picked":["Coffee Dripper","Philosopher\u0027s Stone"],"picked":"Cursed Key"}],"items_purged_floors":[29],"is_endless":false,"potions_floor_spawned":[2,5,7,11,16,20,22,24,27],"killed_by":"Champ","ascension_level":1}}