{"host":"z9grmtg2w0nmz8n1","time":1609738828,"event":{"mods":["Aspiration","Bard","BaseMod","Beaked The Cultist","Better Altar","Better Match","Better Note","Better Sensory Stone","Better Skull","Better Third Choice","BetterRewards","CCEM","Colored Map","Conspire","Downfall","GifTheSpireLib","Googly Eyes","Halation","Hermit","Highlight Path","Hubris","Hunter ??","Jedi Mod","Jorbs\u0027s Wanderer Trilogy","Mad Scientist","Marisa????????","Minty Spire (QoL Compilation)","Permanent Neow","Replay The Spire","Shade Mod","Shop Mod","Spicy Shops","StSLib","Stuff the Spire","The Bug Knight","The Construct","The Necromancer","The Runesmith","The Witch"],"gold_per_floor":[117,117,42,42,52,68,99,99,99,128,128,144,144,144],"floor_reached":13,"playtime":565,"items_purged":["Strike_G"],"score":98,"play_id":"90da99da-2eb6-49d5-a1c3-9a6a04e57b11","local_time":"20210104034028","is_ascension_mode":true,"campfire_choices":[{"floor":8,"key":"RECALL"}],"circlet_count":0,"master_deck":["Strike_G","Strike_G","Strike_G","Defend_G","Defend_G","Defend_G","Defend_G","Defend_G","Survivor","Neutralize","Sucker Punch","Cloak And Dagger","Flying Knee","Accuracy","Distraction","Noxious Fumes"],"relics":["Ring of the Snake","halation:PinkSoulGem","hubris:Towel","Replay:Rubber Ducky","Omamori","Nunchaku"],"acts_visited":["Exordium"],"potions_floor_usage":[13],"damage_taken":[{"damage":7,"enemies":"Small Slimes","floor":1,"turns":6},{"damage":0,"enemies":"Cultist","floor":5,"turns":4},{"damage":0,"enemies":"Jaw Worm","floor":6,"turns":6},{"damage":31,"enemies":"Gremlin Nob","floor":7,"turns":6},{"damage":21,"enemies":"3 Sentries","floor":10,"turns":13},{"damage":0,"enemies":"Blue Slaver","floor":12,"turns":5},{"damage":24,"enemies":"Gremlin Nob","floor":13,"turns":4}],"seed_played":"-6829668134320046693","potions_obtained":[{"floor":7,"key":"Poison Potion"}],"is_trial":false,"path_per_floor":["M","?","$","?","M","M","E","R","T","E","?","M","E"],"character_chosen":"THE_SILENT","items_purchased":[],"campfire_rested":0,"item_purchase_floors":[],"current_hp_per_floor":[63,63,63,63,63,63,32,32,32,11,11,11,0,0],"gold":144,"neow_bonus":"REMOVE_CARD","is_daily":false,"chose_seed":false,"campfire_upgraded":0,"win_rate":0.0,"timestamp":1609738828,"path_taken":["M","?","$","?","M","M","E","R","T","E","?","M","E"],"items_purchased_type":[],"build_version":"2020-12-22","purchased_purges":1,"victory":false,"max_hp_per_floor":[70,70,70,70,70,70,70,70,70,70,70,70,70,70],"card_choices":[{"not_picked":["Deflect","Toxin Wave"],"picked":"Sucker Punch","floor":1},{"not_picked":["StuffTheSpire:DoubleShiv","Escape Plan"],"picked":"Cloak And Dagger","floor":5},{"not_picked":["StuffTheSpire:Python","PiercingWail"],"picked":"Flying Knee","floor":6},{"not_picked":["Setup","Bane"],"picked":"Accuracy","floor":7},{"not_picked":["Dagger Spray","Dodge and Roll"],"picked":"Distraction","floor":10},{"not_picked":["Eviscerate","Footwork"],"picked":"Noxious Fumes","floor":11},{"not_picked":["Predator","Bane","conspire:PoisonWeapons"],"picked":"SKIP","floor":12}],"player_experience":774372,"relics_obtained":[{"floor":7,"key":"Replay:Rubber Ducky"},{"floor":9,"key":"Omamori"},{"floor":10,"key":"Nunchaku"}],"event_choices":[{"damage_healed":0,"gold_gain":0,"player_choice":"1","damage_taken":0,"max_hp_gain":0,"max_hp_loss":0,"event_name":"betterMatch:BetterMatch","floor":11,"gold_loss":0,"cards_obtained":["betterMatch:UncommonCard","betterMatch:RareCard"]}],"is_beta":false,"boss_relics":[],"items_purged_floors":[3],"is_endless":false,"potions_floor_spawned":[7],"killed_by":"Gremlin Nob","ascension_level":1}}