{"host":"gsmj583br51y3r1c","time":1609776246,"event":{"mods":["A Magickal Journey","AchievementEnabler","BaseMod","Better Note","Colored Map","Dio Mod","Downfall","Hermit","Highlight Path","Hubris","Infinite Spire","Marisa????????","Minty Spire (QoL Compilation)","Permanent Neow","Quick Restart","StSLib","The Alterego","The Bug Knight","The Cursed","The Disciple","The Elementalist","The Marked","The Mystic","The Runesmith","The Servant 0.9.4","Unceasing Turn Reminder","everything is the same but u backflip on backflip"],"gold_per_floor":[118,68,68,84,84,117,117,129,129,129,146,146,66,89,89,187,187,197,197,57,73,73,73,87,87,160,160,160],"floor_reached":27,"playtime":2337,"items_purged":["DragonMeteor"],"score":209,"play_id":"612c6f7b-af0e-45d1-9ad0-8ad108635c1a","local_time":"20210104180406","is_ascension_mode":false,"campfire_choices":[{"data":"EnergyRecoil","floor":7,"key":"SMITH"},{"data":"EnergyFlow","floor":10,"key":"SMITH"},{"data":"Occultation","floor":15,"key":"SMITH"},{"data":"BinaryStars","floor":23,"key":"SMITH"}],"circlet_count":0,"master_deck":["MasterSpark","UpSweep","OrrerysSun+1","ChargeUpSpray","Occultation+1","EnergyRecoil+1","EnergyFlow+1","Singularity","DarkMatter","MillisecondPulsars","MagicAbsorber","SuperPerseids","OpenUniverse","WitchLeyline","OrrerysSun","StarBarrage+1","GalacticHalo","BinaryStars+1","ShootingEcho","BinaryStars"],"relics":["MiniHakkero","infinitespire:WardingShard","Orichalcum","Pandora\u0027s Box","alterego_mod:FleetingLove","infinitespire:PuzzleCube","BewitchedHakkero","Molten Egg 2"],"acts_visited":["Exordium","TheCity"],"potions_floor_usage":[16,21,21],"damage_taken":[{"damage":1,"enemies":"Cultist","floor":1,"turns":3},{"damage":3,"enemies":"2 Louse","floor":4,"turns":3},{"damage":12,"enemies":"3 Sentries","floor":6,"turns":10},{"damage":0,"enemies":"Jaw Worm","floor":8,"turns":4},{"damage":6,"enemies":"Blue Slaver","floor":11,"turns":3},{"damage":17,"enemies":"Hexaghost","floor":16,"turns":10},{"damage":28,"enemies":"2 Thieves","floor":18,"turns":4},{"damage":0,"enemies":"Spheric Guardian","floor":21,"turns":1},{"damage":8,"enemies":"Snecko","floor":24,"turns":5},{"damage":6,"enemies":"Centurion and Healer","floor":27,"turns":2}],"seed_played":"-4461099104026304550","potions_obtained":[{"floor":6,"key":"LiquidBronze"},{"floor":16,"key":"Regen Potion"},{"floor":18,"key":"DistilledChaos"},{"floor":21,"key":"Strength Potion"}],"is_trial":false,"path_per_floor":["M","?","?","M","?","E","R","M","T","R","M","?","$","T","R","B",null,"M","?","$","M","?","R","M","AVR","T","M"],"character_chosen":"MARISA","items_purchased":["DarkMatter","BinaryStars"],"campfire_rested":0,"item_purchase_floors":[13,20],"current_hp_per_floor":[74,74,74,71,64,52,52,52,52,52,46,43,43,43,43,26,75,47,47,47,47,47,47,39,39,39,33,33],"gold":160,"neow_bonus":"THREE_CARDS","is_daily":false,"chose_seed":false,"campfire_upgraded":4,"win_rate":0.0,"timestamp":1609776246,"path_taken":["M","?","?","?","?","E","R","M","T","R","M","?","?","?","R","BOSS","M","?","?","M","?","R","M","AVR","T","M"],"items_purchased_type":["Card","Card"],"build_version":"2020-12-22","purchased_purges":1,"victory":false,"max_hp_per_floor":[75,75,75,75,75,75,75,75,75,75,75,75,75,75,75,75,75,75,75,75,75,75,75,75,75,75,75,75],"card_choices":[{"not_picked":["LuminesStrike","GrandCross"],"picked":"OrrerysSun","floor":0},{"not_picked":["RefractionSpark","Robbery"],"picked":"ChargeUpSpray","floor":1},{"not_picked":["ShootingEcho","GrandCross"],"picked":"Occultation","floor":4},{"not_picked":["LuminesStrike","ShootingEcho"],"picked":"EnergyRecoil","floor":6},{"not_picked":["ChargingUp","DC"],"picked":"EnergyFlow","floor":8},{"not_picked":["Robbery","LuminesStrike"],"picked":"Singularity","floor":11},{"not_picked":["MaximisePower","SatelliteIllusion"],"picked":"MillisecondPulsars","floor":16},{"not_picked":["IllusionStar","Orbital"],"picked":"StarBarrage+1","floor":18},{"not_picked":["WitchLeyline","DarkSpark"],"picked":"ShootingEcho","floor":21},{"not_picked":["ShootTheMoon","SporeBomb"],"picked":"BinaryStars","floor":24}],"player_experience":313435,"relics_obtained":[{"floor":6,"key":"infinitespire:WardingShard"},{"floor":26,"key":"Molten Egg 2"}],"event_choices":[{"cards_removed":["Strike_MRS"],"damage_healed":0,"gold_gain":0,"player_choice":"Card Removal","damage_taken":0,"max_hp_gain":0,"max_hp_loss":0,"event_name":"The Cleric","floor":2,"gold_loss":50},{"damage_healed":0,"gold_gain":0,"player_choice":"Forge","damage_taken":0,"max_hp_gain":0,"max_hp_loss":0,"event_name":"Accursed Blacksmith","floor":3,"gold_loss":0,"cards_upgraded":["OrrerysSun"]},{"cards_removed":["Strike_MRS"],"damage_healed":0,"gold_gain":0,"player_choice":"Card Removal","damage_taken":7,"max_hp_gain":0,"max_hp_loss":0,"event_name":"Golden Wing","floor":5,"gold_loss":0},{"damage_healed":0,"gold_gain":0,"player_choice":"Success","damage_taken":3,"relics_obtained":["Orichalcum"],"max_hp_gain":0,"max_hp_loss":0,"event_name":"Scrap Ooze","floor":12,"gold_loss":0},{"cards_removed":["OpenUniverse"],"damage_healed":0,"gold_gain":0,"player_choice":"Take \u0026 Give","damage_taken":0,"max_hp_gain":0,"max_hp_loss":0,"event_name":"betterNote:BetterNote","floor":19,"gold_loss":0,"cards_obtained":["GalacticHalo"]},{"damage_healed":0,"gold_gain":0,"player_choice":"Choice 1","damage_taken":0,"relics_obtained":["alterego_mod:FleetingLove"],"max_hp_gain":0,"max_hp_loss":0,"event_name":"Secret Garden","floor":22,"gold_loss":0}],"is_beta":false,"boss_relics":[{"not_picked":["hubris:GrandSneckoEye","hubris:BlackHole"],"picked":"Pandora\u0027s Box"}],"items_purged_floors":[25],"is_endless":false,"potions_floor_spawned":[6,16,18,21],"killed_by":"Centurion and Healer","ascension_level":0}}