{"host":"4u4xibnmtqpdl4qa","time":1609731640,"event":{"mods":["AchievementEnabler","BaseMod","Colored Map","Colored Powertips","Curses Come First","DeckTracker","Downfall","Hermit","Highlight Path","JesterMod","KinomotoSakuraMod(????)","Luminous","Mad Scientist","Minty Spire (QoL Compilation)","Quick Restart","Rare Cards Sparkle","Relic Stats","SIMod","Shop Mod","StSLib","SuperFastMode","Td1madao Mod","The Cursed","The Florist","The Necromancer","The Runesmith","The Senshi","The Servant 0.9.4","The Vixen","TheHero","TheVacant","Waifu the Spire","Yuri Mod"],"gold_per_floor":[99,99,99,49,49,49,49,49,49,49,49,49,49,49,49,49,49,49,49,49,49,49,49,49,49,49,49,49,49,49,49,49,49,49,49,49,49,49,49,49,0,0,0,0,0,0,0,0,0,0],"floor_reached":51,"playtime":5404,"items_purged":[],"score":1022,"play_id":"e38b5f8d-8e29-4f72-9207-1a37144cfd1b","local_time":"20210104044040","is_ascension_mode":true,"campfire_choices":[{"floor":7.0,"key":"REST"},{"floor":12.0,"key":"REST"},{"floor":15.0,"key":"REST"},{"floor":24.0,"key":"REST"},{"floor":32.0,"key":"REST"},{"floor":40.0,"key":"REST"},{"floor":49.0,"key":"REST"}],"circlet_count":0,"master_deck":["Survivor","Neutralize","Cloak And Dagger+1","Dash","Noxious Fumes","Acrobatics","Wraith Form v2","Adrenaline","Outmaneuver","Blade Dance","A Thousand Cuts","Sucker Punch","Malaise+1","Dagger Spray","Leg Sweep","Glass Knife","Eviscerate","Grand Finale","Acrobatics+1","PiercingWail","Catalyst","Outmaneuver+1","After Image","Backflip+1","Footwork+1","Acrobatics+1","Envenom","Deadly Poison+1","Catalyst+1","Footwork+1","Backflip","Deflect+1"],"relics":["Ectoplasm","Bronze Scales","MealTicket","PreservedInsect","Incense Burner","Bag of Marbles","Pandora\u0027s Box","Lantern","Ice Cream","The Courier","Eternal Feather","Strawberry","Cursed Key","Red Mask","Smiling Mask","War Paint","White Beast Statue","Paper Crane"],"acts_visited":["Exordium","TheCity","TheBeyond"],"potions_floor_usage":[],"damage_taken":[{"damage":0.0,"enemies":"2 Louse","floor":1.0,"turns":3.0},{"damage":0.0,"enemies":"Jaw Worm","floor":2.0,"turns":5.0},{"damage":38.0,"enemies":"Gremlin Nob","floor":6.0,"turns":6.0},{"damage":27.0,"enemies":"Lagavulin","floor":8.0,"turns":7.0},{"damage":0.0,"enemies":"Cultist","floor":10.0,"turns":3.0},{"damage":4.0,"enemies":"3 Sentries","floor":11.0,"turns":6.0},{"damage":2.0,"enemies":"Lagavulin","floor":13.0,"turns":6.0},{"damage":35.0,"enemies":"Hexaghost","floor":16.0,"turns":10.0},{"damage":0.0,"enemies":"3 Byrds","floor":18.0,"turns":3.0},{"damage":19.0,"enemies":"Chosen","floor":21.0,"turns":4.0},{"damage":15.0,"enemies":"Snecko","floor":22.0,"turns":6.0},{"damage":6.0,"enemies":"Book of Stabbing","floor":23.0,"turns":5.0},{"damage":0.0,"enemies":"Gremlin Leader","floor":25.0,"turns":5.0},{"damage":33.0,"enemies":"Slavers","floor":27.0,"turns":3.0},{"damage":3.0,"enemies":"3 Cultists","floor":28.0,"turns":5.0},{"damage":1.0,"enemies":"Shelled Parasite and Fungi","floor":29.0,"turns":5.0},{"damage":2.0,"enemies":"Centurion and Healer","floor":30.0,"turns":6.0},{"damage":0.0,"enemies":"Snake Plant","floor":31.0,"turns":4.0},{"damage":42.0,"enemies":"Automaton","floor":33.0,"turns":8.0},{"damage":0.0,"enemies":"Orb Walker","floor":35.0,"turns":3.0},{"damage":9.0,"enemies":"3 Shapes","floor":37.0,"turns":4.0},{"damage":0.0,"enemies":"Maw","floor":38.0,"turns":8.0},{"damage":37.0,"enemies":"Writhing Mass","floor":39.0,"turns":6.0},{"damage":1.0,"enemies":"Giant Head","floor":42.0,"turns":6.0},{"damage":0.0,"enemies":"Nemesis","floor":44.0,"turns":7.0},{"damage":47.0,"enemies":"Reptomancer","floor":46.0,"turns":5.0},{"damage":7.0,"enemies":"3 Darklings","floor":47.0,"turns":5.0},{"damage":0.0,"enemies":"Spire Growth","floor":48.0,"turns":1.0},{"damage":24,"enemies":"Time Eater","floor":50,"turns":14}],"seed_played":"5818979954797550100","potions_obtained":[{"floor":10.0,"key":"Energy Potion"},{"floor":13.0,"key":"GamblersBrew"},{"floor":16.0,"key":"LiquidBronze"},{"floor":23.0,"key":"Poison Potion"},{"floor":25.0,"key":"BlessingOfTheForge"},{"floor":27.0,"key":"BlessingOfTheForge"},{"floor":37.0,"key":"LiquidMemories"},{"floor":44.0,"key":"FairyPotion"},{"floor":46.0,"key":"Fire Potion"},{"floor":47.0,"key":"SmokeBomb"}],"is_trial":false,"path_per_floor":["M","M","?","?","?","E","R","E","T","M","E","R","E","?","R","B",null,"M","?","T","M","M","E","R","E","T","E","M","M","M","M","R","B",null,"M","?","M","M","M","R","?","E","T","E","?","E","M","M","R","B",null],"character_chosen":"THE_SILENT","items_purchased":[],"campfire_rested":7,"item_purchase_floors":[],"current_hp_per_floor":[70,70,70,70,70,32,53,26,26,26,22,43,41,27,48,13,70,70,70,70,51,36,30,51,51,51,25,22,21,19,19,57,15,77,77,77,68,68,31,72,72,71,71,71,71,24,17,17,58,34],"gold":0,"neow_bonus":"BOSS_RELIC","is_daily":false,"chose_seed":false,"campfire_upgraded":0,"win_rate":0.0,"timestamp":1609731640,"path_taken":["M","M","?","?","?","E","R","E","T","?","E","R","E","?","R","BOSS","M","?","?","M","M","E","R","E","T","E","?","M","M","?","R","BOSS","M","?","M","M","?","R","?","E","T","E","?","E","M","M","R","BOSS"],"items_purchased_type":[],"build_version":"2020-12-22","purchased_purges":0,"victory":true,"max_hp_per_floor":[70,70,70,70,70,70,70,70,70,70,70,70,70,70,70,70,70,70,70,70,70,70,70,70,70,70,77,77,77,77,77,77,77,77,77,77,77,77,77,77,77,77,77,77,77,77,77,77,77,77],"relic_stats":{"counters":[29,159],"Bronze Scales":[429],"MealTicket":0,"Pandora\u0027s Box":["Outmaneuver","Blade Dance","A Thousand Cuts","Sucker Punch","Malaise","Dagger Spray","A Thousand Cuts","Choke","Leg Sweep","Glass Knife"],"Eternal Feather":51,"Ectoplasm":785,"PreservedInsect":412,"War Paint":["Malaise","Acrobatics"],"Cursed Key":0,"Smiling Mask":0,"obtain_stats":[{"Ice Cream":23,"Lantern":20,"Eternal Feather":26,"PreservedInsect":9,"The Courier":25,"Incense Burner":11,"War Paint":44,"Paper Crane":46,"Cursed Key":34,"Smiling Mask":42,"White Beast Statue":45,"Bronze Scales":6,"Strawberry":27,"MealTicket":8,"Pandora\u0027s Box":17,"Ectoplasm":0,"Bag of Marbles":13,"Red Mask":41,"Ring of the Snake":0},{"Ice Cream":12,"Lantern":9,"Eternal Feather":13,"PreservedInsect":4,"The Courier":13,"Incense Burner":6,"War Paint":25,"Paper Crane":26,"Cursed Key":19,"Smiling Mask":24,"White Beast Statue":25,"Bronze Scales":3,"Strawberry":14,"MealTicket":4,"Pandora\u0027s Box":8,"Ectoplasm":0,"Bag of Marbles":7,"Red Mask":23,"Ring of the Snake":0},{"Ice Cream":64,"Lantern":49,"Eternal Feather":69,"PreservedInsect":21,"The Courier":69,"Incense Burner":30,"War Paint":134,"Paper Crane":139,"Cursed Key":100,"Smiling Mask":127,"White Beast Statue":134,"Bronze Scales":14,"Strawberry":72,"MealTicket":21,"Pandora\u0027s Box":46,"Ectoplasm":0,"Bag of Marbles":36,"Red Mask":121,"Ring of the Snake":0}]},"card_choices":[{"not_picked":["Dagger Spray","Quick Slash"],"picked":"Cloak And Dagger","floor":1.0},{"not_picked":["Flying Knee","Riddle With Holes"],"picked":"Dash","floor":2.0},{"not_picked":["Dagger Throw","Flying Knee","Distraction"],"picked":"SKIP","floor":6.0},{"not_picked":["Endless Agony","PiercingWail"],"picked":"Noxious Fumes","floor":8.0},{"not_picked":["Blade Dance","Underhanded Strike"],"picked":"Acrobatics","floor":10.0},{"not_picked":["Reflex","Escape Plan","Poisoned Stab"],"picked":"SKIP","floor":11.0},{"not_picked":["Backflip","Underhanded Strike"],"picked":"Wraith Form v2","floor":13.0},{"not_picked":["Corpse Explosion","Phantasmal Killer"],"picked":"Adrenaline","floor":16.0},{"not_picked":["Deadly Poison","Cloak And Dagger","Blade Dance"],"picked":"SKIP","floor":18.0},{"not_picked":["Caltrops","Underhanded Strike"],"picked":"Acrobatics","floor":21.0},{"not_picked":["Reflex+1","Skewer"],"picked":"PiercingWail","floor":22.0},{"not_picked":["Dagger Spray","Noxious Fumes+1"],"picked":"Catalyst","floor":23.0},{"not_picked":["Finisher","Prepared"],"picked":"Outmaneuver+1","floor":25.0},{"not_picked":["Dagger Spray+1","Acrobatics"],"picked":"After Image","floor":27.0},{"not_picked":["Dagger Throw+1","Poisoned Stab"],"picked":"Backflip+1","floor":28.0},{"not_picked":["Acrobatics","Dagger Spray+1"],"picked":"Footwork","floor":29.0},{"not_picked":["Choke","Blade Dance","Outmaneuver"],"picked":"SKIP","floor":30.0},{"not_picked":["Dagger Throw+1","Quick Slash"],"picked":"Acrobatics+1","floor":31.0},{"not_picked":["A Thousand Cuts","Phantasmal Killer"],"picked":"Envenom","floor":33.0},{"not_picked":["Dagger Spray","Quick Slash+1"],"picked":"Deadly Poison+1","floor":35.0},{"not_picked":["Skewer+1","Outmaneuver+1","Poisoned Stab"],"picked":"SKIP","floor":37.0},{"not_picked":["Acrobatics","Outmaneuver+1"],"picked":"Catalyst+1","floor":38.0},{"not_picked":["Deflect+1","Bane"],"picked":"Footwork+1","floor":39.0},{"not_picked":["Dagger Spray+1","Infinite Blades+1","Quick Slash+1"],"picked":"SKIP","floor":42.0},{"not_picked":["Prepared","Concentrate"],"picked":"Backflip","floor":44.0},{"not_picked":["Bouncing Flask","Bane","Unload"],"picked":"SKIP","floor":46.0},{"not_picked":["Cloak And Dagger","Dodge and Roll"],"picked":"Deflect+1","floor":47.0}],"player_experience":212233,"relics_obtained":[{"floor":6.0,"key":"Bronze Scales"},{"floor":8.0,"key":"MealTicket"},{"floor":9.0,"key":"PreservedInsect"},{"floor":11.0,"key":"Incense Burner"},{"floor":13.0,"key":"Bag of Marbles"},{"floor":20.0,"key":"Lantern"},{"floor":23.0,"key":"Ice Cream"},{"floor":25.0,"key":"The Courier"},{"floor":26.0,"key":"Eternal Feather"},{"floor":27.0,"key":"Strawberry"},{"floor":42.0,"key":"Smiling Mask"},{"floor":44.0,"key":"War Paint"},{"floor":46.0,"key":"Paper Crane"}],"event_choices":[{"damage_healed":0.0,"max_hp_gain":0.0,"max_hp_loss":0.0,"gold_gain":0.0,"event_name":"Golden Idol","player_choice":"Ignored","floor":3.0,"gold_loss":0.0,"damage_taken":0.0},{"damage_healed":0.0,"max_hp_gain":0.0,"max_hp_loss":0.0,"gold_gain":0.0,"event_name":"World of Goop","player_choice":"Left Gold","floor":4.0,"gold_loss":50.0,"damage_taken":0.0},{"damage_healed":0.0,"max_hp_gain":0.0,"max_hp_loss":0.0,"gold_gain":0.0,"event_name":"The Cleric","player_choice":"Leave","floor":5.0,"gold_loss":0.0,"damage_taken":0.0},{"damage_healed":0.0,"max_hp_gain":0.0,"max_hp_loss":0.0,"gold_gain":0.0,"event_name":"Shining Light","player_choice":"Entered Light","floor":14.0,"gold_loss":0.0,"damage_taken":14.0,"cards_upgraded":["Cloak And Dagger","Defend_G"]},{"damage_healed":0.0,"max_hp_gain":0.0,"max_hp_loss":0.0,"gold_gain":0.0,"cards_transformed":["A Thousand Cuts","Choke"],"event_name":"Drug Dealer","player_choice":"Became Test Subject","floor":19.0,"gold_loss":0.0,"damage_taken":0.0,"cards_obtained":["Eviscerate","Grand Finale"]},{"damage_healed":0.0,"max_hp_gain":0.0,"max_hp_loss":0.0,"gold_gain":0.0,"event_name":"Accursed Blacksmith","player_choice":"Forge","floor":36.0,"gold_loss":0.0,"damage_taken":0.0,"cards_upgraded":["Footwork"]},{"damage_healed":0.0,"max_hp_gain":0.0,"max_hp_loss":0.0,"gold_gain":0.0,"event_name":"Tomb of Lord Red Mask","player_choice":"Paid","floor":41.0,"gold_loss":49.0,"damage_taken":0.0,"relics_obtained":["Red Mask"]},{"damage_healed":0.0,"max_hp_gain":0.0,"max_hp_loss":0.0,"gold_gain":0.0,"event_name":"WeMeetAgain","player_choice":"Gave Potion","floor":45.0,"gold_loss":0.0,"damage_taken":0.0,"relics_obtained":["White Beast Statue"]}],"is_beta":false,"boss_relics":[{"not_picked":["Coffee Dripper","SacredBark"],"picked":"Pandora\u0027s Box"},{"not_picked":["Empty Cage","Runic Dome"],"picked":"Cursed Key"}],"items_purged_floors":[],"is_endless":false,"potions_floor_spawned":[10,13,16,23,25,27,31,37,44,46,47,48],"ascension_level":4}}