{"host":"5wznv0010959mrmz","time":1609796324,"event":{"mods":["BaseMod","Highlight Path","Minty Spire (QoL Compilation)","Relic Stats"],"gold_per_floor":[110,35,35,185,198,198,229,229,252,177,177,193,208,227,227,298,298,310,310,50,66,81,81,97,97,97],"floor_reached":25,"playtime":895,"items_purged":["Strike_G","Pain"],"score":456,"play_id":"7bc33fd4-c784-4c84-b789-c1ca81f1a75f","local_time":"20210104153844","is_ascension_mode":true,"campfire_choices":[{"data":"Bouncing Flask","floor":6,"key":"SMITH"},{"data":"Neutralize","floor":11,"key":"SMITH"},{"data":"Poisoned Stab","floor":15,"key":"SMITH"},{"data":"Burst","floor":23,"key":"SMITH"}],"circlet_count":0,"master_deck":["AscendersBane","Strike_G","Strike_G","Strike_G","Defend_G","Defend_G","Defend_G","Defend_G","Defend_G","Survivor","Neutralize+1","Bouncing Flask+1","Doubt","Dagger Throw","Escape Plan","Well Laid Plans","Poisoned Stab+1","Blur","Burst+1","Backflip","Deflect+1","Footwork+1"],"relics":["Ring of the Snake","NeowsBlessing","Snake Skull","Matryoshka","Potion Belt","Pen Nib","Cursed Key","WarpedTongs","Orrery"],"acts_visited":["Exordium","TheCity"],"potions_floor_usage":[16,18,25,25],"damage_taken":[{"damage":0,"enemies":"Small Slimes","floor":1,"turns":1},{"damage":0,"enemies":"Jaw Worm","floor":5,"turns":1},{"damage":0,"enemies":"Lagavulin","floor":7,"turns":1},{"damage":1,"enemies":"2 Louse","floor":12,"turns":2},{"damage":4,"enemies":"Large Slime","floor":13,"turns":6},{"damage":1,"enemies":"Blue Slaver","floor":14,"turns":4},{"damage":41,"enemies":"Slime Boss","floor":16,"turns":10},{"damage":8,"enemies":"Shell Parasite","floor":18,"turns":4},{"damage":0,"enemies":"Spheric Guardian","floor":21,"turns":1},{"damage":9,"enemies":"3 Cultists","floor":22,"turns":7},{"damage":0,"enemies":"Snake Plant","floor":24,"turns":4},{"damage":47,"enemies":"Masked Bandits","floor":25,"turns":4}],"seed_played":"-1039222502741875679","potions_obtained":[{"floor":1,"key":"Dexterity Potion"},{"floor":12,"key":"Fruit Juice"},{"floor":13,"key":"Explosive Potion"},{"floor":24,"key":"SkillPotion"}],"is_trial":false,"path_per_floor":["M","$","?","?","M","R","E","?","T","?","R","M","M","M","R","B",null,"M","?","$","M","M","R","M","?"],"character_chosen":"THE_SILENT","items_purchased":["Orrery"],"campfire_rested":0,"item_purchase_floors":[20],"current_hp_per_floor":[59,59,48,48,48,48,48,48,48,48,48,47,43,42,42,1,50,42,42,42,42,33,33,33,0,0],"gold":97,"neow_bonus":"THREE_ENEMY_KILL","is_daily":false,"chose_seed":false,"campfire_upgraded":4,"win_rate":0.0,"timestamp":1609796324,"path_taken":["M","$","?","?","M","R","E","?","T","?","R","M","M","M","R","BOSS","M","?","$","M","?","R","M","?"],"items_purchased_type":["Relic"],"build_version":"2020-12-22","purchased_purges":2,"victory":false,"max_hp_per_floor":[66,66,66,66,66,66,66,66,66,66,66,66,66,66,66,66,66,66,66,66,66,66,66,66,71,71],"relic_stats":{"counters":[12,45],"Snake Skull":[73],"Pen Nib":[5],"Cursed Key":0,"obtain_stats":[{"Potion Belt":9,"Matryoshka":7,"NeowsBlessing":0,"Orrery":20,"Snake Skull":3,"Pen Nib":9,"Cursed Key":17,"Ring of the Snake":0,"WarpedTongs":19},{"Potion Belt":3,"Matryoshka":3,"NeowsBlessing":0,"Orrery":8,"Snake Skull":1,"Pen Nib":3,"Cursed Key":7,"Ring of the Snake":0,"WarpedTongs":8},{"Potion Belt":3,"Matryoshka":3,"NeowsBlessing":0,"Orrery":29,"Snake Skull":1,"Pen Nib":3,"Cursed Key":25,"Ring of the Snake":0,"WarpedTongs":29}],"Ring of the Snake":[24],"WarpedTongs":[16]},"card_choices":[{"not_picked":["Tactician","Cloak And Dagger"],"picked":"Bouncing Flask","floor":1},{"not_picked":["Caltrops","Slice"],"picked":"Dagger Throw","floor":5},{"not_picked":["Backflip","Eviscerate"],"picked":"Escape Plan","floor":7},{"not_picked":["Dagger Spray","PiercingWail"],"picked":"Well Laid Plans","floor":12},{"not_picked":["Sucker Punch","Bane"],"picked":"Poisoned Stab","floor":13},{"not_picked":["Dagger Spray","Quick Slash"],"picked":"Blur","floor":14},{"not_picked":["A Thousand Cuts","After Image"],"picked":"Burst","floor":16},{"not_picked":["Concentrate+1","Infinite Blades","Blade Dance"],"picked":"SKIP","floor":18},{"not_picked":["Endless Agony","Predator+1"],"picked":"Backflip","floor":20},{"not_picked":["Crippling Poison","Caltrops"],"picked":"Deflect+1","floor":20},{"not_picked":["Quick Slash+1","Deflect+1"],"picked":"Footwork+1","floor":21},{"not_picked":["Dodge and Roll","Backflip","Outmaneuver"],"picked":"SKIP","floor":22},{"not_picked":["Heel Hook","Flying Knee","PiercingWail"],"picked":"SKIP","floor":24}],"player_experience":404313,"relics_obtained":[{"floor":7,"key":"Matryoshka"},{"floor":9,"key":"Potion Belt"},{"floor":9,"key":"Pen Nib"}],"event_choices":[{"damage_healed":0,"gold_gain":0,"player_choice":"Success","damage_taken":11,"relics_obtained":["Snake Skull"],"max_hp_gain":0,"max_hp_loss":0,"event_name":"Scrap Ooze","floor":3,"gold_loss":0},{"damage_healed":0,"gold_gain":150,"player_choice":"AGREE","damage_taken":0,"max_hp_gain":0,"max_hp_loss":0,"event_name":"Liars Game","floor":4,"gold_loss":0,"cards_obtained":["Doubt"]},{"damage_healed":0,"gold_gain":0,"cards_transformed":["Strike_G"],"player_choice":"Change","damage_taken":0,"max_hp_gain":0,"max_hp_loss":0,"event_name":"Living Wall","floor":8,"gold_loss":0,"cards_obtained":["Choke"]},{"cards_removed":["Choke"],"damage_healed":0,"gold_gain":0,"player_choice":"Card Removal","damage_taken":0,"max_hp_gain":0,"max_hp_loss":0,"event_name":"The Cleric","floor":10,"gold_loss":75},{"damage_healed":0,"gold_gain":0,"player_choice":"Rummage","damage_taken":0,"relics_obtained":["WarpedTongs"],"max_hp_gain":0,"max_hp_loss":0,"event_name":"Accursed Blacksmith","floor":19,"gold_loss":0,"cards_obtained":["Pain"]},{"damage_healed":0,"gold_gain":0,"player_choice":"Fought Bandits","damage_taken":0,"max_hp_gain":0,"max_hp_loss":0,"event_name":"Masked Bandits","floor":25,"gold_loss":0}],"is_beta":false,"boss_relics":[{"not_picked":["Empty Cage","Fusion Hammer"],"picked":"Cursed Key"}],"items_purged_floors":[2,20],"is_endless":false,"potions_floor_spawned":[1,12,13,24],"killed_by":"Masked Bandits","ascension_level":20}}