{"host":"dmdprxj8bosbz96f","time":1609770295,"event":{"mods":["AchievementEnabler","BaseMod","Colored Map","DeckTracker","Minty Spire (QoL Compilation)","Quick Restart","SuperFastMode","everything is the same but u backflip on backflip"],"gold_per_floor":[114,114,41,53,3,3,23,91,117,167,187,201,201,221,221,221,221],"floor_reached":16,"playtime":473,"items_purged":["Strike_B","Defend_B"],"score":94,"play_id":"2f11b439-6205-4536-a943-28669f10bd0c","local_time":"20210104232455","is_ascension_mode":false,"campfire_choices":[{"data":"Redo","floor":6,"key":"SMITH"},{"data":"Hologram","floor":13,"key":"SMITH"},{"data":"Redo","floor":15,"key":"SMITH"}],"circlet_count":0,"master_deck":["Strike_B","Strike_B","Strike_B","Defend_B","Defend_B","Defend_B","Zap","Dualcast","Loop","Redo+1","Hologram+1","Hologram","Redo+1"],"relics":["Cracked Core","NeowsBlessing","SsserpentHead","Vajra","Prayer Wheel"],"acts_visited":["Exordium"],"potions_floor_usage":[8,12,12],"damage_taken":[{"damage":0,"enemies":"2 Louse","floor":1,"turns":1},{"damage":0,"enemies":"Cultist","floor":4,"turns":1},{"damage":0,"enemies":"Jaw Worm","floor":7,"turns":1},{"damage":13,"enemies":"Gremlin Gang","floor":8,"turns":2},{"damage":8,"enemies":"Red Slaver","floor":11,"turns":3},{"damage":11,"enemies":"3 Louse","floor":12,"turns":3},{"damage":7,"enemies":"Looter","floor":14,"turns":3},{"damage":26,"enemies":"Hexaghost","floor":16,"turns":9}],"seed_played":"-919056903929349082","potions_obtained":[{"floor":4,"key":"SteroidPotion"},{"floor":7,"key":"Fire Potion"},{"floor":8,"key":"FocusPotion"}],"is_trial":false,"path_per_floor":["M","?","$","M","$","R","M","M","T","T","M","M","R","M","R","B"],"character_chosen":"DEFECT","items_purchased":["Redo"],"campfire_rested":0,"item_purchase_floors":[3],"current_hp_per_floor":[75,75,75,75,75,75,75,62,62,62,54,43,43,36,36,10,10],"gold":221,"neow_bonus":"THREE_ENEMY_KILL","is_daily":false,"chose_seed":false,"campfire_upgraded":3,"win_rate":0.0,"timestamp":1609770295,"path_taken":["M","?","?","M","?","R","M","?","T","?","M","M","R","M","R","BOSS"],"items_purchased_type":["Card"],"build_version":"2020-12-22","purchased_purges":2,"victory":false,"max_hp_per_floor":[75,75,75,75,75,75,75,75,75,75,75,75,75,75,75,75,75],"card_choices":[{"not_picked":["Sweeping Beam","Auto Shields"],"picked":"Loop","floor":1},{"not_picked":["Go for the Eyes","Auto Shields","Compile Driver"],"picked":"SKIP","floor":4},{"not_picked":["Steam","Stack","Barrage"],"picked":"SKIP","floor":7},{"not_picked":["Creative AI","Conserve Battery"],"picked":"Hologram","floor":8},{"not_picked":["Cold Snap","Sweeping Beam"],"picked":"Hologram","floor":11},{"not_picked":["Barrage","Cold Snap","Redo"],"picked":"SKIP","floor":11},{"not_picked":["Barrage","Cold Snap"],"picked":"Redo","floor":11},{"not_picked":["Turbo","Hologram","Scrape"],"picked":"SKIP","floor":12},{"not_picked":["Sweeping Beam","Go for the Eyes","Redo"],"picked":"SKIP","floor":12},{"not_picked":["Melter","Sweeping Beam","Leap"],"picked":"SKIP","floor":14},{"not_picked":["Ball Lightning","Go for the Eyes","Aggregate"],"picked":"SKIP","floor":14}],"player_experience":121587,"relics_obtained":[{"floor":9,"key":"Vajra"},{"floor":10,"key":"Prayer Wheel"}],"event_choices":[{"damage_healed":0,"gold_gain":0,"player_choice":"Trade","damage_taken":0,"relics_obtained":["SsserpentHead"],"max_hp_gain":0,"max_hp_loss":0,"event_name":"FaceTrader","floor":2,"gold_loss":0}],"is_beta":false,"boss_relics":[],"items_purged_floors":[3,5],"is_endless":false,"potions_floor_spawned":[4,7,8],"killed_by":"Hexaghost","ascension_level":0}}