{"host":"088jo5vb400xciyq","time":1609728874,"event":{"mods":["BaseMod","Infinite Spire","Minty Spire (QoL Compilation)","Rare Cards Sparkle","Shop Mod","StSLib"],"gold_per_floor":[117,117,117,133,83,114,124,150,150,161,17,17,17,42,42,165,165,184,184,109,109,125,125,125,125,148,148,148,73,73,73,73],"floor_reached":31,"playtime":1327,"items_purged":["Strike_B","Strike_B"],"score":264,"play_id":"5ebf58d1-cce1-4926-af61-66fcae2fde1b","local_time":"20210103195434","is_ascension_mode":false,"campfire_choices":[{"floor":15,"key":"REST"},{"data":"Machine Learning","floor":23,"key":"SMITH"},{"data":"Conserve Battery","floor":25,"key":"SMITH"},{"data":"Coolheaded","floor":27,"key":"SMITH"}],"circlet_count":0,"master_deck":["Defend_B","Defend_B","Defend_B","Defend_B","Zap","Dualcast","Multi-Cast+1","Cold Snap","Capacitor","Conserve Battery","Hologram","Capacitor","Machine Learning+1","Capacitor","Amplify","Chill","Conserve Battery+1","Coolheaded","BootSequence","Heatsinks+1","Conserve Battery","Coolheaded+1","Ghostly","Ghostly","Ghostly","Ghostly","Ghostly"],"relics":["Cracked Core","Peace Pipe","Bottled Tornado","Eternal Feather","Golden Idol","Oddly Smooth Stone","Sozu","Enchiridion","Orrery","Lantern"],"acts_visited":["Exordium","TheCity"],"potions_floor_usage":[8,22],"damage_taken":[{"damage":2,"enemies":"Cultist","floor":1,"turns":5},{"damage":2,"enemies":"Small Slimes","floor":4,"turns":2},{"damage":27,"enemies":"3 Sentries","floor":6,"turns":10},{"damage":0,"enemies":"2 Louse","floor":7,"turns":1},{"damage":34,"enemies":"Gremlin Nob","floor":8,"turns":6},{"damage":6,"enemies":"Large Slime","floor":10,"turns":8},{"damage":7,"enemies":"Red Slaver","floor":14,"turns":5},{"damage":28,"enemies":"The Guardian","floor":16,"turns":14},{"damage":16,"enemies":"Spheric Guardian","floor":18,"turns":6},{"damage":2,"enemies":"Chosen","floor":22,"turns":5},{"damage":50,"enemies":"Gremlin Leader","floor":31,"turns":10}],"seed_played":"3837840667536520964","potions_obtained":[{"floor":4,"key":"DuplicationPotion"},{"floor":8,"key":"BlessingOfTheForge"},{"floor":14,"key":"Swift Potion"},{"floor":16,"key":"PowerPotion"}],"is_trial":false,"path_per_floor":["M","?","?","M","?","E","M","E","T","M","$","?","T","M","R","B",null,"M","?","?","?","M","R","AVR","R","T","R","?","$","?","E"],"character_chosen":"DEFECT","items_purchased":["Machine Learning"],"campfire_rested":1,"item_purchase_floors":[11],"current_hp_per_floor":[73,73,78,76,76,49,49,15,15,9,9,9,9,2,33,5,74,58,58,58,42,40,52,52,64,64,74,37,37,37,0,0],"gold":73,"neow_bonus":"ONE_RANDOM_RARE_CARD","is_daily":false,"chose_seed":false,"campfire_upgraded":3,"win_rate":0.0,"timestamp":1609728874,"path_taken":["M","?","?","M","?","E","M","E","T","M","$","?","?","M","R","BOSS","M","?","?","?","?","R","AVR","R","T","R","?","$","?","E"],"items_purchased_type":["Card"],"build_version":"2020-12-22","purchased_purges":2,"victory":false,"max_hp_per_floor":[75,75,80,80,80,80,80,80,80,80,80,74,74,74,74,74,74,74,74,74,74,74,74,74,74,74,74,37,37,37,37,37],"card_choices":[{"not_picked":["Gash","Steam","FTL"],"picked":"SKIP","floor":1},{"not_picked":["Hello World","Leap"],"picked":"Cold Snap","floor":4},{"not_picked":["Stack","Beam Cell"],"picked":"Capacitor","floor":6},{"not_picked":["Gash","Darkness"],"picked":"Conserve Battery","floor":7},{"not_picked":["Rebound","Beam Cell"],"picked":"Hologram","floor":8},{"not_picked":["Recycle","Consume"],"picked":"Capacitor","floor":10},{"not_picked":["Streamline","Rebound"],"picked":"Capacitor","floor":14},{"not_picked":["Reboot","Machine Learning"],"picked":"Amplify","floor":16},{"not_picked":["Cold Snap+1","BootSequence"],"picked":"Chill","floor":18},{"not_picked":["Consume","Melter"],"picked":"Coolheaded","floor":22},{"not_picked":["Hello World+1","Ball Lightning"],"picked":"BootSequence","floor":24},{"not_picked":["Redo+1","Reinforced Body+1"],"picked":"Heatsinks+1","floor":24},{"not_picked":["Chaos","Leap"],"picked":"Conserve Battery","floor":24},{"not_picked":["Beam Cell+1","Sweeping Beam+1"],"picked":"Coolheaded","floor":24}],"player_experience":369653,"relics_obtained":[{"floor":6,"key":"Peace Pipe"},{"floor":8,"key":"Bottled Tornado"},{"floor":9,"key":"Eternal Feather"},{"floor":13,"key":"Oddly Smooth Stone"},{"floor":21,"key":"Enchiridion"},{"floor":26,"key":"Lantern"}],"event_choices":[{"damage_healed":0,"gold_gain":0,"player_choice":"Donut","damage_taken":0,"max_hp_gain":5,"max_hp_loss":0,"event_name":"Big Fish","floor":3,"gold_loss":0},{"cards_removed":["Strike_B"],"damage_healed":0,"gold_gain":0,"player_choice":"Card Removal","damage_taken":0,"max_hp_gain":0,"max_hp_loss":0,"event_name":"The Cleric","floor":5,"gold_loss":50},{"damage_healed":0,"gold_gain":0,"player_choice":"Lose Max HP","damage_taken":0,"relics_obtained":["Golden Idol"],"max_hp_gain":0,"max_hp_loss":6,"event_name":"Golden Idol","floor":12,"gold_loss":0},{"damage_healed":0,"gold_gain":0,"player_choice":"Read","damage_taken":0,"max_hp_gain":0,"max_hp_loss":0,"event_name":"The Library","floor":19,"gold_loss":0,"cards_obtained":["Conserve Battery"]},{"cards_removed":["Strike_B"],"damage_healed":0,"gold_gain":0,"player_choice":"Gave Gold","damage_taken":0,"max_hp_gain":0,"max_hp_loss":0,"event_name":"Beggar","floor":20,"gold_loss":75},{"damage_healed":0,"gold_gain":0,"player_choice":"Obtained Book","damage_taken":16,"max_hp_gain":0,"max_hp_loss":0,"event_name":"Cursed Tome","floor":21,"gold_loss":0},{"damage_healed":0,"gold_gain":0,"player_choice":"Became a Ghost","damage_taken":0,"max_hp_gain":0,"max_hp_loss":37,"event_name":"Ghosts","floor":28,"gold_loss":0,"cards_obtained":["Ghostly","Ghostly","Ghostly","Ghostly","Ghostly"]},{"damage_healed":0,"gold_gain":0,"player_choice":"Ignored","damage_taken":0,"max_hp_gain":0,"max_hp_loss":0,"event_name":"N\u0027loth","floor":30,"gold_loss":0}],"is_beta":false,"boss_relics":[{"not_picked":["Nuclear Battery","Fusion Hammer"],"picked":"Sozu"}],"items_purged_floors":[24,29],"is_endless":false,"potions_floor_spawned":[4,8,14,16,22],"killed_by":"Gremlin Leader","ascension_level":0}}