{"host":"dh8vptmequbrae31","time":1609744833,"event":{"mods":["2.2 Compatiblity","AchievementEnabler","BaseMod","Colored Map","Evolution","Minty Spire (QoL Compilation)","Td1madao Mod"],"gold_per_floor":[112,112,131,209,209,245,257,293,351,406,418,430,480,492,504,635,647,683,714,747,782,817,864,876,888,888],"floor_reached":25,"playtime":2858,"items_purged":[],"score":278,"play_id":"c5082076-3b62-48c2-b077-c334e83bcc2c","local_time":"20210104022033","is_ascension_mode":true,"campfire_choices":[{"floor":11,"key":"REST"},{"data":"Madness","floor":15,"key":"SMITH"},{"floor":24,"key":"REST"}],"circlet_count":0,"master_deck":["Strike_P+1","Strike_P","Strike_P+1","Strike_P+1","Defend_P","Defend_P","Defend_P","Defend_P","Eruption+1","Vigilance+1","Madness+1","MentalFortress","EmptyBody","EmptyFist","LikeWater","Devotion+1","LessonLearned","Crescendo+1","Wireheading","Perseverance"],"relics":["PureWater","EVO:Axolotl","Golden Idol","Pear","MawBank","Vajra","Centennial Puzzle","Kunai","Whetstone","Philosopher\u0027s Stone","Juzu Bracelet"],"acts_visited":["Exordium","TheCity"],"potions_floor_usage":[10,13,18,21,22,23],"damage_taken":[{"damage":2,"enemies":"2 Louse","floor":1,"turns":4},{"damage":8,"enemies":"Jaw Worm","floor":3,"turns":4},{"damage":33,"enemies":"Lagavulin","floor":6,"turns":10},{"damage":0,"enemies":"Small Slimes","floor":8,"turns":2},{"damage":6,"enemies":"Gremlin Nob","floor":10,"turns":4},{"damage":12,"enemies":"Lagavulin","floor":13,"turns":9},{"damage":29,"enemies":"Slime Boss","floor":16,"turns":9},{"damage":10,"enemies":"Spheric Guardian","floor":18,"turns":4},{"damage":14,"enemies":"2 Thieves","floor":19,"turns":4},{"damage":23,"enemies":"3 Cultists","floor":20,"turns":7},{"damage":6,"enemies":"Cultist and Chosen","floor":21,"turns":6},{"damage":4,"enemies":"Snecko","floor":22,"turns":6},{"damage":24,"enemies":"Book of Stabbing","floor":23,"turns":7},{"damage":32,"enemies":"Slavers","floor":25,"turns":4}],"seed_played":"4550696369991900400","potions_obtained":[{"floor":8,"key":"Dexterity Potion"},{"floor":10,"key":"GamblersBrew"},{"floor":16,"key":"SteroidPotion"},{"floor":18,"key":"Fruit Juice"},{"floor":20,"key":"DuplicationPotion"},{"floor":21,"key":"ColorlessPotion"}],"is_trial":false,"path_per_floor":["M","?","M","T","?","E","?","M","T","E","R","?","E","T","R","B",null,"M","M","M","M","M","E","R","E"],"character_chosen":"WATCHER","items_purchased":[],"campfire_rested":2,"item_purchase_floors":[],"current_hp_per_floor":[70,52,44,54,54,21,18,18,18,12,36,63,51,51,51,22,82,77,63,40,34,30,6,32,0,0],"gold":888,"neow_bonus":"RANDOM_COLORLESS","is_daily":false,"chose_seed":false,"campfire_upgraded":1,"win_rate":0.0,"timestamp":1609744833,"path_taken":["M","?","M","?","?","E","?","M","T","E","R","?","E","?","R","BOSS","M","M","M","M","M","E","R","E"],"items_purchased_type":[],"build_version":"2020-12-22","purchased_purges":0,"victory":false,"max_hp_per_floor":[72,72,72,82,82,82,82,82,82,82,82,82,82,82,82,82,82,87,87,87,87,87,87,87,87,87],"card_choices":[{"not_picked":["Good Instincts","Purity"],"picked":"Madness","floor":0},{"not_picked":["ClearTheMind","Crescendo"],"picked":"MentalFortress","floor":1},{"not_picked":["WreathOfFlame","FlyingSleeves","BowlingBash"],"picked":"SKIP","floor":3},{"not_picked":["CrushJoints","Blasphemy"],"picked":"EmptyBody","floor":6},{"not_picked":["FlurryOfBlows","Prostrate"],"picked":"EmptyFist","floor":8},{"not_picked":["BowlingBash","Adaptation"],"picked":"LikeWater","floor":10},{"not_picked":["ThirdEye","ReachHeaven"],"picked":"Devotion","floor":13},{"not_picked":["Judgement","Scrawl"],"picked":"LessonLearned","floor":16},{"not_picked":["EmptyFist+1","Evaluate+1"],"picked":"Crescendo","floor":18},{"not_picked":["InnerPeace","JustLucky"],"picked":"Wireheading","floor":19},{"not_picked":["JustLucky","Prostrate","CrushJoints+1"],"picked":"SKIP","floor":20},{"not_picked":["Collect+1","InnerPeace","ClearTheMind"],"picked":"SKIP","floor":21},{"not_picked":["InnerPeace+1","ClearTheMind","EmptyBody"],"picked":"SKIP","floor":22},{"not_picked":["BowlingBash","Ragnarok"],"picked":"Perseverance","floor":23}],"player_experience":196528,"relics_obtained":[{"floor":4,"key":"Pear"},{"floor":6,"key":"MawBank"},{"floor":9,"key":"Centennial Puzzle"},{"floor":10,"key":"Kunai"},{"floor":13,"key":"Whetstone"},{"floor":23,"key":"Juzu Bracelet"}],"event_choices":[{"damage_healed":0,"gold_gain":0,"player_choice":"Take Damage","damage_taken":18,"relics_obtained":["Golden Idol"],"max_hp_gain":0,"max_hp_loss":0,"event_name":"Golden Idol","floor":2,"gold_loss":0},{"damage_healed":0,"gold_gain":0,"player_choice":"Grow","damage_taken":0,"max_hp_gain":0,"max_hp_loss":0,"event_name":"Living Wall","floor":5,"gold_loss":0,"cards_upgraded":["Eruption"]},{"damage_healed":0,"gold_gain":0,"player_choice":"Success","damage_taken":3,"relics_obtained":["Vajra"],"max_hp_gain":0,"max_hp_loss":0,"event_name":"Scrap Ooze","floor":7,"gold_loss":0},{"damage_healed":27,"gold_gain":0,"player_choice":"Banana","damage_taken":0,"max_hp_gain":0,"max_hp_loss":0,"event_name":"Big Fish","floor":12,"gold_loss":0}],"is_beta":false,"boss_relics":[{"not_picked":["HolyWater","Fusion Hammer"],"picked":"Philosopher\u0027s Stone"}],"items_purged_floors":[],"is_endless":false,"potions_floor_spawned":[8,10,16,18,20,21],"killed_by":"Slavers","ascension_level":1}}