{"host":"5m2js577gj4e7pak","time":1609785727,"event":{"mods":["AchievementEnabler","BaseMod","Better Match","BetterRewards","Colored Map","Colored Powertips","Googly Eyes","Highlight Path","Lobotomy","LobotomyExtend","Minty Spire (QoL Compilation)","Quick Restart","Relic Filter","StSLib"],"gold_per_floor":[14,289,308,141,151,151,76,86,113,15,27,57,116,35,35,136,136,136,136,149,162,87,87,107,107,107,117,117,117,117,117],"floor_reached":30,"playtime":1434,"items_purged":[],"score":243,"play_id":"84d9eb3d-33a7-4e46-891c-40801c904250","local_time":"20210104194207","is_ascension_mode":false,"campfire_choices":[],"circlet_count":0,"master_deck":["SpecialBullet","SpecialBullet","SpecialBullet","SpecialBullet","SpecialBullet","InformationCode","SecurityCode","ExtractionCode","CENSORED_ego","Gaze","GreenStem","SolemnVow","Soda","Bandage Up","Wingbeat","Tough","Noise","Soda","Penitence+1","Lamp+6","RapturousDream","FourthMatchFlame","Wingbeat","WristCuter","Logging","CherryBlossom","Twilight","Horn","Penitence+1","Jack Of All Trades+1","Pinks+1","CENSORED_ego+1","BearPaw+1","GreenStem+1","Galaxy+1","Penitence+1","Gaze+1","Adoration+1","Spore+1","RedEyes+1","SomewhereSpear+1","Tough"],"relics":["CogitoBucket","LetterFromLob","Nunchaku","Odd Mushroom","Toxic Egg 2","Astrolabe","MutagenicStrength","BehaviorAdjustment","Eternal Feather"],"acts_visited":["Exordium","TheCity"],"potions_floor_usage":[],"damage_taken":[{"damage":3,"enemies":"Small Slimes","floor":1,"turns":5},{"damage":8,"enemies":"Cultist","floor":3,"turns":4},{"damage":21,"enemies":"2 Louse","floor":5,"turns":5},{"damage":17,"enemies":"Exordium Thugs","floor":8,"turns":5},{"damage":12,"enemies":"2 Fungi Beasts","floor":11,"turns":4},{"damage":11,"enemies":"The Mushroom Lair","floor":12,"turns":5},{"damage":24,"enemies":"Gremlin Nob","floor":13,"turns":5},{"damage":19,"enemies":"Slime Boss","floor":16,"turns":13},{"damage":24,"enemies":"Chosen","floor":20,"turns":8},{"damage":11,"enemies":"2 Thieves","floor":21,"turns":5},{"damage":51,"enemies":"Cultist and Chosen","floor":24,"turns":12},{"damage":61,"enemies":"Chosen and Byrds","floor":27,"turns":13},{"damage":76,"enemies":"Colosseum Slavers","floor":30,"turns":8},{"damage":73,"enemies":"Colosseum Nobs","floor":30,"turns":4}],"seed_played":"-7177112158239582810","potions_obtained":[],"is_trial":false,"path_per_floor":["M","?","M","$","M","R","?","M","T","$","M","?","?","$","R","B",null,"M","?","M","M","?","R","M","R","T","M","?","R","?"],"character_chosen":"Angela","items_purchased":["Bandage Up","Wingbeat","Tough","FourthMatchFlame","Wingbeat","Jack Of All Trades+1"],"campfire_rested":0,"item_purchase_floors":[4,4,4,10,10,14],"current_hp_per_floor":[70,70,70,70,63,63,63,61,61,61,60,67,60,60,60,70,70,70,70,70,70,70,70,70,70,70,70,70,70,0,0],"gold":117,"neow_bonus":"THREE_RARE_CARDS","is_daily":false,"chose_seed":false,"campfire_upgraded":0,"win_rate":0.0,"timestamp":1609785727,"path_taken":["M","?","M","?","?","R","?","M","T","$","M","?","?","?","R","BOSS","M","?","M","?","?","R","M","R","T","M","?","R","?"],"items_purchased_type":["Card","Card","Card","Card","Card","Card"],"build_version":"2020-12-22","purchased_purges":0,"victory":false,"max_hp_per_floor":[70,70,70,70,70,70,70,70,70,70,70,70,70,70,70,70,70,70,70,70,70,70,70,70,70,70,70,70,70,70,70],"card_choices":[{"not_picked":["Adoration","ParadiseLost"],"picked":"CENSORED_ego","floor":0},{"not_picked":["Noise"],"picked":"Gaze","floor":1},{"not_picked":["Loneliness"],"picked":"GreenStem","floor":1},{"not_picked":["CUTE"],"picked":"SolemnVow","floor":3},{"not_picked":["CherryBlossom"],"picked":"Soda","floor":3},{"not_picked":["Christmas"],"picked":"Noise","floor":5},{"not_picked":["LifeForTheDareDevil"],"picked":"Soda","floor":5},{"not_picked":["Soda+1"],"picked":"Penitence+1","floor":7},{"not_picked":["BlueScar"],"picked":"Lamp","floor":8},{"not_picked":["Lantern"],"picked":"RapturousDream","floor":8},{"not_picked":["GrinderMk4"],"picked":"WristCuter","floor":11},{"not_picked":["Lantern"],"picked":"Logging","floor":11},{"not_picked":["Regret_ego"],"picked":"CherryBlossom","floor":12},{"not_picked":["FrostShard"],"picked":"Twilight","floor":12},{"not_picked":["TodaysExpression+1"],"picked":"Horn","floor":13},{"not_picked":["ScreamingWedge+1"],"picked":"Penitence+1","floor":13},{"not_picked":["SoundOfStar+1"],"picked":"Pinks+1","floor":16},{"not_picked":["GoldRush"],"picked":"CENSORED_ego+1","floor":16},{"not_picked":["GrinderMk4"],"picked":"Penitence+1","floor":20},{"not_picked":["Tough"],"picked":"Gaze+1","floor":20},{"not_picked":["Loneliness+1"],"picked":"Adoration+1","floor":21},{"not_picked":["SomewhereSpear+1"],"picked":"Spore+1","floor":24},{"not_picked":["Lantern","CUTE+1"],"picked":"SKIP","floor":24},{"not_picked":["BlackSwan_ego+1","Horn"],"picked":"RedEyes+1","floor":27},{"not_picked":["FeatherOfHonor","GreenStem"],"picked":"SomewhereSpear+1","floor":27}],"player_experience":28502,"relics_obtained":[{"floor":1,"key":"LetterFromLob"},{"floor":9,"key":"Nunchaku"},{"floor":12,"key":"Odd Mushroom"},{"floor":26,"key":"Eternal Feather"}],"event_choices":[{"damage_healed":0,"gold_gain":275,"player_choice":"Desecrate","damage_taken":0,"max_hp_gain":0,"max_hp_loss":0,"event_name":"Golden Shrine","floor":2,"gold_loss":0,"cards_obtained":["Regret"]},{"damage_healed":0,"gold_gain":0,"player_choice":"2","damage_taken":0,"max_hp_gain":0,"max_hp_loss":0,"event_name":"betterMatch:BetterMatch","floor":7,"gold_loss":0,"cards_obtained":["betterMatch:CommonCard","betterMatch:ColorlessUncommonCard"]},{"damage_healed":0,"gold_gain":0,"player_choice":"Fought Mushrooms","damage_taken":0,"max_hp_gain":0,"max_hp_loss":0,"event_name":"Mushrooms","floor":12,"gold_loss":0},{"damage_healed":0,"gold_gain":30,"player_choice":"Searched \u00273\u0027 times","damage_taken":0,"relics_obtained":["Toxic Egg 2"],"max_hp_gain":0,"max_hp_loss":0,"event_name":"Dead Adventurer","floor":13,"gold_loss":0},{"damage_healed":0,"gold_gain":0,"player_choice":"Inject Mutagens","damage_taken":0,"relics_obtained":["MutagenicStrength"],"max_hp_gain":0,"max_hp_loss":0,"event_name":"Drug Dealer","floor":19,"gold_loss":0},{"cards_removed":["Regret"],"damage_healed":0,"gold_gain":0,"player_choice":"Gave Gold","damage_taken":0,"max_hp_gain":0,"max_hp_loss":0,"event_name":"Beggar","floor":22,"gold_loss":75},{"damage_healed":0,"gold_gain":0,"player_choice":"Read","damage_taken":0,"max_hp_gain":0,"max_hp_loss":0,"event_name":"The Library","floor":28,"gold_loss":0,"cards_obtained":["Tough"]},{"damage_healed":0,"gold_gain":0,"player_choice":"Fight","damage_taken":0,"max_hp_gain":0,"max_hp_loss":0,"event_name":"Colosseum","floor":30,"gold_loss":0},{"damage_healed":0,"gold_gain":0,"player_choice":"Fought Nobs","damage_taken":0,"max_hp_gain":0,"max_hp_loss":0,"event_name":"Colosseum","floor":30,"gold_loss":0}],"is_beta":false,"boss_relics":[{"not_picked":["SacredBark","Busted Crown"],"picked":"Astrolabe"}],"items_purged_floors":[],"is_endless":false,"potions_floor_spawned":[30],"killed_by":"Colosseum Nobs","ascension_level":0}}