{"host":"esx1hwjnbftf3eqj","time":1609722045,"event":{"mods":["BaseMod","Colored Map","Minty Spire (QoL Compilation)","StSLib","The Jungle"],"gold_per_floor":[217,40,53,68,79,79,154,180,204,222,251,26,26,39,39,165,165,185,199,67,90,15,55,55,98,123,159,159,74,74,98,98,98,98],"floor_reached":33,"playtime":3237,"items_purged":["Strike_R"],"score":498,"play_id":"e6fc6820-3221-43e9-b7d9-e518119d3f8b","local_time":"20210103170045","is_ascension_mode":true,"campfire_choices":[{"data":"Apotheosis","floor":6,"key":"SMITH"},{"floor":15,"key":"REST"},{"floor":24,"key":"REST"},{"floor":28,"key":"REST"},{"data":"Double Tap","floor":32,"key":"SMITH"}],"circlet_count":0,"master_deck":["AscendersBane","Strike_R","Strike_R","Strike_R","Defend_R","Defend_R","Defend_R","Defend_R","Bash","Metallicize","Apotheosis+1","Evolve","Feel No Pain","Cleave","Feel No Pain","Disarm","Pommel Strike","Feed","Ghostly Armor","Demon Form","Shrug It Off+1","Clothesline","Battle Trance","Iron Wave+1","Pommel Strike","Double Tap+1","Ghostly","Ghostly","Ghostly","Ghostly","Ghostly","Shrug It Off"],"relics":["Burning Blood","PreservedInsect","Juzu Bracelet","Bronze Scales","Membership Card","Golden Idol","Black Star","Frozen Eye","Gambling Chip","Tiny Chest","Pantograph","Shuriken","Blood Vial","MealTicket","Sundial","Art of War"],"acts_visited":["Exordium","TheCity"],"potions_floor_usage":[11,11,16,21,21,23,27],"damage_taken":[{"damage":8,"enemies":"Jaw Worm","floor":1,"turns":4},{"damage":6,"enemies":"Small Slimes","floor":3,"turns":4},{"damage":8,"enemies":"2 Louse","floor":4,"turns":5},{"damage":10,"enemies":"Looter","floor":5,"turns":5},{"damage":25,"enemies":"Lagavulin","floor":8,"turns":8},{"damage":13,"enemies":"Exordium Thugs","floor":10,"turns":7},{"damage":13,"enemies":"Gremlin Nob","floor":11,"turns":4},{"damage":4,"enemies":"Blue Slaver","floor":14,"turns":5},{"damage":15,"enemies":"Hexaghost","floor":16,"turns":10},{"damage":6,"enemies":"3 Byrds","floor":18,"turns":4},{"damage":29,"enemies":"Spheric Guardian","floor":19,"turns":11},{"damage":57,"enemies":"3 Cultists","floor":21,"turns":7},{"damage":11,"enemies":"Book of Stabbing","floor":23,"turns":8},{"damage":27,"enemies":"Gremlin Leader","floor":25,"turns":6},{"damage":7,"enemies":"Book of Stabbing","floor":27,"turns":7},{"damage":0,"enemies":"Snecko","floor":31,"turns":8},{"damage":57,"enemies":"Collector","floor":33,"turns":11}],"seed_played":"4027149314293404502","potions_obtained":[{"floor":4,"key":"Weak Potion"},{"floor":5,"key":"DistilledChaos"},{"floor":11,"key":"DuplicationPotion"},{"floor":14,"key":"SteroidPotion"},{"floor":19,"key":"EssenceOfSteel"},{"floor":21,"key":"Regen Potion"},{"floor":25,"key":"Dexterity Potion"},{"floor":31,"key":"Ancient Potion"}],"is_trial":false,"path_per_floor":["M","$","M","M","M","R","?","E","T","M","E","$","?","M","R","B",null,"M","M","$","M","?","E","R","E","T","E","R","?","?","M","R","B"],"character_chosen":"IRONCLAD","items_purchased":["Apotheosis","Membership Card","Feed","Battle Trance","Frozen Eye"],"campfire_rested":3,"item_purchase_floors":[2,12,12,20,20],"current_hp_per_floor":[70,70,70,68,64,64,53,34,34,27,20,20,20,26,49,44,73,77,54,54,7,7,21,49,32,32,37,67,67,51,55,55,0,0],"gold":98,"neow_bonus":"HUNDRED_GOLD","is_daily":false,"chose_seed":false,"campfire_upgraded":2,"win_rate":0.0,"timestamp":1609722045,"path_taken":["M","$","M","M","M","R","?","E","T","M","E","$","?","M","R","BOSS","M","M","$","M","?","E","R","E","T","E","R","?","?","M","R","BOSS"],"items_purchased_type":["Card","Relic","Card","Card","Relic"],"build_version":"2020-12-22","purchased_purges":1,"victory":false,"max_hp_per_floor":[80,80,80,80,80,80,80,80,80,80,80,80,74,78,78,82,82,86,86,86,90,90,94,94,98,98,102,102,102,51,55,55,55,55],"card_choices":[{"not_picked":["Havoc","Disarm"],"picked":"Metallicize","floor":1},{"not_picked":["Headbutt","Sword Boomerang"],"picked":"Evolve","floor":3},{"not_picked":["Havoc","Warcry"],"picked":"Feel No Pain","floor":4},{"not_picked":["Evolve","Sever Soul"],"picked":"Cleave","floor":5},{"not_picked":["Seeing Red","Evolve"],"picked":"Feel No Pain","floor":8},{"not_picked":["Anger","Shrug It Off"],"picked":"Disarm","floor":10},{"not_picked":["Heavy Blade","Second Wind"],"picked":"Pommel Strike","floor":11},{"not_picked":["Headbutt","Anger"],"picked":"Ghostly Armor","floor":14},{"not_picked":["Immolate","Exhume"],"picked":"Demon Form","floor":16},{"not_picked":["Thunderclap","Sentinel"],"picked":"Shrug It Off+1","floor":18},{"not_picked":["Wild Strike","Sword Boomerang"],"picked":"Clothesline","floor":19},{"not_picked":["Ghostly Armor","Fire Breathing"],"picked":"Iron Wave+1","floor":21},{"not_picked":["Sword Boomerang","Body Slam"],"picked":"Pommel Strike","floor":23},{"not_picked":["Twin Strike+1","Clothesline","Thunderclap"],"picked":"SKIP","floor":25},{"not_picked":["Ghostly Armor","Fire Breathing"],"picked":"Double Tap","floor":27},{"not_picked":["Combust","Clothesline"],"picked":"Shrug It Off","floor":31}],"player_experience":629418,"relics_obtained":[{"floor":8,"key":"PreservedInsect"},{"floor":9,"key":"Juzu Bracelet"},{"floor":11,"key":"Bronze Scales"},{"floor":23,"key":"Gambling Chip"},{"floor":23,"key":"Tiny Chest"},{"floor":25,"key":"Pantograph"},{"floor":25,"key":"Shuriken"},{"floor":26,"key":"Blood Vial"},{"floor":27,"key":"MealTicket"},{"floor":27,"key":"Sundial"}],"event_choices":[{"damage_healed":0,"gold_gain":75,"player_choice":"Gather Gold","damage_taken":11,"max_hp_gain":0,"max_hp_loss":0,"event_name":"World of Goop","floor":7,"gold_loss":0},{"damage_healed":0,"gold_gain":0,"player_choice":"Lose Max HP","damage_taken":0,"relics_obtained":["Golden Idol"],"max_hp_gain":0,"max_hp_loss":6,"event_name":"Golden Idol","floor":13,"gold_loss":0},{"cards_removed":["Strike_R"],"damage_healed":0,"gold_gain":0,"player_choice":"Gave Gold","damage_taken":0,"max_hp_gain":0,"max_hp_loss":0,"event_name":"Beggar","floor":22,"gold_loss":75},{"damage_healed":0,"gold_gain":0,"player_choice":"Obtained Relic","damage_taken":0,"relics_obtained":["Art of War"],"max_hp_gain":0,"max_hp_loss":0,"event_name":"Addict","floor":29,"gold_loss":85},{"damage_healed":0,"gold_gain":0,"player_choice":"Became a Ghost","damage_taken":0,"max_hp_gain":0,"max_hp_loss":51,"event_name":"Ghosts","floor":30,"gold_loss":0,"cards_obtained":["Ghostly","Ghostly","Ghostly","Ghostly","Ghostly"]}],"is_beta":false,"boss_relics":[{"not_picked":["Black Blood","Snecko Eye"],"picked":"Black Star"}],"items_purged_floors":[20],"is_endless":false,"potions_floor_spawned":[4,5,11,14,19,21,25,31],"killed_by":"Collector","ascension_level":10}}