{"host":"ewfe3cr33ktd9xzj","time":1609747057,"event":{"mods":["AchievementEnabler","BaseMod","Colored Map","Custom Start","DeckTracker","Minty Spire (QoL Compilation)","Rare Cards Sparkle","StSLib","everything is the same but u backflip on backflip"],"gold_per_floor":[112,112,37,37,37,37,69,69,69,98,118,118,153,163,163,240,240,253,267,267,267,285,285,315,315,315,51,51,66,66,77,77,148,148,165,190,65,0,0,0,0,34,58,58,90,108,108,127,127,127,127,127,47,47,47],"floor_reached":54,"playtime":945,"items_purged":["Strike_P","Strike_P","Decay"],"score":1604,"play_id":"524510e6-2380-40f7-b805-9ecb95475c13","local_time":"20210104165737","is_ascension_mode":true,"campfire_choices":[{"data":"Eruption","floor":6.0,"key":"SMITH"},{"data":"WheelKick","floor":8.0,"key":"SMITH"},{"data":"Ragnarok","floor":12.0,"key":"SMITH"},{"floor":15.0,"key":"REST"},{"data":"Blasphemy","floor":23.0,"key":"SMITH"},{"data":"RitualDagger","floor":30.0,"key":"SMITH"},{"floor":32.0,"key":"REST"},{"floor":40.0,"key":"RECALL"},{"data":"Vigilance","floor":44.0,"key":"SMITH"},{"floor":49.0,"key":"REST"},{"floor":52.0,"key":"REST"}],"circlet_count":0,"master_deck":["AscendersBane","Strike_P","Defend_P","Defend_P","Defend_P","Defend_P","Eruption+1","Vigilance+1","WheelKick+1","Blasphemy+1","RitualDagger+1","Ragnarok+1","Fasting2"],"relics":["PureWater","NeowsBlessing","Pen Nib","Anchor","MealTicket","Sundial","Meat on the Bone","Philosopher\u0027s Stone","CaptainsWheel","Sling","VioletLotus","TungstenRod","Red Mask","Singing Bowl","Molten Egg 2","Potion Belt","Strawberry"],"acts_visited":["Exordium","TheCity","TheBeyond","TheEnding"],"potions_floor_usage":[],"damage_taken":[{"damage":0.0,"enemies":"Jaw Worm","floor":1.0,"turns":1.0},{"damage":0.0,"enemies":"Lagavulin","floor":7.0,"turns":1.0},{"damage":0.0,"enemies":"Gremlin Nob","floor":10.0,"turns":1.0},{"damage":0.0,"enemies":"Cultist","floor":11.0,"turns":1.0},{"damage":15.0,"enemies":"3 Sentries","floor":13.0,"turns":3.0},{"damage":0.0,"enemies":"Small Slimes","floor":14.0,"turns":1.0},{"damage":40.0,"enemies":"Hexaghost","floor":16.0,"turns":4.0},{"damage":2.0,"enemies":"Shell Parasite","floor":18.0,"turns":2.0},{"damage":0.0,"enemies":"2 Thieves","floor":19.0,"turns":1.0},{"damage":11.0,"enemies":"3 Cultists","floor":22.0,"turns":3.0},{"damage":4.0,"enemies":"Slavers","floor":24.0,"turns":2.0},{"damage":0.0,"enemies":"Snecko","floor":29.0,"turns":2.0},{"damage":12.0,"enemies":"Chosen and Byrds","floor":31.0,"turns":4.0},{"damage":34.0,"enemies":"Collector","floor":33.0,"turns":5.0},{"damage":6.0,"enemies":"Orb Walker","floor":35.0,"turns":2.0},{"damage":0.0,"enemies":"Mind Bloom Boss Battle","floor":36.0,"turns":2.0},{"damage":4.0,"enemies":"Reptomancer","floor":42.0,"turns":2.0},{"damage":0.0,"enemies":"Nemesis","floor":45.0,"turns":1.0},{"damage":0.0,"enemies":"3 Darklings","floor":46.0,"turns":1.0},{"damage":15.0,"enemies":"Sphere and 2 Shapes","floor":48.0,"turns":1.0},{"damage":77.0,"enemies":"Donu and Deca","floor":50.0,"turns":9.0},{"damage":82,"enemies":"Shield and Spear","floor":54,"turns":5}],"seed_played":"2712190596897603160","potions_obtained":[{"floor":1.0,"key":"Ancient Potion"},{"floor":10.0,"key":"SteroidPotion"},{"floor":16.0,"key":"Ancient Potion"},{"floor":18.0,"key":"SteroidPotion"},{"floor":24.0,"key":"Weak Potion"},{"floor":36.0,"key":"PowerPotion"},{"floor":46.0,"key":"ColorlessPotion"}],"is_trial":false,"path_per_floor":["M","?","$","?","$","R","E","R","T","E","M","R","E","M","R","B",null,"M","M","?","?","M","R","E","?","T","$","?","M","R","M","R","B",null,"M","?","$","?","?","R","T","E","T","R","E","M","$","M","R","B",null,"R","$","E"],"character_chosen":"WATCHER","items_purchased":["Sling","Fasting2"],"campfire_rested":4,"item_purchase_floors":[27,53],"current_hp_per_floor":[61,61,61,43,43,43,43,43,43,43,43,43,28,40,60,32,59,57,57,57,57,46,46,42,36,36,51,51,51,51,39,59,37,60,54,54,68,68,65,65,65,63,63,63,72,74,78,65,80,15,64,80,80,0,0],"gold":47,"neow_bonus":"THREE_ENEMY_KILL","is_daily":false,"chose_seed":false,"campfire_upgraded":6,"win_rate":0.0,"timestamp":1609747057,"path_taken":["M","?","?","?","$","R","E","R","T","E","M","R","E","M","R","BOSS","M","M","?","?","?","R","E","?","T","$","?","?","R","M","R","BOSS","M","?","$","?","?","R","?","E","T","R","E","M","$","?","R","BOSS","R","$","E"],"items_purchased_type":["Relic","Card"],"build_version":"2020-12-22","purchased_purges":3,"victory":false,"max_hp_per_floor":[68,68,68,68,68,68,68,68,68,68,68,68,68,68,68,68,68,68,68,68,68,68,68,68,68,68,68,68,68,68,68,68,68,68,68,68,68,68,65,65,65,67,67,67,76,78,78,80,80,80,80,80,80,80,80],"card_choices":[{"not_picked":["Crescendo","Indignation"],"picked":"WheelKick","floor":1.0},{"not_picked":["DeceiveReality","JustLucky","Prostrate"],"picked":"SKIP","floor":7.0},{"not_picked":["FollowUp","Tantrum"],"picked":"Ragnarok","floor":10.0},{"not_picked":["FlyingSleeves","Weave","WheelKick"],"picked":"SKIP","floor":11.0},{"not_picked":["Perseverance","ThirdEye","Conclude"],"picked":"SKIP","floor":13.0},{"not_picked":["EmptyMind","Protect","FollowUp"],"picked":"SKIP","floor":14.0},{"not_picked":["Judgement","DeusExMachina"],"picked":"Blasphemy","floor":16.0},{"not_picked":["ClearTheMind","Prostrate","FlyingSleeves+1"],"picked":"SKIP","floor":18.0},{"not_picked":["JustLucky","FlurryOfBlows","PathToVictory"],"picked":"SKIP","floor":19.0},{"not_picked":["CutThroughFate","BattleHymn","TalkToTheHand"],"picked":"SKIP","floor":22.0},{"not_picked":["ForeignInfluence","Consecrate","SignatureMove"],"picked":"SKIP","floor":24.0},{"not_picked":["FlurryOfBlows","Evaluate","Nirvana"],"picked":"SKIP","floor":29.0},{"not_picked":["ClearTheMind","PathToVictory","Wish"],"picked":"SKIP","floor":31.0},{"not_picked":["Brilliance","Wish"],"picked":"Ragnarok","floor":33.0},{"not_picked":["ThirdEye+1","Consecrate","EmptyMind"],"picked":"SKIP","floor":35.0},{"not_picked":["ClearTheMind+1","Weave+1","BowlingBash+1"],"picked":"Singing Bowl","floor":42.0},{"not_picked":["Worship","EmptyFist+1","Crescendo"],"picked":"Singing Bowl","floor":45.0},{"not_picked":["SashWhip+1","EmptyBody","FollowUp+1"],"picked":"Singing Bowl","floor":46.0},{"not_picked":["FlyingSleeves+1","Protect","LikeWater"],"picked":"Singing Bowl","floor":48.0}],"player_experience":6181,"relics_obtained":[{"floor":7.0,"key":"Anchor"},{"floor":9.0,"key":"MealTicket"},{"floor":10.0,"key":"Sundial"},{"floor":13.0,"key":"Meat on the Bone"},{"floor":24.0,"key":"CaptainsWheel"},{"floor":36.0,"key":"TungstenRod"},{"floor":41.0,"key":"Singing Bowl"},{"floor":42.0,"key":"Molten Egg 2"},{"floor":43.0,"key":"Potion Belt"},{"floor":45.0,"key":"Strawberry"}],"event_choices":[{"cards_removed":["Strike_P"],"damage_healed":0.0,"max_hp_gain":0.0,"max_hp_loss":0.0,"gold_gain":0.0,"event_name":"Purifier","player_choice":"Purged","floor":2.0,"gold_loss":0.0,"damage_taken":0.0},{"damage_healed":0.0,"max_hp_gain":0.0,"max_hp_loss":0.0,"gold_gain":0.0,"event_name":"Scrap Ooze","player_choice":"Success","floor":4.0,"gold_loss":0.0,"damage_taken":18.0,"relics_obtained":["Pen Nib"]},{"damage_healed":0.0,"max_hp_gain":0.0,"max_hp_loss":0.0,"gold_gain":0.0,"event_name":"The Mausoleum","player_choice":"Ignored","floor":20.0,"gold_loss":0.0,"damage_taken":0.0},{"damage_healed":0.0,"max_hp_gain":0.0,"max_hp_loss":0.0,"gold_gain":0.0,"event_name":"Vampires","player_choice":"Ignored","floor":21.0,"gold_loss":0.0,"damage_taken":0.0},{"damage_healed":0.0,"max_hp_gain":0.0,"max_hp_loss":0.0,"gold_gain":0.0,"event_name":"Nest","player_choice":"Joined the Cult","floor":25.0,"gold_loss":0.0,"damage_taken":6.0,"cards_obtained":["RitualDagger"]},{"damage_healed":0.0,"max_hp_gain":0.0,"max_hp_loss":0.0,"gold_gain":0.0,"event_name":"Wheel of Change","player_choice":"Cursed","floor":28.0,"gold_loss":0.0,"damage_taken":0.0,"cards_obtained":["Decay"]},{"damage_healed":0.0,"max_hp_gain":0.0,"max_hp_loss":0.0,"gold_gain":0.0,"event_name":"MindBloom","player_choice":"Fight","floor":36.0,"gold_loss":0.0,"damage_taken":0.0},{"damage_healed":0.0,"max_hp_gain":0.0,"max_hp_loss":0.0,"gold_gain":0.0,"event_name":"Tomb of Lord Red Mask","player_choice":"Paid","floor":38.0,"gold_loss":65.0,"damage_taken":0.0,"relics_obtained":["Red Mask"]},{"damage_healed":0.0,"max_hp_gain":0.0,"max_hp_loss":3.0,"gold_gain":0.0,"event_name":"Winding Halls","player_choice":"Max HP","floor":39.0,"gold_loss":0.0,"damage_taken":0.0}],"is_beta":false,"boss_relics":[{"not_picked":["Fusion Hammer","Cursed Key"],"picked":"Philosopher\u0027s Stone"},{"not_picked":["Empty Cage","Calling Bell"],"picked":"VioletLotus"}],"items_purged_floors":[3,27,37],"is_endless":false,"potions_floor_spawned":[1,10,16,18,19,24,36,46],"killed_by":"Shield and Spear","ascension_level":20}}