{"host":"qswkx8hggytna0kc","time":1609722680,"event":{"mods":["Aspiration","BaseMod","BetterRewards","Colored Map","Colored Powertips","Highlight Path","Hubris","Mimic Mod","Minty Spire (QoL Compilation)","Quick Restart","Replay The Spire","StSLib","SuperFastMode"],"gold_per_floor":[119,119,135,20,40,40,51,51,82,102,88,118,118,137,137,137,137],"floor_reached":16,"playtime":425,"items_purged":["Strike_B"],"score":161,"play_id":"52e9aa98-db23-44a3-af32-bd47971c2aed","local_time":"20210104091120","is_ascension_mode":true,"campfire_choices":[{"data":"Zap","floor":6.0,"key":"SMITH"},{"data":"Dualcast","floor":13.0,"key":"SMITH"},{"data":"Scrape","floor":15.0,"key":"SMITH"}],"circlet_count":0,"master_deck":["Strike_B","Strike_B","Strike_B","Defend_B","Defend_B","Defend_B","Defend_B","Zap+1","Dualcast+1","Leap","Beam Cell","Self Repair","Echo Form","Recycle","Leap","Time Bomb","Crystallizer","Scrape+1","Cold Snap"],"relics":["Cracked Core","NeowsBlessing","hubris:BottledRain","Potion Belt","hubris:SphereOfDissonance"],"acts_visited":["Exordium"],"potions_floor_usage":[16],"damage_taken":[{"damage":0.0,"enemies":"Small Slimes","floor":1.0,"turns":1.0},{"damage":0.0,"enemies":"Cultist","floor":3.0,"turns":1.0},{"damage":0.0,"enemies":"Jaw Worm","floor":5.0,"turns":1.0},{"damage":5.0,"enemies":"Lots of Slimes","floor":7.0,"turns":5.0},{"damage":3.0,"enemies":"3 Louse","floor":9.0,"turns":7.0},{"damage":9.0,"enemies":"3 Louse","floor":10.0,"turns":4.0},{"damage":18.0,"enemies":"Exordium Thugs","floor":11.0,"turns":4.0},{"damage":12.0,"enemies":"Gremlin Nob","floor":12.0,"turns":2.0},{"damage":8.0,"enemies":"Exordium Wildlife","floor":14.0,"turns":4.0},{"damage":36,"enemies":"Slime Boss","floor":16,"turns":7}],"seed_played":"4619483951190049840","potions_obtained":[{"floor":7.0,"key":"Explosive Potion"},{"floor":10.0,"key":"Death Potion"},{"floor":11.0,"key":"Strength Potion"},{"floor":12.0,"key":"FearPotion"}],"is_trial":false,"path_per_floor":["M","?","M","$","M","R","M","?","MIM","M","M","E","R","M","R","B"],"character_chosen":"DEFECT","items_purchased":["Self Repair"],"campfire_rested":0,"item_purchase_floors":[4],"current_hp_per_floor":[75,75,75,75,75,75,75,75,75,73,55,43,43,35,35,0,0],"gold":137,"neow_bonus":"THREE_ENEMY_KILL","is_daily":false,"chose_seed":false,"campfire_upgraded":3,"win_rate":0.0,"timestamp":1609722680,"path_taken":["M","?","M","$","?","R","M","?","MIM","M","M","E","R","M","R","BOSS"],"items_purchased_type":["Card"],"build_version":"2020-12-22","purchased_purges":1,"victory":false,"max_hp_per_floor":[75,75,75,75,75,75,75,75,75,75,75,75,75,75,75,75,75],"card_choices":[{"not_picked":["Barrage","Coolheaded"],"picked":"Leap","floor":1.0},{"not_picked":["Rebound","Compile Driver"],"picked":"Beam Cell","floor":3.0},{"not_picked":["Steam","Steam Power"],"picked":"Echo Form","floor":5.0},{"not_picked":["Rebound","Ball Lightning"],"picked":"Recycle","floor":7.0},{"not_picked":["Barrage","Conserve Battery"],"picked":"Leap","floor":9.0},{"not_picked":["Lockon","Chaos"],"picked":"Time Bomb","floor":10.0},{"not_picked":["Stack","Leap"],"picked":"Crystallizer","floor":11.0},{"not_picked":["Steam","Genetic Algorithm"],"picked":"Scrape","floor":12.0},{"not_picked":["hubris:Ukulele","Leap"],"picked":"Cold Snap","floor":14.0}],"player_experience":217073,"relics_obtained":[{"floor":9.0,"key":"Potion Belt"},{"floor":12.0,"key":"hubris:SphereOfDissonance"}],"event_choices":[{"damage_healed":0.0,"max_hp_gain":0.0,"max_hp_loss":0.0,"gold_gain":0.0,"event_name":"The Woman in Blue","player_choice":"Bought 0 Potions","floor":2.0,"gold_loss":0.0,"damage_taken":0.0},{"damage_healed":0.0,"max_hp_gain":0.0,"max_hp_loss":0.0,"gold_gain":0.0,"event_name":"WeMeetAgain","player_choice":"Gave Potion","floor":8.0,"gold_loss":0.0,"damage_taken":0.0,"relics_obtained":["hubris:BottledRain"]}],"is_beta":false,"boss_relics":[],"items_purged_floors":[4],"is_endless":false,"potions_floor_spawned":[7,10,11,12],"killed_by":"Slime Boss","ascension_level":5}}