{"host":"61xbmbtf5zrn7rzc","time":1609728671,"event":{"mods":["BaseMod","Challenge The Spire","Downfall","Hubris","Minty Spire (QoL Compilation)","READ ME - Guardian Mod","Replay The Spire","StSLib","SuperFastMode","The Disciple","The Jungle","The Marked","The Runesmith"],"gold_per_floor":[99,116,131,150,167,167,194,207,64,81,115,127,127,140,156,252,252,252,262,278,378,398,414,439,439,453,520,520,540,566,401,411,513,513,438,499,649,175,249,174,174,191,225,225,225],"floor_reached":44,"playtime":2537,"items_purged":["theMarked:Strike","theMarked:Strike"],"score":543,"play_id":"ffc790bb-4150-4aa8-bf6f-1ff930f5c6b4","local_time":"20210103215111","is_ascension_mode":false,"campfire_choices":[{"data":"theMarked:SoldierOfQuellstein","floor":1,"key":"SMITH"},{"data":"theMarked:ComboAttacks","floor":6,"key":"SMITH"},{"data":"theMarked:AttractMetal","floor":18,"key":"SMITH"},{"data":"theMarked:ParalyzingBlade","floor":25,"key":"SMITH"},{"floor":28,"key":"REST"},{"data":"theMarked:BindingBlade","floor":35,"key":"SMITH"},{"floor":40,"key":"RECALL"}],"circlet_count":0,"master_deck":["theMarked:Strike","theMarked:Strike","theMarked:Strike","theMarked:Defend","theMarked:Defend","theMarked:Defend","theMarked:Defend","theMarked:SoldierOfQuellstein+1","theMarked:ComboAttacks+1","theMarked:AttractMetal+1","theMarked:Aftermath","theMarked:Panic","theMarked:WardOff","theMarked:SwordAndMagic","theMarked:ElectricStrings","theMarked:StartUp","theMarked:ResourceFulStrike","theMarked:SoldierForm","theMarked:SelfDefenseTraining","theMarked:Indomitable+1","theMarked:Opportunist","theMarked:ParalyzingBlade+1","theMarked:BindingBlade+1","theMarked:ComboAttacks","theMarked:BindingBlade","theMarked:EmpowerWeapon+1","expansioncontent:StudyTheSpire","theMarked:Opportunist"],"relics":["theMarked:ArtifactOfAir","Simple Rune","theMarked:DemonDagger","ReplayTheSpireMod:Ring of Sloth","SlaversCollar","downfall:CloakOfManyFaces","CultistMask","FaceOfCleric","NlothsMask","GremlinMask","SsserpentHead","MealTicket","hubris:HollowSoul","downfall:HeartBlessingGreen","Mummified Hand","Incense Burner","downfall:HeartBlessingBlue","Singing Bowl","Orichalcum"],"acts_visited":["Exordium","TheCity","TheBeyond"],"potions_floor_usage":[11,15,16,16,27,27,30,33,33,36],"damage_taken":[{"damage":10,"enemies":"Jaw Worm","floor":2,"turns":4},{"damage":0,"enemies":"2 Louse","floor":3,"turns":2},{"damage":1,"enemies":"Cultist","floor":4,"turns":3},{"damage":0,"enemies":"Lots of Slimes","floor":5,"turns":6},{"damage":3,"enemies":"Gremlin Gang","floor":8,"turns":4},{"damage":0,"enemies":"downfall:FleeingMerchant","floor":9,"turns":4},{"damage":1,"enemies":"3 Louse","floor":10,"turns":3},{"damage":15,"enemies":"3 Sentries","floor":11,"turns":8},{"damage":10,"enemies":"Exordium Thugs","floor":12,"turns":4},{"damage":19,"enemies":"Blue Slaver","floor":14,"turns":3},{"damage":8,"enemies":"Lots of Slimes","floor":15,"turns":3},{"damage":7,"enemies":"downfall:Ironclad","floor":16,"turns":5},{"damage":5,"enemies":"3 Byrds","floor":19,"turns":6},{"damage":0,"enemies":"Spheric Guardian","floor":20,"turns":2},{"damage":0,"enemies":"downfall:FaceTrader","floor":21,"turns":5},{"damage":11,"enemies":"Snecko","floor":22,"turns":4},{"damage":12,"enemies":"Snake Plant","floor":23,"turns":6},{"damage":24,"enemies":"3 Cultists","floor":26,"turns":5},{"damage":11,"enemies":"Snecko","floor":27,"turns":4},{"damage":14,"enemies":"Cultist and Chosen","floor":29,"turns":4},{"damage":5,"enemies":"Gremlin Leader","floor":30,"turns":5},{"damage":6,"enemies":"downfall:FleeingMerchant","floor":31,"turns":4},{"damage":25,"enemies":"3 Cultists","floor":32,"turns":5},{"damage":10,"enemies":"downfall:Defect","floor":33,"turns":5},{"damage":37,"enemies":"3 Darklings","floor":36,"turns":5},{"damage":15,"enemies":"downfall:FleeingMerchant","floor":38,"turns":4},{"damage":13,"enemies":"Orb Walker","floor":42,"turns":3},{"damage":25,"enemies":"R_Hoarder","floor":43,"turns":5},{"damage":20,"enemies":"3 Darklings","floor":44,"turns":6}],"seed_played":"-5507660984746586792","potions_obtained":[{"floor":4,"key":"Dexterity Potion"},{"floor":5,"key":"hexamod:EctoCoolerPotion"},{"floor":12,"key":"sneckomod:MuddlingPotion"},{"floor":14,"key":"Fire Potion"},{"floor":16,"key":"SpeedPotion"},{"floor":20,"key":"AttackPotion"},{"floor":22,"key":"ColorlessPotion"},{"floor":26,"key":"Adrenaline Potion"},{"floor":32,"key":"LiquidMemories"},{"floor":33,"key":"Energy Potion"},{"floor":43,"key":"DuplicationPotion"}],"is_trial":false,"path_per_floor":["R","M","M","M","M","R","T","M","$","M","E","M","?","M","M","B",null,"R","M","M","?","M","M","T","R","M","M","R","M","E","$","M","B",null,"R","M","?","$","T","R","T","M","E","M"],"character_chosen":"THE_DEFAULT","items_purchased":["theMarked:SwordAndMagic","CultistPotion","Mummified Hand","expansioncontent:StudyTheSpire","Incense Burner","theMarked:Opportunist"],"campfire_rested":1,"item_purchase_floors":[9,31,38,38,38,38],"current_hp_per_floor":[77,67,67,66,66,66,66,63,63,62,47,37,37,18,10,3,77,77,72,72,72,62,51,51,51,28,18,42,29,25,35,11,2,86,86,50,50,51,51,61,61,51,29,0,0],"gold":225,"neow_bonus":"TEN_PERCENT_HP_BONUS","is_daily":false,"chose_seed":false,"campfire_upgraded":5,"win_rate":0.0,"timestamp":1609728671,"path_taken":["R","M","M","M","M","R","T","M","$","M","E","M","?","M","M","BOSS","R","M","M","?","M","M","T","R","M","?","R","M","E","?","M","BOSS","R","?","?","$","?","R","T","M","E","M"],"items_purchased_type":["Card","Potion","Relic","Card","Relic","Card"],"build_version":"2020-12-22","purchased_purges":2,"victory":false,"max_hp_per_floor":[77,77,77,77,77,77,77,77,77,77,77,77,77,77,77,77,77,77,77,77,77,78,79,79,79,80,81,81,82,83,84,85,86,86,86,87,87,88,88,98,98,101,104,104,104],"card_choices":[{"not_picked":["theMarked:WastefulAttack","theMarked:PowerFlow"],"picked":"theMarked:ComboAttacks","floor":2},{"not_picked":["theMarked:EmpowerWeapon","theMarked:WastefulDefense"],"picked":"theMarked:AttractMetal","floor":3},{"not_picked":["theMarked:Parkour","theMarked:CreepingChasm","theMarked:Standoff"],"picked":"SKIP","floor":4},{"not_picked":["theMarked:Generate","theMarked:RepellingDischarge"],"picked":"theMarked:Aftermath","floor":5},{"not_picked":["theMarked:Frustration","theMarked:TwofoldDefense"],"picked":"theMarked:Panic","floor":8},{"not_picked":["theMarked:ElectricStrings","theMarked:ReduceFriction"],"picked":"theMarked:WardOff","floor":9},{"not_picked":["theMarked:Convert","theMarked:Standoff","theMarked:BanishingWave"],"picked":"SKIP","floor":10},{"not_picked":["theMarked:UnarmedFury","theMarked:TwofoldDefense"],"picked":"theMarked:ElectricStrings","floor":11},{"not_picked":["theMarked:ElectricStrings","theMarked:WastefulAttack","theMarked:Electrocute"],"picked":"SKIP","floor":12},{"not_picked":["theMarked:WastefulDefense","theMarked:ChainLightning"],"picked":"theMarked:StartUp","floor":14},{"not_picked":["theMarked:WastefulDefense","theMarked:EmpowerWeapon"],"picked":"theMarked:ResourceFulStrike","floor":15},{"not_picked":["theMarked:TakeOffHeels","theMarked:Snap"],"picked":"theMarked:SoldierForm","floor":16},{"not_picked":["theMarked:StartUp","theMarked:Electrify"],"picked":"theMarked:SelfDefenseTraining","floor":19},{"not_picked":["theMarked:StartUp","theMarked:WastefulDefense+1","theMarked:ShockingTouch"],"picked":"SKIP","floor":20},{"not_picked":["theMarked:Reabsorb","theMarked:Frustration"],"picked":"theMarked:Indomitable+1","floor":21},{"not_picked":["theMarked:SelfDefenseTraining","theMarked:TwofoldDefense"],"picked":"theMarked:Opportunist","floor":22},{"not_picked":["theMarked:AttractMetal","theMarked:RepellingDischarge+1"],"picked":"theMarked:ParalyzingBlade","floor":23},{"not_picked":["theMarked:BanishingStrike","theMarked:HeightenedSenses+1"],"picked":"theMarked:BindingBlade","floor":26},{"not_picked":["theMarked:Improvise","theMarked:ChainLightning","theMarked:HeightenedSenses"],"picked":"SKIP","floor":27},{"not_picked":["theMarked:Convert","theMarked:Overcharge","theMarked:Parkour"],"picked":"SKIP","floor":29},{"not_picked":["theMarked:TwofoldDefense","theMarked:SwordAndMagic","theMarked:ElectricStrings"],"picked":"SKIP","floor":30},{"not_picked":["theMarked:KeepCalmAndFightOn","theMarked:TurnInvisible"],"picked":"theMarked:ComboAttacks","floor":31},{"not_picked":["theMarked:LightningStrikesTwice","theMarked:Generate","theMarked:ParalyzingBlade"],"picked":"SKIP","floor":32},{"not_picked":["theMarked:EternalStudent","theMarked:TakeOffHeels"],"picked":"theMarked:BindingBlade","floor":33},{"not_picked":["theMarked:SwordAndMagic","theMarked:ElectricStrings","theMarked:WastefulDefense+1"],"picked":"SKIP","floor":36},{"not_picked":["theMarked:Overcharge+1","theMarked:BanishingStrike"],"picked":"theMarked:EmpowerWeapon+1","floor":38},{"not_picked":["theMarked:Convert","theMarked:RogueSparks+1","theMarked:WastefulDefense+1"],"picked":"Singing Bowl","floor":42},{"not_picked":["theMarked:BanishingWave+1","theMarked:Overcharge","theMarked:KeepCalmAndFightOn+1"],"picked":"Singing Bowl","floor":43}],"player_experience":131707,"relics_obtained":[{"floor":7,"key":"Simple Rune"},{"floor":11,"key":"theMarked:DemonDagger"},{"floor":13,"key":"ReplayTheSpireMod:Ring of Sloth"},{"floor":21,"key":"downfall:CloakOfManyFaces"},{"floor":30,"key":"MealTicket"},{"floor":41,"key":"Singing Bowl"},{"floor":43,"key":"Orichalcum"}],"event_choices":[],"is_beta":false,"boss_relics":[{"not_picked":["hubris:GrandSneckoEye","hubris:Backtick"],"picked":"SlaversCollar"},{"not_picked":["Honey Jar","hubris:BlackHole"],"picked":"hubris:HollowSoul"}],"items_purged_floors":[9,31],"is_endless":false,"potions_floor_spawned":[4,5,12,14,16,20,22,26,32,33,43],"killed_by":"3 Darklings","ascension_level":0}}