{"host":"dmdprxj8bosbz96f","time":1609773795,"event":{"mods":["AchievementEnabler","BaseMod","Colored Map","DeckTracker","Minty Spire (QoL Compilation)","Quick Restart","SuperFastMode","everything is the same but u backflip on backflip"],"gold_per_floor":[119,132,82,82,99,132,147,147,147,147,160,179,179,179,179,179,179],"floor_reached":16,"playtime":556,"items_purged":[],"score":122,"play_id":"4d57394a-826e-4052-8829-2c055c8007da","local_time":"20210105002315","is_ascension_mode":true,"campfire_choices":[{"floor":8,"key":"REST"},{"data":"Crippling Poison","floor":10,"key":"SMITH"},{"floor":15,"key":"REST"}],"circlet_count":0,"master_deck":["Strike_G","Strike_G","Strike_G","Strike_G","Strike_G","Defend_G","Defend_G","Defend_G","Survivor","Neutralize","Finisher","Prepared","Acrobatics","Crippling Poison+1","Deadly Poison","Backflip","PiercingWail","Parasite"],"relics":["Ring of the Snake","NeowsBlessing","MealTicket","TungstenRod","Mummified Hand"],"acts_visited":["Exordium"],"potions_floor_usage":[6,6,16],"damage_taken":[{"damage":0,"enemies":"Cultist","floor":1,"turns":1},{"damage":0,"enemies":"Small Slimes","floor":2,"turns":1},{"damage":0,"enemies":"2 Louse","floor":5,"turns":1},{"damage":52,"enemies":"Lagavulin","floor":6,"turns":10},{"damage":5,"enemies":"Exordium Wildlife","floor":7,"turns":3},{"damage":12,"enemies":"3 Louse","floor":11,"turns":2},{"damage":4,"enemies":"Looter","floor":12,"turns":4},{"damage":30,"enemies":"Slime Boss","floor":16,"turns":7}],"seed_played":"-6901522652255714824","potions_obtained":[{"floor":1,"key":"Fire Potion"},{"floor":2,"key":"DistilledChaos"},{"floor":12,"key":"Strength Potion"}],"is_trial":false,"path_per_floor":["M","M","?","?","M","E","M","R","T","R","M","M","?","?","R","B"],"character_chosen":"THE_SILENT","items_purchased":[],"campfire_rested":2,"item_purchase_floors":[],"current_hp_per_floor":[70,70,70,63,63,11,6,27,27,27,15,11,5,22,43,13,13],"gold":179,"neow_bonus":"THREE_ENEMY_KILL","is_daily":false,"chose_seed":false,"campfire_upgraded":1,"win_rate":0.0,"timestamp":1609773795,"path_taken":["M","?","?","?","M","E","M","R","T","R","M","M","?","?","R","BOSS"],"items_purchased_type":[],"build_version":"2020-12-22","purchased_purges":0,"victory":false,"max_hp_per_floor":[70,70,70,70,70,70,70,70,70,70,70,70,70,70,70,70,70],"card_choices":[{"not_picked":["Infinite Blades","Dodge and Roll"],"picked":"Finisher","floor":1},{"not_picked":["Slice","Setup"],"picked":"Prepared","floor":2},{"not_picked":["Dagger Throw","Underhanded Strike"],"picked":"Acrobatics","floor":5},{"not_picked":["Poisoned Stab","Predator"],"picked":"Crippling Poison","floor":6},{"not_picked":["Bane","Blur"],"picked":"Deadly Poison","floor":7},{"not_picked":["Storm of Steel","Dash"],"picked":"Backflip","floor":11},{"not_picked":["Cloak And Dagger","Acrobatics"],"picked":"PiercingWail","floor":12}],"player_experience":124246,"relics_obtained":[{"floor":6,"key":"TungstenRod"},{"floor":9,"key":"Mummified Hand"}],"event_choices":[{"cards_removed":["Defend_G"],"damage_healed":0,"gold_gain":0,"player_choice":"Card Removal","damage_taken":0,"max_hp_gain":0,"max_hp_loss":0,"event_name":"The Cleric","floor":3,"gold_loss":50},{"damage_healed":0,"gold_gain":0,"player_choice":"Success","damage_taken":7,"relics_obtained":["MealTicket"],"max_hp_gain":0,"max_hp_loss":0,"event_name":"Scrap Ooze","floor":4,"gold_loss":0},{"cards_removed":["Defend_G"],"damage_healed":0,"gold_gain":0,"player_choice":"Card Removal","damage_taken":7,"max_hp_gain":0,"max_hp_loss":0,"event_name":"Golden Wing","floor":13,"gold_loss":0},{"damage_healed":17,"gold_gain":0,"player_choice":"Healed and dodged fight","damage_taken":0,"max_hp_gain":0,"max_hp_loss":0,"event_name":"Mushrooms","floor":14,"gold_loss":0,"cards_obtained":["Parasite"]}],"is_beta":false,"boss_relics":[],"items_purged_floors":[],"is_endless":false,"potions_floor_spawned":[1,2,12],"killed_by":"Slime Boss","ascension_level":4}}