{"host":"bydnmyvf669xu6ab","time":1609793126,"event":{"mods":["Aspiration","BaseMod","Better Note","BetterRewards","Colored Map","Colored Powertips","Minty Spire (QoL Compilation)","Rare Cards Sparkle","Relic Stats","Shop Mod","StSLib","SuperFastMode","Virulent Crown"],"gold_per_floor":[111,111,129,139,113,140,140,154,203,203,224,249,249,249,249],"floor_reached":14,"playtime":949,"items_purged":[],"score":97,"play_id":"fc4e521e-e99e-444c-ab7b-f19f90cfdae9","local_time":"20210104124526","is_ascension_mode":true,"campfire_choices":[{"data":"Barricade","floor":10,"key":"SMITH"},{"data":"Armaments","floor":13,"key":"SMITH"}],"circlet_count":0,"master_deck":["Strike_R","Strike_R","Strike_R","Strike_R","Strike_R","Defend_R","Defend_R","Defend_R","Defend_R","Bash","Entrench","Inflame","Shrug It Off","Clothesline","Rupture","Body Slam","Pommel Strike","Armaments+1","Flex","Injury","Barricade+1","Headbutt","Armaments"],"relics":["Burning Blood","Pantograph","Toolbox","Lantern","Bottled Tornado","Golden Idol","Strawberry"],"acts_visited":["Exordium"],"potions_floor_usage":[8,11,14],"damage_taken":[{"damage":0,"enemies":"2 Louse","floor":1,"turns":2},{"damage":3,"enemies":"Jaw Worm","floor":3,"turns":4},{"damage":0,"enemies":"Cultist","floor":4,"turns":3},{"damage":31,"enemies":"Lagavulin","floor":6,"turns":5},{"damage":7,"enemies":"Gremlin Gang","floor":8,"turns":4},{"damage":8,"enemies":"Lots of Slimes","floor":11,"turns":4},{"damage":12,"enemies":"Blue Slaver","floor":12,"turns":5},{"damage":40,"enemies":"Gremlin Nob","floor":14,"turns":5}],"seed_played":"2042375380536206118","potions_obtained":[{"floor":1,"key":"ElixirPotion"},{"floor":4,"key":"SneckoOil"},{"floor":8,"key":"Explosive Potion"}],"is_trial":false,"path_per_floor":["M","?","M","M","$","E","?","M","T","R","M","M","R","E"],"character_chosen":"IRONCLAD","items_purchased":["Pantograph","Entrench","Toolbox","Inflame","Lantern","Shrug It Off","Clothesline","Armaments"],"campfire_rested":0,"item_purchase_floors":[0,0,0,0,0,0,0,5],"current_hp_per_floor":[49,54,57,63,63,38,38,37,44,44,42,36,36,0,0],"gold":249,"neow_bonus":"","is_daily":false,"chose_seed":false,"campfire_upgraded":2,"win_rate":0.0,"timestamp":1609793126,"path_taken":["M","?","M","M","?","E","?","?","T","R","?","?","R","E"],"items_purchased_type":["Relic","Card","Relic","Card","Relic","Card","Card","Card"],"build_version":"2020-12-22","purchased_purges":0,"victory":false,"max_hp_per_floor":[80,85,85,85,85,85,85,85,92,92,92,92,92,92,92],"relic_stats":{"counters":[1316,6670],"Golden Idol":12,"Pantograph":99,"obtain_stats":[{"Whetstone":19,"Ginger":24,"Bottled Tornado":13,"Boot":9,"Sling":0,"Old Coin":43,"Blood Vial":4,"MealTicket":19,"Fusion Hammer":17,"Kunai":31,"aspiration:DSix":10,"Runic Cube":34,"MerchantsRug":20,"Pear":7,"Blue Candle":44,"Velvet Choker":17,"Eternal Feather":44,"Pen Nib":9,"aspiration:FrozenJewel":38,"SlaversCollar":17,"Bird Faced Urn":22,"MutagenicStrength":30,"aspiration:SilentSkillbook":17,"Mark of Pain":34,"Unceasing Top":5,"Regal Pillow":0,"Lantern":24,"aspiration:Lifesprig":13,"Singing Bowl":26,"Magic Flower":0,"Bag of Preparation":38,"Cursed Key":17,"Ancient Tea Set":26,"Smiling Mask":9,"Burning Blood":0,"Shovel":38,"Matryoshka":7,"aspiration:AnachronicSnailShell":12,"Toolbox":0,"WingedGreaves":36,"InkBottle":11,"Paper Frog":45,"aspiration:ChemicalBlood":0,"Ring of the Snake":0,"Potion Belt":38,"Self Forming Clay":26,"Golden Idol":3,"The Courier":12,"PreservedInsect":0,"Omamori":0,"Frozen Egg 2":22,"MawBank":8,"Busted Crown":17,"Orrery":0,"Turnip":38,"Art of War":26,"Champion Belt":24,"Bottled Lightning":14,"Ice Cream":49,"Calipers":10,"Tiny House":34,"Gremlin Horn":29,"Vajra":30,"Sozu":17,"HornCleat":10,"DollysMirror":0,"Strawberry":10,"Philosopher\u0027s Stone":17,"Prayer Wheel":24,"aspiration:ArtOfWarUpgrade":32,"Toxic Egg 2":19,"Happy Flower":22,"aspiration:Nostalgia":0,"Oddly Smooth Stone":10,"Charon\u0027s Ashes":37,"aspiration:SeaSaltIceCream":25,"Letter Opener":40,"War Paint":26,"aspiration:HiddenCompartment":9,"Question Card":19,"Du-Vu Doll":27,"Bottled Flame":24,"Shuriken":30,"Bronze Scales":28,"Black Star":17,"Nloth\u0027s Gift":20,"aspiration:HatOfInfinitePower":12,"Meat on the Bone":24,"Pocketwatch":29,"Darkstone Periapt":29,"SacredBark":34,"Enchiridion":19,"Black Blood":17,"Mango":45,"Incense Burner":38,"Juzu Bracelet":40,"PrismaticShard":22,"ClockworkSouvenir":19,"SsserpentHead":31,"Frozen Eye":0,"Nunchaku":0,"Dream Catcher":9,"aspiration:DefectSkillbook":34,"Mummified Hand":31,"Pantograph":26,"Gambling Chip":17,"Tiny Chest":0,"Red Skull":0,"aspiration:FetidBarrel":43,"aspiration:HummingbirdHeart":9,"aspiration:SecretTechniqueScroll":17,"Odd Mushroom":10,"Orichalcum":2,"Calling Bell":17,"Strange Spoon":0,"Anchor":0,"CaptainsWheel":0,"Bag of Marbles":20,"Coffee Dripper":17,"Membership Card":38,"aspiration:RitualDagger":17,"TungstenRod":42,"FossilizedHelix":10},{"Whetstone":964,"Ginger":1051,"Bottled Tornado":1144,"Boot":983,"Sling":1121,"Old Coin":975,"Blood Vial":1032,"MealTicket":1003,"Fusion Hammer":1049,"Kunai":970,"aspiration:DSix":1067,"Runic Cube":1182,"MerchantsRug":1148,"Pear":983,"Blue Candle":976,"Velvet Choker":1175,"Eternal Feather":976,"Pen Nib":936,"aspiration:FrozenJewel":1301,"SlaversCollar":985,"Bird Faced Urn":951,"MutagenicStrength":1087,"aspiration:SilentSkillbook":1198,"Mark of Pain":971,"Unceasing Top":945,"Regal Pillow":956,"Lantern":1051,"aspiration:Lifesprig":1094,"Singing Bowl":1017,"Magic Flower":1073,"Bag of Preparation":973,"Cursed Key":941,"Ancient Tea Set":953,"Smiling Mask":1143,"Burning Blood":0,"Shovel":973,"Matryoshka":1235,"aspiration:AnachronicSnailShell":949,"Toolbox":943,"WingedGreaves":1022,"InkBottle":1067,"Paper Frog":976,"aspiration:ChemicalBlood":1257,"Ring of the Snake":1257,"Potion Belt":1022,"Self Forming Clay":966,"Golden Idol":1192,"The Courier":961,"PreservedInsect":1043,"Omamori":979,"Frozen Egg 2":1217,"MawBank":960,"Busted Crown":1081,"Orrery":1007,"Turnip":973,"Art of War":1137,"Champion Belt":952,"Bottled Lightning":1048,"Ice Cream":978,"Calipers":937,"Tiny House":1020,"Gremlin Horn":968,"Vajra":1138,"Sozu":1131,"HornCleat":983,"DollysMirror":979,"Strawberry":983,"Philosopher\u0027s Stone":1013,"Prayer Wheel":1203,"aspiration:ArtOfWarUpgrade":1247,"Toxic Egg 2":942,"Happy Flower":1051,"aspiration:Nostalgia":1257,"Oddly Smooth Stone":1010,"Charon\u0027s Ashes":1056,"aspiration:SeaSaltIceCream":1017,"Letter Opener":1058,"War Paint":1070,"aspiration:HiddenCompartment":1009,"Question Card":1014,"Du-Vu Doll":1270,"Bottled Flame":1100,"Shuriken":1019,"Bronze Scales":1017,"Black Star":963,"Nloth\u0027s Gift":986,"aspiration:HatOfInfinitePower":1011,"Meat on the Bone":966,"Pocketwatch":1119,"Darkstone Periapt":1297,"SacredBark":1157,"Enchiridion":951,"Black Blood":1002,"Mango":1060,"Incense Burner":973,"Juzu Bracelet":974,"PrismaticShard":1116,"ClockworkSouvenir":964,"SsserpentHead":1221,"Frozen Eye":1257,"Nunchaku":979,"Dream Catcher":1033,"aspiration:DefectSkillbook":1274,"Mummified Hand":970,"Pantograph":1051,"Gambling Chip":1096,"Tiny Chest":1167,"Red Skull":1029,"aspiration:FetidBarrel":1303,"aspiration:HummingbirdHeart":960,"aspiration:SecretTechniqueScroll":950,"Odd Mushroom":1127,"Orichalcum":1140,"Calling Bell":1096,"Strange Spoon":956,"Anchor":992,"CaptainsWheel":1231,"Bag of Marbles":1097,"Coffee Dripper":1146,"Membership Card":973,"aspiration:RitualDagger":1068,"TungstenRod":975,"FossilizedHelix":999},{"Whetstone":4842,"Ginger":5310,"Bottled Tornado":5813,"Boot":4940,"Sling":5699,"Old Coin":4895,"Blood Vial":5197,"MealTicket":5053,"Fusion Hammer":5300,"Kunai":4872,"aspiration:DSix":5389,"Runic Cube":5990,"MerchantsRug":5828,"Pear":4940,"Blue Candle":4903,"Velvet Choker":5952,"Eternal Feather":4903,"Pen Nib":4716,"aspiration:FrozenJewel":6594,"SlaversCollar":4957,"Bird Faced Urn":4777,"MutagenicStrength":5515,"aspiration:SilentSkillbook":6077,"Mark of Pain":4879,"Unceasing Top":4749,"Regal Pillow":4807,"Lantern":5310,"aspiration:Lifesprig":5548,"Singing Bowl":5129,"Magic Flower":5436,"Bag of Preparation":4886,"Cursed Key":4734,"Ancient Tea Set":4790,"Smiling Mask":5810,"Burning Blood":0,"Shovel":4886,"Matryoshka":6237,"aspiration:AnachronicSnailShell":4761,"Toolbox":4741,"WingedGreaves":5152,"InkBottle":5389,"Paper Frog":4903,"aspiration:ChemicalBlood":6398,"Ring of the Snake":6398,"Potion Belt":5152,"Self Forming Clay":4851,"Golden Idol":6042,"The Courier":4824,"PreservedInsect":5276,"Omamori":4922,"Frozen Egg 2":6167,"MawBank":4819,"Busted Crown":5473,"Orrery":5076,"Turnip":4886,"Art of War":5783,"Champion Belt":4786,"Bottled Lightning":5292,"Ice Cream":4914,"Calipers":4722,"Tiny House":5142,"Gremlin Horn":4863,"Vajra":5790,"Sozu":5752,"HornCleat":4940,"DollysMirror":4922,"Strawberry":4940,"Philosopher\u0027s Stone":5111,"Prayer Wheel":6104,"aspiration:ArtOfWarUpgrade":6316,"Toxic Egg 2":4738,"Happy Flower":5310,"aspiration:Nostalgia":6398,"Oddly Smooth Stone":5090,"Charon\u0027s Ashes":5339,"aspiration:SeaSaltIceCream":5129,"Letter Opener":5349,"War Paint":5411,"aspiration:HiddenCompartment":5083,"Question Card":5113,"Du-Vu Doll":6446,"Bottled Flame":5588,"Shuriken":5135,"Bronze Scales":5129,"Black Star":4835,"Nloth\u0027s Gift":4962,"aspiration:HatOfInfinitePower":5094,"Meat on the Bone":4851,"Pocketwatch":5689,"Darkstone Periapt":6573,"SacredBark":5867,"Enchiridion":4777,"Black Blood":5048,"Mango":5360,"Incense Burner":4886,"Juzu Bracelet":4891,"PrismaticShard":5672,"ClockworkSouvenir":4842,"SsserpentHead":6180,"Frozen Eye":6398,"Nunchaku":4922,"Dream Catcher":5203,"aspiration:DefectSkillbook":6466,"Mummified Hand":4872,"Pantograph":5310,"Gambling Chip":5565,"Tiny Chest":5921,"Red Skull":5186,"aspiration:FetidBarrel":6606,"aspiration:HummingbirdHeart":4819,"aspiration:SecretTechniqueScroll":4773,"Odd Mushroom":5724,"Orichalcum":5801,"Calling Bell":5565,"Strange Spoon":4807,"Anchor":5001,"CaptainsWheel":6214,"Bag of Marbles":5570,"Coffee Dripper":5822,"Membership Card":4886,"aspiration:RitualDagger":5400,"TungstenRod":4895,"FossilizedHelix":5030}],"Burning Blood":1297},"card_choices":[{"not_picked":["Hemokinesis","Thunderclap"],"picked":"Rupture","floor":1},{"not_picked":["Wild Strike","Pommel Strike"],"picked":"Body Slam","floor":3},{"not_picked":["Perfected Strike","Feel No Pain"],"picked":"Pommel Strike","floor":4},{"not_picked":["Clothesline","Blood for Blood"],"picked":"Flex","floor":6},{"not_picked":["Wild Strike","Anger"],"picked":"Barricade","floor":8},{"not_picked":["Wild Strike","Shrug It Off"],"picked":"Headbutt","floor":11},{"not_picked":["Clothesline","Sword Boomerang"],"picked":"Armaments","floor":12}],"player_experience":2116864,"relics_obtained":[{"floor":6,"key":"Bottled Tornado"},{"floor":9,"key":"Strawberry"}],"event_choices":[{"damage_healed":0,"gold_gain":0,"player_choice":"Donut","damage_taken":0,"max_hp_gain":5,"max_hp_loss":0,"event_name":"Big Fish","floor":2,"gold_loss":0},{"damage_healed":0,"gold_gain":0,"player_choice":"Take Wound","damage_taken":0,"relics_obtained":["Golden Idol"],"max_hp_gain":0,"max_hp_loss":0,"event_name":"Golden Idol","floor":7,"gold_loss":0,"cards_obtained":["Injury"]}],"is_beta":false,"boss_relics":[],"items_purged_floors":[],"is_endless":false,"potions_floor_spawned":[1,4,8],"killed_by":"Gremlin Nob","ascension_level":1}}