{"host":"hzhtv7n0nkrnil9f","time":1609787907,"event":{"mods":["AchievementEnabler","BaseMod","Colored Map","Minty Spire (QoL Compilation)","Permanent Neow","Quick Restart"],"gold_per_floor":[119,119,139,139,139,139,215,54,54,54,54],"floor_reached":10,"playtime":703,"items_purged":["Strike_G"],"score":59,"play_id":"7554faf3-0adf-4f34-becf-4a2af7a3d2a3","local_time":"20210104201827","is_ascension_mode":true,"campfire_choices":[{"data":"Neutralize","floor":6,"key":"SMITH"}],"circlet_count":0,"master_deck":["Strike_G","Strike_G","Strike_G","Defend_G","Defend_G","Defend_G","Defend_G","Defend_G","Survivor","Neutralize+1","Sadistic Nature","Concentrate","Bouncing Flask","Deadly Poison","Concentrate"],"relics":["Ring of the Snake","Golden Idol","StoneCalendar","Lantern"],"acts_visited":["Exordium"],"potions_floor_usage":[7],"damage_taken":[{"damage":4,"enemies":"Small Slimes","floor":1,"turns":4},{"damage":0,"enemies":"2 Louse","floor":3,"turns":2},{"damage":20,"enemies":"3 Sentries","floor":7,"turns":12},{"damage":5,"enemies":"Lagavulin","floor":10,"turns":2}],"seed_played":"7422288527176972402","potions_obtained":[{"floor":1,"key":"Swift Potion"},{"floor":3,"key":"Fire Potion"}],"is_trial":false,"path_per_floor":["M","?","M","?","$","R","?","$","T","E"],"character_chosen":"THE_SILENT","items_purchased":["Deadly Poison","Concentrate"],"campfire_rested":0,"item_purchase_floors":[8,8],"current_hp_per_floor":[45,28,28,21,21,21,1,1,1,0,0],"gold":54,"neow_bonus":"RANDOM_COLORLESS_2","is_daily":false,"chose_seed":false,"campfire_upgraded":1,"win_rate":0.0,"timestamp":1609787907,"path_taken":["M","?","M","?","$","R","?","$","T","E"],"items_purchased_type":["Card","Card"],"build_version":"2020-12-22","purchased_purges":1,"victory":false,"max_hp_per_floor":[70,70,70,70,70,70,70,70,70,70,70],"card_choices":[{"not_picked":["Mayhem","Panache"],"picked":"Sadistic Nature","floor":0},{"not_picked":["Flying Knee","Quick Slash"],"picked":"Concentrate","floor":1},{"not_picked":["Flechettes","PiercingWail"],"picked":"Bouncing Flask","floor":3}],"player_experience":264361,"relics_obtained":[{"floor":7,"key":"StoneCalendar"},{"floor":9,"key":"Lantern"}],"event_choices":[{"damage_healed":0,"gold_gain":0,"player_choice":"Take Damage","damage_taken":17,"relics_obtained":["Golden Idol"],"max_hp_gain":0,"max_hp_loss":0,"event_name":"Golden Idol","floor":2,"gold_loss":0},{"cards_removed":["Strike_G"],"damage_healed":0,"gold_gain":0,"player_choice":"Card Removal","damage_taken":7,"max_hp_gain":0,"max_hp_loss":0,"event_name":"Golden Wing","floor":4,"gold_loss":0},{"damage_healed":0,"gold_gain":0,"player_choice":"Searched \u00272\u0027 times","damage_taken":0,"max_hp_gain":0,"max_hp_loss":0,"event_name":"Dead Adventurer","floor":7,"gold_loss":0}],"is_beta":false,"boss_relics":[],"items_purged_floors":[8],"is_endless":false,"potions_floor_spawned":[1,3],"killed_by":"Lagavulin","ascension_level":2}}