{"host":"922zt4fjsmmy4kg9","time":1609736861,"event":{"mods":["A Magickal Journey","Act Like it!","BaseMod","Better Third Choice","Downfall","Friendly Minions","Hermit","HololiveMod","Hubris","Jorbs\u0027s Wanderer Trilogy","Kiyohime????","Koishi","Marisa????????","Minty Spire (QoL Compilation)","Quick Restart","Reimu??????","Shop Mod","Spicy Shops","StSLib","SuperFastMode","The Animator","The Disciple","The Runesmith"],"gold_per_floor":[111,140,315,344,357,317,342,371,40,40,81,106,18,45,64,64,64],"floor_reached":16,"playtime":759,"items_purged":[],"score":183,"play_id":"c271feca-93e1-45b2-9042-8df8f33f1d62","local_time":"20210104160741","is_ascension_mode":true,"campfire_choices":[{"data":"animator:Guren","floor":1,"key":"SMITH"},{"data":"animator:MamiTomoe","floor":10,"key":"SMITH"}],"circlet_count":0,"master_deck":["AscendersBane","animator:Strike_MadokaMagica","animator:Defend_MadokaMagica","animator:Strike","animator:Strike","animator:Strike","animator:Defend","animator:Defend","animator:Defend","animator:IrohaTamaki","animator:YuiTsuruno","animator:Guren+1","animator:MamiTomoe+1","Doubt","animator:Nanami","animator:Raven","animator:KyokoSakura","animator:KrulTepes","Writhe","animator:NagisaMomoe","animator:NagisaMomoe","animator:KyokoSakura+1","animator:Tatsumaki"],"relics":["animator:LivingPicture","animator:TheMissingPiece","PaintedHorse:ReiMu","Toy Ornithopter","Tea:ReiMu","Juzu Bracelet","Molten Egg 2","hubris:MedicalManual","Art of War","MealTicket","White Beast Statue"],"acts_visited":["Exordium"],"potions_floor_usage":[8,8,13,15,16],"damage_taken":[{"damage":2,"enemies":"2 Louse","floor":2,"turns":3},{"damage":18,"enemies":"Jaw Worm","floor":4,"turns":4},{"damage":2,"enemies":"Cultist","floor":5,"turns":3},{"damage":24,"enemies":"Gremlin Nob","floor":8,"turns":4},{"damage":0,"enemies":"downfall:FleeingMerchant","floor":9,"turns":4},{"damage":6,"enemies":"Lagavulin","floor":11,"turns":6},{"damage":1,"enemies":"downfall:FleeingMerchant","floor":13,"turns":4},{"damage":17,"enemies":"Gremlin Nob","floor":14,"turns":4},{"damage":12,"enemies":"Large Slime","floor":15,"turns":3},{"damage":30,"enemies":"downfall:Defect","floor":16,"turns":4}],"seed_played":"8825652942302927090","potions_obtained":[{"floor":2,"key":"hexamod:EctoCoolerPotion"},{"floor":4,"key":"ColorlessPotion"},{"floor":11,"key":"DistilledChaos"},{"floor":14,"key":"PowerPotion"},{"floor":15,"key":"BlessingOfTheForge"}],"is_trial":false,"path_per_floor":["R","M","?","M","M","?","T","E","$","R","E","T","$","E","M","B"],"character_chosen":"THE_ANIMATOR","items_purchased":["Juzu Bracelet","Molten Egg 2","MealTicket"],"campfire_rested":0,"item_purchase_floors":[9,9,13],"current_hp_per_floor":[59,57,57,39,37,37,37,24,25,43,37,37,41,24,17,0,0],"gold":64,"neow_bonus":"THREE_RARE_CARDS","is_daily":false,"chose_seed":false,"campfire_upgraded":2,"win_rate":0.0,"timestamp":1609736861,"path_taken":["R","M","?","M","M","?","T","E","$","R","E","?","$","E","M","BOSS"],"items_purchased_type":["Relic","Relic","Relic"],"build_version":"2020-12-22","purchased_purges":0,"victory":false,"max_hp_per_floor":[60,60,60,60,60,60,60,61,62,62,62,62,62,62,62,62,62],"card_choices":[{"not_picked":["animator:Biyorigo","animator:Father"],"picked":"animator:Guren","floor":0},{"not_picked":["animator:Yoichi","animator:IrohaTamaki"],"picked":"animator:MamiTomoe","floor":2},{"not_picked":["animator:Hitei","animator:RinTohsaka"],"picked":"animator:Nanami","floor":4},{"not_picked":["animator:ZankiKiguchi","animator:Assassin"],"picked":"animator:Raven","floor":5},{"not_picked":["animator:SuzuneAmano","animator:OrikoMikuni"],"picked":"animator:KyokoSakura","floor":8},{"not_picked":["animator:Nanami","animator:Rider"],"picked":"animator:KrulTepes","floor":9},{"not_picked":["animator:HigakiRinne","animator:Chung"],"picked":"animator:NagisaMomoe","floor":11},{"not_picked":["animator:Emonzaemon+1","animator:CrowleyEusford+1"],"picked":"animator:NagisaMomoe","floor":13},{"not_picked":["animator:OrikoMikuni","animator:IrohaTamaki+1"],"picked":"animator:KyokoSakura+1","floor":14},{"not_picked":["animator:Shigure+1","animator:Assassin+1"],"picked":"animator:Tatsumaki","floor":15}],"player_experience":1313664,"relics_obtained":[{"floor":7,"key":"Toy Ornithopter"},{"floor":8,"key":"Tea:ReiMu"},{"floor":11,"key":"hubris:MedicalManual"},{"floor":12,"key":"Art of War"},{"floor":14,"key":"White Beast Statue"}],"event_choices":[{"damage_healed":0,"gold_gain":0,"player_choice":"Donate","damage_taken":0,"relics_obtained":["PaintedHorse:ReiMu"],"max_hp_gain":0,"max_hp_loss":0,"event_name":"yidonshenshe","floor":6,"gold_loss":40}],"is_beta":false,"boss_relics":[],"items_purged_floors":[],"is_endless":false,"potions_floor_spawned":[2,4,11,14,15],"killed_by":"downfall:Defect","ascension_level":11}}