{"host":"2gugywxuw0nvjb3h","time":1609804347,"event":{"mods":["AchievementEnabler","BaseMod","Better Altar","Better Match","Better Note","Better Sensory Stone","Better Skull","Better Third Choice","BetterRewards","Colored Map","Colored Powertips","Curses Come First","Evolution","GifTheSpireLib","Hermit","Key Reminder","Marisa????????","Minty Spire (QoL Compilation)","Rare Cards Sparkle","Relic Sorter","Replay The Spire","Spicy Shops","StSLib","The Cursed","The Disciple","The Marked","The Senshi","The Servant 0.9.4"],"gold_per_floor":[112,127,202,215,268,268,298,312,312,312,124,124,138,165,165,267,267,285,295,295,295,24,24,35,35,35,68,78,78,108,108,108,207,207,223,239,38,38,56,56,89,109,109,109,109,119,119,131,131,131],"floor_reached":51,"playtime":8819,"items_purged":["Writhe","Regret","Doubt"],"score":745,"play_id":"a57f5cd1-2000-4e76-a82c-29c3e6916329","local_time":"20210104165227","is_ascension_mode":false,"campfire_choices":[{"data":"theMarked:EternalStudent","floor":6,"key":"SMITH"},{"floor":12,"key":"REST"},{"floor":15,"key":"REST"},{"data":"theMarked:ComboAttacks","floor":23,"key":"SMITH"},{"floor":25,"key":"REST"},{"floor":29,"key":"REST"},{"floor":32,"key":"REST"},{"data":"theMarked:MysticalArsenal","floor":40,"key":"SMITH"},{"data":"theMarked:Opportunist","floor":45,"key":"SMITH"},{"data":"Mayhem","floor":47,"key":"SMITH"}],"circlet_count":0,"master_deck":["theMarked:Strike","theMarked:Strike","theMarked:Defend","theMarked:Defend","theMarked:Defend","theMarked:SoldierOfQuellstein","theMarked:Opportunist+1","theMarked:MysticalArsenal+1","theMarked:Static","theMarked:Static","theMarked:EternalStudent+1","theMarked:Frustration","theMarked:Panic","theMarked:ComboAttacks+1","theMarked:ElectricStrings","theMarked:Improvise","theMarked:Defy+1","theMarked:Defy+1","theMarked:MysticalArsenal+1","theMarked:SuspiciousRaven","theMarked:Reabsorb+1","theMarked:ContemptForTheProud","theMarked:ElectricStrings","theMarked:HeightenedSenses","theMarked:WardOff+1","theMarked:RogueSparks","theMarked:WardOff+1","theMarked:SoldierForm","theMarked:ReduceFriction+1","theMarked:Aftermath","Good Instincts","Good Instincts","Sadistic Nature","Mayhem+1","theMarked:BanishingStrike+1","theMarked:HeightenedSenses+1","theMarked:ShockingTouch+1","theMarked:PowerFlow+1","theMarked:ChainLightning+1","theMarked:Defy+1"],"relics":["theMarked:ArtifactOfAir","ReplayTheSpireMod:Ring of Challenge","EVO:Axolotl","Mummified Hand","Bag of Marbles","Ice Cream","Pet Ghost","Ancient Tea Set","InkBottle","Blue Doll","BargainBundle","FossilizedHelix","Bottled Lightning","Lizard Tail","Strange Spoon","Darkstone Periapt","Replay:Rubber Ducky","Replay:Drink Me","Ring of Fangs","DollysMirror","Vajra","Shuriken","Red Mask","Replay:Bottled Eggs","Coffee Dripper","Toy Ornithopter","Calipers","Gremlin Horn","Ornamental Fan"],"acts_visited":["Exordium","TheCity","TheBeyond"],"potions_floor_usage":[16,16,30],"damage_taken":[{"damage":2,"enemies":"Jaw Worm","floor":1,"turns":4},{"damage":0,"enemies":"2 Louse","floor":2,"turns":2},{"damage":0,"enemies":"Small Slimes","floor":4,"turns":3},{"damage":37,"enemies":"Gremlin Nob","floor":7,"turns":4},{"damage":6,"enemies":"3 Louse","floor":8,"turns":3},{"damage":0,"enemies":"Large Slime","floor":13,"turns":2},{"damage":45,"enemies":"The Guardian","floor":16,"turns":7},{"damage":0,"enemies":"Chosen","floor":18,"turns":4},{"damage":33,"enemies":"2 Thieves","floor":19,"turns":4},{"damage":7,"enemies":"Snecko","floor":24,"turns":4},{"damage":6,"enemies":"Gremlin Leader","floor":27,"turns":4},{"damage":11,"enemies":"Centurion and Healer","floor":28,"turns":4},{"damage":0,"enemies":"Masked Bandits","floor":30,"turns":4},{"damage":32,"enemies":"Pondfish","floor":33,"turns":9},{"damage":0,"enemies":"3 Shapes","floor":35,"turns":3},{"damage":0,"enemies":"3 Darklings","floor":36,"turns":4},{"damage":0,"enemies":"Spire Growth","floor":39,"turns":4},{"damage":0,"enemies":"R_Hoarder","floor":41,"turns":5},{"damage":0,"enemies":"Maw","floor":42,"turns":5},{"damage":0,"enemies":"Transient","floor":46,"turns":5},{"damage":0,"enemies":"Sphere and 2 Shapes","floor":48,"turns":2},{"damage":3,"enemies":"Replay:Hell Engine","floor":50,"turns":4}],"seed_played":"8321313099350298997","potions_obtained":[{"floor":2,"key":"GamblersBrew"},{"floor":8,"key":"Explosive Potion"},{"floor":13,"key":"BlessingOfTheForge"},{"floor":24,"key":"FearPotion"},{"floor":28,"key":"Fruit Juice"},{"floor":33,"key":"Strength Potion"},{"floor":41,"key":"ColorlessPotion"}],"is_trial":false,"path_per_floor":["M","M","?","M","T","R","E","M","T","?","$","R","M","T","R","B",null,"M","M","?","?","$","R","M","R","T","E","M","R","?","T","R","B",null,"M","M","$","?","M","R","E","M","T","?","R","M","R","M","R_BF","B",null],"character_chosen":"THE_DEFAULT","items_purchased":["Mummified Hand","Bag of Marbles","theMarked:Opportunist","theMarked:MysticalArsenal","BargainBundle","FossilizedHelix","theMarked:ComboAttacks","theMarked:ElectricStrings","Bottled Lightning","Lizard Tail","Strange Spoon","Darkstone Periapt","theMarked:Improvise","theMarked:Defy","DollysMirror","Toy Ornithopter","Good Instincts","Calipers"],"campfire_rested":5,"item_purchase_floors":[0,0,0,0,11,11,11,11,11,11,11,11,11,11,22,37,37,37],"current_hp_per_floor":[68,68,57,57,57,57,20,14,14,14,14,35,35,35,56,11,53,53,20,20,26,26,26,19,36,36,30,19,36,41,41,60,28,64,64,64,64,64,64,64,64,64,64,64,64,64,64,64,64,61],"gold":131,"neow_bonus":"","is_daily":false,"chose_seed":false,"campfire_upgraded":5,"win_rate":0.0,"timestamp":1609804347,"path_taken":["M","M","?","M","?","R","E","M","T","?","?","R","M","?","R","BOSS","M","M","?","?","$","R","M","R","T","E","M","R","?","?","R","BOSS","M","M","$","?","M","R","E","M","T","?","R","M","R","?","R_BF","BOSS"],"items_purchased_type":["Relic","Relic","Card","Card","Relic","Relic","Card","Card","Relic","Relic","Relic","Relic","Card","Card","Relic","Relic","Card","Relic"],"build_version":"2020-12-22","purchased_purges":3,"victory":true,"max_hp_per_floor":[70,70,70,70,70,70,70,70,70,70,70,70,70,70,70,70,53,53,53,53,59,59,59,59,59,59,59,59,59,64,64,64,64,64,64,64,64,64,64,64,64,64,64,64,64,64,64,64,64,64],"card_choices":[{"not_picked":["theMarked:ElectricStrings","theMarked:WastefulDefense"],"picked":"theMarked:Static","floor":1},{"not_picked":["theMarked:SelfDefenseTraining","theMarked:TwofoldDefense"],"picked":"theMarked:Static","floor":2},{"not_picked":["theMarked:ElectricStrings","theMarked:Convert"],"picked":"theMarked:EternalStudent","floor":4},{"not_picked":["theMarked:LightningStrikesTwice","theMarked:ShockingTouch"],"picked":"theMarked:Frustration","floor":7},{"not_picked":["theMarked:Static","theMarked:TwofoldDefense"],"picked":"theMarked:Panic","floor":8},{"not_picked":["theMarked:ResourceFulStrike","theMarked:PowerFlow"],"picked":"theMarked:MysticalArsenal","floor":13},{"not_picked":["theMarked:MagicAdept","theMarked:MuscleMemory"],"picked":"theMarked:SuspiciousRaven","floor":16},{"not_picked":["theMarked:ElectricStrings","theMarked:ChainLightning"],"picked":"theMarked:Reabsorb+1","floor":18},{"not_picked":["theMarked:SwordAndMagic","theMarked:Improvise+1"],"picked":"theMarked:ContemptForTheProud","floor":19},{"not_picked":["theMarked:Improvise","theMarked:ElectricStrings+1"],"picked":"theMarked:HeightenedSenses","floor":24},{"not_picked":["theMarked:BanishingStrike","theMarked:Aftermath"],"picked":"theMarked:WardOff+1","floor":27},{"not_picked":["theMarked:ChainLightning","theMarked:Frustration"],"picked":"theMarked:RogueSparks","floor":28},{"not_picked":["theMarked:Frustration","theMarked:EnhanceMovement+1"],"picked":"theMarked:WardOff+1","floor":30},{"not_picked":["theMarked:MuscleMemory","theMarked:UnarmedFury"],"picked":"theMarked:SoldierForm","floor":33},{"not_picked":["theMarked:SwordAndMagic","theMarked:Standoff+1"],"picked":"theMarked:ReduceFriction+1","floor":35},{"not_picked":["theMarked:WastefulAttack+1","theMarked:WardOff+1"],"picked":"theMarked:Aftermath","floor":36},{"not_picked":["Replay:BasicMightCard","Panacea"],"picked":"Sadistic Nature","floor":38},{"not_picked":["Replay:Sssssssssstrike","ReplayTheSpireMod:Trickstab"],"picked":"Mayhem","floor":38},{"not_picked":["theMarked:ResourceFulStrike+1","theMarked:SwordAndMagic+1"],"picked":"theMarked:BanishingStrike+1","floor":39},{"not_picked":["theMarked:Parkour","theMarked:Reabsorb+1"],"picked":"theMarked:HeightenedSenses+1","floor":41},{"not_picked":["theMarked:ContemptForTheProud+1","theMarked:RogueSparks"],"picked":"theMarked:ShockingTouch+1","floor":42},{"not_picked":["theMarked:ComboAttacks","theMarked:TwofoldDefense+1"],"picked":"theMarked:PowerFlow+1","floor":46},{"not_picked":["theMarked:HeightenedSenses","theMarked:Improvise"],"picked":"theMarked:ChainLightning+1","floor":48}],"player_experience":233361,"relics_obtained":[{"floor":5,"key":"Pet Ghost"},{"floor":7,"key":"Ancient Tea Set"},{"floor":9,"key":"InkBottle"},{"floor":14,"key":"Replay:Rubber Ducky"},{"floor":21,"key":"Ring of Fangs"},{"floor":21,"key":"ReplayTheSpireMod:Ring of Challenge"},{"floor":26,"key":"Vajra"},{"floor":27,"key":"Shuriken"},{"floor":30,"key":"Red Mask"},{"floor":31,"key":"Replay:Bottled Eggs"},{"floor":41,"key":"Gremlin Horn"},{"floor":43,"key":"Ornamental Fan"}],"event_choices":[{"damage_healed":0,"gold_gain":75,"player_choice":"Gold","damage_taken":11,"max_hp_gain":0,"max_hp_loss":0,"event_name":"betterThird:BetterGoop","floor":3,"gold_loss":0},{"damage_healed":0,"gold_gain":0,"player_choice":"Box","damage_taken":0,"relics_obtained":["Blue Doll"],"max_hp_gain":0,"max_hp_loss":0,"event_name":"Big Fish","floor":10,"gold_loss":0,"cards_obtained":["Regret"]},{"damage_healed":0,"gold_gain":0,"player_choice":"Ignored","damage_taken":0,"max_hp_gain":0,"max_hp_loss":0,"event_name":"betterNote:BetterNote","floor":20,"gold_loss":0,"cards_obtained":["Strike_MRS"]},{"damage_healed":0,"gold_gain":0,"player_choice":"Fought Bandits","damage_taken":0,"max_hp_gain":0,"max_hp_loss":0,"event_name":"Masked Bandits","floor":30,"gold_loss":0},{"damage_healed":0,"gold_gain":3,"player_choice":"1","damage_taken":0,"max_hp_gain":0,"max_hp_loss":0,"event_name":"betterStone:BetterStone","floor":38,"gold_loss":0},{"damage_healed":0,"gold_gain":0,"player_choice":"Upgraded","damage_taken":0,"max_hp_gain":0,"max_hp_loss":0,"event_name":"Upgrade Shrine","floor":44,"gold_loss":0,"cards_upgraded":["theMarked:MysticalArsenal"]}],"is_beta":false,"boss_relics":[{"not_picked":["Empty Cage","Ectoplasm"],"picked":"Replay:Drink Me"},{"not_picked":["Replay:Wanted Poster","Black Star"],"picked":"Coffee Dripper"}],"items_purged_floors":[0,11,22],"is_endless":false,"potions_floor_spawned":[2,8,13,24,28,33,41,46],"ascension_level":0}}