{"host":"d8d3jqle49sogkjv","time":1609792257,"event":{"mods":["BaseMod","Colored Map","Colored Powertips","Minty Spire (QoL Compilation)","StSLib"],"gold_per_floor":[211,211,211,386,386,386,386,425,506,506,531,531,552,592,592,718,718,738,300,316,216,216,216,216,240,240,256,181,181,196,229,229,360,360,374,374,158,178,511,545,545,84,131,181,181,195,195,195],"floor_reached":47,"playtime":2281,"items_purged":["Doubt","Strike_B","Strike_B","Defend_B"],"score":717,"play_id":"b3fc2b1a-4970-41ae-8831-c1ab1185e350","local_time":"20210104213057","is_ascension_mode":true,"campfire_choices":[{"data":"Zap","floor":6,"key":"SMITH"},{"floor":10,"key":"REST"},{"data":"Streamline","floor":12,"key":"SMITH"},{"floor":15,"key":"REST"},{"data":"Dualcast","floor":23,"key":"SMITH"},{"floor":29,"key":"REST"},{"floor":32,"key":"REST"},{"floor":41,"key":"RECALL"}],"circlet_count":0,"master_deck":["Strike_B","Defend_B","Defend_B","Defend_B","Zap+1","Dualcast+1","Streamline+1","Defragment","Self Repair","Machine Learning","Conserve Battery","Streamline+1","Defragment","FTL","Capacitor","Glacier","Echo Form","Defragment","Enlightenment","Steam+1","Capacitor+1","Loop","Conserve Battery","Chaos+1","Scrape","Redo+1"],"relics":["Cracked Core","TungstenRod","DataDisk","Happy Flower","Kunai","Sozu","Thread and Needle","Nloth\u0027s Gift","Sundial","Smiling Mask","Fusion Hammer","Calipers","HornCleat","Incense Burner"],"acts_visited":["Exordium","TheCity","TheBeyond"],"potions_floor_usage":[14,16,16],"damage_taken":[{"damage":0,"enemies":"2 Louse","floor":1,"turns":3},{"damage":29,"enemies":"Lagavulin","floor":8,"turns":6},{"damage":1,"enemies":"Jaw Worm","floor":11,"turns":3},{"damage":4,"enemies":"Small Slimes","floor":13,"turns":2},{"damage":9,"enemies":"Gremlin Nob","floor":14,"turns":3},{"damage":36,"enemies":"Slime Boss","floor":16,"turns":9},{"damage":11,"enemies":"Chosen","floor":18,"turns":4},{"damage":12,"enemies":"Shell Parasite","floor":20,"turns":6},{"damage":17,"enemies":"Snake Plant","floor":25,"turns":4},{"damage":26,"enemies":"Shelled Parasite and Fungi","floor":27,"turns":5},{"damage":5,"enemies":"Cultist and Chosen","floor":30,"turns":5},{"damage":47,"enemies":"Slavers","floor":31,"turns":6},{"damage":26,"enemies":"Champ","floor":33,"turns":14},{"damage":5,"enemies":"3 Shapes","floor":35,"turns":7},{"damage":22,"enemies":"Orb Walker","floor":38,"turns":4},{"damage":2,"enemies":"Giant Head","floor":40,"turns":10},{"damage":2,"enemies":"Mind Bloom Boss Battle","floor":44,"turns":7},{"damage":11,"enemies":"3 Darklings","floor":46,"turns":7},{"damage":73,"enemies":"Reptomancer","floor":47,"turns":3}],"seed_played":"906231906700717546","potions_obtained":[{"floor":8,"key":"EssenceOfDarkness"},{"floor":14,"key":"Explosive Potion"},{"floor":16,"key":"Fruit Juice"}],"is_trial":false,"path_per_floor":["M","?","?","?","?","R","?","E","T","R","M","R","M","E","R","B",null,"M","$","M","$","?","R","?","M","T","M","?","R","M","E","R","B",null,"M","?","$","M","?","E","R","$","T","?","?","M","E"],"character_chosen":"DEFECT","items_purchased":["Thread and Needle","Conserve Battery","Defragment","Enlightenment","Loop","Conserve Battery","Chaos","HornCleat"],"campfire_rested":4,"item_purchase_floors":[19,19,37,37,42,42,42,42],"current_hp_per_floor":[68,68,51,51,51,51,46,17,17,39,38,38,34,25,47,23,66,62,62,57,57,57,57,57,47,47,28,28,52,54,14,38,19,65,67,80,80,65,65,70,70,70,70,75,75,71,0,0],"gold":195,"neow_bonus":"HUNDRED_GOLD","is_daily":false,"chose_seed":false,"campfire_upgraded":3,"win_rate":0.0,"timestamp":1609792257,"path_taken":["M","?","?","?","?","R","?","E","T","R","M","R","M","E","R","BOSS","M","$","M","$","?","R","?","?","T","M","?","R","M","E","R","BOSS","M","?","?","M","?","E","R","$","T","?","?","M","E"],"items_purchased_type":["Relic","Card","Card","Card","Card","Card","Card","Relic"],"build_version":"2020-12-22","purchased_purges":4,"victory":false,"max_hp_per_floor":[75,75,75,75,75,75,75,75,75,75,75,75,75,75,75,80,80,80,80,80,80,80,80,80,80,80,80,80,80,80,80,80,80,80,80,80,80,80,80,80,80,80,80,80,80,80,80,80],"card_choices":[{"not_picked":["Leap","Steam","Coolheaded"],"picked":"SKIP","floor":1},{"not_picked":["Auto Shields","Compile Driver","Hyperbeam"],"picked":"SKIP","floor":8},{"not_picked":["Compile Driver","Leap"],"picked":"Streamline","floor":11},{"not_picked":["Tempest","Stack"],"picked":"Defragment","floor":13},{"not_picked":["Leap","Thunder Strike"],"picked":"Self Repair","floor":14},{"not_picked":["Biased Cognition","Multi-Cast"],"picked":"Machine Learning","floor":16},{"not_picked":["Lockon+1","Turbo+1","Gash"],"picked":"SKIP","floor":18},{"not_picked":["Rip and Tear","Undo"],"picked":"Streamline+1","floor":20},{"not_picked":["Sunder","Beam Cell"],"picked":"FTL","floor":25},{"not_picked":["Melter+1","Gash","Ball Lightning"],"picked":"SKIP","floor":27},{"not_picked":["Gash","Static Discharge+1"],"picked":"Capacitor","floor":30},{"not_picked":["Double Energy","Machine Learning"],"picked":"Glacier","floor":31},{"not_picked":["Thunder Strike","Machine Learning"],"picked":"Echo Form","floor":33},{"not_picked":["Ball Lightning+1","Stack+1","Fission"],"picked":"SKIP","floor":35},{"not_picked":["Streamline","Stack+1"],"picked":"Steam+1","floor":38},{"not_picked":["Chaos+1","Streamline+1"],"picked":"Capacitor+1","floor":40},{"not_picked":["Sweeping Beam","Compile Driver"],"picked":"Scrape","floor":44},{"not_picked":["Static Discharge","Hologram+1"],"picked":"Redo+1","floor":46}],"player_experience":367791,"relics_obtained":[{"floor":8,"key":"Happy Flower"},{"floor":9,"key":"Kunai"},{"floor":14,"key":"Ornamental Fan"},{"floor":26,"key":"Sundial"},{"floor":31,"key":"Smiling Mask"},{"floor":40,"key":"Calipers"},{"floor":44,"key":"Incense Burner"}],"event_choices":[{"damage_healed":0,"gold_gain":0,"player_choice":"Box","damage_taken":0,"relics_obtained":["TungstenRod"],"max_hp_gain":0,"max_hp_loss":0,"event_name":"Big Fish","floor":2,"gold_loss":0,"cards_obtained":["Regret"]},{"damage_healed":0,"gold_gain":0,"player_choice":"Take Damage","damage_taken":18,"relics_obtained":["Golden Idol"],"max_hp_gain":0,"max_hp_loss":0,"event_name":"Golden Idol","floor":3,"gold_loss":0},{"damage_healed":0,"gold_gain":175,"player_choice":"AGREE","damage_taken":0,"max_hp_gain":0,"max_hp_loss":0,"event_name":"Liars Game","floor":4,"gold_loss":0,"cards_obtained":["Doubt"]},{"cards_removed":["Regret"],"damage_healed":0,"gold_gain":0,"player_choice":"Forget","damage_taken":0,"max_hp_gain":0,"max_hp_loss":0,"event_name":"Living Wall","floor":5,"gold_loss":0},{"damage_healed":0,"gold_gain":0,"player_choice":"Success","damage_taken":7,"relics_obtained":["DataDisk"],"max_hp_gain":0,"max_hp_loss":0,"event_name":"Scrap Ooze","floor":7,"gold_loss":0},{"damage_healed":0,"gold_gain":0,"player_choice":"Read","damage_taken":0,"max_hp_gain":0,"max_hp_loss":0,"event_name":"The Library","floor":22,"gold_loss":0,"cards_obtained":["Defragment"]},{"damage_healed":0,"gold_gain":0,"player_choice":"Traded Relic","damage_taken":0,"relics_obtained":["Nloth\u0027s Gift"],"max_hp_gain":0,"max_hp_loss":0,"event_name":"N\u0027loth","floor":24,"relics_lost":["Ornamental Fan"],"gold_loss":0},{"cards_removed":["Strike_B"],"damage_healed":0,"gold_gain":0,"player_choice":"Gave Gold","damage_taken":0,"max_hp_gain":0,"max_hp_loss":0,"event_name":"Beggar","floor":28,"gold_loss":75},{"damage_healed":13,"gold_gain":0,"player_choice":"Full Heal","damage_taken":0,"max_hp_gain":0,"max_hp_loss":0,"event_name":"Wheel of Change","floor":36,"gold_loss":0},{"damage_healed":0,"gold_gain":333,"player_choice":"Gave Idol","damage_taken":0,"max_hp_gain":0,"max_hp_loss":0,"event_name":"The Moai Head","floor":39,"relics_lost":["Golden Idol"],"gold_loss":0},{"damage_healed":0,"gold_gain":0,"player_choice":"Fight","damage_taken":0,"max_hp_gain":0,"max_hp_loss":0,"event_name":"MindBloom","floor":44,"gold_loss":0},{"damage_healed":0,"gold_gain":0,"player_choice":"Forge","damage_taken":0,"max_hp_gain":0,"max_hp_loss":0,"event_name":"Accursed Blacksmith","floor":45,"gold_loss":0,"cards_upgraded":["Chaos"]}],"is_beta":false,"boss_relics":[{"not_picked":["Cursed Key","Coffee Dripper"],"picked":"Sozu"},{"not_picked":["SacredBark","Busted Crown"],"picked":"Fusion Hammer"}],"items_purged_floors":[19,21,37,42],"is_endless":false,"potions_floor_spawned":[8,14,16,18,27,33,35,38],"killed_by":"Reptomancer","ascension_level":9}}