{"host":"56ghxnzsglgdq727","time":1609739166,"event":{"mods":["AchievementEnabler","BaseMod","Downfall","Minty Spire (QoL Compilation)","StSLib"],"gold_per_floor":[99,115,115,21,32,132,132,132,17,43,54,54,74,94,106,106,106],"floor_reached":16,"playtime":851,"items_purged":["sneckomod:Defend","sneckomod:Strike"],"score":97,"play_id":"0bf0ae6d-a8e9-403a-9524-0f1d95da954e","local_time":"20210104004606","is_ascension_mode":true,"campfire_choices":[{"data":"sneckomod:Unknown","floor":1,"key":"SMITH"},{"floor":8,"key":"REST"},{"data":"sneckomod:SnekBite","floor":12,"key":"SMITH"}],"circlet_count":0,"master_deck":["sneckomod:Strike","sneckomod:Strike","sneckomod:Defend","sneckomod:Defend","sneckomod:TailWhip","sneckomod:SnekBite+1","sneckomod:Unknown+1","sneckomod:Unknown","sneckomod:UnknownUncommonSkill","sneckomod:SoulDraw","sneckomod:UnknownBlock","sneckomod:UnknownCommonSkill","sneckomod:UnknownClassTHE_CHAMP_GRAY","sneckomod:PureSnecko","sneckomod:SerpentIdol","sneckomod:Unknown1Cost"],"relics":["sneckomod:SneckoSoul","Boot","Art of War","White Beast Statue","Ornamental Fan","Regal Pillow"],"acts_visited":["Exordium"],"potions_floor_usage":[4,4,4,6,9,9,9,13,14,15,16],"damage_taken":[{"damage":9,"enemies":"Small Slimes","floor":2,"turns":3},{"damage":5,"enemies":"downfall:FleeingMerchant","floor":4,"turns":4},{"damage":6,"enemies":"Cultist","floor":5,"turns":3},{"damage":23,"enemies":"downfall:LadyInBlue","floor":6,"turns":4},{"damage":6,"enemies":"downfall:FleeingMerchant","floor":9,"turns":4},{"damage":4,"enemies":"Jaw Worm","floor":11,"turns":3},{"damage":14,"enemies":"Exordium Thugs","floor":13,"turns":6},{"damage":11,"enemies":"Blue Slaver","floor":14,"turns":4},{"damage":9,"enemies":"Large Slime","floor":15,"turns":4},{"damage":36,"enemies":"downfall:Ironclad","floor":16,"turns":7}],"seed_played":"3420591139841745639","potions_obtained":[{"floor":2,"key":"CultistPotion"},{"floor":3,"key":"sneckomod:DiceRollPotion"},{"floor":3,"key":"Slimebound:ThreeZeroPotion"},{"floor":5,"key":"sneckomod:MuddlingPotion"},{"floor":6,"key":"hexamod:EctoCoolerPotion"},{"floor":6,"key":"FearPotion"},{"floor":6,"key":"champ:CounterPotion"},{"floor":9,"key":"Ancient Potion"},{"floor":11,"key":"hexamod:EctoCoolerPotion"},{"floor":13,"key":"SmokeBomb"},{"floor":14,"key":"Swift Potion"},{"floor":15,"key":"sneckomod:MuddlingPotion"}],"is_trial":false,"path_per_floor":["R","M","?","$","M","?","T","R","$","T","M","R","M","M","M","B"],"character_chosen":"THE_SNECKO","items_purchased":["Art of War"],"campfire_rested":1,"item_purchase_floors":[4],"current_hp_per_floor":[90,82,82,77,71,49,49,76,71,71,72,72,58,47,39,3,3],"gold":106,"neow_bonus":"RANDOM_COMMON_RELIC","is_daily":false,"chose_seed":false,"campfire_upgraded":2,"win_rate":0.0,"timestamp":1609739166,"path_taken":["R","M","?","$","?","?","T","R","?","?","M","R","M","M","M","BOSS"],"items_purchased_type":["Relic"],"build_version":"2020-12-22","purchased_purges":2,"victory":false,"max_hp_per_floor":[90,91,91,91,91,92,92,92,93,93,94,94,94,94,95,95,95],"card_choices":[{"not_picked":["sneckomod:Unknown1Cost","sneckomod:UnknownVulnerable"],"picked":"sneckomod:UnknownUncommonSkill","floor":2},{"not_picked":["sneckomod:SlitherStrike","sneckomod:UnknownBlock"],"picked":"sneckomod:SoulDraw","floor":4},{"not_picked":["sneckomod:IronFang","sneckomod:QuickMove","sneckomod:QuickBite"],"picked":"SKIP","floor":5},{"not_picked":["sneckomod:UnknownCommonSkill","sneckomod:QuickMove"],"picked":"sneckomod:UnknownBlock","floor":6},{"not_picked":["sneckomod:SoulCleanse","sneckomod:UnknownStrike"],"picked":"sneckomod:UnknownCommonSkill","floor":9},{"not_picked":["sneckomod:DiceBoulder","sneckomod:IronFang"],"picked":"sneckomod:UnknownClassTHE_CHAMP_GRAY","floor":11},{"not_picked":["sneckomod:UnknownStrike","sneckomod:Unknown2Cost"],"picked":"sneckomod:PureSnecko","floor":13},{"not_picked":["sneckomod:Nope","sneckomod:SoulRoll"],"picked":"sneckomod:SerpentIdol","floor":14},{"not_picked":["sneckomod:QuickMove","sneckomod:UnknownCommonAttack"],"picked":"sneckomod:Unknown1Cost","floor":15}],"player_experience":120451,"relics_obtained":[{"floor":6,"key":"White Beast Statue"},{"floor":7,"key":"Ornamental Fan"},{"floor":10,"key":"Regal Pillow"}],"event_choices":[{"damage_healed":0,"gold_gain":0,"player_choice":"Got Potions","damage_taken":0,"max_hp_gain":0,"max_hp_loss":0,"event_name":"Lab","floor":3,"gold_loss":0}],"is_beta":false,"boss_relics":[],"items_purged_floors":[4,9],"is_endless":false,"potions_floor_spawned":[2,5,9,11,13,14,15],"killed_by":"downfall:Ironclad","ascension_level":1}}