{"host":"bf9sa99gaumonoeu","time":1609778279,"event":{"mods":["AchievementEnabler","Act Like it!","BaseMod","Better Sensory Stone","Colored Map","Colored Powertips","Downfall","Duelist Mod","Friendly Minions","Gensokyo","GifTheSpireLib","Hallownest","Hermit","Hubris","Jorbs\u0027s Wanderer Trilogy","KinomotoSakuraMod(????)","Koishi","Lobotomy","Marisa????????","Minty Spire (QoL Compilation)","Rare Cards Sparkle","Reimu??????","Remilia??????","Replay The Spire","Shop Mod","StSLib","The Administrix","The Animator","The Blue Laboratory","The Bug Knight","The Construct","The Cursed","The Disciple","The Hierophant","The Mystic","The Necromancer","The Poker Player","The Runesmith","The Senshi","The Servant 0.9.4","Waifu the Spire"],"gold_per_floor":[122,136,152,102,128,128,148,162,214,214,214,225,266,48,48,153,153,167,15,26,40,40,40],"floor_reached":22,"playtime":1562,"items_purged":["animator:Defend","animator:Defend"],"score":257,"play_id":"83fa4b01-fc20-4a7a-b8cd-a765114df4e7","local_time":"20210104143759","is_ascension_mode":true,"campfire_choices":[{"data":"animator:Demiurge","floor":6,"key":"SMITH"},{"data":"animator:Cocytus","floor":10,"key":"SMITH"},{"floor":15,"key":"REST"}],"circlet_count":0,"master_deck":["animator:Strike_Overlord","animator:Defend_Overlord","animator:Strike","animator:Strike","animator:Defend","animator:Cocytus+1","animator:Demiurge+1","animator:Mikaela","animator:KyokoSakura","animator:Entoma+4","animator:EmiyaShirou","animator:Shion","animator:PandorasActor","animator:Sebas","animator:HomuraAkemi","animator:Evileye","animator:ShinjiMatou+1"],"relics":["animator:LivingPicture","animator:TheMissingPiece","animator:ShionDessert","HollowMod:PaleOreRelic","Vajra","Omamori","SacredBark"],"acts_visited":["Exordium","TheCity"],"potions_floor_usage":[7,12,13,21,22],"damage_taken":[{"damage":1,"enemies":"Cultist","floor":1,"turns":4},{"damage":4,"enemies":"Small Slimes","floor":2,"turns":3},{"damage":9,"enemies":"2 Louse","floor":3,"turns":2},{"damage":0,"enemies":"2 Fungi Beasts","floor":5,"turns":2},{"damage":4,"enemies":"Exordium Wildlife","floor":7,"turns":3},{"damage":2,"enemies":"Large Slime","floor":8,"turns":4},{"damage":3,"enemies":"2 Fungi Beasts","floor":12,"turns":3},{"damage":20,"enemies":"Lagavulin","floor":13,"turns":5},{"damage":12,"enemies":"Hexaghost","floor":16,"turns":7},{"damage":0,"enemies":"Chosen","floor":18,"turns":4},{"damage":21,"enemies":"2 Thieves","floor":20,"turns":3},{"damage":28,"enemies":"Cultist and Chosen","floor":21,"turns":7},{"damage":20,"enemies":"Snake Plant","floor":22,"turns":3}],"seed_played":"1963931746613800207","potions_obtained":[{"floor":2,"key":"construct:ShiftPotion"},{"floor":3,"key":"Weak Potion"},{"floor":8,"key":"GamblersBrew"},{"floor":12,"key":"sneckomod:MuddlingPotion"},{"floor":13,"key":"Energy Potion"},{"floor":20,"key":"Flashbang"}],"is_trial":false,"path_per_floor":["M","M","M","?","M","R","M","M","T","R","?","M","E","$","R","B",null,"M","$","M","M","M"],"character_chosen":"THE_ANIMATOR","items_purchased":["Omamori","BlessingOfTheForge"],"campfire_rested":1,"item_purchase_floors":[14,19],"current_hp_per_floor":[58,54,45,45,45,45,41,39,39,39,39,37,19,19,39,27,59,61,61,43,17,0,0],"gold":40,"neow_bonus":"RANDOM_COMMON_RELIC","is_daily":false,"chose_seed":false,"campfire_upgraded":2,"win_rate":0.0,"timestamp":1609778279,"path_taken":["M","M","M","?","M","R","M","M","T","R","?","M","E","$","R","BOSS","M","$","M","?","M"],"items_purchased_type":["Relic","Potion"],"build_version":"2020-12-22","purchased_purges":2,"victory":false,"max_hp_per_floor":[66,66,66,66,66,66,66,66,66,66,66,67,69,69,69,69,69,71,71,74,76,76,76],"card_choices":[{"not_picked":["animator:Benimaru","animator:Archer"],"picked":"animator:Tatsumaki","floor":1},{"not_picked":["animator:Tatsumaki","animator:ShinjiMatou"],"picked":"animator:Mikaela","floor":2},{"not_picked":["animator:GazelDwargon","animator:Mikaela"],"picked":"animator:KyokoSakura","floor":3},{"not_picked":["animator:PandorasActor","animator:Sebas"],"picked":"animator:Entoma","floor":5},{"not_picked":["animator:MumenRider","animator:NagisaMomoe","animator:Sonic"],"picked":"SKIP","floor":7},{"not_picked":["animator:RinTohsaka","animator:GazelDwargon"],"picked":"animator:EmiyaShirou","floor":8},{"not_picked":["animator:Yuuichirou","animator:MetalKnight"],"picked":"animator:PandorasActor","floor":12},{"not_picked":["animator:NarberalGamma","animator:Evileye"],"picked":"animator:Sebas","floor":13},{"not_picked":["animator:Guren","animator:MadokaKaname"],"picked":"animator:HomuraAkemi","floor":16},{"not_picked":["animator:Hakurou+1","animator:Aisha","animator:OrikoMikuni"],"picked":"SKIP","floor":18},{"not_picked":["animator:OrikoMikuni+1","animator:SuzuneAmano"],"picked":"animator:Evileye","floor":20},{"not_picked":["animator:YachiyoNanami","animator:Ain"],"picked":"animator:ShinjiMatou+1","floor":21}],"player_experience":743980,"relics_obtained":[{"floor":9,"key":"HollowMod:PaleOreRelic"},{"floor":13,"key":"Vajra"}],"event_choices":[{"cards_removed":["animator:Strike"],"damage_healed":0,"gold_gain":0,"player_choice":"Card Removal","damage_taken":0,"max_hp_gain":0,"max_hp_loss":0,"event_name":"The Cleric","floor":4,"gold_loss":50},{"damage_healed":0,"gold_gain":0,"cards_transformed":["animator:Tatsumaki"],"player_choice":"Transformed","damage_taken":0,"max_hp_gain":0,"max_hp_loss":0,"event_name":"Transmorgrifier","floor":11,"gold_loss":0,"cards_obtained":["animator:Shion"]}],"is_beta":false,"boss_relics":[{"not_picked":["Replay:Wanted Poster","Kintsugi"],"picked":"SacredBark"}],"items_purged_floors":[14,19],"is_endless":false,"potions_floor_spawned":[2,3,8,12,13,20],"killed_by":"Snake Plant","ascension_level":7}}