{"host":"b995t17pt6d05w8c","time":1609784833,"event":{"mods":["AchievementEnabler","BaseMod","Colored Map","Minty Spire (QoL Compilation)","SuperFastMode"],"gold_per_floor":[366,366,382,395,408,408,115,135,135,150,162,162,162,162,162,266,266,284,184,199,199,199,199,199,199,268,284,284,294,320,334,334,429,429,441,167,217,439,449,449,481,492,517,549,563,161,161,88,88,88],"floor_reached":51,"playtime":1642,"items_purged":["Defend_B","Strike_B","Strike_B","Strike_B+1"],"score":847,"play_id":"ead30be0-8492-479c-a2a0-d528389e596b","local_time":"20210105032713","is_ascension_mode":false,"campfire_choices":[{"data":"Creative AI","floor":6.0,"key":"SMITH"},{"floor":12.0,"key":"REST"},{"floor":15.0,"key":"REST"},{"data":"Defragment","floor":23.0,"key":"SMITH"},{"floor":25.0,"key":"REST"},{"data":"Zap","floor":32.0,"key":"SMITH"},{"data":"Buffer","floor":40,"key":"SMITH"},{"data":"Rainbow","floor":49,"key":"SMITH"}],"circlet_count":0,"master_deck":["Defend_B","Defend_B","Zap+1","Dualcast","Heatsinks","Beam Cell","Creative AI+1","Glacier","Coolheaded","BootSequence","Chaos+1","Cold Snap","Electrodynamics","Skim+1","Storm","Hologram","Defragment+1","Hologram","Buffer+1","Rainbow+1","Fusion","Defragment+1"],"relics":["Cracked Core","ClockworkSouvenir","Dream Catcher","Runic Dome","HornCleat","Red Mask","Snecko Eye","Happy Flower","Mango","PreservedInsect","Centennial Puzzle","Gremlin Horn","OrangePellets"],"acts_visited":["TheCity","TheBeyond"],"potions_floor_usage":[41,45,50,50,50,50,50],"damage_taken":[{"damage":6.0,"enemies":"Jaw Worm","floor":1.0,"turns":3.0},{"damage":4.0,"enemies":"Small Slimes","floor":3.0,"turns":3.0},{"damage":0.0,"enemies":"Cultist","floor":4.0,"turns":3.0},{"damage":14.0,"enemies":"Blue Slaver","floor":5.0,"turns":3.0},{"damage":7.0,"enemies":"3 Louse","floor":8.0,"turns":5.0},{"damage":5.0,"enemies":"Looter","floor":10.0,"turns":3.0},{"damage":2.0,"enemies":"2 Fungi Beasts","floor":11.0,"turns":3.0},{"damage":0.0,"enemies":"Hexaghost","floor":16.0,"turns":9.0},{"damage":0.0,"enemies":"Shell Parasite","floor":18.0,"turns":7.0},{"damage":16.0,"enemies":"Spheric Guardian","floor":20.0,"turns":5.0},{"damage":2.0,"enemies":"Shelled Parasite and Fungi","floor":27.0,"turns":7.0},{"damage":0.0,"enemies":"Centurion and Healer","floor":29.0,"turns":6.0},{"damage":0.0,"enemies":"Masked Bandits","floor":30.0,"turns":2.0},{"damage":0.0,"enemies":"Snecko","floor":31.0,"turns":7.0},{"damage":0.0,"enemies":"Automaton","floor":33.0,"turns":10.0},{"damage":0.0,"enemies":"3 Shapes","floor":35.0,"turns":2.0},{"damage":0.0,"enemies":"Mind Bloom Boss Battle","floor":37.0,"turns":8.0},{"damage":0.0,"enemies":"Orb Walker","floor":39.0,"turns":4.0},{"damage":0,"enemies":"Reptomancer","floor":41,"turns":6},{"damage":0,"enemies":"Spire Growth","floor":42,"turns":6},{"damage":15,"enemies":"Nemesis","floor":44,"turns":7},{"damage":0,"enemies":"Transient","floor":45,"turns":5},{"damage":33,"enemies":"Awakened One","floor":50,"turns":9}],"seed_played":"-1323160524173357844","potions_obtained":[{"floor":1.0,"key":"PowerPotion"},{"floor":3.0,"key":"SkillPotion"},{"floor":11.0,"key":"Energy Potion"},{"floor":16.0,"key":"Block Potion"},{"floor":18.0,"key":"EntropicBrew"},{"floor":29.0,"key":"DuplicationPotion"},{"floor":30.0,"key":"EssenceOfDarkness"},{"floor":33.0,"key":"Fire Potion"}],"is_trial":false,"path_per_floor":["M","?","M","M","M","R","$","M","T","M","M","R","?","?","R","B",null,"M","$","M","?","?","R","?","R","T","M","?","M","?","M","R","B",null,"M","$","?","?","M","R","E","M","T","E","M","$","?","$","R","B",null],"character_chosen":"DEFECT","items_purchased":["Glacier","ClockworkSouvenir","Happy Flower","EntropicBrew","OrangePellets","PotionOfCapacity"],"campfire_rested":3,"item_purchase_floors":[7,7,36,46,46,48],"current_hp_per_floor":[48,48,44,44,30,30,30,23,23,18,16,38,23,23,45,45,75,75,75,59,59,59,59,45,69,69,67,67,67,67,67,67,67,80,80,80,94,94,94,94,94,94,94,79,79,79,79,79,79,46],"gold":88,"neow_bonus":"TWO_FIFTY_GOLD","is_daily":false,"chose_seed":false,"campfire_upgraded":5,"win_rate":0.0,"timestamp":1609784833,"path_taken":["M","?","M","M","M","R","$","M","T","M","M","R","?","?","R","BOSS","M","$","M","?","?","R","?","R","T","M","?","M","?","M","R","BOSS","M","$","?","?","M","R","E","M","T","E","M","?","?","$","R","BOSS"],"items_purchased_type":["Card","Relic","Relic","Potion","Relic","Potion"],"build_version":"2020-12-22","purchased_purges":4,"victory":true,"max_hp_per_floor":[75,75,75,75,75,75,75,75,75,75,75,75,75,75,75,75,75,75,75,75,75,75,75,80,80,80,80,80,80,80,80,80,80,80,80,80,94,94,94,94,94,94,94,94,94,94,89,89,89,89],"card_choices":[{"not_picked":["Aggregate","Stack"],"picked":"Heatsinks","floor":1.0},{"not_picked":["Compile Driver","Stack"],"picked":"Beam Cell","floor":3.0},{"not_picked":["Leap","Streamline","Tempest"],"picked":"SKIP","floor":4.0},{"not_picked":["Hello World","Steam"],"picked":"Creative AI","floor":5.0},{"not_picked":["Steam","Doom and Gloom"],"picked":"Coolheaded","floor":8.0},{"not_picked":["Skim","Conserve Battery"],"picked":"BootSequence","floor":10.0},{"not_picked":["Auto Shields","Coolheaded","Rebound"],"picked":"SKIP","floor":11.0},{"not_picked":["Steam","Rebound"],"picked":"Chaos","floor":12.0},{"not_picked":["Gash","Beam Cell"],"picked":"Cold Snap","floor":15.0},{"not_picked":["Seek","Thunder Strike"],"picked":"Electrodynamics","floor":16.0},{"not_picked":["Go for the Eyes","Storm"],"picked":"Skim+1","floor":18.0},{"not_picked":["Cold Snap+1","Gash","Streamline"],"picked":"SKIP","floor":20.0},{"not_picked":["Sweeping Beam+1","Gash"],"picked":"Hologram","floor":25.0},{"not_picked":["Reinforced Body+1","Beam Cell"],"picked":"Buffer","floor":27.0},{"not_picked":["Compile Driver","Conserve Battery","Hologram"],"picked":"SKIP","floor":29.0},{"not_picked":["Redo+1","Sweeping Beam+1","Conserve Battery"],"picked":"SKIP","floor":31.0},{"not_picked":["Reboot","Fission"],"picked":"Rainbow","floor":33.0},{"not_picked":["Compile Driver","Sweeping Beam"],"picked":"Fusion","floor":35.0},{"not_picked":["Stack+1","Streamline+1","Go for the Eyes"],"picked":"SKIP","floor":39.0},{"not_picked":["Static Discharge+1","Steam","Darkness"],"picked":"SKIP","floor":41},{"not_picked":["Sweeping Beam","Static Discharge+1","Conserve Battery+1"],"picked":"SKIP","floor":42},{"not_picked":["Consume","Blizzard+1","Sweeping Beam+1"],"picked":"SKIP","floor":44},{"not_picked":["Coolheaded+1","Hologram+1"],"picked":"Defragment+1","floor":45}],"player_experience":7535,"relics_obtained":[{"floor":9.0,"key":"Dream Catcher"},{"floor":26.0,"key":"HornCleat"},{"floor":30.0,"key":"Red Mask"},{"floor":37.0,"key":"Mango"},{"floor":41,"key":"PreservedInsect"},{"floor":43,"key":"Centennial Puzzle"},{"floor":44,"key":"Gremlin Horn"}],"event_choices":[{"damage_healed":0.0,"max_hp_gain":0.0,"max_hp_loss":0.0,"gold_gain":0.0,"event_name":"Liars Game","player_choice":"Ignored","floor":2.0,"gold_loss":0.0,"damage_taken":0.0},{"damage_healed":0.0,"max_hp_gain":0.0,"max_hp_loss":0.0,"gold_gain":0.0,"event_name":"Shining Light","player_choice":"Entered Light","floor":13.0,"gold_loss":0.0,"damage_taken":15.0,"cards_upgraded":["Strike_B","Chaos"]},{"damage_healed":0.0,"max_hp_gain":0.0,"max_hp_loss":0.0,"gold_gain":0.0,"event_name":"Match and Keep!","player_choice":"0 cards matched","floor":14.0,"gold_loss":0.0,"damage_taken":0.0,"cards_obtained":[]},{"damage_healed":0.0,"max_hp_gain":0.0,"max_hp_loss":0.0,"gold_gain":0.0,"cards_transformed":["Strike_B","Defend_B"],"event_name":"Drug Dealer","player_choice":"Became Test Subject","floor":21.0,"gold_loss":0.0,"damage_taken":0.0,"cards_obtained":["Storm","Hologram"]},{"damage_healed":0.0,"max_hp_gain":0.0,"max_hp_loss":0.0,"gold_gain":0.0,"event_name":"The Library","player_choice":"Read","floor":22.0,"gold_loss":0.0,"damage_taken":0.0,"cards_obtained":["Defragment"]},{"damage_healed":0.0,"max_hp_gain":5.0,"max_hp_loss":0.0,"gold_gain":0.0,"event_name":"Forgotten Altar","player_choice":"Shed Blood","floor":24.0,"gold_loss":0.0,"damage_taken":19.0},{"damage_healed":0.0,"max_hp_gain":0.0,"max_hp_loss":0.0,"gold_gain":0.0,"event_name":"The Mausoleum","player_choice":"Ignored","floor":28.0,"gold_loss":0.0,"damage_taken":0.0},{"damage_healed":0.0,"max_hp_gain":0.0,"max_hp_loss":0.0,"gold_gain":0.0,"event_name":"Masked Bandits","player_choice":"Fought Bandits","floor":30.0,"gold_loss":0.0,"damage_taken":0.0},{"damage_healed":0.0,"max_hp_gain":0.0,"max_hp_loss":0.0,"gold_gain":0.0,"event_name":"MindBloom","player_choice":"Fight","floor":37.0,"gold_loss":0.0,"damage_taken":0.0},{"damage_healed":0.0,"max_hp_gain":0.0,"max_hp_loss":0.0,"gold_gain":222.0,"event_name":"Tomb of Lord Red Mask","player_choice":"Wore Mask","floor":38.0,"gold_loss":0.0,"damage_taken":0.0},{"damage_healed":0,"gold_gain":0,"player_choice":"Max HP","damage_taken":0,"max_hp_gain":0,"max_hp_loss":5,"event_name":"Winding Halls","floor":47,"gold_loss":0}],"is_beta":false,"boss_relics":[{"not_picked":["Fusion Hammer","Coffee Dripper"],"picked":"Runic Dome"},{"not_picked":["SacredBark","Velvet Choker"],"picked":"Snecko Eye"}],"items_purged_floors":[7,19,36,46],"is_endless":false,"potions_floor_spawned":[1,3,11,16,18,29,30,33,35,39],"ascension_level":0}}