{"host":"yck2t2q3ro7hf56e","time":1609724740,"event":{"mods":["AchievementEnabler","Act Like it!","Arknights The Spire","BaseMod","Custom Start","DNKmod","Friendly Minions","Hubris","Minty Spire (QoL Compilation)","Quick Restart","Rare Cards Sparkle","Replay The Spire","Slay the Relics Exporter","StSLib","The Construct","The Marked","Virulent Crown"],"gold_per_floor":[10012,10012,9580,9580,9580,9580,9605,9615,9662,9689,9719,9719,9756,9780,9780,9888,9888,9901,9360,9386,9386,9413,9413],"floor_reached":22,"playtime":1962,"items_purged":[],"score":294,"play_id":"4d287349-fc8e-45fd-93f9-3aeb7230abd9","local_time":"20210104014540","is_ascension_mode":false,"campfire_choices":[{"floor":6,"key":"RECALL"},{"data":"The Bomb","floor":12,"key":"SMITH"}],"circlet_count":0,"master_deck":["Strike_R","Strike_R","Strike_R","Strike_R","Strike_R","Defend_R","Defend_R","Defend_R+1","Defend_R+1","Bash","Shrug It Off+1","The Bomb+1","Specialist","Mayhem","Regret","hubris:NaturalOne","Evolve+1","Entrench+1","Iron Wave","Demon Form","Body Slam","ReplayTheSpireMod:Stacked","Impervious","Shrug It Off+1","Blood for Blood","Havoc+1","hubris:CleavingFinish+1"],"relics":["Burning Blood","Juzu Bracelet","Nunchaku","ReplayTheSpireMod:ShopPack","War Paint","hubris:Icosahedron","ReplayFunnel","Regal Pillow","Replay:Bandana","hubris:BundleOfHerbs","Honey Jar","Mercury Hourglass","Tiny Chest","Orrery"],"acts_visited":["Exordium","TheCity"],"potions_floor_usage":[13,16],"damage_taken":[{"damage":0,"enemies":"Small Slimes","floor":1,"turns":2},{"damage":3,"enemies":"2 Louse","floor":8,"turns":3},{"damage":27,"enemies":"Lagavulin","floor":10,"turns":5},{"damage":2,"enemies":"Cultist","floor":11,"turns":3},{"damage":37,"enemies":"Gremlin Nob","floor":13,"turns":5},{"damage":2,"enemies":"Large Slime","floor":14,"turns":4},{"damage":25,"enemies":"Fading Forest","floor":16,"turns":11},{"damage":29,"enemies":"Spheric Guardian","floor":18,"turns":5},{"damage":5,"enemies":"3 Byrds","floor":20,"turns":4},{"damage":32,"enemies":"3 Cultists","floor":22,"turns":4}],"seed_played":"-1338623130768366425","potions_obtained":[{"floor":1,"key":"Energy Potion"},{"floor":13,"key":"Energy Potion"},{"floor":14,"key":"Flashbang"},{"floor":20,"key":"SteroidPotion"},{"floor":22,"key":"EssenceOfSteel"}],"is_trial":false,"path_per_floor":["M","?","$","?","?","R","T","M","T","E","M","R","E","M","R","B",null,"M","$","M","?","M"],"character_chosen":"IRONCLAD","items_purchased":["Nunchaku","ReplayTheSpireMod:ShopPack","War Paint","Mercury Hourglass","Tiny Chest","Orrery"],"campfire_rested":0,"item_purchase_floors":[3,3,3,19,19,19],"current_hp_per_floor":[1000,1000,1000,1000,1000,1000,1000,1000,1000,979,983,983,952,956,1000,991,1000,977,977,978,978,952,952],"gold":9413,"neow_bonus":"RANDOM_COMMON_RELIC","is_daily":false,"chose_seed":false,"campfire_upgraded":1,"win_rate":0.0,"timestamp":1609724740,"path_taken":["M","?","$","?","?","R","?","M","T","E","M","R","E","M","R","BOSS","M","$","M","?","M"],"items_purchased_type":["Relic","Relic","Relic","Relic","Relic","Relic"],"build_version":"2020-12-22","purchased_purges":0,"victory":false,"max_hp_per_floor":[1000,1000,1000,1000,1000,1000,1000,1000,1000,1000,1000,1000,1000,1000,1000,1000,1000,1000,1000,1000,1000,1000,1000],"card_choices":[{"not_picked":["Rage","ReplayTheSpireMod:Strike From Hell"],"picked":"Shrug It Off","floor":1},{"not_picked":["Poisoned Strike","ReplayTheSpireMod:Brewmster"],"picked":"The Bomb","floor":3},{"not_picked":["Forethought","Madness"],"picked":"Specialist","floor":3},{"not_picked":["Dark Shackles","Enlightenment"],"picked":"Mayhem","floor":3},{"not_picked":["ReplayTheSpireMod:LeadingStrike","Cleave"],"picked":"Evolve","floor":8},{"not_picked":["Twin Strike","Dual Wield","Massacre"],"picked":"SKIP","floor":10},{"not_picked":["Intimidate","Anger"],"picked":"Entrench","floor":11},{"not_picked":["Disarm","Run Through","Burning Pact"],"picked":"SKIP","floor":13},{"not_picked":["Evolve","Rupture"],"picked":"Iron Wave","floor":14},{"not_picked":["Exhume","Limit Break"],"picked":"Demon Form","floor":16},{"not_picked":["Ghostly Armor+1","Thunderclap+1","Flex"],"picked":"Body Slam","floor":18},{"not_picked":["ReplayTheSpireMod:Corrosion Curse","True Grit","Pommel Strike"],"picked":"ReplayTheSpireMod:Stacked","floor":19},{"not_picked":["Heavy Blade","hubris:ReadiedAction","Sever Soul"],"picked":"Impervious","floor":19},{"not_picked":["Uppercut","Rampage","Replay:Undeath\u0027s Touch"],"picked":"Shrug It Off+1","floor":19},{"not_picked":["ReplayTheSpireMod:Strike From Hell","Run Through","Power Through"],"picked":"Blood for Blood","floor":19},{"not_picked":["Twin Strike","Headbutt","Rampage"],"picked":"Havoc+1","floor":19},{"not_picked":["Bloodletting","Wild Strike","Havoc+1"],"picked":"hubris:CleavingFinish+1","floor":20}],"player_experience":150021,"relics_obtained":[{"floor":9,"key":"Regal Pillow"},{"floor":10,"key":"Replay:Bandana"},{"floor":13,"key":"hubris:BundleOfHerbs"}],"event_choices":[{"damage_healed":0,"gold_gain":0,"player_choice":"Box","damage_taken":0,"relics_obtained":["ReplayFunnel"],"max_hp_gain":0,"max_hp_loss":0,"event_name":"Big Fish","floor":5,"gold_loss":0,"cards_obtained":["Regret"]},{"damage_healed":0,"gold_gain":0,"player_choice":"Upgraded","damage_taken":0,"max_hp_gain":0,"max_hp_loss":0,"event_name":"Upgrade Shrine","floor":21,"gold_loss":0,"cards_upgraded":["Entrench"]}],"is_beta":false,"boss_relics":[{"not_picked":["Coffee Dripper","hubris:VirtuousBlindfold"],"picked":"Honey Jar"}],"items_purged_floors":[],"is_endless":false,"potions_floor_spawned":[1,13,14,20,22],"killed_by":"3 Cultists","ascension_level":0}}