{"host":"j0vzbnzm6n2ctevn","time":1609733708,"event":{"mods":["AchievementEnabler","BaseMod","Dota2Spire","Minty Spire (QoL Compilation)","Quick Restart","Shop Mod","Spicy Shops","StSLib"],"gold_per_floor":[113,13,33,33,33,33,44,69,69,98,45,61,80,112,112,216,216,231,251,277,277,35,35,35],"floor_reached":23,"playtime":983,"items_purged":["Strike_R","Strike_R"],"score":199,"play_id":"7dab09f7-f563-4678-a2b5-c68e524276e5","local_time":"20210104121508","is_ascension_mode":false,"campfire_choices":[{"data":"Thunderclap","floor":6,"key":"SMITH"},{"data":"Armaments","floor":15,"key":"SMITH"}],"circlet_count":0,"master_deck":["Strike_R","Strike_R","Strike_R","Defend_R","Defend_R","Defend_R","Defend_R","Bash+1","Metallicize","Thunderclap+1","Inflame","Armaments+1","Cleave","Barricade","Heavy Blade","Sword Boomerang","Immolate","Pummel+1","True Grit+1","Offering"],"relics":["Black Blood","NeowsBlessing","Dota2Spire:MantaStyle","Strawberry","Nunchaku","Red Mask"],"acts_visited":["Exordium","TheCity"],"potions_floor_usage":[10,14,16,21],"damage_taken":[{"damage":0,"enemies":"2 Louse","floor":1,"turns":1},{"damage":0,"enemies":"Cultist","floor":3,"turns":1},{"damage":0,"enemies":"Jaw Worm","floor":7,"turns":1},{"damage":14,"enemies":"3 Sentries","floor":10,"turns":7},{"damage":18,"enemies":"Blue Slaver","floor":12,"turns":4},{"damage":14,"enemies":"Red Slaver","floor":13,"turns":4},{"damage":31,"enemies":"Gremlin Nob","floor":14,"turns":6},{"damage":26,"enemies":"Hexaghost","floor":16,"turns":9},{"damage":19,"enemies":"Shell Parasite","floor":18,"turns":8},{"damage":22,"enemies":"Spheric Guardian","floor":19,"turns":4},{"damage":62,"enemies":"Masked Bandits","floor":20,"turns":5},{"damage":29,"enemies":"Gremlin Leader","floor":23,"turns":3}],"seed_played":"-8522983519992585830","potions_obtained":[{"floor":1,"key":"Fire Potion"},{"floor":7,"key":"LiquidMemories"},{"floor":10,"key":"EssenceOfSteel"},{"floor":21,"key":"Fruit Juice"},{"floor":21,"key":"LiquidBronze"},{"floor":21,"key":"SteroidPotion"}],"is_trial":false,"path_per_floor":["M","$","M","?","$","R","M","T","T","E","$","M","M","E","R","B",null,"M","M","?","?","$","E"],"character_chosen":"IRONCLAD","items_purchased":["Thunderclap","Cleave","Offering"],"campfire_rested":0,"item_purchase_floors":[2,11,22],"current_hp_per_floor":[80,80,80,80,80,80,80,80,80,79,79,67,59,34,34,14,87,80,70,20,25,25,0,0],"gold":35,"neow_bonus":"THREE_ENEMY_KILL","is_daily":false,"chose_seed":false,"campfire_upgraded":2,"win_rate":0.0,"timestamp":1609733708,"path_taken":["M","$","M","?","?","R","M","?","T","E","?","?","M","E","R","BOSS","M","M","?","?","$","E"],"items_purchased_type":["Card","Card","Card"],"build_version":"2020-12-22","purchased_purges":2,"victory":false,"max_hp_per_floor":[80,80,80,80,80,80,80,80,80,87,87,87,87,87,87,87,87,87,87,87,92,92,92,92],"card_choices":[{"not_picked":["Dropkick","Twin Strike"],"picked":"Metallicize","floor":1},{"not_picked":["Heavy Blade","Body Slam"],"picked":"Inflame","floor":3},{"not_picked":["Thunderclap","Headbutt"],"picked":"Armaments","floor":7},{"not_picked":["Clash","Wild Strike","Battle Trance"],"picked":"SKIP","floor":10},{"not_picked":["Uppercut","Disarm"],"picked":"Barricade","floor":12},{"not_picked":["Iron Wave","Perfected Strike"],"picked":"Heavy Blade","floor":13},{"not_picked":["Clothesline","Rampage"],"picked":"Sword Boomerang","floor":14},{"not_picked":["Corruption","Double Tap"],"picked":"Immolate","floor":16},{"not_picked":["Feel No Pain","Cleave"],"picked":"Pummel+1","floor":18},{"not_picked":["Combust","Clash+1","Wild Strike"],"picked":"SKIP","floor":19},{"not_picked":["Battle Trance","Anger"],"picked":"True Grit+1","floor":20}],"player_experience":113653,"relics_obtained":[{"floor":9,"key":"Dota2Spire:MantaStyle"},{"floor":10,"key":"Strawberry"},{"floor":14,"key":"Nunchaku"},{"floor":20,"key":"Red Mask"}],"event_choices":[{"damage_healed":0,"gold_gain":0,"player_choice":"Upgraded","damage_taken":0,"max_hp_gain":0,"max_hp_loss":0,"event_name":"Upgrade Shrine","floor":4,"gold_loss":0,"cards_upgraded":["Bash"]},{"damage_healed":0,"gold_gain":0,"player_choice":"Fought Bandits","damage_taken":0,"max_hp_gain":0,"max_hp_loss":0,"event_name":"Masked Bandits","floor":20,"gold_loss":0},{"damage_healed":0,"gold_gain":0,"player_choice":"Got Potions","damage_taken":0,"max_hp_gain":0,"max_hp_loss":0,"event_name":"Lab","floor":21,"gold_loss":0}],"is_beta":false,"boss_relics":[{"not_picked":["SacredBark","Busted Crown"],"picked":"Black Blood"}],"items_purged_floors":[2,22],"is_endless":false,"potions_floor_spawned":[1,7,10],"killed_by":"Gremlin Leader","ascension_level":0}}