{"host":"xu70nncme2eq5w87","time":1609728365,"event":{"mods":["AchievementEnabler","BaseMod","Colored Map","Colored Powertips","Minty Spire (QoL Compilation)","Quick Restart","StSLib"],"gold_per_floor":[110,124,124,124,141,141,141,63,86,120,120,146,157,157,157,253,253,263,275,290,290,290],"floor_reached":21,"playtime":375,"items_purged":[],"score":239,"play_id":"2d9b6fa1-a7f7-4624-b048-67fe1cfe4955","local_time":"20210103184605","is_ascension_mode":false,"campfire_choices":[{"data":"Zap","floor":6,"key":"SMITH"},{"floor":11,"key":"REST"},{"floor":15,"key":"REST"}],"circlet_count":0,"master_deck":["Strike_B","Strike_B","Strike_B","Strike_B","Defend_B","Defend_B","Defend_B","Defend_B","Zap+1","Dualcast+1","Defragment","Conserve Battery","Storm","Electrodynamics","Echo Form","Self Repair"],"relics":["Cracked Core","NeowsBlessing","Bag of Preparation","Toxic Egg 2","Regal Pillow","Philosopher\u0027s Stone"],"acts_visited":["Exordium","TheCity"],"potions_floor_usage":[],"damage_taken":[{"damage":0,"enemies":"Cultist","floor":1,"turns":1},{"damage":0,"enemies":"Small Slimes","floor":2,"turns":1},{"damage":0,"enemies":"2 Louse","floor":5,"turns":1},{"damage":26,"enemies":"Gremlin Nob","floor":10,"turns":4},{"damage":41,"enemies":"Lagavulin","floor":12,"turns":7},{"damage":16,"enemies":"Gremlin Gang","floor":13,"turns":2},{"damage":0,"enemies":"Slime Boss","floor":16,"turns":6},{"damage":0,"enemies":"Spheric Guardian","floor":18,"turns":3},{"damage":44,"enemies":"3 Byrds","floor":19,"turns":4},{"damage":10,"enemies":"Centurion and Healer","floor":20,"turns":4},{"damage":58,"enemies":"Shelled Parasite and Fungi","floor":21,"turns":4}],"seed_played":"6554048589446134448","potions_obtained":[{"floor":5,"key":"Block Potion"},{"floor":10,"key":"AttackPotion"},{"floor":13,"key":"CultistPotion"},{"floor":14,"key":"Energy Potion"},{"floor":16,"key":"Regen Potion"}],"is_trial":false,"path_per_floor":["M","M","?","?","M","R","?","$","T","E","R","E","M","?","R","B",null,"M","M","M","M"],"character_chosen":"DEFECT","items_purchased":["Storm"],"campfire_rested":2,"item_purchase_floors":[8],"current_hp_per_floor":[75,75,75,75,75,75,75,75,75,49,71,30,14,14,51,51,75,75,45,49,0,0],"gold":290,"neow_bonus":"THREE_ENEMY_KILL","is_daily":false,"chose_seed":false,"campfire_upgraded":1,"win_rate":0.0,"timestamp":1609728365,"path_taken":["M","M","?","?","?","R","?","$","T","E","R","E","M","?","R","BOSS","M","?","M","M"],"items_purchased_type":["Card"],"build_version":"2020-12-22","purchased_purges":0,"victory":false,"max_hp_per_floor":[75,75,75,75,75,75,75,75,75,75,75,75,75,75,75,75,75,75,75,75,75,75],"card_choices":[{"not_picked":["Stack","Blizzard","Sunder"],"picked":"SKIP","floor":1},{"not_picked":["Steam","Fusion"],"picked":"Defragment","floor":2},{"not_picked":["Stack","Fusion"],"picked":"Conserve Battery","floor":5},{"not_picked":["Cold Snap","Gash","Stack+1"],"picked":"SKIP","floor":10},{"not_picked":["Redo+1","Lockon"],"picked":"Electrodynamics","floor":12},{"not_picked":["Turbo+1","Rip and Tear","Darkness+1"],"picked":"SKIP","floor":13},{"not_picked":["Buffer","Multi-Cast+1"],"picked":"Echo Form","floor":16},{"not_picked":["Gash","Rebound"],"picked":"Self Repair","floor":18},{"not_picked":["Leap+1","Barrage","Compile Driver"],"picked":"SKIP","floor":19},{"not_picked":["Stack+1","Gash","Scrape+1"],"picked":"SKIP","floor":20}],"player_experience":213951,"relics_obtained":[{"floor":9,"key":"Bag of Preparation"},{"floor":10,"key":"Toxic Egg 2"},{"floor":12,"key":"Regal Pillow"}],"event_choices":[{"damage_healed":0,"gold_gain":0,"player_choice":"Ignored","damage_taken":0,"max_hp_gain":0,"max_hp_loss":0,"event_name":"Golden Wing","floor":3,"gold_loss":0},{"damage_healed":0,"gold_gain":0,"player_choice":"Ignored","damage_taken":0,"max_hp_gain":0,"max_hp_loss":0,"event_name":"NoteForYourself","floor":4,"gold_loss":0},{"damage_healed":0,"gold_gain":0,"player_choice":"Grow","damage_taken":0,"max_hp_gain":0,"max_hp_loss":0,"event_name":"Living Wall","floor":7,"gold_loss":0,"cards_upgraded":["Dualcast"]},{"damage_healed":0,"gold_gain":0,"player_choice":"Got Potions","damage_taken":0,"max_hp_gain":0,"max_hp_loss":0,"event_name":"Lab","floor":14,"gold_loss":0}],"is_beta":false,"boss_relics":[{"not_picked":["Snecko Eye","FrozenCore"],"picked":"Philosopher\u0027s Stone"}],"items_purged_floors":[],"is_endless":false,"potions_floor_spawned":[5,10,13,16,19],"killed_by":"Shelled Parasite and Fungi","ascension_level":0}}