{"host":"kg61lsvem4dxoat8","time":1609779298,"event":{"mods":["BaseMod","Colored Powertips","DeckTracker","Minty Spire (QoL Compilation)","Quick Restart","Rare Cards Sparkle","Relic Stats","slay the spire mod where everything is the same but ironclad has a cowboy hat"],"gold_per_floor":[119,119,33,33,53,53,63,11,35,35,35,35,62,77,77,178,178,195,49,49,61,71,106,122,122,122,141,151,76,76,89,89,194,194,204,204,28,45,56,56,73,73,100,0,0,0,0,16,16,16,16,16,16,48,48,48],"floor_reached":55,"playtime":2351,"items_purged":["Defend_P","Strike_P"],"score":737,"play_id":"b69a3c84-ddfd-48d2-949f-028eadcb243b","local_time":"20210105005458","is_ascension_mode":false,"campfire_choices":[{"data":"Eruption","floor":6,"key":"SMITH"},{"data":"TalkToTheHand","floor":12,"key":"SMITH"},{"data":"EmptyFist","floor":15,"key":"SMITH"},{"data":"Adaptation","floor":25,"key":"SMITH"},{"data":"FlurryOfBlows","floor":32,"key":"SMITH"},{"data":"FlurryOfBlows","floor":40,"key":"SMITH"},{"data":"Wallop","floor":42,"key":"SMITH"},{"floor":47,"key":"RECALL"},{"floor":49,"key":"REST"},{"data":"Vigilance","floor":52,"key":"SMITH"}],"circlet_count":0,"master_deck":["Strike_P","Defend_P","Defend_P","Eruption+1","Vigilance+1","TalkToTheHand+1","EmptyFist+1","Tantrum+1","Halt","EmptyFist+1","EmptyBody","ClearTheMind","Sanctity","FlurryOfBlows+1","Fasting2+1","Adaptation+1","ThirdEye+1","FlurryOfBlows+1","MentalFortress","Finesse","CarveReality+1","FlurryOfBlows","Wallop+1","Finesse","Evaluate","EmptyMind+1"],"relics":["PureWater","NeowsBlessing","Boot","Sundial","Philosopher\u0027s Stone","Lantern","InkBottle","SlaversCollar","Damaru"],"acts_visited":["TheCity","TheBeyond","TheEnding"],"potions_floor_usage":[16,23,23,23,27,33,33,39,48,55],"damage_taken":[{"damage":0,"enemies":"Cultist","floor":1,"turns":1},{"damage":0,"enemies":"Small Slimes","floor":5,"turns":1},{"damage":0,"enemies":"Jaw Worm","floor":7,"turns":1},{"damage":14,"enemies":"3 Sentries","floor":13,"turns":5},{"damage":2,"enemies":"Red Slaver","floor":14,"turns":3},{"damage":9,"enemies":"Slime Boss","floor":16,"turns":10},{"damage":2,"enemies":"3 Byrds","floor":18,"turns":4},{"damage":4,"enemies":"Spheric Guardian","floor":21,"turns":3},{"damage":0,"enemies":"Chosen and Byrds","floor":22,"turns":3},{"damage":0,"enemies":"Gremlin Leader","floor":23,"turns":6},{"damage":14,"enemies":"Snake Plant","floor":24,"turns":4},{"damage":0,"enemies":"Centurion and Healer","floor":27,"turns":2},{"damage":0,"enemies":"3 Cultists","floor":28,"turns":4},{"damage":4,"enemies":"Snake Plant","floor":31,"turns":2},{"damage":8,"enemies":"Champ","floor":33,"turns":7},{"damage":0,"enemies":"3 Shapes","floor":35,"turns":3},{"damage":0,"enemies":"Orb Walker","floor":38,"turns":2},{"damage":0,"enemies":"Sphere and 2 Shapes","floor":39,"turns":3},{"damage":0,"enemies":"Transient","floor":41,"turns":5},{"damage":19,"enemies":"4 Shapes","floor":48,"turns":3},{"damage":0,"enemies":"Donu and Deca","floor":50,"turns":7},{"damage":79,"enemies":"Shield and Spear","floor":54,"turns":11},{"damage":68,"enemies":"The Heart","floor":55,"turns":2}],"seed_played":"-460577471096235100","potions_obtained":[{"floor":1,"key":"BottledMiracle"},{"floor":13,"key":"EssenceOfSteel"},{"floor":16,"key":"Regen Potion"},{"floor":22,"key":"LiquidBronze"},{"floor":24,"key":"SteroidPotion"},{"floor":27,"key":"BlessingOfTheForge"},{"floor":28,"key":"Dexterity Potion"},{"floor":33,"key":"Dexterity Potion"},{"floor":38,"key":"Energy Potion"},{"floor":39,"key":"Explosive Potion"}],"is_trial":false,"path_per_floor":["M","?","$","?","M","R","M","$","T","?","$","R","E","M","R","B",null,"M","$","?","M","M","E","M","R","T","M","M","?","?","M","R","B",null,"M","?","$","M","M","R","M","R","T","$","?","$","R","M","R","B",null,"R","$","E","B"],"character_chosen":"WATCHER","items_purchased":["EmptyFist","Tantrum","EmptyBody","Sanctity","MentalFortress","Finesse"],"campfire_rested":1,"item_purchase_floors":[3,3,8,19,37,37],"current_hp_per_floor":[72,65,65,70,70,70,70,70,70,55,55,55,41,39,39,30,77,75,75,75,71,71,77,63,63,63,63,63,63,87,83,83,75,87,87,87,87,87,87,87,87,87,87,87,87,87,87,68,87,87,87,87,87,8,0,0],"gold":48,"neow_bonus":"THREE_ENEMY_KILL","is_daily":false,"chose_seed":false,"campfire_upgraded":8,"win_rate":0.0,"timestamp":1609779298,"path_taken":["M","?","$","?","M","R","?","?","T","?","$","R","E","M","R","BOSS","M","$","?","M","M","E","M","R","T","M","M","?","?","?","R","BOSS","M","?","$","M","M","R","?","R","T","$","?","?","R","M","R","BOSS","R","$","E","BOSS"],"items_purchased_type":["Card","Card","Card","Card","Card","Card"],"build_version":"2020-12-22","purchased_purges":2,"victory":false,"max_hp_per_floor":[72,72,72,77,77,77,77,77,77,77,77,77,77,77,77,77,77,77,77,77,77,77,77,77,77,77,77,77,77,87,87,87,87,87,87,87,87,87,87,87,87,87,87,87,87,87,87,87,87,87,87,87,87,87,87,87],"relic_stats":{"counters":[23,92],"Sundial":[10],"Boot":[192],"obtain_stats":[{"SlaversCollar":34,"Lantern":23,"NeowsBlessing":0,"Sundial":13,"Damaru":54,"Philosopher\u0027s Stone":17,"PureWater":0,"Boot":9,"InkBottle":26},{"SlaversCollar":15,"Lantern":10,"NeowsBlessing":0,"Sundial":4,"Damaru":22,"Philosopher\u0027s Stone":6,"PureWater":0,"Boot":3,"InkBottle":11},{"SlaversCollar":56,"Lantern":37,"NeowsBlessing":0,"Sundial":8,"Damaru":90,"Philosopher\u0027s Stone":21,"PureWater":0,"Boot":3,"InkBottle":41}],"InkBottle":[35]},"card_choices":[{"not_picked":["CrushJoints","FlyingSleeves"],"picked":"TalkToTheHand","floor":1},{"not_picked":["FlyingSleeves","Protect"],"picked":"Halt","floor":5},{"not_picked":["WindmillStrike","CutThroughFate"],"picked":"EmptyFist","floor":7},{"not_picked":["ThirdEye","Prostrate","Pray"],"picked":"SKIP","floor":13},{"not_picked":["JustLucky","EmptyFist","MasterReality"],"picked":"SKIP","floor":14},{"not_picked":["Brilliance","Blasphemy"],"picked":"Establishment","floor":16},{"not_picked":["InnerPeace","FollowUp"],"picked":"ClearTheMind","floor":18},{"not_picked":["CrushJoints","Consecrate"],"picked":"FlurryOfBlows","floor":21},{"not_picked":["ThirdEye","ConjureBlade"],"picked":"Fasting2+1","floor":22},{"not_picked":["EmptyBody","FlyingSleeves+1"],"picked":"Adaptation","floor":23},{"not_picked":["CutThroughFate","WheelKick"],"picked":"ThirdEye+1","floor":24},{"not_picked":["JustLucky","Omniscience","Wireheading"],"picked":"SKIP","floor":27},{"not_picked":["FlyingSleeves","BowlingBash+1"],"picked":"FlurryOfBlows","floor":28},{"not_picked":["ThirdEye","Devotion","LikeWater"],"picked":"SKIP","floor":31},{"not_picked":["Crescendo","FlyingSleeves","BowlingBash+1"],"picked":"SKIP","floor":35},{"not_picked":["Prostrate+1","InnerPeace"],"picked":"CarveReality+1","floor":38},{"not_picked":["EmptyFist","Worship+1"],"picked":"FlurryOfBlows","floor":39},{"not_picked":["Prostrate","Protect+1"],"picked":"Wallop","floor":41},{"not_picked":["Swift Strike","Panache"],"picked":"Finesse","floor":45},{"not_picked":["FlyingSleeves","PathToVictory+1"],"picked":"Evaluate","floor":48},{"not_picked":["JustLucky","Consecrate+1"],"picked":"EmptyMind+1","floor":54}],"player_experience":1294555,"relics_obtained":[{"floor":9,"key":"Boot"},{"floor":13,"key":"Sundial"},{"floor":23,"key":"Lantern"},{"floor":26,"key":"InkBottle"},{"floor":54,"key":"Damaru"}],"event_choices":[{"cards_removed":["Strike_P"],"damage_healed":0,"gold_gain":0,"player_choice":"Card Removal","damage_taken":7,"max_hp_gain":0,"max_hp_loss":0,"event_name":"Golden Wing","floor":2,"gold_loss":0},{"damage_healed":0,"gold_gain":0,"player_choice":"Donut","damage_taken":0,"max_hp_gain":5,"max_hp_loss":0,"event_name":"Big Fish","floor":4,"gold_loss":0},{"damage_healed":0,"gold_gain":0,"player_choice":"Entered Light","damage_taken":15,"max_hp_gain":0,"max_hp_loss":0,"event_name":"Shining Light","floor":10,"gold_loss":0,"cards_upgraded":["EmptyFist","Tantrum"]},{"damage_healed":0,"gold_gain":0,"player_choice":"Ignored","damage_taken":0,"max_hp_gain":0,"max_hp_loss":0,"event_name":"Ghosts","floor":20,"gold_loss":0},{"cards_removed":["Strike_P"],"damage_healed":0,"gold_gain":0,"player_choice":"Gave Gold","damage_taken":0,"max_hp_gain":0,"max_hp_loss":0,"event_name":"Beggar","floor":29,"gold_loss":75},{"cards_removed":["Establishment"],"damage_healed":14,"gold_gain":0,"player_choice":"Offered Rare","damage_taken":0,"max_hp_gain":10,"max_hp_loss":0,"event_name":"Bonfire Elementals","floor":30,"gold_loss":0},{"cards_removed":["Defend_P"],"damage_healed":0,"gold_gain":0,"player_choice":"Purged","damage_taken":0,"max_hp_gain":0,"max_hp_loss":0,"event_name":"Purifier","floor":36,"gold_loss":0},{"damage_healed":0,"gold_gain":0,"player_choice":"Memory 1","damage_taken":0,"max_hp_gain":0,"max_hp_loss":0,"event_name":"SensoryStone","floor":45,"gold_loss":0}],"is_beta":false,"boss_relics":[{"not_picked":["Ectoplasm","Runic Dome"],"picked":"Philosopher\u0027s Stone"},{"not_picked":["Coffee Dripper","Sozu"],"picked":"SlaversCollar"}],"items_purged_floors":[19,44],"is_endless":false,"potions_floor_spawned":[1,13,16,22,24,27,28,33,38,39],"killed_by":"The Heart","ascension_level":0}}