{"host":"qswkx8hggytna0kc","time":1609723464,"event":{"mods":["Aspiration","BaseMod","BetterRewards","Colored Map","Colored Powertips","Highlight Path","Hubris","Mimic Mod","Minty Spire (QoL Compilation)","Quick Restart","Replay The Spire","StSLib","SuperFastMode"],"gold_per_floor":[112,37,37,49,49,49,49,49,82,101,132,132,132,145,145,249,249,229,248,263,178,190,190,190,190],"floor_reached":24,"playtime":753,"items_purged":["Strike_B"],"score":245,"play_id":"fb42d168-bc95-4146-9bb0-3cee0b60fe63","local_time":"20210104092424","is_ascension_mode":true,"campfire_choices":[{"data":"Rainbow","floor":6.0,"key":"SMITH"},{"data":"Zap","floor":13.0,"key":"SMITH"},{"floor":15,"key":"REST"},{"floor":23,"key":"REST"}],"circlet_count":0,"master_deck":["Strike_B","Strike_B+1","Defend_B","Defend_B","Defend_B","Defend_B","Zap+1","Dualcast","Chaos+1","ReplayGash","Leap+1","Rainbow+1","Glacier","Redo","Scrape","Go for the Eyes","Aggregate","Gash","Creative AI","Genetic Algorithm+1","FIFO Queue"],"relics":["Cracked Core","Prayer Wheel","hubris:TenFootPole","Singing Bowl","ReplayTheSpireMod:Ninjato","Nuclear Battery","ReplayTheSpireMod:TigerMarble"],"acts_visited":["Exordium","TheCity"],"potions_floor_usage":[22],"damage_taken":[{"damage":8.0,"enemies":"Jaw Worm","floor":1.0,"turns":6.0},{"damage":3.0,"enemies":"2 Louse","floor":4.0,"turns":3.0},{"damage":0.0,"enemies":"Cultist","floor":9.0,"turns":9.0},{"damage":0.0,"enemies":"Cultist","floor":10.0,"turns":3.0},{"damage":9.0,"enemies":"Gremlin Nob","floor":11.0,"turns":4.0},{"damage":0,"enemies":"2 Fungi Beasts","floor":14,"turns":4},{"damage":13,"enemies":"Hexaghost","floor":16,"turns":10},{"damage":17,"enemies":"2 Thieves","floor":18,"turns":4},{"damage":0,"enemies":"Chosen","floor":19,"turns":4},{"damage":9,"enemies":"Snecko","floor":20,"turns":5},{"damage":24,"enemies":"Snake Plant","floor":22,"turns":7},{"damage":60,"enemies":"Book of Stabbing","floor":24,"turns":7}],"seed_played":"-6333620966841013821","potions_obtained":[{"floor":4.0,"key":"Adrenaline Potion"},{"floor":10.0,"key":"Elixir"},{"floor":18,"key":"Swift Potion"},{"floor":19,"key":"LiquidMemories"}],"is_trial":false,"path_per_floor":["M","$","?","M","?","R","?","?","MIM","M","E","?","R","M","R","B",null,"M","M","M","?","M","R","E"],"character_chosen":"DEFECT","items_purchased":[],"campfire_rested":2,"item_purchase_floors":[],"current_hp_per_floor":[67,67,67,64,49,49,42,42,42,42,33,28,28,28,50,37,66,53,55,48,48,28,54,0,0],"gold":190,"neow_bonus":"ONE_RANDOM_RARE_CARD","is_daily":false,"chose_seed":false,"campfire_upgraded":2,"win_rate":0.0,"timestamp":1609723464,"path_taken":["M","$","?","M","?","R","?","?","MIM","M","E","?","R","?","R","BOSS","M","M","M","?","M","R","E"],"items_purchased_type":[],"build_version":"2020-12-22","purchased_purges":1,"victory":false,"max_hp_per_floor":[75,75,75,75,75,75,75,75,75,75,75,75,75,75,75,75,75,79,81,83,83,87,87,87,87],"card_choices":[{"not_picked":["Stack","Compile Driver"],"picked":"Chaos","floor":1.0},{"not_picked":["Coolheaded","Consume"],"picked":"ReplayGash","floor":1.0},{"not_picked":["Go for the Eyes","Turbo"],"picked":"Leap","floor":4.0},{"not_picked":["BasicCrystalCard","Panic Button"],"picked":"Rainbow","floor":4.0},{"not_picked":["Conserve Battery","Force Field"],"picked":"Redo","floor":9.0},{"not_picked":["Steam","Go for the Eyes"],"picked":"Scrape","floor":10.0},{"not_picked":["Hologram","Ball Lightning","Redo"],"picked":"SKIP","floor":10.0},{"not_picked":["Heatsinks","ReplayTheSpireMod:GoodbyeWorld"],"picked":"Go for the Eyes","floor":11.0},{"not_picked":["Lockon","Reboot"],"picked":"Aggregate","floor":14},{"not_picked":["Barrage","Compile Driver"],"picked":"Gash","floor":14},{"not_picked":["hubris:Prefetch","Biased Cognition"],"picked":"Creative AI","floor":16},{"not_picked":["Barrage+1","Steam+1","Redo"],"picked":"Singing Bowl","floor":18},{"not_picked":["Turbo","Reprogram","Barrage"],"picked":"Singing Bowl","floor":18},{"not_picked":["Auto Shields","Ball Lightning","BasicCrystalCard"],"picked":"Singing Bowl","floor":19},{"not_picked":["Rebound","Steam Power"],"picked":"Genetic Algorithm+1","floor":19},{"not_picked":["Steam","Turbo+1"],"picked":"FIFO Queue","floor":20},{"not_picked":["ReplayTheSpireMod:GoodbyeWorld","ReplayRNGCard","Lockon"],"picked":"Singing Bowl","floor":20},{"not_picked":["Panic Button","Cold Snap","Heatsinks"],"picked":"Singing Bowl","floor":22},{"not_picked":["Hello World","Redo","Stack"],"picked":"Singing Bowl","floor":22}],"player_experience":217073,"relics_obtained":[{"floor":9.0,"key":"hubris:TenFootPole"},{"floor":11.0,"key":"Singing Bowl"}],"event_choices":[{"damage_healed":0.0,"max_hp_gain":0.0,"max_hp_loss":0.0,"gold_gain":0.0,"event_name":"Living Wall","player_choice":"Grow","floor":3.0,"gold_loss":0.0,"damage_taken":0.0,"cards_upgraded":["Chaos"]},{"damage_healed":0.0,"max_hp_gain":0.0,"max_hp_loss":0.0,"gold_gain":0.0,"event_name":"Shining Light","player_choice":"Entered Light","floor":5.0,"gold_loss":0.0,"damage_taken":15.0,"cards_upgraded":["Leap","Strike_B"]},{"cards_removed":["Strike_B"],"damage_healed":0.0,"max_hp_gain":0.0,"max_hp_loss":0.0,"gold_gain":0.0,"event_name":"Golden Wing","player_choice":"Card Removal","floor":7.0,"gold_loss":0.0,"damage_taken":7.0},{"damage_healed":0.0,"max_hp_gain":0.0,"max_hp_loss":0.0,"gold_gain":0.0,"event_name":"Match and Keep!","player_choice":"1 cards matched","floor":8.0,"gold_loss":0.0,"damage_taken":0.0,"cards_obtained":["Glacier"]},{"damage_healed":0.0,"max_hp_gain":0.0,"max_hp_loss":0.0,"gold_gain":0.0,"event_name":"Scrap Ooze","player_choice":"Success","floor":12.0,"gold_loss":0.0,"damage_taken":12.0,"relics_obtained":["ReplayTheSpireMod:Ninjato"]},{"damage_healed":0,"gold_gain":0,"player_choice":"Obtained Relic","damage_taken":0,"relics_obtained":["ReplayTheSpireMod:TigerMarble"],"max_hp_gain":0,"max_hp_loss":0,"event_name":"Addict","floor":21,"gold_loss":85}],"is_beta":false,"boss_relics":[{"not_picked":["aspiration:RunicSpoon","Replay:Bronze Core"],"picked":"Nuclear Battery"}],"items_purged_floors":[2],"is_endless":false,"potions_floor_spawned":[4,10,18,19],"killed_by":"Book of Stabbing","ascension_level":5}}