{"host":"hjw1ay65n7jm40lc","time":1607609051,"event":{"mods":["BaseMod","AchievementEnabler","Colored Powertips","Googly Eyes","Highlight Path","Quick Restart","Relic Stats","Colored Map","Minty Spire (QoL Compilation)"],"gold_per_floor":[118,118,130,57,69,69,86,115,115,134,145,155,155,181,181,282,282,292,303,218,39,55,81,81,95,119,145,145,171,171,21,21,21,21],"floor_reached":33,"playtime":2381,"items_purged":["Strike_P"],"score":392,"play_id":"69f7784a-df10-4be8-8adb-bc4b132e7064","local_time":"20201210090411","is_ascension_mode":false,"campfire_choices":[{"data":"Conclude","floor":13.0,"key":"SMITH"},{"data":"SashWhip","floor":15.0,"key":"SMITH"},{"data":"Adaptation","floor":24.0,"key":"SMITH"},{"data":"Eruption","floor":28.0,"key":"SMITH"},{"data":"LikeWater","floor":32.0,"key":"SMITH"}],"circlet_count":0,"master_deck":["Strike_P+1","Strike_P+1","Defend_P+1","Defend_P+1","Defend_P+1","Defend_P+1","Eruption+1","Vigilance","EmptyFist","ReachHeaven","Conclude+1","CutThroughFate","LikeWater+1","Halt","SashWhip+1","Adaptation+1","ThirdEye","Brilliance","WheelKick","Indignation"],"special_seed":0,"relics":["HolyWater","Bag of Preparation","MealTicket","Darkstone Periapt","Ancient Tea Set","Letter Opener","InkBottle","Orichalcum","Bronze Scales","Potion Belt"],"acts_visited":[],"potions_floor_usage":[33],"damage_taken":[{"damage":1.0,"enemies":"Jaw Worm","floor":1.0,"turns":7.0},{"damage":0.0,"enemies":"Cultist","floor":3.0,"turns":3.0},{"damage":2.0,"enemies":"2 Louse","floor":5.0,"turns":2.0},{"damage":0.0,"enemies":"2 Fungi Beasts","floor":7.0,"turns":2.0},{"damage":6.0,"enemies":"Gremlin Nob","floor":8.0,"turns":3.0},{"damage":6.0,"enemies":"Large Slime","floor":10.0,"turns":6.0},{"damage":1.0,"enemies":"Exordium Thugs","floor":11.0,"turns":5.0},{"damage":0.0,"enemies":"Gremlin Gang","floor":12.0,"turns":1.0},{"damage":0.0,"enemies":"3 Sentries","floor":14.0,"turns":5.0},{"damage":14.0,"enemies":"The Guardian","floor":16.0,"turns":10.0},{"damage":15.0,"enemies":"Shell Parasite","floor":18.0,"turns":4.0},{"damage":9.0,"enemies":"Chosen","floor":19.0,"turns":5.0},{"damage":1.0,"enemies":"Centurion and Healer","floor":22.0,"turns":3.0},{"damage":0.0,"enemies":"Gremlin Leader","floor":23.0,"turns":5.0},{"damage":12.0,"enemies":"Shelled Parasite and Fungi","floor":25.0,"turns":4.0},{"damage":12.0,"enemies":"Slavers","floor":27.0,"turns":3.0},{"damage":0.0,"enemies":"Book of Stabbing","floor":29.0,"turns":3.0},{"damage":75,"enemies":"Automaton","floor":33,"turns":8}],"seed_played":"-5244890301942864124","potions_obtained":[{"floor":3.0,"key":"Energy Potion"},{"floor":5.0,"key":"Strength Potion"},{"floor":7.0,"key":"AttackPotion"},{"floor":10.0,"key":"StancePotion"},{"floor":22.0,"key":"SpeedPotion"},{"floor":23.0,"key":"LiquidMemories"}],"is_trial":false,"path_per_floor":["M","?","M","$","M","T","M","E","T","M","M","M","R","E","R","B",null,"M","M","?","$","M","E","R","M","T","E","R","E","?","$","R","B"],"character_chosen":"WATCHER","items_purchased":["Conclude","ThirdEye","AttackPotion","WheelKick","Indignation"],"campfire_rested":0,"item_purchase_floors":[4,21,21,31,31],"current_hp_per_floor":[78,78,78,78,76,76,76,70,70,64,63,63,63,63,63,49,79,64,55,55,70,69,69,69,57,57,45,45,45,45,60,60,0,0],"gold":21,"neow_bonus":"TEN_PERCENT_HP_BONUS","is_daily":false,"chose_seed":false,"campfire_upgraded":5,"win_rate":0.0,"timestamp":1607609051,"path_taken":["M","?","?","?","M","?","M","E","T","M","?","M","R","E","R","BOSS","M","M","?","$","M","E","R","M","T","E","R","E","?","$","R","BOSS"],"build_version":"2020-11-30","purchased_purges":1,"victory":false,"max_hp_per_floor":[79,79,79,79,79,79,79,79,79,79,79,79,79,79,79,79,79,79,79,79,79,79,79,79,79,79,79,79,79,79,79,79,79,79],"relic_stats":{"Darkstone Periapt":0,"counters":[18,79],"Bronze Scales":[33],"MealTicket":30,"Bag of Preparation":[30],"Letter Opener":[69],"Orichalcum":[6],"obtain_stats":[{"Darkstone Periapt":9,"Potion Belt":29,"Bronze Scales":27,"HolyWater":17,"MealTicket":8,"Bag of Preparation":6,"Letter Opener":20,"PureWater":0,"Orichalcum":26,"Ancient Tea Set":14,"InkBottle":23},{"Darkstone Periapt":5,"Potion Belt":17,"Bronze Scales":16,"HolyWater":10,"MealTicket":5,"Bag of Preparation":3,"Letter Opener":12,"PureWater":0,"Orichalcum":15,"Ancient Tea Set":9,"InkBottle":14},{"Darkstone Periapt":17,"Potion Belt":71,"Bronze Scales":68,"HolyWater":44,"MealTicket":17,"Bag of Preparation":12,"Letter Opener":53,"PureWater":0,"Orichalcum":65,"Ancient Tea Set":34,"InkBottle":61}],"InkBottle":[8]},"card_choices":[{"not_picked":["PathToVictory","Fasting2"],"picked":"EmptyFist","floor":1.0},{"not_picked":["EmptyMind","Swivel","PathToVictory"],"picked":"SKIP","floor":3.0},{"not_picked":["EmptyFist","EmptyBody"],"picked":"CutThroughFate","floor":5.0},{"not_picked":["ClearTheMind","Evaluate"],"picked":"LikeWater","floor":7.0},{"not_picked":["EmptyBody","Conclude","EmptyMind"],"picked":"SKIP","floor":8.0},{"not_picked":["EmptyFist","CrushJoints","EmptyBody"],"picked":"SKIP","floor":10.0},{"not_picked":["ClearTheMind","Collect"],"picked":"Halt","floor":11.0},{"not_picked":["CutThroughFate","WaveOfTheHand","Study"],"picked":"SKIP","floor":12.0},{"not_picked":["ClearTheMind","Conclude"],"picked":"SashWhip","floor":14.0},{"not_picked":["EmptyBody+1","SashWhip","CutThroughFate+1"],"picked":"SKIP","floor":18.0},{"not_picked":["SignatureMove","Protect+1"],"picked":"Adaptation","floor":19.0},{"not_picked":["ReachHeaven+1","SashWhip","Worship"],"picked":"SKIP","floor":22.0},{"not_picked":["Swivel","Conclude"],"picked":"Brilliance","floor":23.0},{"not_picked":["WaveOfTheHand+1","InnerPeace","Fasting2"],"picked":"SKIP","floor":25.0},{"not_picked":["EmptyFist+1","Nirvana","Perseverance"],"picked":"SKIP","floor":27.0},{"not_picked":["Sanctity","FlurryOfBlows+1","Conclude+1"],"picked":"SKIP","floor":29.0}],"player_experience":102203,"relics_obtained":[{"floor":6.0,"key":"Bag of Preparation"},{"floor":8.0,"key":"MealTicket"},{"floor":9.0,"key":"Darkstone Periapt"},{"floor":14.0,"key":"Ancient Tea Set"},{"floor":23.0,"key":"InkBottle"},{"floor":26.0,"key":"Orichalcum"},{"floor":27.0,"key":"Bronze Scales"},{"floor":29.0,"key":"Potion Belt"}],"event_choices":[{"damage_healed":0.0,"max_hp_gain":0.0,"max_hp_loss":0.0,"gold_gain":0.0,"cards_transformed":["Strike_P"],"event_name":"Transmorgrifier","player_choice":"Transformed","floor":2.0,"gold_loss":0.0,"damage_taken":0.0,"cards_obtained":["ReachHeaven"]},{"damage_healed":0.0,"max_hp_gain":0.0,"max_hp_loss":0.0,"gold_gain":0.0,"event_name":"Addict","player_choice":"Obtained Relic","floor":20.0,"gold_loss":85.0,"damage_taken":0.0,"relics_obtained":["Letter Opener"]},{"damage_healed":0.0,"max_hp_gain":0.0,"max_hp_loss":0.0,"gold_gain":0.0,"event_name":"Back to Basics","player_choice":"Simplicity","floor":30.0,"gold_loss":0.0,"damage_taken":0.0,"cards_upgraded":["Strike_P","Strike_P","Defend_P","Defend_P","Defend_P","Defend_P"]}],"is_beta":false,"boss_relics":[{"not_picked":["Sozu","SacredBark"],"picked":"HolyWater"}],"items_purged_floors":[21],"is_endless":false,"potions_floor_spawned":[3,5,7,10,22,23],"killed_by":"Automaton","ascension_level":0}}