{"host":"6p0attdrtjqaih7v","time":1607585459,"event":{"gold_per_floor":[119,129,17,17,36,66,66,96,96,96,127,127,160,176,176,250,250,268,268,8,58,74,106,158,158,158,176,207,223,258,51,51,124,124,142,142,142,17,42,42,76,144,193,193,225,244,244,0,0,0],"floor_reached":51,"playtime":2454,"items_purged":["Sickly","Strike_G","Poisoned Stab"],"score":1784,"play_id":"0287279a-3a72-409c-bd69-636fb80338b2","local_time":"20201210023059","is_ascension_mode":true,"campfire_choices":[{"data":"Leg Sweep","floor":7,"key":"SMITH"},{"floor":10,"key":"REST"},{"data":"Storm of Steel","floor":15,"key":"SMITH"},{"data":"A Thousand Cuts","floor":25,"key":"SMITH"},{"data":"Sneak Up","floor":32,"key":"SMITH"},{"data":"ReplayTheSpireMod:Scrap Shanks","floor":40,"key":"SMITH"},{"data":"Tools of the Trade","floor":47,"key":"SMITH"},{"data":"Panache","floor":49,"key":"SMITH"}],"neow_cost":"CURSE","seed_source_timestamp":1977881222650000,"circlet_count":0,"master_deck":["AscendersBane","Defend_G+1","Defend_G","Defend_G+1","Defend_G","Survivor+1","Neutralize","PiercingWail+1","Terror+1","Quick Slash+1","Leg Sweep+1","Calculated Gamble","Storm of Steel+1","Backflip","A Thousand Cuts+1","Infinite Blades+1","ReplayTheSpireMod:Scrap Shanks+1","Escape Plan","Acrobatics","Dodge and Roll+1","PiercingWail","Escape Plan","Sneak Up+1","Panache+1","Impatience","Replay:Bootleg Shield Generator","Flying Knee+1","Tools of the Trade+1"],"relics":["Ring of the Snake","Mango","Paper Crane","construct:RocketBooster","TungstenRod","Replay:Mystery Machine","Lantern","Replay:Drink Me","Gremlin Food","Replay:Ringing Soul","Replay:Bottled Flurry","Omamori","Letter Opener","Garlic","Calling Bell","Tiny Chest","Meat on the Bone","Counterbalance","Incense Burner","ReplayTheSpireMod:TigerMarble","Eternal Feather","Orichalcum","Snack Pack","keyreminder:keyreminder","Red Mask"],"potions_floor_usage":[6,6,16,27,27,33,50],"damage_taken":[{"damage":1,"enemies":"Small Slimes","floor":1,"turns":4},{"damage":8,"enemies":"2 Louse","floor":2,"turns":4},{"damage":0,"enemies":"Cultist","floor":5,"turns":4},{"damage":18,"enemies":"Gremlin Nob","floor":6,"turns":4},{"damage":3,"enemies":"Replay:BlueRogue","floor":8,"turns":11},{"damage":18,"enemies":"Lagavulin","floor":11,"turns":6},{"damage":3,"enemies":"Replay:BlueRogue","floor":13,"turns":6},{"damage":0,"enemies":"Red Slaver","floor":14,"turns":2},{"damage":9,"enemies":"Hexaghost","floor":16,"turns":11},{"damage":0,"enemies":"2 Thieves","floor":18,"turns":4},{"damage":0,"enemies":"Spheric Guardian","floor":22,"turns":3},{"damage":0,"enemies":"Gremlin Leader","floor":23,"turns":4},{"damage":7,"enemies":"Snake Plant","floor":27,"turns":4},{"damage":9,"enemies":"Book of Stabbing","floor":28,"turns":5},{"damage":2,"enemies":"Shelled Parasite and Fungi","floor":29,"turns":4},{"damage":6,"enemies":"Gremlin Leader","floor":30,"turns":5},{"damage":0,"enemies":"Automaton","floor":33,"turns":6},{"damage":0,"enemies":"Orb Walker","floor":35,"turns":3},{"damage":0,"enemies":"Mind Bloom Boss Battle","floor":39,"turns":5},{"damage":0,"enemies":"Reptomancer","floor":41,"turns":5},{"damage":0,"enemies":"R_Hoarder","floor":45,"turns":6},{"damage":0,"enemies":"3 Shapes","floor":46,"turns":3},{"damage":0,"enemies":"Donu and Deca","floor":50,"turns":6}],"seed_played":"3937285133309593470","potions_obtained":[{"floor":1,"key":"SkillPotion"},{"floor":2,"key":"Weak Potion"},{"floor":8,"key":"LiquidBronze"},{"floor":14,"key":"DistilledChaos"},{"floor":16,"key":"Regen Potion"},{"floor":24,"key":"Regen Potion"},{"floor":27,"key":"Weak Potion"},{"floor":29,"key":"Dexterity Potion"},{"floor":39,"key":"Venom Potion"}],"is_trial":false,"path_per_floor":["M","M","$","?","M","E","R","E","T","R","E","?","E","M","R","B",null,"M","?","$","T","M","E","?","R","T","M","E","M","E","$","R","B",null,"M","?","?","$","?","R","E","T","T","?","E","M","R","?","R","B",null],"character_chosen":"THE_SILENT","items_purchased":["Terror","ReplayTheSpireMod:Scrap Shanks","Escape Plan","Panache"],"campfire_rested":1,"item_purchase_floors":[3,20,20,31],"current_hp_per_floor":[72,64,64,57,57,39,39,36,36,60,42,31,28,28,28,19,50,50,50,50,50,50,53,32,32,32,55,49,50,44,47,47,47,70,70,70,64,64,67,67,67,67,67,67,70,70,83,83,83,83],"gold":0,"neow_bonus":"ONE_RARE_RELIC","is_prod":false,"is_daily":false,"chose_seed":false,"campfire_upgraded":7,"win_rate":0,"timestamp":1607585459,"path_taken":["M","M","$","?","M","E","R","E","T","R","E","?","E","?","R","BOSS","M","?","$","?","M","E","?","R","T","M","E","M","E","$","R","BOSS","M","?","?","$","?","R","E","?","T","?","E","?","R","?","R","BOSS"],"build_version":"2020-11-30","purchased_purges":3,"victory":true,"max_hp_per_floor":[80,80,80,80,80,80,80,80,80,80,80,80,80,80,80,80,60,60,60,60,60,60,63,66,66,66,69,72,75,75,78,78,78,78,78,78,81,81,84,84,84,84,84,80,83,83,83,83,83,83],"relic_stats":{"counters":[23,115],"Tiny Chest":1,"Eternal Feather":13,"Letter Opener":[213],"Orichalcum":[0],"obtain_stats":[{"Lantern":13,"Mango":0,"Incense Burner":39,"Replay:Mystery Machine":11,"Replay:Ringing Soul":23,"Tiny Chest":34,"Replay:Bottled Flurry":24,"Red Mask":48,"Replay:Drink Me":17,"Ring of the Snake":0,"Gremlin Food":21,"construct:RocketBooster":8,"Counterbalance":34,"Eternal Feather":42,"Omamori":26,"Letter Opener":28,"Paper Crane":6,"Orichalcum":43,"Calling Bell":34,"keyreminder:keyreminder":45,"Garlic":30,"ReplayTheSpireMod:TigerMarble":41,"Snack Pack":45,"TungstenRod":9,"Meat on the Bone":34},{"Lantern":7,"Mango":0,"Incense Burner":19,"Replay:Mystery Machine":6,"Replay:Ringing Soul":12,"Tiny Chest":17,"Replay:Bottled Flurry":12,"Red Mask":22,"Replay:Drink Me":9,"Ring of the Snake":0,"Gremlin Food":10,"construct:RocketBooster":5,"Counterbalance":17,"Eternal Feather":20,"Omamori":12,"Letter Opener":14,"Paper Crane":4,"Orichalcum":20,"Calling Bell":17,"keyreminder:keyreminder":21,"Garlic":16,"ReplayTheSpireMod:TigerMarble":20,"Snack Pack":21,"TungstenRod":5,"Meat on the Bone":17},{"Lantern":39,"Mango":0,"Incense Burner":95,"Replay:Mystery Machine":33,"Replay:Ringing Soul":63,"Tiny Chest":87,"Replay:Bottled Flurry":63,"Red Mask":109,"Replay:Drink Me":52,"Ring of the Snake":0,"Gremlin Food":56,"construct:RocketBooster":27,"Counterbalance":87,"Eternal Feather":100,"Omamori":63,"Letter Opener":72,"Paper Crane":16,"Orichalcum":100,"Calling Bell":87,"keyreminder:keyreminder":106,"Garlic":81,"ReplayTheSpireMod:TigerMarble":100,"Snack Pack":106,"TungstenRod":27,"Meat on the Bone":87}],"TungstenRod":17,"Ring of the Snake":[46],"Meat on the Bone":0},"card_choices":[{"not_picked":["ReplayTheSpireMod:Speed Training","PiercingWail"],"picked":"Poisoned Stab","floor":1},{"not_picked":["Masterful Stab","Outmaneuver"],"picked":"PiercingWail","floor":2},{"not_picked":["Deflect","Underhanded Strike"],"picked":"Quick Slash","floor":5},{"not_picked":["Bane","Cloak And Dagger"],"picked":"Leg Sweep","floor":6},{"not_picked":["Deflect","Dagger Throw"],"picked":"Calculated Gamble","floor":8},{"not_picked":["Underhanded Strike","Concentrate"],"picked":"Storm of Steel","floor":11},{"not_picked":["Dodge and Roll","Prepared","Calculated Gamble"],"picked":"SKIP","floor":13},{"not_picked":["Dodge and Roll","Infinite Blades"],"picked":"Backflip","floor":14},{"not_picked":["Venomology","Unload"],"picked":"A Thousand Cuts","floor":16},{"not_picked":["Predator","Terror"],"picked":"Infinite Blades","floor":18},{"not_picked":["Eviscerate","ReplayTheSpireMod:Scrap Shanks"],"picked":"Acrobatics","floor":22},{"not_picked":["Replay:Poison Smokescreen","Venomology"],"picked":"Dodge and Roll+1","floor":23},{"not_picked":["Leg Sweep","Slice+1"],"picked":"All Out Attack+1","floor":24},{"not_picked":["Slice","Deadly Poison"],"picked":"PiercingWail","floor":27},{"not_picked":["Flying Knee","Poison Darts"],"picked":"Escape Plan","floor":28},{"not_picked":["Slice","Cloak And Dagger"],"picked":"Sneak Up","floor":29},{"not_picked":["Leg Sweep","ReplayTheSpireMod:Scrap Shanks","Dash"],"picked":"SKIP","floor":30},{"not_picked":["Eviscerate","Reflex+1","Cloak And Dagger"],"picked":"SKIP","floor":35},{"not_picked":["Jack Of All Trades","Bandage Up"],"picked":"Impatience","floor":37},{"not_picked":["Dramatic Entrance","Good Instincts"],"picked":"Replay:Bootleg Shield Generator","floor":37},{"not_picked":["Deadly Poison+1","Dodge and Roll"],"picked":"Flying Knee+1","floor":39},{"not_picked":["Distraction","Outmaneuver","Masterful Stab"],"picked":"SKIP","floor":41},{"not_picked":["Setup","Night Terror"],"picked":"Tools of the Trade","floor":45},{"not_picked":["Dash","All Out Attack","Prepared"],"picked":"SKIP","floor":46}],"player_experience":803234,"relics_obtained":[{"floor":6,"key":"Paper Crane"},{"floor":8,"key":"construct:RocketBooster"},{"floor":9,"key":"TungstenRod"},{"floor":11,"key":"Replay:Mystery Machine"},{"floor":13,"key":"Lantern"},{"floor":21,"key":"Gremlin Food"},{"floor":23,"key":"Replay:Ringing Soul"},{"floor":24,"key":"Replay:Bottled Flurry"},{"floor":26,"key":"Omamori"},{"floor":28,"key":"Letter Opener"},{"floor":30,"key":"Garlic"},{"floor":34,"key":"Tiny Chest"},{"floor":34,"key":"Meat on the Bone"},{"floor":34,"key":"Counterbalance"},{"floor":39,"key":"Incense Burner"},{"floor":41,"key":"ReplayTheSpireMod:TigerMarble"},{"floor":42,"key":"Eternal Feather"},{"floor":43,"key":"Orichalcum"},{"floor":45,"key":"Snack Pack"}],"event_choices":[{"cards_removed":["Defend_G"],"damage_healed":0,"gold_gain":0,"player_choice":"Card Removal","damage_taken":7,"max_hp_gain":0,"max_hp_loss":0,"event_name":"Golden Wing","floor":4,"gold_loss":0},{"damage_healed":0,"gold_gain":0,"player_choice":"Damaged","damage_taken":12,"max_hp_gain":0,"max_hp_loss":0,"event_name":"Wheel of Change","floor":12,"gold_loss":0},{"cards_removed":["Strike_G"],"damage_healed":0,"gold_gain":0,"player_choice":"Purged","damage_taken":0,"max_hp_gain":0,"max_hp_loss":0,"event_name":"Purifier","floor":19,"gold_loss":0},{"cards_removed":["All Out Attack"],"damage_healed":0,"gold_gain":0,"player_choice":"Removed Attack","damage_taken":0,"max_hp_gain":0,"max_hp_loss":0,"event_name":"Falling","floor":36,"gold_loss":0},{"damage_healed":0,"gold_gain":0,"player_choice":"Memory 3","damage_taken":10,"max_hp_gain":0,"max_hp_loss":0,"event_name":"SensoryStone","floor":37,"gold_loss":0},{"damage_healed":0,"gold_gain":0,"player_choice":"Fight","damage_taken":0,"max_hp_gain":0,"max_hp_loss":0,"event_name":"MindBloom","floor":39,"gold_loss":0},{"damage_healed":0,"gold_gain":0,"player_choice":"Max HP","damage_taken":0,"max_hp_gain":0,"max_hp_loss":4,"event_name":"Winding Halls","floor":44,"gold_loss":0},{"damage_healed":0,"gold_gain":0,"player_choice":"Paid","damage_taken":0,"relics_obtained":["Red Mask"],"max_hp_gain":0,"max_hp_loss":0,"event_name":"Tomb of Lord Red Mask","floor":48,"gold_loss":244}],"is_beta":false,"boss_relics":[{"not_picked":["Honey Jar","WristBlade"],"picked":"Replay:Drink Me"},{"not_picked":["Ring of the Serpent","SacredBark"],"picked":"Calling Bell"}],"items_purged_floors":[3,20,38],"is_endless":false,"potions_floor_spawned":[1,2,8,14,16,23,27,29,39],"ascension_level":17}}