{"host":"o3so5oxo9aakc7d5","time":1607640245,"event":{"mods":["BaseMod","StSLib","Better Match","Block Reminder","Challenge The Spire","Googly Eyes","Minty Spire (QoL Compilation)","Jorbs\u0027s Wanderer Trilogy","Better Altar","Better Sensory Stone","Better Skull","Better Third Choice","CapriCore","Rare Cards Sparkle","Spicy Shops"],"gold_per_floor":[110,124,124,139,139,172,172,203,226,255,255,180,180,192,192,289,289,299,299,314,329,346,377,377,377],"floor_reached":24,"playtime":1111,"items_purged":[],"score":300,"play_id":"e721a370-cc4e-478d-9f44-cb0cf641c7c6","local_time":"20201210154405","is_ascension_mode":true,"campfire_choices":[{"data":"Flying Knee","floor":7,"key":"SMITH"},{"floor":11,"key":"REST"},{"data":"Blade Dance","floor":13,"key":"SMITH"},{"floor":15,"key":"REST"}],"circlet_count":0,"master_deck":["Strike_G","Strike_G","Strike_G","Defend_G","Defend_G","Defend_G","Defend_G","Survivor","Neutralize","Sucker Punch","Blade Dance+1","Flying Knee+1","Terror","Quick Slash","Doppelganger","Deadly Poison+1","Adrenaline+1","Prepared+1","Blade Dance+1","Writhe","Die Die Die","Cloak And Dagger","Adrenaline","Cloak And Dagger"],"relics":["SlaversCollar","Paper Crane","Happy Flower","Dead Branch","Boot","Bronze Scales","Astrolabe","Tiny Chest","Letter Opener"],"acts_visited":["Exordium","TheCity"],"potions_floor_usage":[16,16,24],"damage_taken":[{"damage":3,"enemies":"Cultist","floor":1,"turns":5},{"damage":3,"enemies":"Jaw Worm","floor":2,"turns":4},{"damage":0,"enemies":"2 Louse","floor":4,"turns":3},{"damage":27,"enemies":"Lagavulin","floor":6,"turns":10},{"damage":15,"enemies":"Gremlin Nob","floor":8,"turns":5},{"damage":14,"enemies":"3 Sentries","floor":10,"turns":5},{"damage":14,"enemies":"Blue Slaver","floor":14,"turns":3},{"damage":0,"enemies":"Hexaghost","floor":16,"turns":5},{"damage":0,"enemies":"Chosen","floor":18,"turns":3},{"damage":12,"enemies":"Shell Parasite","floor":20,"turns":3},{"damage":9,"enemies":"Shelled Parasite and Fungi","floor":21,"turns":3},{"damage":10,"enemies":"Chosen and Byrds","floor":22,"turns":3},{"damage":36,"enemies":"Slavers","floor":23,"turns":4},{"damage":12,"enemies":"Masked Bandits","floor":24,"turns":2}],"seed_played":"3440160656301285022","potions_obtained":[{"floor":10,"key":"Strength Potion"},{"floor":14,"key":"EssenceOfSteel"},{"floor":22,"key":"Weak Potion"}],"is_trial":false,"path_per_floor":["M","M","T","M","?","E","R","E","T","E","R","?","R","M","R","B",null,"M","?","M","M","M","E","?"],"character_chosen":"THE_SILENT","items_purchased":[],"campfire_rested":2,"item_purchase_floors":[],"current_hp_per_floor":[67,64,64,64,69,42,42,27,27,13,35,35,35,21,43,43,75,75,75,63,54,44,8,0,0],"gold":377,"neow_bonus":"BOSS_RELIC","is_daily":false,"chose_seed":false,"campfire_upgraded":2,"win_rate":0,"timestamp":1607640245,"path_taken":["M","M","?","M","?","E","R","E","T","E","R","?","R","M","R","BOSS","M","?","M","M","M","E","?"],"build_version":"2020-11-30","purchased_purges":0,"victory":false,"max_hp_per_floor":[70,70,70,70,75,75,75,75,75,75,75,75,75,75,75,75,75,75,75,75,75,75,75,75,75],"card_choices":[{"not_picked":["Slice","Backflip"],"picked":"Sucker Punch","floor":1},{"not_picked":["Underhanded Strike","Outmaneuver"],"picked":"Blade Dance","floor":2},{"not_picked":["Outmaneuver","Blur","Crippling Poison"],"picked":"SKIP","floor":4},{"not_picked":["Eviscerate","Night Terror"],"picked":"Flying Knee","floor":6},{"not_picked":["Skewer","PiercingWail","Leg Sweep"],"picked":"SKIP","floor":8},{"not_picked":["Deflect","Skewer"],"picked":"Terror","floor":10},{"not_picked":["Flechettes","Sucker Punch"],"picked":"Quick Slash","floor":14},{"not_picked":["Burst","Grand Finale"],"picked":"Doppelganger","floor":16},{"not_picked":["Backflip+1","Outmaneuver"],"picked":"Blade Dance+1","floor":18},{"not_picked":["Dagger Spray","Cloak And Dagger"],"picked":"Die Die Die","floor":20},{"not_picked":["Calculated Gamble+1","Dagger Throw"],"picked":"Cloak And Dagger","floor":21},{"not_picked":["Deflect","Catalyst"],"picked":"Adrenaline","floor":22},{"not_picked":["Prepared+1","Deadly Poison+1"],"picked":"Cloak And Dagger","floor":23}],"player_experience":505215,"relics_obtained":[{"floor":3,"key":"Paper Crane"},{"floor":6,"key":"Happy Flower"},{"floor":8,"key":"Dead Branch"},{"floor":9,"key":"Boot"},{"floor":10,"key":"Bronze Scales"},{"floor":23,"key":"Letter Opener"}],"event_choices":[{"damage_healed":0,"gold_gain":0,"player_choice":"Donut","damage_taken":0,"max_hp_gain":5,"max_hp_loss":0,"event_name":"Big Fish","floor":5,"gold_loss":0},{"damage_healed":0,"gold_gain":0,"player_choice":"3","damage_taken":0,"max_hp_gain":0,"max_hp_loss":0,"event_name":"betterMatch:BetterMatch","floor":12,"gold_loss":0,"cards_obtained":[]},{"damage_healed":0,"gold_gain":0,"player_choice":"Opened","damage_taken":0,"relics_obtained":["Tiny Chest"],"max_hp_gain":0,"max_hp_loss":0,"event_name":"The Mausoleum","floor":19,"gold_loss":0,"cards_obtained":["Writhe"]},{"damage_healed":0,"gold_gain":0,"player_choice":"Fought Bandits","damage_taken":0,"max_hp_gain":0,"max_hp_loss":0,"event_name":"Masked Bandits","floor":24,"gold_loss":0}],"is_beta":false,"boss_relics":[{"not_picked":["Runic Pyramid","Tiny House"],"picked":"Astrolabe"}],"items_purged_floors":[],"is_endless":false,"potions_floor_spawned":[8,10,14,22],"killed_by":"Masked Bandits","ascension_level":1}}