{"host":"cxlfijb3ipw68228","time":1607573866,"event":{"gold_per_floor":[99,84,102,102,27,41,41,41,75,75,90,90,109,109,124,124,124],"floor_reached":16,"playtime":1007,"items_purged":[],"score":90,"play_id":"0f6b23db-2dab-4b38-b534-fcf4cfd4c8c4","local_time":"20201209231746","is_ascension_mode":false,"campfire_choices":[{"floor":1,"key":"RECALL"},{"data":"hexamod:PhantomFireball","floor":5,"key":"SMITH"},{"data":"hexamod:PowerFromBeyond","floor":8,"key":"SMITH"},{"floor":10,"key":"REST"}],"neow_cost":"NONE","seed_source_timestamp":710904598279700,"circlet_count":0,"master_deck":["hexamod:Strike","hexamod:Strike","hexamod:Strike","hexamod:Strike","hexamod:Defend+1","hexamod:Defend+1","hexamod:Defend+1","hexamod:Defend+1","hexamod:Sear+1","hexamod:Float+1","hexamod:PhantomFireball+1","hexamod:PowerFromBeyond+1","hexamod:AdvancingGuard+1","hexamod:EmpoweringStance","hexamod:HeatMetal","hexamod:RainOfEmbers","hexamod:ChargedBarrage"],"relics":["hubris:ScarierMask","downfall:HeartBlessingRed","Quantum Egg","ReplayTheSpireMod:Lightbulb","halation:PinkSoulGem"],"potions_floor_usage":[16],"damage_taken":[{"damage":0,"enemies":"downfall:FleeingMerchant","floor":2,"turns":4},{"damage":1,"enemies":"Cultist","floor":3,"turns":3},{"damage":0,"enemies":"2 Louse","floor":6,"turns":2},{"damage":41,"enemies":"conspire:MimicChest","floor":9,"turns":6},{"damage":0,"enemies":"Small Slimes","floor":11,"turns":2},{"damage":4,"enemies":"3 Louse","floor":13,"turns":2},{"damage":3,"enemies":"Exordium Wildlife","floor":15,"turns":3},{"damage":39,"enemies":"downfall:CharBossIronclad","floor":16,"turns":7}],"seed_played":"-2147775019497119521","potions_obtained":[{"floor":9,"key":"PowerPotion"},{"floor":11,"key":"SteroidPotion"}],"is_trial":false,"path_per_floor":["R","$","M","?","R","M","T","R","?","R","M","?","M","?","M","B"],"character_chosen":"THE_SPIRIT","items_purchased":[],"campfire_rested":1,"item_purchase_floors":[],"current_hp_per_floor":[70,70,69,57,57,57,57,57,16,37,37,37,33,33,30,0,0],"gold":124,"neow_bonus":"BOSS_RELIC","is_prod":false,"is_daily":false,"chose_seed":false,"campfire_upgraded":2,"win_rate":0,"timestamp":1607573866,"path_taken":["R","?","M","?","R","M","T","R","?","R","M","?","?","?","M","BOSS"],"build_version":"2020-11-30","purchased_purges":0,"victory":false,"max_hp_per_floor":[70,70,70,70,70,70,70,70,70,70,70,70,70,70,70,70,70],"card_choices":[{"not_picked":["hexamod:HauntingEcho","hexamod:ThermalTransfer"],"picked":"hexamod:PhantomFireball","floor":3},{"not_picked":["hexamod:ThermalTransfer","hexamod:Hexaguard"],"picked":"hexamod:PowerFromBeyond","floor":6},{"not_picked":["hexamod:SpectersWail","hexamod:Hexaguard"],"picked":"hexamod:AdvancingGuard","floor":9},{"not_picked":["hexamod:GhostOfSpireFuture","hexamod:RainOfEmbers"],"picked":"hexamod:EmpoweringStance","floor":10},{"not_picked":["hexamod:FlamesFromBeyond","hexamod:HauntingEcho"],"picked":"hexamod:HeatMetal","floor":11},{"not_picked":["hexamod:HauntingEcho","hexamod:Again"],"picked":"hexamod:RainOfEmbers","floor":13},{"not_picked":["hexamod:RainOfEmbers","hexamod:Incineration"],"picked":"hexamod:ChargedBarrage","floor":15}],"player_experience":515050,"relics_obtained":[{"floor":7,"key":"Quantum Egg"},{"floor":9,"key":"ReplayTheSpireMod:Lightbulb"}],"event_choices":[{"damage_healed":0,"gold_gain":0,"player_choice":"Relic ","damage_taken":12,"max_hp_gain":0,"max_hp_loss":0,"event_name":"betterThird:BetterScrap","floor":4,"gold_loss":0,"cards_obtained":["ReplayTheSpireMod:Reroute Power"]}],"is_beta":false,"boss_relics":[],"items_purged_floors":[],"is_endless":false,"potions_floor_spawned":[9,11],"killed_by":"downfall:CharBossIronclad","ascension_level":0}}