{"host":"Kdaddybrian","time":1607637174,"event":{"mods":["BaseMod","StSLib","AchievementEnabler","Rare Cards Sparkle","Relic Stats","Colored Powertips","Minty Spire (QoL Compilation)"],"gold_per_floor":[113,129,129,149,169,203,5,5,52,64,76,88,126,153,165,273,285,317,254,266,278,304,641,653,683,695,707,16,33,48,48,48,152,152,170,170,187,187,206,206,216,216,266,316,351,20,47,58,58,58,58],"floor_reached":50,"playtime":2852,"items_purged":["Writhe","Strike_G+1"],"score":920,"play_id":"ec7544c7-6364-4906-a93a-727c9a6f2e4e","local_time":"20201210165254","is_ascension_mode":true,"campfire_choices":[{"floor":8.0,"key":"REST"},{"data":"After Image","floor":12.0,"key":"SMITH"},{"floor":15.0,"key":"REST"},{"floor":24.0,"key":"REST"},{"floor":27.0,"key":"REST"},{"floor":32.0,"key":"REST"},{"floor":40.0,"key":"REST"},{"floor":42.0,"key":"REST"},{"floor":49,"key":"RECALL"}],"circlet_count":0,"master_deck":["AscendersBane","Strike_G+1","Defend_G+1","Defend_G+1","Defend_G+1","Defend_G+1","Defend_G+1","Survivor","Neutralize","After Image+1","Poisoned Stab","Deadly Poison","Quick Slash","Dagger Throw","Cloak And Dagger","Envenom","Footwork","Dagger Spray","Night Terror","Noxious Fumes","Catalyst+1","Infinite Blades","Blade Dance","Acrobatics","Catalyst","Well Laid Plans+1","Deflect+1","PiercingWail","Catalyst+1","Bandage Up","Burst"],"special_seed":0,"relics":["Ring of the Serpent","Ninja Scroll","MawBank","Bag of Marbles","PreservedInsect","Fusion Hammer","Old Coin","Singing Bowl","Regal Pillow","Blue Candle","Peace Pipe","The Courier","DollysMirror","White Beast Statue"],"acts_visited":["Exordium","TheCity","TheBeyond"],"potions_floor_usage":[45,45,47,48,50],"damage_taken":[{"damage":8.0,"enemies":"Jaw Worm","floor":1.0,"turns":6.0},{"damage":6.0,"enemies":"Cultist","floor":2.0,"turns":5.0},{"damage":0.0,"enemies":"2 Louse","floor":4.0,"turns":4.0},{"damage":3.0,"enemies":"Looter","floor":5.0,"turns":3.0},{"damage":29.0,"enemies":"3 Sentries","floor":6.0,"turns":11.0},{"damage":15.0,"enemies":"Lagavulin","floor":13.0,"turns":6.0},{"damage":0.0,"enemies":"Blue Slaver","floor":14.0,"turns":2.0},{"damage":17.0,"enemies":"Slime Boss","floor":16.0,"turns":9.0},{"damage":5.0,"enemies":"Shell Parasite","floor":18.0,"turns":6.0},{"damage":3.0,"enemies":"3 Byrds","floor":22.0,"turns":5.0},{"damage":17.0,"enemies":"Slavers","floor":23.0,"turns":7.0},{"damage":5.0,"enemies":"Cultist and Chosen","floor":25.0,"turns":7.0},{"damage":4.0,"enemies":"Centurion and Healer","floor":29.0,"turns":7.0},{"damage":0.0,"enemies":"Chosen and Byrds","floor":30.0,"turns":4.0},{"damage":67.0,"enemies":"Champ","floor":33.0,"turns":12.0},{"damage":24.0,"enemies":"3 Darklings","floor":35.0,"turns":5.0},{"damage":18.0,"enemies":"3 Shapes","floor":37.0,"turns":6.0},{"damage":31.0,"enemies":"Jaw Worm Horde","floor":39.0,"turns":5.0},{"damage":23.0,"enemies":"3 Darklings","floor":41.0,"turns":6.0},{"damage":62.0,"enemies":"2 Orb Walkers","floor":44.0,"turns":7.0},{"damage":1,"enemies":"Giant Head","floor":45,"turns":8},{"damage":0,"enemies":"Nemesis","floor":47,"turns":5},{"damage":13,"enemies":"Sphere and 2 Shapes","floor":48,"turns":7},{"damage":8,"enemies":"Donu and Deca","floor":50,"turns":1}],"seed_played":"5289704586273861146","potions_obtained":[{"floor":1.0,"key":"EssenceOfSteel"},{"floor":14.0,"key":"ColorlessPotion"},{"floor":16.0,"key":"Swift Potion"},{"floor":25.0,"key":"SkillPotion"},{"floor":30.0,"key":"Dexterity Potion"},{"floor":35.0,"key":"EntropicBrew"},{"floor":41.0,"key":"GamblersBrew"},{"floor":44.0,"key":"PowerPotion"},{"floor":47,"key":"Swift Potion"},{"floor":48,"key":"Explosive Potion"}],"is_trial":false,"path_per_floor":["M","M","?","M","M","E","$","R","T","?","?","R","E","M","R","B",null,"M","?","?","?","M","E","R","M","T","R","$","M","M","?","R","B",null,"M","?","M","?","M","R","M","R","T","?","E","$","E","M","R","B"],"character_chosen":"THE_SILENT","items_purchased":["Footwork","Strength Potion","Fruit Juice","Regal Pillow","Blue Candle","BlessingOfTheForge","Acrobatics","PiercingWail","DollysMirror","Bandage Up","DistilledChaos","Strength Potion"],"campfire_rested":7,"item_purchase_floors":[7,7,28,28,28,28,28,46,46,46,46,46],"current_hp_per_floor":[55,49,49,49,46,17,17,38,38,35,40,40,25,25,47,30,64,59,59,59,47,44,27,49,44,44,66,71,69,71,55,89,24,74,50,50,32,32,3,44,23,65,65,5,4,4,10,1,1,0,0],"gold":58,"neow_bonus":"THREE_RARE_CARDS","is_daily":false,"chose_seed":false,"campfire_upgraded":1,"win_rate":0,"timestamp":1607637174,"path_taken":["M","M","?","?","M","E","$","R","T","?","?","R","E","M","R","BOSS","M","?","?","?","?","E","R","M","T","R","$","?","M","?","R","BOSS","M","?","M","?","M","R","M","R","T","?","E","?","E","M","R","BOSS"],"build_version":"2020-12-07","purchased_purges":2,"victory":false,"max_hp_per_floor":[70,70,70,70,70,70,70,70,70,70,75,75,75,75,75,75,75,75,75,75,75,75,75,75,75,75,75,80,82,84,89,89,91,91,91,86,86,86,88,88,90,90,90,92,92,92,94,94,94,94,94],"relic_stats":{"Peace Pipe":0,"Regal Pillow":38,"Singing Bowl":14,"counters":[24,144],"Blue Candle":[2],"PreservedInsect":221,"MawBank":228,"obtain_stats":[{"Regal Pillow":28,"Singing Bowl":26,"Blue Candle":28,"PreservedInsect":13,"The Courier":45,"MawBank":9,"White Beast Statue":47,"Old Coin":23,"Peace Pipe":44,"Ninja Scroll":6,"DollysMirror":46,"Fusion Hammer":17,"Bag of Marbles":10,"Ring of the Serpent":34,"Ring of the Snake":0},{"Regal Pillow":12,"Singing Bowl":12,"Blue Candle":12,"PreservedInsect":6,"The Courier":21,"MawBank":5,"White Beast Statue":22,"Old Coin":11,"Peace Pipe":20,"Ninja Scroll":5,"DollysMirror":21,"Fusion Hammer":8,"Bag of Marbles":5,"Ring of the Serpent":15,"Ring of the Snake":0},{"Regal Pillow":71,"Singing Bowl":71,"Blue Candle":71,"PreservedInsect":35,"The Courier":131,"MawBank":29,"White Beast Statue":136,"Old Coin":64,"Peace Pipe":123,"Ninja Scroll":29,"DollysMirror":131,"Fusion Hammer":46,"Bag of Marbles":29,"Ring of the Serpent":94,"Ring of the Snake":0}]},"card_choices":[{"not_picked":["Glass Knife","Burst"],"picked":"After Image","floor":0.0},{"not_picked":["Sucker Punch","Deadly Poison"],"picked":"Poisoned Stab","floor":1.0},{"not_picked":["PiercingWail","Acrobatics"],"picked":"Deadly Poison","floor":2.0},{"not_picked":["Quick Slash","Setup"],"picked":"Dagger Throw","floor":4.0},{"not_picked":["Flechettes","Infinite Blades"],"picked":"Cloak And Dagger","floor":5.0},{"not_picked":["Poisoned Stab","Prepared"],"picked":"Envenom","floor":6.0},{"not_picked":["Eviscerate","Dagger Throw","Quick Slash"],"picked":"SKIP","floor":13.0},{"not_picked":["Heel Hook","Bouncing Flask"],"picked":"Dagger Spray","floor":14.0},{"not_picked":["Venomology","Phantasmal Killer"],"picked":"Night Terror","floor":16.0},{"not_picked":["Skewer","Outmaneuver"],"picked":"Noxious Fumes","floor":18.0},{"not_picked":["Bane+1","Underhanded Strike"],"picked":"Catalyst+1","floor":22.0},{"not_picked":["Heel Hook+1","Slice"],"picked":"Infinite Blades","floor":23.0},{"not_picked":["Bouncing Flask","Tools of the Trade"],"picked":"Blade Dance","floor":25.0},{"not_picked":["Terror","Tactician","Outmaneuver"],"picked":"Singing Bowl","floor":29.0},{"not_picked":["Dodge and Roll","Deadly Poison","Blade Dance"],"picked":"Singing Bowl","floor":30.0},{"not_picked":["A Thousand Cuts","Grand Finale","Doppelganger"],"picked":"Singing Bowl","floor":33.0},{"not_picked":["Sucker Punch+1","Cloak And Dagger"],"picked":"Catalyst","floor":35.0},{"not_picked":["Cloak And Dagger+1","Bane"],"picked":"Well Laid Plans+1","floor":37.0},{"not_picked":["Outmaneuver","Skewer","Dagger Throw+1"],"picked":"Singing Bowl","floor":39.0},{"not_picked":["Outmaneuver+1","Prepared+1","Accuracy+1"],"picked":"Singing Bowl","floor":41.0},{"not_picked":["Heel Hook","Tools of the Trade","Deflect"],"picked":"Singing Bowl","floor":44.0},{"not_picked":["Outmaneuver","Noxious Fumes+1"],"picked":"Deflect+1","floor":45},{"not_picked":["Terror+1","Blur+1","Flying Knee+1"],"picked":"Singing Bowl","floor":47},{"not_picked":["Bane","Skewer+1"],"picked":"Burst","floor":48}],"player_experience":2834746,"relics_obtained":[{"floor":6.0,"key":"Ninja Scroll"},{"floor":9.0,"key":"MawBank"},{"floor":13.0,"key":"PreservedInsect"},{"floor":23.0,"key":"Old Coin"},{"floor":26.0,"key":"Singing Bowl"},{"floor":44.0,"key":"Peace Pipe"},{"floor":45,"key":"The Courier"},{"floor":47,"key":"White Beast Statue"}],"event_choices":[{"damage_healed":0.0,"max_hp_gain":0.0,"max_hp_loss":0.0,"gold_gain":0.0,"cards_transformed":["Strike_G"],"event_name":"Transmorgrifier","player_choice":"Transformed","floor":3.0,"gold_loss":0.0,"damage_taken":0.0,"cards_obtained":["Quick Slash"]},{"damage_healed":0.0,"max_hp_gain":0.0,"max_hp_loss":0.0,"gold_gain":0.0,"event_name":"Scrap Ooze","player_choice":"Success","floor":10.0,"gold_loss":0.0,"damage_taken":3.0,"relics_obtained":["Bag of Marbles"]},{"damage_healed":0.0,"max_hp_gain":5.0,"max_hp_loss":0.0,"gold_gain":0.0,"event_name":"Big Fish","player_choice":"Donut","floor":11.0,"gold_loss":0.0,"damage_taken":0.0},{"cards_removed":["Strike_G"],"damage_healed":0.0,"max_hp_gain":0.0,"max_hp_loss":0.0,"gold_gain":0.0,"event_name":"Beggar","player_choice":"Gave Gold","floor":19.0,"gold_loss":75.0,"damage_taken":0.0},{"damage_healed":0.0,"max_hp_gain":0.0,"max_hp_loss":0.0,"gold_gain":0.0,"event_name":"Back to Basics","player_choice":"Simplicity","floor":20.0,"gold_loss":0.0,"damage_taken":0.0,"cards_upgraded":["Strike_G","Strike_G","Strike_G","Defend_G","Defend_G","Defend_G","Defend_G","Defend_G"]},{"damage_healed":0.0,"max_hp_gain":0.0,"max_hp_loss":0.0,"gold_gain":0.0,"event_name":"Knowing Skull","player_choice":"POTION ","floor":21.0,"potions_obtained":["AttackPotion"],"gold_loss":0.0,"damage_taken":12.0,"cards_obtained":[]},{"damage_healed":0.0,"max_hp_gain":5.0,"max_hp_loss":0.0,"gold_gain":0.0,"event_name":"Forgotten Altar","player_choice":"Shed Blood","floor":31.0,"gold_loss":0.0,"damage_taken":21.0},{"damage_healed":0.0,"max_hp_gain":0.0,"max_hp_loss":5.0,"gold_gain":0.0,"event_name":"Winding Halls","player_choice":"Max HP","floor":36.0,"gold_loss":0.0,"damage_taken":0.0},{"cards_removed":["Strike_G"],"damage_healed":0.0,"max_hp_gain":0.0,"max_hp_loss":0.0,"gold_gain":0.0,"event_name":"Falling","player_choice":"Removed Attack","floor":38.0,"gold_loss":0.0,"damage_taken":0.0},{"damage_healed":0.0,"max_hp_gain":0.0,"max_hp_loss":0.0,"gold_gain":0.0,"event_name":"Mysterious Sphere","player_choice":"Fight","floor":44.0,"gold_loss":0.0,"damage_taken":0.0}],"is_beta":true,"boss_relics":[{"not_picked":["Philosopher\u0027s Stone","Runic Dome"],"picked":"Fusion Hammer"},{"not_picked":["HoveringKite","SlaversCollar"],"picked":"Ring of the Serpent"}],"items_purged_floors":[7,28],"is_endless":false,"potions_floor_spawned":[1,14,16,25,29,30,35,41,44,47,48],"killed_by":"Donu and Deca","ascension_level":10}}