{"host":"kpyf5rnb72uwap8k","time":1607571448,"event":{"gold_per_floor":[109,109,127,27,27,27,53,87,87,107,122,122,61,71,71,167,167,183,199,215,67,80,80,96,109,154,189,189,224,224,243,243,243,243],"floor_reached":33,"playtime":2338,"items_purged":["Defend_B"],"score":330,"play_id":"19d24379-2de3-4cb2-ae77-d60bc8c0c2ec","local_time":"20201210123728","is_ascension_mode":true,"campfire_choices":[{"data":"Conserve Battery","floor":6,"key":"SMITH"},{"data":"Coolheaded","floor":12,"key":"SMITH"},{"data":"Hologram","floor":15,"key":"SMITH"},{"data":"Creative AI","floor":23,"key":"SMITH"},{"floor":30,"key":"REST"},{"floor":32,"key":"REST"}],"neow_cost":"NONE","seed_source_timestamp":236629197264300,"circlet_count":0,"master_deck":["Dualcast+1","Streamline","Chill","Conserve Battery+1","Sweeping Beam","Coolheaded+1","Glacier","Coolheaded+1","Hologram+1","Chill","Creative AI+1","FTL","Conserve Battery","Auto Shields","Steam","Recycle","Compile Driver","Barrage+1","Beam Cell+1","Streamline","Hologram+1","Auto Shields","Stack","Compile Driver+1"],"relics":["Cracked Core","Boot","Odd Mushroom","Lantern","Pantograph","Pen Nib","Pandora\u0027s Box","War Paint","Omamori","Shovel","FossilizedHelix"],"potions_floor_usage":[16,16,16,27,29,29,33],"damage_taken":[{"damage":0,"enemies":"Small Slimes","floor":1,"turns":3},{"damage":0,"enemies":"2 Louse","floor":3,"turns":2},{"damage":6,"enemies":"The Mushroom Lair","floor":7,"turns":6},{"damage":20,"enemies":"Gremlin Nob","floor":8,"turns":4},{"damage":4,"enemies":"Cultist","floor":10,"turns":3},{"damage":0,"enemies":"Lots of Slimes","floor":11,"turns":3},{"damage":0,"enemies":"Blue Slaver","floor":14,"turns":4},{"damage":1,"enemies":"Hexaghost","floor":16,"turns":12},{"damage":20,"enemies":"Chosen","floor":18,"turns":9},{"damage":0,"enemies":"Shell Parasite","floor":19,"turns":6},{"damage":0,"enemies":"Centurion and Healer","floor":20,"turns":10},{"damage":2,"enemies":"Snecko","floor":22,"turns":6},{"damage":3,"enemies":"3 Cultists","floor":24,"turns":7},{"damage":0,"enemies":"Snake Plant","floor":25,"turns":5},{"damage":0,"enemies":"Slavers","floor":27,"turns":11},{"damage":33,"enemies":"Gremlin Leader","floor":29,"turns":7},{"damage":0,"enemies":"Chosen and Byrds","floor":31,"turns":10},{"damage":83,"enemies":"Collector","floor":33,"turns":9}],"seed_played":"-4420091329390831979","potions_obtained":[{"floor":7,"key":"Weak Potion"},{"floor":10,"key":"LiquidMemories"},{"floor":14,"key":"LiquidBronze"},{"floor":16,"key":"LiquidMemories"},{"floor":22,"key":"Explosive Potion"},{"floor":24,"key":"ColorlessPotion"},{"floor":29,"key":"ColorlessPotion"}],"is_trial":false,"path_per_floor":["M","?","M","$","?","R","?","E","T","M","M","R","?","M","R","B",null,"M","M","M","$","M","R","M","M","T","E","?","E","R","M","R","B"],"character_chosen":"DEFECT","items_purchased":["Conserve Battery","War Paint"],"campfire_rested":2,"item_purchase_floors":[4,21],"current_hp_per_floor":[75,75,75,75,80,80,74,54,54,50,50,50,50,50,50,74,80,60,60,60,60,58,58,55,55,55,55,55,22,46,46,70,0,0],"gold":243,"neow_bonus":"RANDOM_COMMON_RELIC","is_prod":false,"is_daily":false,"chose_seed":false,"campfire_upgraded":4,"win_rate":0,"timestamp":1607571448,"path_taken":["M","?","M","$","?","R","?","E","T","M","M","R","?","?","R","BOSS","M","M","M","$","M","R","?","M","T","E","?","E","R","?","R","BOSS"],"build_version":"2020-11-30","purchased_purges":1,"victory":false,"max_hp_per_floor":[75,75,75,75,80,80,80,80,80,80,80,80,80,80,80,80,80,80,80,80,80,80,80,80,80,80,80,80,80,80,80,80,80,80],"card_choices":[{"not_picked":["Leap","Turbo"],"picked":"Streamline","floor":1},{"not_picked":["Chaos","Gash"],"picked":"Chill","floor":3},{"not_picked":["Chaos","Reinforced Body"],"picked":"Sweeping Beam","floor":7},{"not_picked":["Sweeping Beam","Beam Cell"],"picked":"Coolheaded","floor":8},{"not_picked":["Static Discharge","Darkness"],"picked":"Glacier","floor":10},{"not_picked":["Conserve Battery","Heatsinks"],"picked":"Coolheaded","floor":11},{"not_picked":["Melter","Leap"],"picked":"Hologram","floor":14},{"not_picked":["Double Energy","Static Discharge"],"picked":"Compile Driver","floor":18},{"not_picked":["White Noise+1","Chill"],"picked":"Barrage+1","floor":19},{"not_picked":["Rebound","Sweeping Beam"],"picked":"Beam Cell+1","floor":20},{"not_picked":["Beam Cell","Scrape"],"picked":"Streamline","floor":22},{"not_picked":["Ball Lightning","Barrage"],"picked":"Hologram+1","floor":24},{"not_picked":["Hologram","Ball Lightning","Static Discharge"],"picked":"SKIP","floor":25},{"not_picked":["Chaos","Self Repair"],"picked":"Auto Shields","floor":27},{"not_picked":["Rainbow","Rebound+1"],"picked":"Stack","floor":29},{"not_picked":["Coolheaded","Conserve Battery"],"picked":"Compile Driver+1","floor":31}],"player_experience":196901,"relics_obtained":[{"floor":7,"key":"Odd Mushroom"},{"floor":8,"key":"Lantern"},{"floor":9,"key":"Pantograph"},{"floor":26,"key":"Omamori"},{"floor":27,"key":"Shovel"},{"floor":29,"key":"FossilizedHelix"}],"event_choices":[{"damage_healed":0,"gold_gain":0,"player_choice":"Ignored","damage_taken":0,"max_hp_gain":0,"max_hp_loss":0,"event_name":"Liars Game","floor":2,"gold_loss":0},{"damage_healed":0,"gold_gain":0,"player_choice":"Donut","damage_taken":0,"max_hp_gain":5,"max_hp_loss":0,"event_name":"Big Fish","floor":5,"gold_loss":0},{"damage_healed":0,"gold_gain":0,"player_choice":"Fought Mushrooms","damage_taken":0,"max_hp_gain":0,"max_hp_loss":0,"event_name":"Mushrooms","floor":7,"gold_loss":0},{"damage_healed":0,"gold_gain":0,"player_choice":"Paid Gold","damage_taken":0,"relics_obtained":["Pen Nib"],"max_hp_gain":0,"max_hp_loss":0,"event_name":"WeMeetAgain","floor":13,"gold_loss":61},{"cards_removed":["Zap"],"damage_healed":0,"gold_gain":0,"player_choice":"Offered Basic","damage_taken":0,"max_hp_gain":0,"max_hp_loss":0,"event_name":"Bonfire Elementals","floor":28,"gold_loss":0}],"is_beta":false,"boss_relics":[{"not_picked":["Calling Bell","Black Star"],"picked":"Pandora\u0027s Box"}],"items_purged_floors":[4],"is_endless":false,"potions_floor_spawned":[7,10,14,16,22,24,25,29],"killed_by":"Collector","ascension_level":1}}