{"host":"drkpql2ocxl3f5d4","time":1607618874,"event":{"mods":["BaseMod","Colored Map","Conspire","StSLib","Hubris","Infinite Spire","Replay The Spire","The Construct","Aspiration","Friendly Minions","Googly Eyes","Halation","Spikes Relics","Energized Spire","READ ME - Guardian Mod","vexMod","Ascension Reborn","Challenge The Spire","Jedi Mod","Minty Spire (QoL Compilation)","Act Like it!","Downfall"],"gold_per_floor":[112,124,124,144,160,160,191,191,191,221,232,252,269,282,282,384,384,396,60,70,89,89,116,136,136,189,205,228,257,277,277,277,376,376,388,439,439,458,468,468,468],"floor_reached":40,"playtime":2560,"items_purged":["Strike_B"],"score":544,"play_id":"82e77df1-6414-4ced-92bb-603f65fe780b","local_time":"20201210174754","is_ascension_mode":false,"campfire_choices":[{"data":"Fusion","floor":6,"key":"SMITH"},{"data":"Zap","floor":8,"key":"SMITH"},{"floor":15,"key":"REST"},{"floor":25,"key":"REST"},{"floor":32,"key":"REST"}],"circlet_count":0,"master_deck":["Strike_B","Strike_B","Strike_B+1","Defend_B","Defend_B","Defend_B","Defend_B","Zap+1","Dualcast","Creative AI+1","Beam Cell+1","Conserve Battery","Fusion+1","ReplayTheSpireMod:Calculation Training","Chill","jedi:BurstFrost","BootSequence","Fission","The Bomb","jedi:BurstFrost","jedi:BurstFrost","infinitespire:Gouge","Buffer","jedi:blockon+1","Chill"],"relics":["Cracked Core","MealTicket","infinitespire:FocusingShard","ReplayFunnel","Sozu","Lantern","infinitespire:CursedDice","Bag of Preparation","vexMod:BarristanHead","Whetstone","hubris:FunFungus","halation:Prosthetics","Art of War","energizedSpire:UnstableMolecules","Bottled Tornado"],"acts_visited":["Exordium","TheCity","TheBeyond"],"potions_floor_usage":[7,10,14,16,21],"damage_taken":[{"damage":1,"enemies":"2 Louse","floor":1,"turns":2},{"damage":1,"enemies":"Cultist","floor":2,"turns":3},{"damage":3,"enemies":"Small Slimes","floor":4,"turns":4},{"damage":9,"enemies":"conspire:2 RoseBushes","floor":5,"turns":7},{"damage":11,"enemies":"Lagavulin","floor":7,"turns":7},{"damage":19,"enemies":"3 Sentries","floor":10,"turns":8},{"damage":2,"enemies":"Exordium Thugs","floor":11,"turns":6},{"damage":5,"enemies":"Looter","floor":12,"turns":5},{"damage":0,"enemies":"3 Louse","floor":13,"turns":3},{"damage":12,"enemies":"2 Fungi Beasts","floor":14,"turns":2},{"damage":0,"enemies":"Fading Forest","floor":16,"turns":11},{"damage":0,"enemies":"Shell Parasite","floor":18,"turns":10},{"damage":2,"enemies":"2 Thieves","floor":20,"turns":3},{"damage":27,"enemies":"3 Cultists","floor":21,"turns":8},{"damage":33,"enemies":"Book of Stabbing","floor":23,"turns":8},{"damage":14,"enemies":"Shelled Parasite and Fungi","floor":24,"turns":7},{"damage":0,"enemies":"Chosen and Byrds","floor":27,"turns":6},{"damage":11,"enemies":"Gremlin Leader","floor":29,"turns":10},{"damage":0,"enemies":"Centurion and Healer","floor":30,"turns":8},{"damage":29,"enemies":"hubris:MusketHawk","floor":33,"turns":11},{"damage":0,"enemies":"3 Shapes","floor":35,"turns":5},{"damage":0,"enemies":"Orb Walker","floor":38,"turns":5},{"damage":0,"enemies":"Maw","floor":39,"turns":9},{"damage":48,"enemies":"Reptomancer","floor":40,"turns":8}],"seed_played":"4751794838834575172","potions_obtained":[{"floor":1,"key":"ColorlessPotion"},{"floor":5,"key":"jedi:tentaclejuice"},{"floor":10,"key":"LiquidMemories"},{"floor":11,"key":"PowerPotion"},{"floor":16,"key":"Fruit Juice"}],"is_trial":false,"path_per_floor":["M","M","?","M","M","R","E","R","T","E","M","M","M","M","R","B",null,"M","$","M","M","?","E","M","R","T","M","T","E","M","AVR","R","B",null,"M","?","AVR","M","M","E"],"character_chosen":"DEFECT","items_purchased":["Lantern","The Bomb"],"campfire_rested":3,"item_purchase_floors":[19,19],"current_hp_per_floor":[74,73,73,70,61,61,50,50,50,31,29,24,24,12,34,39,80,80,80,78,51,51,18,4,28,28,28,28,17,17,17,41,33,45,45,27,27,33,45,0,0],"gold":468,"neow_bonus":"ONE_RANDOM_RARE_CARD","is_daily":false,"chose_seed":false,"campfire_upgraded":2,"win_rate":0,"timestamp":1607618874,"path_taken":["M","M","?","M","M","R","E","R","T","E","M","M","M","M","R","BOSS","M","$","?","M","?","E","M","R","T","M","?","E","?","AVR","R","BOSS","M","?","AVR","M","M","E"],"build_version":"2020-11-30","purchased_purges":1,"victory":false,"max_hp_per_floor":[75,75,75,75,75,75,75,75,75,75,75,75,75,75,75,80,80,80,80,80,80,80,80,80,80,80,80,80,80,80,80,80,80,45,45,45,45,45,45,45,45],"card_choices":[{"not_picked":["Static Discharge","FIFO Queue"],"picked":"Beam Cell","floor":1},{"not_picked":["Compile Driver","Panic Button"],"picked":"Conserve Battery","floor":2},{"not_picked":["Panic Button","Rebound"],"picked":"Fusion","floor":4},{"not_picked":["Rebound","jedi:BurstFrost"],"picked":"ReplayTheSpireMod:Calculation Training","floor":5},{"not_picked":["jedi:markofdeath","FIFO Queue","Amplify"],"picked":"SKIP","floor":7},{"not_picked":["Turbo","Sweeping Beam"],"picked":"Chill","floor":10},{"not_picked":["Redo","Streamline"],"picked":"jedi:BurstFrost","floor":11},{"not_picked":["Redo","Skim","Beam Cell"],"picked":"SKIP","floor":12},{"not_picked":["DiskWipe","jedi:overflow","Darkness"],"picked":"SKIP","floor":13},{"not_picked":["Sweeping Beam","Turbo"],"picked":"BootSequence","floor":14},{"not_picked":["jedi:readyaimfire","Electrodynamics"],"picked":"Fission","floor":16},{"not_picked":["Turbo","RefreshScreen","ReplayGash"],"picked":"SKIP","floor":18},{"not_picked":["Stack","Rebound","Recycle"],"picked":"SKIP","floor":20},{"not_picked":["Rebound","Darkness","Hello World+1"],"picked":"SKIP","floor":21},{"not_picked":["Redo","Turbo"],"picked":"jedi:BurstFrost","floor":23},{"not_picked":["Scrape","Fusion"],"picked":"jedi:BurstFrost","floor":24},{"not_picked":["jedi:BurstFrost","ReplayTheSpireMod:GoodbyeWorld","Redo"],"picked":"SKIP","floor":27},{"not_picked":["ReplayTheSpireMod:GoodbyeWorld","jedi:BurstLightning","Ball Lightning"],"picked":"SKIP","floor":29},{"not_picked":["FIFO Queue","Heatsinks","jedi:BurstLightning"],"picked":"SKIP","floor":30},{"not_picked":["ReplayTheSpireMod:Omega Cannon","jedi:darknesscall"],"picked":"Buffer","floor":33},{"not_picked":["Capacitor+1","FTL+1"],"picked":"jedi:blockon+1","floor":35},{"not_picked":["BasicCrystalCard","Sweeping Beam+1"],"picked":"Chill","floor":36},{"not_picked":["Barrage","jedi:meditation","Reprogram"],"picked":"SKIP","floor":38},{"not_picked":["Turbo+1","Undo+1","jedi:sharpshooter"],"picked":"SKIP","floor":39}],"player_experience":706510,"relics_obtained":[{"floor":7,"key":"MealTicket"},{"floor":9,"key":"infinitespire:FocusingShard"},{"floor":10,"key":"ReplayFunnel"},{"floor":23,"key":"infinitespire:CursedDice"},{"floor":26,"key":"Bag of Preparation"},{"floor":28,"key":"vexMod:BarristanHead"},{"floor":29,"key":"Whetstone"},{"floor":36,"key":"Art of War"}],"event_choices":[{"damage_healed":0,"gold_gain":0,"player_choice":"Upgraded","damage_taken":0,"max_hp_gain":0,"max_hp_loss":0,"event_name":"Upgrade Shrine","floor":3,"gold_loss":0,"cards_upgraded":["Creative AI"]}],"is_beta":false,"boss_relics":[{"not_picked":["CosmicIsotope","aspiration:PoetsPen_weak"],"picked":"Sozu"},{"not_picked":["conspire:SeveredTorchhead","Pandora\u0027s Box"],"picked":"halation:Prosthetics"}],"items_purged_floors":[31],"is_endless":false,"potions_floor_spawned":[1,5,10,11,16,18,24,27,29,30,38,39],"killed_by":"Reptomancer","ascension_level":0}}