{"host":"ocll6kdfqxraqtza","time":1607625056,"event":{"mods":["2.2 Compatiblity","BaseMod","Act Like it!","StSLib","Aspiration","Gensokyo","Hallownest","Hermit","Hubris","Jorbs\u0027s Wanderer Trilogy","Marisa（霧雨　魔理沙）","Minty Spire (QoL Compilation)","Reimu（博??梦）","Replay The Spire","The Bug Knight","The Cursed","The Hierophant","The Runesmith","TheBandit","Wandering Minibosses","vexMod","Better Third Choice","Luminous","The Alterego"],"gold_per_floor":[119,119,44,246,97,97,97,129,201,235,83,83,103,133,133,238,238,254,254,274,292,326,326,86,105,176,176,192,211,211,246,246,349,349,360,377,377,377,190,216,91,11,11,11,42,58,58,75,75,171],"floor_reached":51,"playtime":1772,"items_purged":["Strike_R","Defend_R","Strike_R"],"score":1159,"play_id":"27d97b56-9bdb-42a5-8607-9d1fae0a3d80","local_time":"20201211023056","is_ascension_mode":true,"campfire_choices":[{"data":"aspiration:Lunge","floor":6,"key":"SMITH"},{"data":"Whirlwind","floor":12,"key":"SMITH"},{"data":"True Grit","floor":15,"key":"SMITH"},{"data":"stsjorbsmod:ShrapnelBloom","floor":23,"key":"SMITH"},{"data":"Armaments","floor":27,"key":"SMITH"},{"data":"Discovery","floor":30,"key":"SMITH"},{"data":"Inflame","floor":32,"key":"SMITH"},{"data":"Hallownest:attackMasterDashSlash","floor":44,"key":"SMITH"},{"data":"Eclipse","floor":47,"key":"SMITH"},{"floor":49,"key":"DIG"}],"circlet_count":0,"master_deck":["Defend_R","Defend_R","Bash","ReplayTheSpireMod:Strike From Hell","aspiration:Lunge+1","Dagger Throw","Hidden Blade","Headbutt","Whirlwind+1","Infernal Blade","True Grit+1","Rage","Feed","stsjorbsmod:Sacrifice","stsjorbsmod:ShrapnelBloom+1","Inflame","Second Wind","Replay:Undeath\u0027s Touch+1","Clash","Inflame+1","Discovery+1","Armaments+1","Headbutt+1","Shockwave","Anger+1","Combust+1","Eclipse+1","stsjorbsmod:ProdigalMemory","stsjorbsmod:Blasphemer","Armaments+1","Dark Embrace+1","Metamorphosis","True Grit+1","Hallownest:attackMasterDashSlash+1","Disarm","Flex+1","Intimidate+1","Offering"],"relics":["Burning Blood","NeowsBlessing","vexMod:Cooldron","Replay:WaspNest","aspiration:SeaSaltIceCream","aspiration:Nostalgia","stsjorbsmod:BookOfTrialsRelic","Matryoshka","Sling","aspiration:AnachronicSnailShell","hubris:TerracottaHorce","Red Mask","Blood Vial","Kunai","HollowMod:LifeEnderRelic","Philosopher\u0027s Stone","hubris:Towel","Replay:Rubber Ducky","Garlic","Bag of Marbles","hubris:GlazedTorus","Replay:Baseball","Pocketwatch"],"acts_visited":["Hallownest:Greenpath","TheCity","Hallownest:KingdomsEdge"],"potions_floor_usage":[16,16,16,16,16,16,18,18,18,21,21,21,21,28,29,31,31,31,33,33,33,35,35,35,45,46,46,50,50,50,50],"damage_taken":[{"damage":0,"enemies":"2_ Uuma","floor":1,"turns":1},{"damage":0,"enemies":"Hallownest:eliteMossKnight","floor":8,"turns":1},{"damage":0,"enemies":"Hallownest:eliteCrystalGuardian","floor":10,"turns":1},{"damage":0,"enemies":"Hallownest:monsterHuskWarrior","floor":13,"turns":2},{"damage":0,"enemies":"Hallownest:eliteMossKnight","floor":14,"turns":5},{"damage":58,"enemies":"Hallownest:BossFalseKnight","floor":16,"turns":8},{"damage":4,"enemies":"2 Thieves","floor":18,"turns":2},{"damage":2,"enemies":"Chosen","floor":20,"turns":4},{"damage":0,"enemies":"Centurion and Healer","floor":21,"turns":3},{"damage":0,"enemies":"Masked Bandits","floor":22,"turns":2},{"damage":0,"enemies":"Snake Plant","floor":25,"turns":3},{"damage":12,"enemies":"Shelled Parasite and Fungi","floor":28,"turns":3},{"damage":5,"enemies":"Chosen and Byrds","floor":29,"turns":3},{"damage":5,"enemies":"Book of Stabbing","floor":31,"turns":3},{"damage":27,"enemies":"Pondfish","floor":33,"turns":6},{"damage":8,"enemies":"Hallownest:2_Littles","floor":35,"turns":3},{"damage":3,"enemies":"Hallownest:3_Siblings","floor":36,"turns":3},{"damage":3,"enemies":"Hallownest:eliteCollector","floor":40,"turns":4},{"damage":0,"enemies":"Hallownest:StalkingDevout","floor":45,"turns":4},{"damage":2,"enemies":"Hallownest:2_Soldiers_and_1_Guardian","floor":46,"turns":3},{"damage":9,"enemies":"Hallownest:Xero_Hu_Marmu","floor":48,"turns":3},{"damage":30,"enemies":"Hallownest:BossGreyPrinceZote","floor":50,"turns":6}],"seed_played":"3168942933121346731","potions_obtained":[{"floor":8,"key":"EntropicBrew"},{"floor":14,"key":"EntropicBrew"},{"floor":16,"key":"EntropicBrew"},{"floor":20,"key":"EntropicBrew"},{"floor":29,"key":"EntropicBrew"},{"floor":31,"key":"EntropicBrew"},{"floor":33,"key":"EntropicBrew"},{"floor":36,"key":"EntropicBrew"},{"floor":46,"key":"EntropicBrew"}],"is_trial":false,"path_per_floor":["M","?","$","?","$","R","?","E","T","E","$","R","M","E","R","B",null,"M","?","M","M","?","R","$","M","T","R","M","M","R","E","R","B",null,"M","M","?","T","$","E","$","?","T","R","E","M","R","M","R","B",null],"character_chosen":"IRONCLAD","items_purchased":["vexMod:Cooldron","Sling","Discovery","Armaments","Metamorphosis"],"campfire_rested":0,"item_purchase_floors":[5,11,24,24,39],"current_hp_per_floor":[80,80,80,48,48,48,48,54,54,60,60,60,66,72,72,51,73,78,78,82,86,89,89,89,89,89,89,86,89,89,95,95,74,90,90,95,95,95,95,95,95,95,95,95,95,95,95,92,92,70],"gold":171,"neow_bonus":"THREE_ENEMY_KILL","is_daily":false,"chose_seed":false,"campfire_upgraded":9,"win_rate":0,"timestamp":1607625056,"path_taken":["M","?","$","?","$","R","?","E","T","E","$","R","M","E","R","BOSS","M","?","?","M","?","R","$","M","T","R","M","M","R","E","R","BOSS","M","M","?","?","$","E","?","?","T","R","E","?","R","?","R","BOSS"],"build_version":"2020-11-30","purchased_purges":3,"victory":true,"max_hp_per_floor":[80,80,80,80,80,80,80,80,80,80,80,80,80,80,80,80,80,83,83,83,86,89,89,89,89,89,89,92,92,92,95,95,95,95,95,95,95,95,95,95,95,95,95,95,95,95,95,95,95,95],"card_choices":[{"not_picked":["Thunderclap","Fire Breathing"],"picked":"ReplayTheSpireMod:Strike From Hell","floor":1},{"not_picked":["Warcry","hubris:ReadiedAction"],"picked":"Headbutt","floor":4},{"not_picked":["Feel No Pain","Rupture"],"picked":"Whirlwind","floor":8},{"not_picked":["Shockwave","Body Slam"],"picked":"Infernal Blade","floor":10},{"not_picked":["Iron Wave","Twin Strike"],"picked":"True Grit","floor":13},{"not_picked":["Flex","Rupture"],"picked":"Rage","floor":14},{"not_picked":["Fiend Fire","Bludgeon"],"picked":"Feed","floor":16},{"not_picked":["True Grit+1","Flex"],"picked":"Inflame","floor":18},{"not_picked":["Second Wind","Armaments"],"picked":"Replay:Undeath\u0027s Touch+1","floor":20},{"not_picked":["Twin Strike","Replay:Undeath\u0027s Touch"],"picked":"Clash","floor":21},{"not_picked":["Pommel Strike","Anger"],"picked":"Inflame","floor":22},{"not_picked":["Hemokinesis","hubris:StunningStrike"],"picked":"Headbutt+1","floor":25},{"not_picked":["Warcry","Dark Embrace"],"picked":"Shockwave","floor":28},{"not_picked":["Armaments","Clothesline"],"picked":"Anger+1","floor":29},{"not_picked":["Armaments","Metallicize"],"picked":"Combust+1","floor":31},{"not_picked":["Fiend Fire","Replay:Many Hands"],"picked":"Eclipse","floor":33},{"not_picked":["Run Through+1","Clothesline+1"],"picked":"Armaments+1","floor":35},{"not_picked":["Flex","Impervious"],"picked":"Dark Embrace+1","floor":36},{"not_picked":["Clash","Flex+1"],"picked":"True Grit+1","floor":40},{"not_picked":["Seeing Red","Massacre"],"picked":"Disarm","floor":45},{"not_picked":["hubris:ReadiedAction+1","Thunderclap"],"picked":"Flex+1","floor":46},{"not_picked":["Carnage","Rage"],"picked":"Intimidate+1","floor":48},{"not_picked":["Feed","Fiend Fire"],"picked":"Offering","floor":50}],"player_experience":435427,"relics_obtained":[{"floor":8,"key":"Replay:WaspNest"},{"floor":9,"key":"aspiration:SeaSaltIceCream"},{"floor":10,"key":"Matryoshka"},{"floor":14,"key":"aspiration:AnachronicSnailShell"},{"floor":22,"key":"Red Mask"},{"floor":26,"key":"Blood Vial"},{"floor":26,"key":"Kunai"},{"floor":31,"key":"HollowMod:LifeEnderRelic"},{"floor":38,"key":"Replay:Rubber Ducky"},{"floor":38,"key":"Garlic"},{"floor":40,"key":"Bag of Marbles"},{"floor":43,"key":"hubris:GlazedTorus"},{"floor":45,"key":"Replay:Baseball"},{"floor":49,"key":"Pocketwatch"}],"event_choices":[{"damage_healed":0,"gold_gain":0,"cards_transformed":["Strike_R"],"player_choice":"Transformed","damage_taken":0,"max_hp_gain":0,"max_hp_loss":0,"event_name":"Transmorgrifier","floor":19,"gold_loss":0,"cards_obtained":["Second Wind"]},{"damage_healed":0,"gold_gain":0,"player_choice":"Fought Bandits","damage_taken":0,"max_hp_gain":0,"max_hp_loss":0,"event_name":"Masked Bandits","floor":22,"gold_loss":0}],"is_beta":false,"boss_relics":[{"not_picked":["aspiration:SecretTechniqueScroll","hubris:Backtick"],"picked":"hubris:TerracottaHorce"},{"not_picked":["Calling Bell","Busted Crown"],"picked":"Philosopher\u0027s Stone"}],"items_purged_floors":[3,24,41],"is_endless":false,"potions_floor_spawned":[8,14,16,20,29,31,33,36,46],"ascension_level":1}}