{"host":"dvpvhz1t6etneyb3","time":1607571205,"event":{"gold_per_floor":[214,224,59,59,69,69,100,117,164,191,205,222,222,238,238,238,238],"floor_reached":16,"playtime":789,"items_purged":["Strike_R"],"score":228,"play_id":"d776809c-4389-4d2c-8ad5-3914ea2875b1","local_time":"20201209223325","is_ascension_mode":true,"campfire_choices":[{"data":"Bash","floor":6.0,"key":"SMITH"},{"data":"Spot Weakness","floor":13.0,"key":"SMITH"},{"data":"Feel No Pain","floor":15.0,"key":"SMITH"}],"neow_cost":"NONE","seed_source_timestamp":33025138196599,"circlet_count":0,"master_deck":["AscendersBane","Strike_R","Strike_R","Strike_R","Defend_R","Defend_R","Defend_R","Defend_R","Bash+1","Twin Strike","Cleave","Feel No Pain","Shrug It Off","Iron Wave","Anger","Blood for Blood","Spot Weakness+1","Feel No Pain+1"],"special_seed":0,"relics":["Burning Blood","White Beast Statue","Potion Belt","Red Skull"],"potions_floor_usage":[16,16,16],"damage_taken":[{"damage":19.0,"enemies":"Small Slimes","floor":1.0,"turns":3.0},{"damage":1.0,"enemies":"Cultist","floor":2.0,"turns":3.0},{"damage":7.0,"enemies":"Jaw Worm","floor":5.0,"turns":3.0},{"damage":28.0,"enemies":"Gremlin Nob","floor":7.0,"turns":4.0},{"damage":0.0,"enemies":"Lots of Slimes","floor":8.0,"turns":2.0},{"damage":12.0,"enemies":"Lagavulin","floor":10.0,"turns":7.0},{"damage":3.0,"enemies":"Looter","floor":11.0,"turns":3.0},{"damage":6.0,"enemies":"Red Slaver","floor":12.0,"turns":3.0},{"damage":7.0,"enemies":"3 Louse","floor":14.0,"turns":3.0},{"damage":54,"enemies":"Slime Boss","floor":16,"turns":9}],"seed_played":"4502778466355384388","potions_obtained":[{"floor":1.0,"key":"DuplicationPotion"},{"floor":2.0,"key":"Explosive Potion"},{"floor":5.0,"key":"LiquidMemories"},{"floor":8.0,"key":"DuplicationPotion"},{"floor":10.0,"key":"LiquidMemories"},{"floor":11.0,"key":"SpeedPotion"},{"floor":12.0,"key":"SteroidPotion"},{"floor":14.0,"key":"Regen Potion"}],"is_trial":false,"path_per_floor":["M","M","$","?","M","R","E","M","T","E","M","M","R","M","R","B"],"character_chosen":"IRONCLAD","items_purchased":["Feel No Pain","Shrug It Off"],"campfire_rested":0,"item_purchase_floors":[3,3],"current_hp_per_floor":[55,60,60,60,59,59,37,43,43,37,40,40,40,39,39,0,0],"gold":238,"neow_bonus":"HUNDRED_GOLD","is_prod":false,"is_daily":false,"chose_seed":false,"campfire_upgraded":3,"win_rate":0,"timestamp":1607571205,"path_taken":["M","M","$","?","M","R","E","?","T","E","M","M","R","M","R","BOSS"],"build_version":"2020-11-30","purchased_purges":1,"victory":false,"max_hp_per_floor":[75,75,75,75,75,75,75,75,75,75,75,75,75,75,75,75,75],"card_choices":[{"not_picked":["Feel No Pain","Body Slam"],"picked":"Twin Strike","floor":1.0},{"not_picked":["Battle Trance","Sword Boomerang"],"picked":"Cleave","floor":2.0},{"not_picked":["True Grit","Perfected Strike"],"picked":"Iron Wave","floor":5.0},{"not_picked":["Wild Strike","Perfected Strike"],"picked":"Anger","floor":7.0},{"not_picked":["Barricade","Havoc","Armaments"],"picked":"SKIP","floor":8.0},{"not_picked":["Metallicize","Power Through"],"picked":"Blood for Blood","floor":10.0},{"not_picked":["Dropkick","Clash","Reckless Charge"],"picked":"SKIP","floor":11.0},{"not_picked":["Perfected Strike","Thunderclap"],"picked":"Spot Weakness","floor":12.0},{"not_picked":["Armaments","Body Slam"],"picked":"Feel No Pain","floor":14.0}],"player_experience":1820839,"relics_obtained":[{"floor":7.0,"key":"White Beast Statue"},{"floor":9.0,"key":"Potion Belt"},{"floor":10.0,"key":"Red Skull"}],"event_choices":[{"cards_removed":["Strike_R"],"damage_healed":0.0,"max_hp_gain":0.0,"max_hp_loss":0.0,"gold_gain":0.0,"event_name":"Purifier","player_choice":"Purged","floor":4.0,"gold_loss":0.0,"damage_taken":0.0}],"is_beta":false,"boss_relics":[],"items_purged_floors":[3],"is_endless":false,"potions_floor_spawned":[1,2,5,8,10,11,12,14],"killed_by":"Slime Boss","ascension_level":20}}