{"host":"0o4jkshs65tojivq","time":1607562931,"event":{"gold_per_floor":[115,115,128,128,139,139,169,195,195,54,54,54,79,98,98,171,171,190,105,105,105,123,123,137,137,137,152,163,88,88,98,98,172,172,189,189,189,203,222,222,273,273,297,312,123,134,34,34,34],"floor_reached":48,"playtime":1362,"items_purged":["Self Repair+1","All For One+1"],"score":1062,"play_id":"040a1180-e8ff-474d-82f1-7d0782af3c75","local_time":"20201209171531","is_ascension_mode":true,"campfire_choices":[{"data":"Ball Lightning","floor":6.0,"key":"SMITH"},{"data":"Self Repair","floor":12.0,"key":"SMITH"},{"data":"Electrodynamics","floor":15.0,"key":"SMITH"},{"data":"Defragment","floor":23.0,"key":"SMITH"},{"data":"Ball Lightning","floor":25.0,"key":"SMITH"},{"data":"Impervious","floor":32.0,"key":"SMITH"},{"data":"All For One","floor":40.0,"key":"SMITH"},{"floor":42.0,"key":"REST"}],"neow_cost":"NONE","seed_source_timestamp":0,"circlet_count":0,"master_deck":["AscendersBane","Ball Lightning+1","Thunder Strike+1","Ball Lightning+1","Impervious+1","Defragment+1","Ball Lightning+1","Electrodynamics+1"],"special_seed":0,"relics":["Snecko Eye","Toxic Egg 2","Odd Mushroom","Ornamental Fan","StrikeDummy","Boot","Philosopher\u0027s Stone","Shuriken","Orichalcum","Black Star","Mark of the Bloom","Turnip","Whetstone"],"potions_floor_usage":[48],"damage_taken":[{"damage":0.0,"enemies":"2 Louse","floor":1.0,"turns":2.0},{"damage":0.0,"enemies":"Cultist","floor":3.0,"turns":2.0},{"damage":0.0,"enemies":"Small Slimes","floor":5.0,"turns":2.0},{"damage":0.0,"enemies":"Gremlin Nob","floor":7.0,"turns":2.0},{"damage":9.0,"enemies":"The Mushroom Lair","floor":8.0,"turns":3.0},{"damage":0.0,"enemies":"Lagavulin","floor":13.0,"turns":2.0},{"damage":0.0,"enemies":"Looter","floor":14.0,"turns":2.0},{"damage":0.0,"enemies":"Slime Boss","floor":16.0,"turns":3.0},{"damage":0.0,"enemies":"Spheric Guardian","floor":18.0,"turns":1.0},{"damage":12.0,"enemies":"2 Thieves","floor":22.0,"turns":3.0},{"damage":0.0,"enemies":"Snecko","floor":24.0,"turns":2.0},{"damage":4.0,"enemies":"Shelled Parasite and Fungi","floor":27.0,"turns":3.0},{"damage":0.0,"enemies":"Centurion and Healer","floor":28.0,"turns":3.0},{"damage":8.0,"enemies":"Cultist and Chosen","floor":31.0,"turns":2.0},{"damage":0.0,"enemies":"Automaton","floor":33.0,"turns":4.0},{"damage":4.0,"enemies":"3 Shapes","floor":35.0,"turns":3.0},{"damage":0.0,"enemies":"3 Darklings","floor":38.0,"turns":2.0},{"damage":27.0,"enemies":"Maw","floor":39.0,"turns":3.0},{"damage":25.0,"enemies":"2 Orb Walkers","floor":41.0,"turns":2.0},{"damage":0.0,"enemies":"Transient","floor":44.0,"turns":5.0},{"damage":1,"enemies":"Jaw Worm Horde","floor":46,"turns":2},{"damage":14,"enemies":"Nemesis","floor":48,"turns":2}],"seed_played":"-7399972040001756042","potions_obtained":[{"floor":3.0,"key":"Block Potion"},{"floor":8.0,"key":"Regen Potion"},{"floor":31.0,"key":"DistilledChaos"},{"floor":41.0,"key":"SkillPotion"},{"floor":44.0,"key":"LiquidBronze"},{"floor":46,"key":"Block Potion"}],"is_trial":false,"path_per_floor":["M","?","M","?","M","R","E","?","T","$","?","R","E","M","R","B",null,"M","?","?","?","M","R","M","R","T","M","M","?","?","M","R","B",null,"M","?","?","M","M","R","?","R","T","M","$","M","$","E"],"character_chosen":"DEFECT","items_purchased":["Defragment","Ball Lightning","FairyPotion"],"campfire_rested":1,"item_purchase_floors":[10,10,45],"current_hp_per_floor":[64,64,64,64,64,64,64,55,55,55,37,37,47,47,47,47,65,65,65,65,65,63,63,71,71,71,71,71,71,71,71,71,71,71,71,67,67,67,40,40,15,15,15,15,15,14,14,0,0],"gold":34,"neow_bonus":"BOSS_RELIC","is_prod":false,"is_daily":false,"chose_seed":false,"campfire_upgraded":7,"win_rate":0,"timestamp":1607562931,"path_taken":["M","?","?","?","M","R","E","?","T","$","?","R","E","M","R","BOSS","M","?","?","?","M","R","M","R","T","M","M","?","?","M","R","BOSS","M","?","?","M","M","R","?","R","T","M","$","M","?","E"],"build_version":"2020-11-30","purchased_purges":2,"victory":false,"max_hp_per_floor":[71,71,71,71,71,71,71,71,71,71,71,71,71,71,71,71,71,71,71,71,71,71,71,71,71,71,71,71,71,71,71,71,71,71,71,67,67,67,67,67,67,67,67,67,67,67,67,67,67],"relic_stats":{"Mark of the Bloom":75,"counters":[22,55],"Ornamental Fan":[72],"Shuriken":[15],"Snecko Eye":[74,86,82,85],"Turnip":[0],"Black Star":0,"Whetstone":[],"Orichalcum":[42],"Boot":[32],"obtain_stats":[{"Mark of the Bloom":37,"Whetstone":43,"Odd Mushroom":8,"Orichalcum":26,"Boot":13,"Ornamental Fan":9,"Shuriken":19,"Snecko Eye":0,"Philosopher\u0027s Stone":17,"Turnip":41,"Black Star":34,"Toxic Egg 2":7,"Cracked Core":0,"StrikeDummy":11},{"Mark of the Bloom":16,"Whetstone":19,"Odd Mushroom":5,"Orichalcum":11,"Boot":6,"Ornamental Fan":5,"Shuriken":9,"Snecko Eye":0,"Philosopher\u0027s Stone":8,"Turnip":19,"Black Star":15,"Toxic Egg 2":4,"Cracked Core":0,"StrikeDummy":5},{"Mark of the Bloom":39,"Whetstone":46,"Odd Mushroom":11,"Orichalcum":24,"Boot":13,"Ornamental Fan":11,"Shuriken":19,"Snecko Eye":0,"Philosopher\u0027s Stone":18,"Turnip":46,"Black Star":36,"Toxic Egg 2":8,"Cracked Core":0,"StrikeDummy":11}]},"card_choices":[{"not_picked":["Cold Snap","Go for the Eyes","Blizzard"],"picked":"SKIP","floor":1.0},{"not_picked":["Hologram","Glacier","FTL"],"picked":"SKIP","floor":3.0},{"not_picked":["Cold Snap","Static Discharge","Coolheaded"],"picked":"SKIP","floor":5.0},{"not_picked":["Skim+1","Machine Learning"],"picked":"Self Repair","floor":7.0},{"not_picked":["Stack+1","Go for the Eyes","Hologram+1"],"picked":"SKIP","floor":13.0},{"not_picked":["Conserve Battery+1","Capacitor"],"picked":"Electrodynamics","floor":14.0},{"not_picked":["Blizzard","Conserve Battery+1","Turbo+1"],"picked":"SKIP","floor":18.0},{"not_picked":["Conserve Battery+1","Doom and Gloom","Heatsinks"],"picked":"SKIP","floor":22.0},{"not_picked":["Barrage","Capacitor","Go for the Eyes"],"picked":"SKIP","floor":24.0},{"not_picked":["Heatsinks","Go for the Eyes","Streamline+1"],"picked":"SKIP","floor":27.0},{"not_picked":["Steam+1","Stack+1","Cold Snap"],"picked":"SKIP","floor":28.0},{"not_picked":["FTL","Cold Snap","Hello World"],"picked":"SKIP","floor":31.0},{"not_picked":["Compile Driver","Heatsinks","Gash"],"picked":"SKIP","floor":35.0},{"not_picked":["Redo+1","Tempest+1","Steam+1"],"picked":"SKIP","floor":38.0},{"not_picked":["Rebound+1","Stack+1"],"picked":"All For One","floor":39.0},{"not_picked":["Steam Power+1","Steam+1","Ball Lightning"],"picked":"SKIP","floor":44.0},{"not_picked":["FTL+1","Blizzard+1","Glacier+1"],"picked":"SKIP","floor":46}],"player_experience":1058486,"relics_obtained":[{"floor":7.0,"key":"Toxic Egg 2"},{"floor":8.0,"key":"Odd Mushroom"},{"floor":9.0,"key":"Ornamental Fan"},{"floor":13.0,"key":"Boot"},{"floor":26.0,"key":"Orichalcum"},{"floor":41.0,"key":"Turnip"},{"floor":43.0,"key":"Whetstone"}],"event_choices":[{"damage_healed":0.0,"max_hp_gain":0.0,"max_hp_loss":0.0,"gold_gain":0.0,"event_name":"Upgrade Shrine","player_choice":"Upgraded","floor":2.0,"gold_loss":0.0,"damage_taken":0.0,"cards_upgraded":["Thunder Strike"]},{"damage_healed":0.0,"max_hp_gain":0.0,"max_hp_loss":0.0,"gold_gain":0.0,"event_name":"Living Wall","player_choice":"Grow","floor":4.0,"gold_loss":0.0,"damage_taken":0.0,"cards_upgraded":["Ball Lightning"]},{"damage_healed":0.0,"max_hp_gain":0.0,"max_hp_loss":0.0,"gold_gain":0.0,"event_name":"Mushrooms","player_choice":"Fought Mushrooms","floor":8.0,"gold_loss":0.0,"damage_taken":0.0},{"damage_healed":0.0,"max_hp_gain":0.0,"max_hp_loss":0.0,"gold_gain":0.0,"event_name":"Scrap Ooze","player_choice":"Success","floor":11.0,"gold_loss":0.0,"damage_taken":18.0,"relics_obtained":["StrikeDummy"]},{"damage_healed":0.0,"max_hp_gain":0.0,"max_hp_loss":0.0,"gold_gain":0.0,"event_name":"Addict","player_choice":"Obtained Relic","floor":19.0,"gold_loss":85.0,"damage_taken":0.0,"relics_obtained":["Shuriken"]},{"damage_healed":0.0,"max_hp_gain":0.0,"max_hp_loss":0.0,"gold_gain":0.0,"event_name":"The Mausoleum","player_choice":"Ignored","floor":20.0,"gold_loss":0.0,"damage_taken":0.0},{"damage_healed":0.0,"max_hp_gain":0.0,"max_hp_loss":0.0,"gold_gain":0.0,"event_name":"Vampires","player_choice":"Ignored","floor":21.0,"gold_loss":0.0,"damage_taken":0.0},{"cards_removed":["Ball Lightning"],"damage_healed":0.0,"max_hp_gain":0.0,"max_hp_loss":0.0,"gold_gain":0.0,"event_name":"Beggar","player_choice":"Gave Gold","floor":29.0,"gold_loss":75.0,"damage_taken":0.0},{"damage_healed":0.0,"max_hp_gain":0.0,"max_hp_loss":0.0,"gold_gain":0.0,"event_name":"Back to Basics","player_choice":"Simplicity","floor":30.0,"gold_loss":0.0,"damage_taken":0.0,"cards_upgraded":[]},{"damage_healed":0.0,"max_hp_gain":0.0,"max_hp_loss":4.0,"gold_gain":0.0,"event_name":"Winding Halls","player_choice":"Max HP","floor":36.0,"gold_loss":0.0,"damage_taken":0.0},{"damage_healed":0.0,"max_hp_gain":0.0,"max_hp_loss":0.0,"gold_gain":0.0,"event_name":"MindBloom","player_choice":"Upgrade","floor":37.0,"gold_loss":0.0,"damage_taken":0.0,"cards_upgraded":[],"relics_obtained":["Mark of the Bloom"]},{"damage_healed":0.0,"max_hp_gain":0.0,"max_hp_loss":0.0,"gold_gain":0.0,"event_name":"Mysterious Sphere","player_choice":"Fight","floor":41.0,"gold_loss":0.0,"damage_taken":0.0}],"is_beta":false,"boss_relics":[{"not_picked":["Astrolabe","Velvet Choker"],"picked":"Philosopher\u0027s Stone"},{"not_picked":["Sozu","Calling Bell"],"picked":"Black Star"}],"items_purged_floors":[45,47],"is_endless":false,"potions_floor_spawned":[3,8,14,16,18,22,31,41,44,46],"killed_by":"Nemesis","ascension_level":16}}