{"host":"yuhibl5o0ay6idau","time":1607620431,"event":{"mods":["BaseMod","StSLib","Better Altar","Better Match","Better Note","Better Sensory Stone","Better Skull","Better Third Choice","Colored Map","Replay The Spire","Minty Spire (QoL Compilation)","Aspiration","Conspire"],"gold_per_floor":[99,99,99,99,99,99,129,129,129,160,160,171,188,188,188,188,188],"floor_reached":16,"playtime":187,"items_purged":[],"score":179,"play_id":"f410358e-3113-4e10-b794-687c92e0c755","local_time":"20201210091351","is_ascension_mode":true,"campfire_choices":[{"data":"Strike_B","floor":6,"key":"SMITH"},{"data":"Defend_B","floor":15,"key":"PURGE"}],"circlet_count":0,"master_deck":["Strike_B","Strike_B","Strike_B+1","Strike_B","Defend_B","Defend_B","Defend_B","Zap","Dualcast","Core Surge","BootSequence","Scrape","Barrage"],"relics":["Cracked Core","NeowsBlessing","Pet Ghost","Replay:Rubber Ducky","Replay:Multitool","Orichalcum"],"acts_visited":["Exordium"],"potions_floor_usage":[],"damage_taken":[{"damage":0,"enemies":"Cultist","floor":1,"turns":1},{"damage":0,"enemies":"3 Sentries","floor":7,"turns":1},{"damage":0,"enemies":"Gremlin Nob","floor":10,"turns":1},{"damage":0,"enemies":"2 Louse","floor":12,"turns":2},{"damage":0,"enemies":"Jaw Worm","floor":13,"turns":2},{"damage":0,"enemies":"Slime Boss","floor":16,"turns":1}],"seed_played":"-7098988805003184654","potions_obtained":[{"floor":11,"key":"FairyPotion"},{"floor":11,"key":"EssenceOfSteel"},{"floor":13,"key":"SkillPotion"}],"is_trial":false,"path_per_floor":["M","$","$","?","$","R","E","$","T","E","R","M","M","?","R_BF","B"],"character_chosen":"DEFECT","items_purchased":[],"campfire_rested":0,"item_purchase_floors":[],"current_hp_per_floor":[75,75,75,59,59,59,59,59,59,59,59,59,59,59,59,59,59],"gold":188,"neow_bonus":"THREE_ENEMY_KILL","is_daily":false,"chose_seed":false,"campfire_upgraded":1,"win_rate":0,"timestamp":1607620431,"path_taken":["M","?","$","?","$","R","E","$","T","E","R","?","M","?","R_BF","BOSS"],"build_version":"2020-11-30","purchased_purges":0,"victory":false,"max_hp_per_floor":[75,75,75,75,75,75,75,75,75,75,75,75,75,75,75,75,75],"card_choices":[{"not_picked":["Streamline","Turbo","Hologram"],"picked":"SKIP","floor":1},{"not_picked":["Coolheaded","Undo"],"picked":"Core Surge","floor":7},{"not_picked":["Melter","Hologram"],"picked":"BootSequence","floor":10},{"not_picked":["Rebound","Barrage"],"picked":"Scrape","floor":12},{"not_picked":["Scrape","Conserve Battery"],"picked":"Barrage","floor":13}],"player_experience":361008,"relics_obtained":[{"floor":7,"key":"Replay:Rubber Ducky"},{"floor":9,"key":"Replay:Multitool"},{"floor":10,"key":"Orichalcum"}],"event_choices":[{"damage_healed":0,"gold_gain":0,"player_choice":"RE ","damage_taken":18,"relics_obtained":["Pet Ghost"],"max_hp_gain":0,"max_hp_loss":0,"event_name":"betterSkull:BetterSkull","floor":4,"gold_loss":0,"cards_upgraded":[]},{"damage_healed":0,"gold_gain":1,"player_choice":"LEAVE","damage_taken":0,"max_hp_gain":0,"max_hp_loss":0,"event_name":"betterThird:BetterScrap","floor":14,"gold_loss":0,"cards_obtained":["Sentinel"]}],"is_beta":false,"boss_relics":[],"items_purged_floors":[],"is_endless":false,"potions_floor_spawned":[13],"killed_by":"Slime Boss","ascension_level":3}}