{"host":"ocllwaoi18j60ltd","time":1607615680,"event":{"mods":["BaseMod","Quick Restart","StSLib","SuperFastMode","DeckTracker","Permanent Neow","Minty Spire (QoL Compilation)"],"gold_per_floor":[113,126,137,147,164,164,190,203,203,222,254,254,21,41,41,120,120,94,94,5,5],"floor_reached":20,"playtime":882,"items_purged":["Strike_R"],"score":376,"play_id":"abd2c13d-0b34-4b17-a5da-3690bb77ef59","local_time":"20201211005440","is_ascension_mode":true,"campfire_choices":[{"data":"Inflame","floor":15,"key":"SMITH"}],"circlet_count":0,"master_deck":["AscendersBane","Strike_R","Strike_R","Strike_R","Defend_R","Defend_R","Defend_R","Defend_R","Bash","Ghostly Armor","Pommel Strike","Twin Strike","Power Through","Shrug It Off","Cleave","Shrug It Off","Flex","Uppercut+1","Shrug It Off","Blood for Blood","Inflame+1","Writhe","Dramatic Entrance"],"relics":["Burning Blood","Turnip","Vajra","Bronze Scales","Oddly Smooth Stone","Mark of Pain","Lantern"],"acts_visited":["Exordium","TheCity"],"potions_floor_usage":[7,16],"damage_taken":[{"damage":7,"enemies":"Jaw Worm","floor":1,"turns":5},{"damage":1,"enemies":"Cultist","floor":2,"turns":3},{"damage":3,"enemies":"2 Louse","floor":3,"turns":4},{"damage":7,"enemies":"Looter","floor":4,"turns":4},{"damage":3,"enemies":"Large Slime","floor":5,"turns":6},{"damage":24,"enemies":"3 Sentries","floor":7,"turns":8},{"damage":0,"enemies":"Blue Slaver","floor":8,"turns":4},{"damage":0,"enemies":"Exordium Thugs","floor":10,"turns":4},{"damage":21,"enemies":"Lagavulin","floor":11,"turns":7},{"damage":0,"enemies":"3 Louse","floor":14,"turns":4},{"damage":45,"enemies":"Hexaghost","floor":16,"turns":10},{"damage":11,"enemies":"2 Thieves","floor":18,"turns":4}],"seed_played":"-4225807813324329581","potions_obtained":[{"floor":2,"key":"GamblersBrew"},{"floor":3,"key":"SneckoOil"},{"floor":4,"key":"Explosive Potion"},{"floor":5,"key":"Swift Potion"},{"floor":14,"key":"Weak Potion"},{"floor":16,"key":"SteroidPotion"}],"is_trial":false,"path_per_floor":["M","M","M","M","M","?","E","M","T","M","E","?","$","M","R","B",null,"M","?","$"],"character_chosen":"IRONCLAD","items_purchased":["Oddly Smooth Stone","Dramatic Entrance"],"campfire_rested":0,"item_purchase_floors":[13,20],"current_hp_per_floor":[67,72,75,74,75,75,57,63,63,69,54,54,54,60,60,21,62,57,57,57,57],"gold":5,"neow_bonus":"TRANSFORM_CARD","is_daily":false,"chose_seed":false,"campfire_upgraded":1,"win_rate":0,"timestamp":1607615680,"path_taken":["M","M","M","M","M","?","E","M","T","?","E","?","$","M","R","BOSS","M","?","$"],"build_version":"2020-11-30","purchased_purges":1,"victory":false,"max_hp_per_floor":[75,75,75,75,75,75,75,75,75,75,75,75,75,75,75,75,75,75,75,75,75],"card_choices":[{"not_picked":["True Grit","Rage"],"picked":"Pommel Strike","floor":1},{"not_picked":["Thunderclap","Body Slam"],"picked":"Twin Strike","floor":2},{"not_picked":["Infernal Blade","Body Slam"],"picked":"Power Through","floor":3},{"not_picked":["Armaments","Sword Boomerang"],"picked":"Shrug It Off","floor":4},{"not_picked":["Bloodletting","Feel No Pain"],"picked":"Cleave","floor":5},{"not_picked":["Entrench","Body Slam"],"picked":"Flex","floor":7},{"not_picked":["Bloodletting","Corruption"],"picked":"Uppercut","floor":8},{"not_picked":["Anger","Searing Blow"],"picked":"Shrug It Off","floor":10},{"not_picked":["Reaper","Iron Wave"],"picked":"Blood for Blood","floor":11},{"not_picked":["Rage","Shrug It Off"],"picked":"Inflame","floor":14},{"not_picked":["Power Through","Thunderclap","Wild Strike"],"picked":"SKIP","floor":18}],"player_experience":819266,"relics_obtained":[{"floor":7,"key":"Turnip"},{"floor":9,"key":"Vajra"},{"floor":11,"key":"Bronze Scales"}],"event_choices":[{"damage_healed":0,"gold_gain":0,"player_choice":"1 cards matched","damage_taken":0,"max_hp_gain":0,"max_hp_loss":0,"event_name":"Match and Keep!","floor":6,"gold_loss":0,"cards_obtained":["Shrug It Off"]},{"damage_healed":0,"gold_gain":0,"player_choice":"Grow","damage_taken":0,"max_hp_gain":0,"max_hp_loss":0,"event_name":"Living Wall","floor":12,"gold_loss":0,"cards_upgraded":["Uppercut"]},{"damage_healed":0,"gold_gain":0,"player_choice":"Opened","damage_taken":0,"relics_obtained":["Lantern"],"max_hp_gain":0,"max_hp_loss":0,"event_name":"The Mausoleum","floor":19,"gold_loss":0,"cards_obtained":["Writhe"]}],"is_beta":false,"boss_relics":[{"not_picked":["Runic Pyramid","Cursed Key"],"picked":"Mark of Pain"}],"items_purged_floors":[13],"is_endless":false,"potions_floor_spawned":[2,3,4,5,14,16,18],"ascension_level":20}}