{"host":"qwttrqaysb380yri","time":1607631163,"event":{"mods":["BaseMod","Custom Start","Puzzle Mod","StSLib","The Hierophant","Minty Spire (QoL Compilation)","Relic Stats","The Cursed"],"gold_per_floor":[112,126,145,145,162,197,211,211,261,243,245,262,269,255,255,287,287,299,280,295,308,86,86,81,112,162,62,62,76,111,108,120,92,92],"floor_reached":33,"playtime":1389,"items_purged":["hierophant:Strike_Hierophant","hierophant:Strike_Hierophant"],"score":639,"play_id":"31832f96-a23d-470a-8ac8-b00093b868bf","local_time":"20201210211243","is_ascension_mode":true,"campfire_choices":[{"data":"Discovery","floor":8,"key":"SMITH"},{"floor":15,"key":"REST"},{"data":"hierophant:Exaltation","floor":23,"key":"SMITH"},{"floor":28,"key":"REST"},{"floor":32,"key":"REST"}],"circlet_count":0,"master_deck":["AscendersBane","hierophant:Strike_Hierophant","hierophant:Strike_Hierophant","hierophant:Punish","hierophant:Defend_Hierophant","hierophant:Defend_Hierophant","hierophant:Defend_Hierophant","hierophant:Defend_Hierophant","hierophant:ChurchCoffers","Discovery+1","hierophant:Smite","hierophant:HolyVerse","hierophant:Zeal","hierophant:HolyVerse","hierophant:FieryStrike","hierophant:MorningPrayer","hierophant:Smite","hierophant:Shelter","hierophant:Bribe","hierophant:Exaltation+1","hierophant:Smite","hierophant:DivineIntervention","hierophant:Shelter","hierophant:Chorus+1","hierophant:Exaltation","hierophant:OrnateBuckler","hierophant:Levitation"],"relics":["hierophant:PropheticMaskRelic","Boot","Dream Catcher","StrikeDummy","Bronze Scales","Philosopher\u0027s Stone","Orrery","Mango","Pen Nib","MawBank"],"acts_visited":["Exordium","TheCity"],"potions_floor_usage":[6,6,6,10,13,16,18,19,30,31],"damage_taken":[{"damage":2,"enemies":"Cultist","floor":1,"turns":4},{"damage":3,"enemies":"Small Slimes","floor":2,"turns":4},{"damage":2,"enemies":"2 Louse","floor":3,"turns":2},{"damage":8,"enemies":"Blue Slaver","floor":5,"turns":5},{"damage":5,"enemies":"3 Sentries","floor":6,"turns":3},{"damage":0,"enemies":"2 Fungi Beasts","floor":7,"turns":2},{"damage":21,"enemies":"Lagavulin","floor":10,"turns":7},{"damage":0,"enemies":"Exordium Thugs","floor":11,"turns":2},{"damage":0,"enemies":"3 Louse","floor":12,"turns":1},{"damage":10,"enemies":"3 Sentries","floor":13,"turns":4},{"damage":0,"enemies":"Blue Slaver","floor":14,"turns":3},{"damage":31,"enemies":"The Guardian","floor":16,"turns":12},{"damage":9,"enemies":"Chosen","floor":18,"turns":3},{"damage":1,"enemies":"2 Thieves","floor":19,"turns":3},{"damage":5,"enemies":"Centurion and Healer","floor":20,"turns":2},{"damage":5,"enemies":"Shelled Parasite and Fungi","floor":21,"turns":2},{"damage":8,"enemies":"3 Cultists","floor":24,"turns":5},{"damage":0,"enemies":"Gremlin Leader","floor":25,"turns":2},{"damage":28,"enemies":"Snake Plant","floor":29,"turns":3},{"damage":36,"enemies":"Slavers","floor":30,"turns":4},{"damage":4,"enemies":"Snecko","floor":31,"turns":6},{"damage":27,"enemies":"Automaton","floor":33,"turns":6}],"seed_played":"-9140541665008265045","potions_obtained":[{"floor":1,"key":"SteroidPotion"},{"floor":3,"key":"Energy Potion"},{"floor":4,"key":"EntropicBrew"},{"floor":4,"key":"Explosive Potion"},{"floor":7,"key":"Ancient Potion"},{"floor":12,"key":"PowerPotion"},{"floor":13,"key":"SneckoOil"},{"floor":16,"key":"DistilledChaos"},{"floor":29,"key":"PowerPotion"},{"floor":30,"key":"BlessingOfTheForge"}],"is_trial":false,"path_per_floor":["M","M","M","?","M","E","M","R","T","E","M","M","E","M","R","B",null,"M","M","M","M","$","R","M","E","T","$","R","M","E","M","R","B"],"character_chosen":"HIEROPHANT","items_purchased":["Orrery"],"campfire_rested":3,"item_purchase_floors":[22],"current_hp_per_floor":[66,63,61,61,53,48,48,48,48,27,27,27,17,17,39,8,58,49,48,43,38,38,38,30,44,44,44,70,42,6,2,28,1,1],"gold":92,"neow_bonus":"RANDOM_COLORLESS","is_daily":false,"chose_seed":false,"campfire_upgraded":2,"win_rate":0,"timestamp":1607631163,"path_taken":["M","?","M","?","M","E","M","R","T","E","M","M","E","M","R","BOSS","M","M","?","?","$","R","M","E","T","$","R","?","E","M","R","BOSS"],"build_version":"2020-11-30","purchased_purges":2,"victory":false,"max_hp_per_floor":[75,75,75,75,75,75,75,75,75,75,75,75,75,75,75,75,75,75,75,75,75,75,75,75,89,89,89,89,89,89,89,89,89,89],"relic_stats":{"Dream Catcher":3,"counters":[22,85],"Bronze Scales":[144],"Pen Nib":[2],"Boot":[14],"MawBank":36,"obtain_stats":[{"Dream Catcher":9,"hierophant:PropheticMaskRelic":0,"Bronze Scales":13,"Orrery":22,"Philosopher\u0027s Stone":17,"Mango":25,"Pen Nib":26,"Boot":6,"StrikeDummy":10,"MawBank":30},{"Dream Catcher":6,"hierophant:PropheticMaskRelic":0,"Bronze Scales":10,"Orrery":16,"Philosopher\u0027s Stone":12,"Mango":18,"Pen Nib":18,"Boot":5,"StrikeDummy":7,"MawBank":20},{"Dream Catcher":20,"hierophant:PropheticMaskRelic":0,"Bronze Scales":34,"Orrery":59,"Philosopher\u0027s Stone":49,"Mango":66,"Pen Nib":66,"Boot":18,"StrikeDummy":27,"MawBank":73}]},"card_choices":[{"not_picked":["Madness","Deep Breath"],"picked":"Discovery","floor":0},{"not_picked":["hierophant:RustyCrate","hierophant:Shelter"],"picked":"hierophant:Smite","floor":1},{"not_picked":["hierophant:Patience","hierophant:Chorus"],"picked":"hierophant:HolyVerse","floor":2},{"not_picked":["hierophant:HolyVerse","hierophant:SolarFlare"],"picked":"hierophant:Zeal","floor":3},{"not_picked":["hierophant:Remorse","hierophant:FlamingChariot"],"picked":"hierophant:HolyVerse","floor":5},{"not_picked":["hierophant:Rebuild","hierophant:Prophecy"],"picked":"hierophant:FieryStrike","floor":6},{"not_picked":["hierophant:Remorse","hierophant:Rebuild"],"picked":"hierophant:MorningPrayer","floor":7},{"not_picked":["hierophant:LocustPlague","hierophant:Sermon"],"picked":"hierophant:Smite","floor":10},{"not_picked":["hierophant:Encroach","hierophant:AuricBeam"],"picked":"hierophant:Shelter","floor":11},{"not_picked":["hierophant:FieryStrike","hierophant:Endure"],"picked":"hierophant:Bribe","floor":12},{"not_picked":["hierophant:Rebuild","hierophant:Sermon","hierophant:PassingBell"],"picked":"SKIP","floor":13},{"not_picked":["hierophant:PassingBell","hierophant:Encroach"],"picked":"hierophant:Exaltation","floor":14},{"not_picked":["hierophant:Flagellation","hierophant:DisplayOfPower"],"picked":"hierophant:Smite","floor":15},{"not_picked":["hierophant:Cornucopia","hierophant:Anathema"],"picked":"hierophant:DivineIntervention","floor":16},{"not_picked":["hierophant:FieryStrike","hierophant:Embezzle"],"picked":"hierophant:Shelter","floor":18},{"not_picked":["hierophant:MorningPrayer","hierophant:Zeal"],"picked":"hierophant:Chorus+1","floor":19},{"not_picked":["hierophant:RepressedViolence","hierophant:RustyCrate","hierophant:HammerAndAnvil"],"picked":"SKIP","floor":20},{"not_picked":["hierophant:FlamingChariot","hierophant:RepressedViolence","hierophant:Zeal"],"picked":"SKIP","floor":21},{"not_picked":["hierophant:LocustPlague","hierophant:Embezzle"],"picked":"hierophant:Exaltation","floor":22},{"not_picked":["hierophant:OrnateJavelin","hierophant:Anathema"],"picked":"hierophant:OrnateBuckler","floor":22},{"not_picked":["hierophant:ThreeLashes","hierophant:FlamingChariot","hierophant:SealAway+1"],"picked":"SKIP","floor":24},{"not_picked":["hierophant:SealAway","hierophant:Empathy","hierophant:Purify+1"],"picked":"SKIP","floor":25},{"not_picked":["hierophant:Purify","hierophant:AuricShield","hierophant:Bribe"],"picked":"SKIP","floor":29},{"not_picked":["hierophant:Racketeering","hierophant:Blessing"],"picked":"hierophant:Levitation","floor":30},{"not_picked":["hierophant:ArchangelShield","hierophant:Doomsaying","hierophant:PassingBell+1"],"picked":"SKIP","floor":31}],"player_experience":1801969,"relics_obtained":[{"floor":6,"key":"Boot"},{"floor":9,"key":"Dream Catcher"},{"floor":10,"key":"StrikeDummy"},{"floor":13,"key":"Bronze Scales"},{"floor":25,"key":"Mango"},{"floor":26,"key":"Pen Nib"},{"floor":30,"key":"MawBank"}],"event_choices":[{"damage_healed":0,"gold_gain":0,"player_choice":"Got Potions","damage_taken":0,"max_hp_gain":0,"max_hp_loss":0,"event_name":"Lab","floor":4,"gold_loss":0}],"is_beta":false,"boss_relics":[{"not_picked":["Empty Cage","SlaversCollar"],"picked":"Philosopher\u0027s Stone"}],"items_purged_floors":[22,27],"is_endless":false,"potions_floor_spawned":[1,3,7,12,13,16,29,30],"killed_by":"Automaton","ascension_level":15}}