{"host":"2zt55z1m1j8q763w","time":1607604833,"event":{"gold_per_floor":[111,123,143,156,10,35,35,53,53,53,53,80,80,144,144,249,249,260,272,282,282,293,322,322,421,421,421,124,156,174,74,74,169,169,188,202,32,32,46,63,63,76,76,110,110,129,139,151,151,151,151,151,1,33,33,33],"floor_reached":55,"playtime":7957,"items_purged":["Juggernaut","Strike_R","Bash","Strike_R+1"],"score":776,"play_id":"94b98d72-9411-4b99-b58a-94ee4e7ee58f","local_time":"20201210135353","is_ascension_mode":false,"campfire_choices":[{"data":"Iron Wave","floor":7,"key":"SMITH"},{"data":"Shrug It Off","floor":11,"key":"SMITH"},{"floor":13,"key":"REST"},{"floor":15,"key":"REST"},{"floor":24,"key":"REST"},{"data":"Limit Break","floor":27,"key":"SMITH"},{"floor":32,"key":"REST"},{"data":"Heavy Blade","floor":41,"key":"SMITH"},{"floor":49,"key":"RECALL"},{"data":"Double Tap","floor":52,"key":"SMITH"}],"neow_cost":"NONE","seed_source_timestamp":8892812962900,"circlet_count":0,"master_deck":["Strike_R+1","Defend_R+1","Defend_R","Defend_R","Defend_R","Double Tap+1","Iron Wave+1","Cleave","Shrug It Off+1","Thunderclap+1","Spot Weakness","Limit Break+1","Heavy Blade+1","Thunderclap+1","Body Slam+1","Rage","Cleave+1","Offering","Dropkick+1","Iron Wave+1","Iron Wave+1","Shrug It Off+1","Inflame+1","PanicButton","Intimidate","Iron Wave+1","Flex+1"],"relics":["Burning Blood","Vajra","Potion Belt","Matryoshka","Nunchaku","Du-Vu Doll","Runic Pyramid","Happy Flower","Molten Egg 2","Pen Nib","Peace Pipe","Omamori","Mercury Hourglass","SlaversCollar","Lantern","Whetstone","Incense Burner"],"potions_floor_usage":[16,29,33,35,50,55,55],"damage_taken":[{"damage":1,"enemies":"Small Slimes","floor":1,"turns":3},{"damage":10,"enemies":"Jaw Worm","floor":2,"turns":5},{"damage":0,"enemies":"2 Louse","floor":3,"turns":3},{"damage":5,"enemies":"Looter","floor":4,"turns":4},{"damage":14,"enemies":"3 Sentries","floor":6,"turns":10},{"damage":11,"enemies":"Gremlin Gang","floor":8,"turns":4},{"damage":16,"enemies":"Lagavulin","floor":12,"turns":6},{"damage":23,"enemies":"Lagavulin Event","floor":14,"turns":6},{"damage":33,"enemies":"Hexaghost","floor":16,"turns":10},{"damage":14,"enemies":"Chosen","floor":18,"turns":5},{"damage":21,"enemies":"3 Byrds","floor":19,"turns":6},{"damage":12,"enemies":"Centurion and Healer","floor":20,"turns":6},{"damage":26,"enemies":"Snake Plant","floor":22,"turns":5},{"damage":7,"enemies":"Gremlin Leader","floor":23,"turns":6},{"damage":48,"enemies":"Slavers","floor":29,"turns":4},{"damage":10,"enemies":"Shelled Parasite and Fungi","floor":30,"turns":4},{"damage":28,"enemies":"Collector","floor":33,"turns":9},{"damage":13,"enemies":"3 Darklings","floor":35,"turns":3},{"damage":11,"enemies":"Orb Walker","floor":36,"turns":3},{"damage":20,"enemies":"Sphere and 2 Shapes","floor":39,"turns":3},{"damage":3,"enemies":"4 Shapes","floor":40,"turns":3},{"damage":13,"enemies":"3 Darklings","floor":42,"turns":3},{"damage":23,"enemies":"Reptomancer","floor":44,"turns":3},{"damage":0,"enemies":"Sphere and 2 Shapes","floor":46,"turns":4},{"damage":0,"enemies":"Spire Growth","floor":47,"turns":4},{"damage":7,"enemies":"4 Shapes","floor":48,"turns":3},{"damage":6,"enemies":"Donu and Deca","floor":50,"turns":6},{"damage":36,"enemies":"Shield and Spear","floor":54,"turns":6},{"damage":154,"enemies":"The Heart","floor":55,"turns":8}],"seed_played":"-1229485477329547555","potions_obtained":[{"floor":3,"key":"BloodPotion"},{"floor":6,"key":"FairyPotion"},{"floor":8,"key":"BloodPotion"},{"floor":12,"key":"Regen Potion"},{"floor":14,"key":"Weak Potion"},{"floor":19,"key":"FairyPotion"},{"floor":20,"key":"FairyPotion"},{"floor":30,"key":"AttackPotion"},{"floor":33,"key":"ColorlessPotion"},{"floor":36,"key":"SpeedPotion"},{"floor":47,"key":"Fire Potion"},{"floor":54,"key":"Regen Potion"}],"is_trial":false,"path_per_floor":["M","M","M","M","$","E","R","M","T","?","R","E","R","?","R","B",null,"M","M","M","?","M","E","R","?","T","R","$","E","M","$","R","B",null,"M","M","$","?","M","M","R","M","T","E","?","M","M","M","R","B",null,"R","$","E","B"],"character_chosen":"IRONCLAD","items_purchased":["Vajra","Omamori","Rage","Iron Wave+1"],"campfire_rested":4,"item_purchase_floors":[5,28,28,37],"current_hp_per_floor":[80,76,80,80,80,72,72,67,67,51,51,41,65,48,72,45,80,72,57,51,51,31,30,54,54,54,54,54,28,24,24,48,26,80,73,68,68,68,54,57,57,50,50,33,33,39,45,44,44,44,80,80,80,50,0,0],"gold":33,"neow_bonus":"TRANSFORM_CARD","is_prod":false,"is_daily":false,"chose_seed":false,"campfire_upgraded":5,"win_rate":0,"timestamp":1607604833,"path_taken":["M","M","M","M","$","E","R","M","T","?","R","E","R","?","R","BOSS","M","M","M","?","M","E","R","?","T","R","$","E","M","$","R","BOSS","M","M","$","?","M","M","R","?","T","E","?","M","M","M","R","BOSS","R","$","E","BOSS"],"build_version":"2020-11-30","purchased_purges":4,"victory":false,"max_hp_per_floor":[80,80,80,80,80,80,80,80,80,80,80,80,80,80,80,80,80,80,80,80,80,80,80,80,80,80,80,80,80,80,80,80,80,80,80,80,80,80,80,80,80,80,80,80,80,80,80,80,80,80,80,80,80,80,80,80],"relic_stats":{"Peace Pipe":0,"Nunchaku":[22],"Happy Flower":[25],"counters":[29,145],"Pen Nib":[15],"Whetstone":["Strike_R","Strike_R"],"obtain_stats":[{"Potion Belt":6,"Lantern":43,"Happy Flower":21,"Vajra":5,"Pen Nib":26,"Omamori":28,"Incense Burner":54,"Whetstone":44,"Burning Blood":0,"Mercury Hourglass":29,"Du-Vu Doll":14,"Peace Pipe":26,"SlaversCollar":34,"Nunchaku":12,"Matryoshka":9,"Molten Egg 2":23,"Runic Pyramid":17},{"Potion Belt":5,"Lantern":22,"Happy Flower":12,"Vajra":4,"Pen Nib":14,"Omamori":14,"Incense Burner":28,"Whetstone":23,"Burning Blood":0,"Mercury Hourglass":15,"Du-Vu Doll":8,"Peace Pipe":14,"SlaversCollar":17,"Nunchaku":7,"Matryoshka":6,"Molten Egg 2":14,"Runic Pyramid":9},{"Potion Belt":25,"Lantern":111,"Happy Flower":68,"Vajra":15,"Pen Nib":79,"Omamori":79,"Incense Burner":137,"Whetstone":114,"Burning Blood":0,"Mercury Hourglass":83,"Du-Vu Doll":41,"Peace Pipe":79,"SlaversCollar":96,"Nunchaku":35,"Matryoshka":29,"Molten Egg 2":79,"Runic Pyramid":51}],"Burning Blood":160,"Mercury Hourglass":[266]},"card_choices":[{"not_picked":["Whirlwind","Disarm"],"picked":"Iron Wave","floor":1},{"not_picked":["Clothesline","Clash","Bloodletting"],"picked":"SKIP","floor":2},{"not_picked":["True Grit","Ghostly Armor"],"picked":"Cleave","floor":3},{"not_picked":["Twin Strike","Ghostly Armor"],"picked":"Shrug It Off","floor":4},{"not_picked":["Power Through","True Grit","Combust"],"picked":"SKIP","floor":6},{"not_picked":["Bloodletting","Perfected Strike"],"picked":"Thunderclap","floor":8},{"not_picked":["Metallicize","Clash"],"picked":"Juggernaut","floor":12},{"not_picked":["Carnage","Hemokinesis"],"picked":"Spot Weakness","floor":14},{"not_picked":["Reaper","Brutality"],"picked":"Limit Break","floor":16},{"not_picked":["Intimidate","Rupture+1"],"picked":"Heavy Blade","floor":18},{"not_picked":["Fire Breathing","Battle Trance","Uppercut"],"picked":"SKIP","floor":19},{"not_picked":["Pommel Strike","Flex"],"picked":"Thunderclap+1","floor":20},{"not_picked":["Barricade","Anger","True Grit"],"picked":"SKIP","floor":22},{"not_picked":["Burning Pact","Flex"],"picked":"Body Slam+1","floor":23},{"not_picked":["Dropkick+1","Flame Barrier","Body Slam+1"],"picked":"SKIP","floor":29},{"not_picked":["Body Slam+1","Dual Wield"],"picked":"Cleave+1","floor":30},{"not_picked":["Fiend Fire+1","Double Tap"],"picked":"Offering","floor":33},{"not_picked":["Perfected Strike+1","Second Wind","Cleave+1"],"picked":"SKIP","floor":35},{"not_picked":["Dark Embrace+1","Fire Breathing"],"picked":"Dropkick+1","floor":36},{"not_picked":["Sword Boomerang+1","Cleave+1"],"picked":"Shrug It Off+1","floor":39},{"not_picked":["Twin Strike+1","Blood for Blood+1","Dark Embrace+1"],"picked":"SKIP","floor":40},{"not_picked":["Cleave+1","Rupture+1"],"picked":"Inflame+1","floor":42},{"not_picked":["Heavy Blade+1","Sword Boomerang+1","Headbutt+1"],"picked":"SKIP","floor":44},{"not_picked":["Discovery","Jack Of All Trades"],"picked":"PanicButton","floor":45},{"not_picked":["Fiend Fire+1","Sword Boomerang+1"],"picked":"Intimidate","floor":46},{"not_picked":["Heavy Blade+1","True Grit+1"],"picked":"Iron Wave+1","floor":47},{"not_picked":["Heavy Blade+1","Armaments","Dropkick+1"],"picked":"SKIP","floor":48},{"not_picked":["Dropkick+1","Rampage+1"],"picked":"Flex+1","floor":54}],"player_experience":45757,"relics_obtained":[{"floor":6,"key":"Potion Belt"},{"floor":9,"key":"Matryoshka"},{"floor":12,"key":"Nunchaku"},{"floor":14,"key":"Du-Vu Doll"},{"floor":23,"key":"Molten Egg 2"},{"floor":26,"key":"Pen Nib"},{"floor":26,"key":"Peace Pipe"},{"floor":29,"key":"Mercury Hourglass"},{"floor":43,"key":"Lantern"},{"floor":44,"key":"Whetstone"},{"floor":54,"key":"Incense Burner"}],"event_choices":[{"damage_healed":0,"gold_gain":0,"player_choice":"Entered Light","damage_taken":16,"max_hp_gain":0,"max_hp_loss":0,"event_name":"Shining Light","floor":10,"gold_loss":0,"cards_upgraded":["Thunderclap","Defend_R"]},{"damage_healed":0,"gold_gain":0,"player_choice":"Searched \u00271\u0027 times","damage_taken":0,"max_hp_gain":0,"max_hp_loss":0,"event_name":"Dead Adventurer","floor":14,"gold_loss":0},{"damage_healed":0,"gold_gain":0,"player_choice":"Opened","damage_taken":0,"relics_obtained":["Happy Flower"],"max_hp_gain":0,"max_hp_loss":0,"event_name":"The Mausoleum","floor":21,"gold_loss":0},{"damage_healed":0,"gold_gain":99,"player_choice":"Stole From Cult","damage_taken":0,"max_hp_gain":0,"max_hp_loss":0,"event_name":"Nest","floor":25,"gold_loss":0},{"cards_removed":["Strike_R"],"damage_healed":0,"gold_gain":0,"player_choice":"Took Card","damage_taken":0,"max_hp_gain":0,"max_hp_loss":0,"event_name":"NoteForYourself","floor":38,"gold_loss":0,"cards_obtained":["Iron Wave"]},{"damage_healed":0,"gold_gain":0,"player_choice":"Memory 1","damage_taken":0,"max_hp_gain":0,"max_hp_loss":0,"event_name":"SensoryStone","floor":45,"gold_loss":0}],"is_beta":false,"boss_relics":[{"not_picked":["Velvet Choker","Fusion Hammer"],"picked":"Runic Pyramid"},{"not_picked":["Snecko Eye","Tiny House"],"picked":"SlaversCollar"}],"items_purged_floors":[28,31,37,53],"is_endless":false,"potions_floor_spawned":[3,6,8,12,14,19,20,30,33,36,40,47,48,54],"killed_by":"The Heart","ascension_level":0}}