{"host":"8b6x5jh5dgxmxtlw","time":1607605117,"event":{"gold_per_floor":[112,112,4,22,22,33,33,65,65,77,109,128,128,128,128,232,232,248,248,248,266,266,266,266],"floor_reached":23,"playtime":1554,"items_purged":[],"score":199,"play_id":"491950da-225a-4ffe-94f3-7b3b87b58912","local_time":"20201210075837","is_ascension_mode":false,"campfire_choices":[{"floor":13.0,"key":"REST"},{"floor":15.0,"key":"REST"}],"neow_cost":"NONE","seed_source_timestamp":0,"circlet_count":0,"master_deck":["Strike_G","Strike_G","Strike_G","Strike_G","Strike_G","Defend_G","Defend_G","Defend_G","Defend_G","Defend_G","Survivor","Neutralize","Acrobatics","Burn","hubris:Counter","Deadly Poison","Deadly Poison","Deadly Poison","Replay:Bag of Tricks","Acrobatics","Calculated Gamble","Catalyst","Master of Strategy","Replay:Bag of Tricks","PiercingWail"],"special_seed":0,"relics":["Ring of the Snake","hubris:Icosahedron","infinitespire:Lucky Rock","hubris:DeckOfHolding","Juzu Bracelet","conspire:SpecialSausage"],"potions_floor_usage":[23,23,23],"damage_taken":[{"damage":2.0,"enemies":"Cultist","floor":1.0,"turns":4.0},{"damage":4.0,"enemies":"Jaw Worm","floor":4.0,"turns":5.0},{"damage":7.0,"enemies":"Small Slimes","floor":6.0,"turns":4.0},{"damage":26.0,"enemies":"Lagavulin","floor":8.0,"turns":5.0},{"damage":0.0,"enemies":"Blue Slaver","floor":10.0,"turns":3.0},{"damage":10.0,"enemies":"Gremlin Nob","floor":11.0,"turns":3.0},{"damage":7.0,"enemies":"Looter","floor":12.0,"turns":3.0},{"damage":13.0,"enemies":"The Guardian","floor":16.0,"turns":7.0},{"damage":0.0,"enemies":"Chosen","floor":18.0,"turns":4.0},{"damage":25.0,"enemies":"3 Byrds","floor":21.0,"turns":6.0},{"damage":45,"enemies":"Slavers","floor":23,"turns":5}],"seed_played":"-8250785498643167148","potions_obtained":[{"floor":0.0,"key":"conspire:TimeTravelPotion"},{"floor":0.0,"key":"Poison Potion"},{"floor":0.0,"key":"Milkshake"},{"floor":8.0,"key":"Fire Potion"},{"floor":10.0,"key":"Explosive Potion"},{"floor":11.0,"key":"Milkshake"},{"floor":22.0,"key":"Languid Potion"},{"floor":22.0,"key":"EssenceOfSteel"}],"is_trial":false,"path_per_floor":["M","?","$","M","$","M","?","E","T","M","E","M","R","?","R","B",null,"M","?","?","M","?","E"],"character_chosen":"THE_SILENT","items_purchased":["hubris:Counter","Deadly Poison"],"campfire_rested":2,"item_purchase_floors":[3,3],"current_hp_per_floor":[68,68,68,64,64,57,57,44,44,44,34,27,48,48,69,56,70,70,70,70,45,45,0,0],"gold":266,"neow_bonus":"THREE_SMALL_POTIONS","is_prod":false,"is_daily":false,"chose_seed":false,"campfire_upgraded":0,"win_rate":0.0,"timestamp":1607605117,"path_taken":["M","?","$","M","$","M","?","E","T","M","E","M","R","?","R","BOSS","M","?","?","M","?","E"],"build_version":"2020-11-30","purchased_purges":0,"victory":false,"max_hp_per_floor":[70,70,70,70,70,70,70,70,70,70,70,70,70,70,70,70,70,70,70,70,70,70,70,70],"card_choices":[{"not_picked":["Underhanded Strike","Quick Slash"],"picked":"Acrobatics","floor":1.0},{"not_picked":["Dodge and Roll","Quick Slash"],"picked":"Deadly Poison","floor":4.0},{"not_picked":["Poisoned Stab","Acrobatics"],"picked":"Deadly Poison","floor":6.0},{"not_picked":["StuffTheSpire:ClusterCrunch","Hidden Blade"],"picked":"Replay:Bag of Tricks","floor":8.0},{"not_picked":["Calculated Gamble","PiercingWail"],"picked":"Acrobatics","floor":10.0},{"not_picked":["StuffTheSpire:BumpUp","ReplayTheSpireMod:Tripwire"],"picked":"Calculated Gamble","floor":11.0},{"not_picked":["Choke","aspiration:Lunge"],"picked":"Catalyst","floor":12.0},{"not_picked":["Crow Ritual","Panacea"],"picked":"Master of Strategy","floor":14.0},{"not_picked":["Atom Bomb","Venomology"],"picked":"Replay:Bag of Tricks","floor":16.0},{"not_picked":["Distraction","StuffTheSpire:ClusterCrunch","StuffTheSpire:Python"],"picked":"SKIP","floor":18.0},{"not_picked":["Slice","hubris:SlightOfHand"],"picked":"PiercingWail","floor":21.0}],"player_experience":87643,"relics_obtained":[{"floor":8.0,"key":"infinitespire:Lucky Rock"},{"floor":9.0,"key":"hubris:DeckOfHolding"},{"floor":11.0,"key":"Juzu Bracelet"}],"event_choices":[{"damage_healed":68.0,"max_hp_gain":0.0,"max_hp_loss":70.0,"gold_gain":0.0,"event_name":"betterThird:BetterShining","player_choice":"Embrace Burn","floor":2.0,"gold_loss":0.0,"damage_taken":0.0},{"damage_healed":0.0,"max_hp_gain":0.0,"max_hp_loss":0.0,"gold_gain":1.0,"event_name":"betterStone:BetterStone","player_choice":"1","floor":14.0,"gold_loss":0.0,"damage_taken":0.0},{"cards_removed":["Burn"],"damage_healed":0.0,"max_hp_gain":0.0,"max_hp_loss":0.0,"gold_gain":0.0,"event_name":"betterNote:BetterNote","player_choice":"Give","floor":19.0,"gold_loss":0.0,"damage_taken":0.0,"cards_obtained":["None"]},{"damage_healed":0.0,"max_hp_gain":0.0,"max_hp_loss":0.0,"gold_gain":0.0,"event_name":"Lab","player_choice":"Got Potions","floor":22.0,"gold_loss":0.0,"damage_taken":0.0}],"is_beta":false,"boss_relics":[{"not_picked":["Ring of Chaos","Tiny House"],"picked":"conspire:SpecialSausage"}],"items_purged_floors":[],"is_endless":false,"potions_floor_spawned":[8,10,11],"killed_by":"Slavers","ascension_level":0}}