{"host":"fq9q35as5g8xdsoo","time":1607572295,"event":{"gold_per_floor":[112,132,74,91,105,105,136,151,151,171,171,101,101,116,116,220,220,230,480,493,493,493],"floor_reached":21,"playtime":2189,"items_purged":[],"score":183,"play_id":"d37b5436-fc3b-4b92-8903-f2a703a3524d","local_time":"20201209195135","is_ascension_mode":false,"campfire_choices":[{"data":"ReapSow","floor":6,"key":"SMITH"}],"neow_cost":"NONE","seed_source_timestamp":592448415894300,"circlet_count":0,"master_deck":["Accelerando+1","Allegro+1","Moderato+1","Allegretto+1","Adagio+1","Strike_Br","Strike_Br","Strike_Br","Strike_Br","Defend_Br","Defend_Br","Defend_Br+1","Defend_Br","SecondHand","PatternShift+1","ReapSow+10","WindUp","HandsUpC","BeatsPerMinute+1","LockedThread","Break","LockedBlood","AlternateTimeline","Pendulum","PrimeTime+1","ExoVibe"],"relics":["Chronometer","Hammer of Thor","Seething Fire","Anvil of the Gods","Sling","Blue Candle","Peace Pipe","hubris:Towel","hubris:Icosahedron","energizedSpire:MagnifyingGlass"],"potions_floor_usage":[],"damage_taken":[{"damage":0,"enemies":"Gensokyo:2_Kodama","floor":1,"turns":4},{"damage":0,"enemies":"Gensokyo:3_Fairies","floor":2,"turns":4},{"damage":2,"enemies":"Gensokyo:Gryphon","floor":4,"turns":3},{"damage":9,"enemies":"Gensokyo:3_Kodama","floor":5,"turns":4},{"damage":13,"enemies":"Gensokyo:Aya","floor":7,"turns":9},{"damage":0,"enemies":"Gensokyo:2_Rabbits","floor":8,"turns":8},{"damage":0,"enemies":"Gensokyo:VengefulSpirit","floor":10,"turns":5},{"damage":7,"enemies":"Gensokyo:Kitsune","floor":14,"turns":6},{"damage":9,"enemies":"Gensokyo:Kokoro","floor":16,"turns":13},{"damage":19,"enemies":"Gensokyo:CosmicMonolith","floor":18,"turns":19},{"damage":29,"enemies":"Gensokyo:3_Dogs","floor":20,"turns":7},{"damage":30,"enemies":"Gensokyo:Chomper_and_Gloop","floor":21,"turns":5}],"seed_played":"4100982832632454888","potions_obtained":[{"floor":1,"key":"Dota2Spire:HealingSalve"},{"floor":5,"key":"Languid Potion"},{"floor":7,"key":"Strength Potion"}],"is_trial":false,"path_per_floor":["M","M","$","M","M","R","E","M","T","M","?","?","?","M","R_BF","B",null,"M","?","M","M"],"character_chosen":"CHRONO_CLASS","items_purchased":["Sling"],"campfire_rested":0,"item_purchase_floors":[3],"current_hp_per_floor":[65,65,65,63,54,54,41,41,41,41,41,41,41,64,65,62,65,49,49,26,0,0],"gold":493,"neow_bonus":"THREE_CARDS","is_prod":false,"is_daily":false,"chose_seed":false,"campfire_upgraded":1,"win_rate":0.0,"timestamp":1607572295,"path_taken":["M","M","$","M","M","R","E","M","T","M","?","?","?","M","R_BF","BOSS","M","?","M","M"],"build_version":"2020-11-30","purchased_purges":0,"victory":false,"max_hp_per_floor":[65,65,65,65,65,65,65,65,65,65,65,65,65,65,65,65,65,65,62,62,62,62],"card_choices":[{"not_picked":["AlternateTimeline","PrimeTime"],"picked":"ReapSow","floor":0},{"not_picked":["LockedMawBank","Keepsakes"],"picked":"WindUp","floor":1},{"not_picked":["Recurrance","ShortSighted"],"picked":"HandsUpC","floor":2},{"not_picked":["EscortCommand","FormalWear","Engulf"],"picked":"SKIP","floor":4},{"not_picked":["LockedWarPaint","WakeUpCall"],"picked":"BeatsPerMinute","floor":5},{"not_picked":["LockedMedicine","ExoVibe"],"picked":"LockedThread","floor":7},{"not_picked":["Tempo","WakeUpCall"],"picked":"Break","floor":8},{"not_picked":["FormalWear","Engulf"],"picked":"LockedBlood","floor":10},{"not_picked":["Facsimile","Stagnate"],"picked":"AlternateTimeline","floor":14},{"not_picked":["Chronoelasticity","OracleForm"],"picked":"Pendulum","floor":16},{"not_picked":["LockedScales","BiteCommand"],"picked":"PrimeTime+1","floor":18},{"not_picked":["LockedOrichalcum","Tempo"],"picked":"ExoVibe","floor":20}],"player_experience":914653,"relics_obtained":[{"floor":7,"key":"Blue Candle"},{"floor":9,"key":"Peace Pipe"}],"event_choices":[],"is_beta":false,"boss_relics":[{"not_picked":["energizedSpire:SpiderWeb","energizedSpire:NeverEndingSparkler"],"picked":"energizedSpire:MagnifyingGlass"}],"items_purged_floors":[],"is_endless":false,"potions_floor_spawned":[1,5,7,8,20],"killed_by":"Gensokyo:Chomper_and_Gloop","ascension_level":0}}