{"host":"jrmqsbok61y7b34d","time":1607639245,"event":{"mods":["BaseMod","StSLib","Colored Map","Unceasing Turn Reminder","Colored Powertips","Minty Spire (QoL Compilation)","Quick Restart","Relic Stats","Emptier Cage","Permanent Neow"],"gold_per_floor":[113,127,30,50,0,28,93,136,136,173,187,210,239,249,249,363,363,380,397,397,406,406,445,445,445,445],"floor_reached":25,"playtime":1487,"items_purged":[],"score":469,"play_id":"6c01ce5e-f84f-48b4-859e-96d13d24a027","local_time":"20201210222725","is_ascension_mode":true,"campfire_choices":[{"data":"Defragment","floor":15.0,"key":"SMITH"},{"data":"Fission","floor":24,"key":"SMITH"}],"circlet_count":0,"master_deck":["AscendersBane","Strike_B","Defend_B","Defend_B","Defend_B+1","Defend_B","Zap","Dualcast+1","Ball Lightning","Ball Lightning","Cold Snap","Ball Lightning","Defragment+1","Leap","Coolheaded","Glacier","Fission+1","RitualDagger","Self Repair"],"special_seed":0,"relics":["Cracked Core","PreservedInsect","HornCleat","CeramicFish","Lantern","War Paint","Inserter","Shuriken","Blue Candle","Nunchaku"],"acts_visited":["Exordium","TheCity"],"potions_floor_usage":[23],"damage_taken":[{"damage":7.0,"enemies":"Jaw Worm","floor":1.0,"turns":4.0},{"damage":0.0,"enemies":"Small Slimes","floor":2.0,"turns":3.0},{"damage":0.0,"enemies":"Cultist","floor":4.0,"turns":2.0},{"damage":8.0,"enemies":"Lagavulin","floor":6.0,"turns":6.0},{"damage":10.0,"enemies":"3 Sentries","floor":7.0,"turns":4.0},{"damage":5.0,"enemies":"3 Sentries","floor":8.0,"turns":4.0},{"damage":14.0,"enemies":"Lagavulin","floor":10.0,"turns":5.0},{"damage":0.0,"enemies":"Looter","floor":11.0,"turns":2.0},{"damage":0.0,"enemies":"Lots of Slimes","floor":12.0,"turns":4.0},{"damage":0.0,"enemies":"Large Slime","floor":13.0,"turns":4.0},{"damage":0.0,"enemies":"Exordium Wildlife","floor":14.0,"turns":3.0},{"damage":0.0,"enemies":"Slime Boss","floor":16.0,"turns":6.0},{"damage":0.0,"enemies":"Shell Parasite","floor":18.0,"turns":6.0},{"damage":0.0,"enemies":"2 Thieves","floor":19.0,"turns":4.0},{"damage":40,"enemies":"Gremlin Leader","floor":23,"turns":7},{"damage":18,"enemies":"Cultist and Chosen","floor":25,"turns":4}],"seed_played":"-760123356117017926","potions_obtained":[{"floor":1.0,"key":"Weak Potion"},{"floor":8.0,"key":"Regen Potion"},{"floor":11.0,"key":"PotionOfCapacity"},{"floor":13.0,"key":"BlessingOfTheForge"},{"floor":18.0,"key":"BlessingOfTheForge"}],"is_trial":false,"path_per_floor":["M","M","$","M","?","E","?","E","T","E","M","M","M","M","R","B",null,"M","M","?","?","T","E","R","M"],"character_chosen":"DEFECT","items_purchased":["CultistPotion"],"campfire_rested":0,"item_purchase_floors":[3],"current_hp_per_floor":[61,61,61,61,61,53,43,38,38,38,38,38,38,38,38,38,61,61,61,61,55,55,15,15,0,0],"gold":445,"neow_bonus":"REMOVE_TWO","is_daily":false,"chose_seed":false,"campfire_upgraded":2,"win_rate":0,"timestamp":1607639245,"path_taken":["M","M","$","M","?","E","?","E","T","E","M","M","M","M","R","BOSS","M","M","?","?","?","E","R","M"],"build_version":"2020-11-30","purchased_purges":0,"victory":false,"max_hp_per_floor":[68,68,68,68,68,68,68,68,68,68,68,68,68,68,68,68,68,68,68,68,68,68,68,68,68,68],"relic_stats":{"Nunchaku":[0],"Inserter":[10],"counters":[16,68],"Shuriken":[2],"CeramicFish":63,"Blue Candle":[0],"PreservedInsect":143,"War Paint":["Defend_B","Dualcast"],"obtain_stats":[{"Lantern":9,"Nunchaku":23,"HornCleat":7,"Inserter":17,"Shuriken":20,"CeramicFish":8,"Blue Candle":22,"PreservedInsect":6,"War Paint":10,"Cracked Core":0},{"Lantern":6,"Nunchaku":15,"HornCleat":5,"Inserter":12,"Shuriken":14,"CeramicFish":6,"Blue Candle":14,"PreservedInsect":4,"War Paint":7,"Cracked Core":0},{"Lantern":23,"Nunchaku":64,"HornCleat":19,"Inserter":47,"Shuriken":57,"CeramicFish":23,"Blue Candle":57,"PreservedInsect":15,"War Paint":28,"Cracked Core":0}]},"card_choices":[{"not_picked":["Go for the Eyes","Gash"],"picked":"Ball Lightning","floor":1.0},{"not_picked":["Barrage","Blizzard"],"picked":"Ball Lightning","floor":2.0},{"not_picked":["Beam Cell","Hologram"],"picked":"Cold Snap","floor":4.0},{"not_picked":["Auto Shields","Stack"],"picked":"Ball Lightning","floor":6.0},{"not_picked":["Conserve Battery","Multi-Cast"],"picked":"Defragment","floor":8.0},{"not_picked":["Doom and Gloom","Darkness"],"picked":"Leap","floor":10.0},{"not_picked":["Hologram","Steam","Redo"],"picked":"SKIP","floor":11.0},{"not_picked":["Compile Driver","Double Energy"],"picked":"Coolheaded","floor":12.0},{"not_picked":["Redo","Beam Cell"],"picked":"Glacier","floor":13.0},{"not_picked":["Redo","Go for the Eyes","Beam Cell"],"picked":"SKIP","floor":14.0},{"not_picked":["Thunder Strike","Reboot"],"picked":"Fission","floor":16.0},{"not_picked":["Steam","Self Repair","Sweeping Beam"],"picked":"SKIP","floor":18.0},{"not_picked":["Conserve Battery","Cold Snap+1","Go for the Eyes"],"picked":"SKIP","floor":19.0},{"not_picked":["Thunder Strike","Doom and Gloom"],"picked":"Self Repair","floor":23}],"player_experience":901084,"relics_obtained":[{"floor":6.0,"key":"PreservedInsect"},{"floor":7.0,"key":"HornCleat"},{"floor":8.0,"key":"CeramicFish"},{"floor":9.0,"key":"Lantern"},{"floor":10.0,"key":"War Paint"},{"floor":22.0,"key":"Blue Candle"},{"floor":23,"key":"Nunchaku"}],"event_choices":[{"cards_removed":["Strike_B"],"damage_healed":0.0,"max_hp_gain":0.0,"max_hp_loss":0.0,"gold_gain":0.0,"event_name":"The Cleric","player_choice":"Card Removal","floor":5.0,"gold_loss":50.0,"damage_taken":0.0},{"damage_healed":0.0,"max_hp_gain":0.0,"max_hp_loss":0.0,"gold_gain":0.0,"event_name":"Dead Adventurer","player_choice":"Searched \u00271\u0027 times","floor":7.0,"gold_loss":0.0,"damage_taken":0.0},{"damage_healed":0.0,"max_hp_gain":0.0,"max_hp_loss":0.0,"gold_gain":0.0,"event_name":"The Mausoleum","player_choice":"Opened","floor":20.0,"gold_loss":0.0,"damage_taken":0.0,"relics_obtained":["Shuriken"]},{"damage_healed":0.0,"max_hp_gain":0.0,"max_hp_loss":0.0,"gold_gain":0.0,"event_name":"Nest","player_choice":"Joined the Cult","floor":21.0,"gold_loss":0.0,"damage_taken":6.0,"cards_obtained":["RitualDagger"]}],"is_beta":false,"boss_relics":[{"not_picked":["Ectoplasm","Velvet Choker"],"picked":"Inserter"}],"items_purged_floors":[],"is_endless":false,"potions_floor_spawned":[1,4,8,11,13,18],"killed_by":"Cultist and Chosen","ascension_level":12}}