{"host":"kux12pw67lc1ca9q","time":1607564739,"event":{"gold_per_floor":[119,119,32,32,32,32,45,45,45,45,71,87,87,86,86,159,159,158,83,83,83,83,83],"floor_reached":22,"playtime":911,"items_purged":[],"score":375,"play_id":"3df09d9f-df70-4318-974e-a830ad4aa305","local_time":"20201210014539","is_ascension_mode":true,"campfire_choices":[{"data":"DoomBlade","floor":6.0,"key":"SMITH"},{"data":"Hexguard","floor":8.0,"key":"SMITH"},{"data":"Athame","floor":13.0,"key":"SMITH"},{"floor":15.0,"key":"REST"}],"neow_cost":"PERCENT_DAMAGE","seed_source_timestamp":378894293854100,"circlet_count":0,"master_deck":["AscendersBane","Strike_Witch","Strike_Witch","Strike_Witch","Strike_Witch","Hexguard+1","ZombieSpit","DoomBlade+1","WickedThoughts","Clumsy","Gensokyo:AllTheWorldsEvil","ReplayTheSpireMod:Haul","Decrepify","Hallownest:skillLeafShield","Hallownest:skillLeafShield","Hallownest:skillLeafShield","Hallownest:skillLeafShield","Hallownest:skillLeafShield","BoneCarving","IllOmen","Athame+1","RoilingBarrier","SummonToadFamiliar+1","GrimVengeance"],"special_seed":0,"relics":["BlackCat","Eternal Feather","aspiration:Lifesprig","vexMod:DeviousBotling"],"potions_floor_usage":[18],"damage_taken":[{"damage":7.0,"enemies":"Hallownest:monsterHuskWarrior","floor":1.0,"turns":4.0},{"damage":0.0,"enemies":"Hallownest:2_Baldur","floor":7.0,"turns":3.0},{"damage":2.0,"enemies":"Hallownest:eliteMossKnight","floor":11.0,"turns":6.0},{"damage":2.0,"enemies":"Hallownest:2_Tiktiks_and_1_Crawlid","floor":12.0,"turns":3.0},{"damage":21.0,"enemies":"Hallownest:1_Ooma_and_2_Uuma","floor":14.0,"turns":4.0},{"damage":40.0,"enemies":"Hallownest:BossFalseKnight","floor":16.0,"turns":9.0},{"damage":38,"enemies":"theJungle:MUSHROOMGANG","floor":18,"turns":8},{"damage":0,"enemies":"theJungle:Flameango_and_Byrd","floor":22,"turns":1}],"seed_played":"-7092002175288253693","potions_obtained":[{"floor":1.0,"key":"ZuzhouPotion:ReiMu"},{"floor":12.0,"key":"Weak Potion"},{"floor":16.0,"key":"potionbrewer:NoxiousPotion"}],"is_trial":false,"path_per_floor":["M","?","$","?","?","R","M","R","T","$","E","M","R","M","R","B",null,"M","$","?","?","M"],"character_chosen":"WITCH","items_purchased":["Decrepify","GrimVengeance"],"campfire_rested":1,"item_purchase_floors":[3,19],"current_hp_per_floor":[35,35,35,38,38,38,38,38,38,38,36,34,46,25,55,15,51,13,13,13,13,13,13],"gold":83,"neow_bonus":"THREE_RARE_CARDS","is_prod":false,"is_daily":false,"chose_seed":false,"campfire_upgraded":3,"win_rate":0,"timestamp":1607564739,"path_taken":["M","?","$","?","?","R","M","R","T","$","E","?","R","M","R","BOSS","M","$","?","?","?"],"build_version":"2020-11-30","purchased_purges":0,"victory":false,"max_hp_per_floor":[63,63,63,63,63,63,63,63,63,63,63,63,63,63,63,63,63,63,63,63,63,63,63],"card_choices":[{"not_picked":["DeliriumForm","DarkProcession"],"picked":"DoomBlade","floor":0.0},{"not_picked":["Pillage","Bewitch"],"picked":"WickedThoughts","floor":1.0},{"not_picked":["infinitespire:SealOfDarkness+","infinitespire:UltimateForm"],"picked":"ReplayTheSpireMod:Haul","floor":2.0},{"not_picked":["WretchedNails","MementoMori"],"picked":"BoneCarving","floor":7.0},{"not_picked":["Harmlessness","SkullFlask"],"picked":"IllOmen","floor":11.0},{"not_picked":["GhoulTouch","SkullFlask"],"picked":"Athame","floor":12.0},{"not_picked":["MementoMori","Broomstick"],"picked":"RoilingBarrier","floor":14.0},{"not_picked":["DarkProcession","SummonRavenFamiliar"],"picked":"SummonToadFamiliar","floor":16.0},{"not_picked":["MortusClaw","SummonToadFamiliar","Shrooms"],"picked":"SKIP","floor":18}],"player_experience":1325202,"relics_obtained":[{"floor":9.0,"key":"Eternal Feather"},{"floor":11.0,"key":"aspiration:Lifesprig"}],"event_choices":[{"damage_healed":0,"gold_gain":0,"player_choice":"Upgraded","damage_taken":0,"max_hp_gain":0,"max_hp_loss":0,"event_name":"Upgrade Shrine","floor":21,"gold_loss":0,"cards_upgraded":["SummonToadFamiliar"]}],"is_beta":false,"boss_relics":[{"not_picked":["SacredBark","Kintsugi"],"picked":"vexMod:DeviousBotling"}],"items_purged_floors":[],"is_endless":false,"potions_floor_spawned":[1,12,16],"killed_by":"theJungle:Flameango_and_Byrd","ascension_level":20}}