{"host":"0tiuc76yumknr6qf","time":1607578817,"event":{"gold_per_floor":[118,118,218,231,231,256,256,285,285,37,50,79,79,103,103,207,207,217,227,177,193,9,36,36,67,93,122,136,136,152,162,162,259,259,269,229,247,258,276,301,301,331,331,78,88,138,138,169,169,169,169,169,96,134,134],"floor_reached":56,"playtime":4620,"items_purged":["Strike_P","Defend_P"],"score":1691,"play_id":"306ee4b6-63ba-411b-8492-f5e4f4789feb","local_time":"20201209234017","is_ascension_mode":true,"campfire_choices":[{"data":"CrushJoints","floor":7.0,"key":"SMITH"},{"data":"LikeWater","floor":13.0,"key":"SMITH"},{"data":"WindmillStrike","floor":15.0,"key":"SMITH"},{"data":"Meditate","floor":24.0,"key":"SMITH"},{"data":"Devotion","floor":32.0,"key":"SMITH"},{"floor":41.0,"key":"RECALL"},{"data":"EmptyMind","floor":49,"key":"SMITH"},{"data":"MentalFortress","floor":52,"key":"SMITH"}],"neow_cost":"NONE","seed_source_timestamp":62341622228300,"circlet_count":0,"master_deck":["Strike_P","Strike_P","Strike_P","Defend_P","Defend_P","Defend_P","Eruption","Vigilance","SignatureMove+1","CrushJoints+1","LikeWater+1","Adaptation","ClearTheMind","MentalFortress+1","ClearTheMind","Vault","WindmillStrike+1","Devotion+1","MentalFortress+1","Meditate+1","EmptyMind+1","Fasting2","Worship+1","Tantrum+1","Prostrate","Crescendo","Establishment+1","WheelKick","MentalFortress+1","Indignation","FlurryOfBlows","Crescendo+1","Prostrate","MentalFortress","Wallop"],"special_seed":0,"relics":["PureWater","NeowsBlessing","CultistMask","TungstenRod","Toy Ornithopter","Bird Faced Urn","Bag of Preparation","Strawberry","Odd Mushroom","Sozu","Happy Flower","Mercury Hourglass","Dead Branch","Busted Crown","Gambling Chip","Question Card","Lantern","CaptainsWheel","CeramicFish","Bronze Scales"],"potions_floor_usage":[55],"damage_taken":[{"damage":0.0,"enemies":"Jaw Worm","floor":1.0,"turns":1.0},{"damage":0.0,"enemies":"Cultist","floor":4.0,"turns":1.0},{"damage":0.0,"enemies":"3 Sentries","floor":6.0,"turns":2.0},{"damage":5.0,"enemies":"Lagavulin","floor":8.0,"turns":7.0},{"damage":1.0,"enemies":"Small Slimes","floor":11.0,"turns":6.0},{"damage":20.0,"enemies":"3 Sentries","floor":12.0,"turns":11.0},{"damage":5.0,"enemies":"The Mushroom Lair","floor":14.0,"turns":6.0},{"damage":24.0,"enemies":"Hexaghost","floor":16.0,"turns":10.0},{"damage":10.0,"enemies":"Shell Parasite","floor":18.0,"turns":6.0},{"damage":0.0,"enemies":"Chosen","floor":19.0,"turns":5.0},{"damage":9.0,"enemies":"Snake Plant","floor":21.0,"turns":3.0},{"damage":17.0,"enemies":"Slavers","floor":23.0,"turns":7.0},{"damage":6.0,"enemies":"Book of Stabbing","floor":25.0,"turns":2.0},{"damage":36.0,"enemies":"Slavers","floor":27.0,"turns":5.0},{"damage":0.0,"enemies":"Chosen and Byrds","floor":28.0,"turns":4.0},{"damage":0.0,"enemies":"Sentry and Sphere","floor":30.0,"turns":5.0},{"damage":0.0,"enemies":"Centurion and Healer","floor":31.0,"turns":4.0},{"damage":8.0,"enemies":"Automaton","floor":33.0,"turns":9.0},{"damage":5.0,"enemies":"3 Shapes","floor":35.0,"turns":3.0},{"damage":24.0,"enemies":"3 Darklings","floor":37.0,"turns":4.0},{"damage":0.0,"enemies":"Jaw Worm Horde","floor":38.0,"turns":2.0},{"damage":0.0,"enemies":"4 Shapes","floor":39.0,"turns":3.0},{"damage":7.0,"enemies":"Giant Head","floor":40.0,"turns":6.0},{"damage":0.0,"enemies":"Nemesis","floor":42.0,"turns":4.0},{"damage":0.0,"enemies":"Maw","floor":45.0,"turns":5.0},{"damage":0.0,"enemies":"Mind Bloom Boss Battle","floor":46.0,"turns":3.0},{"damage":0,"enemies":"Reptomancer","floor":48,"turns":2},{"damage":32,"enemies":"Donu and Deca","floor":50,"turns":6},{"damage":50,"enemies":"Shield and Spear","floor":54,"turns":6},{"damage":0,"enemies":"The Heart","floor":55,"turns":6}],"seed_played":"-1178977771571351843","potions_obtained":[{"floor":1.0,"key":"DuplicationPotion"},{"floor":8.0,"key":"Dexterity Potion"}],"is_trial":false,"path_per_floor":["M","?","?","M","?","E","R","E","T","$","M","E","R","?","R","B",null,"M","M","?","M","$","E","R","E","T","E","M","?","M","M","R","B",null,"M","?","M","M","M","E","R","E","T","$","M","?","?","E","R","B",null,"R","$","E","B",null],"character_chosen":"WATCHER","items_purchased":["Bag of Preparation","ClearTheMind","MentalFortress","EmptyMind","Fasting2","Lantern","Prostrate","MentalFortress"],"campfire_rested":0,"item_purchase_floors":[10,10,10,22,22,44,53,53],"current_hp_per_floor":[72,72,72,72,72,72,72,67,67,67,71,61,61,62,62,44,79,75,79,79,70,70,63,63,66,66,38,48,48,58,66,66,68,79,74,74,56,56,58,69,69,79,79,79,79,79,79,79,79,57,79,79,79,41,64],"gold":134,"neow_bonus":"THREE_ENEMY_KILL","is_prod":false,"is_daily":false,"chose_seed":false,"campfire_upgraded":7,"win_rate":0,"timestamp":1607578817,"path_taken":["M","?","?","?","?","E","R","E","T","?","M","E","R","?","R","BOSS","M","M","?","?","?","E","R","E","T","E","M","?","?","M","R","BOSS","M","?","?","M","M","E","R","E","T","?","M","?","?","E","R","BOSS","R","$","E","BOSS"],"build_version":"2020-11-30","purchased_purges":2,"victory":true,"max_hp_per_floor":[72,72,72,72,72,72,72,72,72,72,72,79,79,79,79,79,79,79,79,79,79,79,79,79,79,79,79,79,79,79,79,79,79,79,79,79,79,79,79,79,79,79,79,79,79,79,79,79,79,79,79,79,79,79,79],"card_choices":[{"not_picked":["Worship","ClearTheMind"],"picked":"SignatureMove","floor":1.0},{"not_picked":["SashWhip","Prostrate"],"picked":"CrushJoints","floor":4.0},{"not_picked":["Weave","MentalFortress"],"picked":"LikeWater","floor":6.0},{"not_picked":["PathToVictory","Consecrate"],"picked":"Adaptation","floor":8.0},{"not_picked":["Protect","JustLucky"],"picked":"ClearTheMind","floor":11.0},{"not_picked":["Sanctity","WheelKick"],"picked":"Vault","floor":12.0},{"not_picked":["CutThroughFate","Wallop"],"picked":"WindmillStrike","floor":14.0},{"not_picked":["Scrawl","Alpha"],"picked":"Devotion","floor":16.0},{"not_picked":["Evaluate","EmptyFist"],"picked":"MentalFortress+1","floor":18.0},{"not_picked":["FollowUp","Consecrate"],"picked":"Meditate","floor":19.0},{"not_picked":["ClearTheMind","CrushJoints","EmptyFist"],"picked":"SKIP","floor":21.0},{"not_picked":["Consecrate","PathToVictory"],"picked":"Worship+1","floor":23.0},{"not_picked":["Prostrate+1","Fasting2"],"picked":"Tantrum+1","floor":25.0},{"not_picked":["ForeignInfluence","Swivel","CrushJoints"],"picked":"SKIP","floor":27.0},{"not_picked":["Halt","Wallop","SashWhip+1"],"picked":"SKIP","floor":28.0},{"not_picked":["EmptyMind","Protect","BowlingBash"],"picked":"SKIP","floor":30.0},{"not_picked":["ForeignInfluence","SashWhip"],"picked":"Crescendo","floor":31.0},{"not_picked":["DeusExMachina","ConjureBlade"],"picked":"Establishment","floor":33.0},{"not_picked":["BattleHymn+1"],"picked":"SKIP","floor":35.0},{"not_picked":[],"picked":"WheelKick","floor":37.0},{"not_picked":[],"picked":"MentalFortress+1","floor":38.0},{"not_picked":["CrushJoints+1"],"picked":"SKIP","floor":39.0},{"not_picked":["Perseverance"],"picked":"SKIP","floor":40.0},{"not_picked":[],"picked":"Indignation","floor":42.0},{"not_picked":["Sanctity"],"picked":"FlurryOfBlows","floor":45.0},{"not_picked":["EmptyFist"],"picked":"Crescendo+1","floor":46.0},{"not_picked":["SandsOfTime","BattleHymn+1"],"picked":"SKIP","floor":48},{"not_picked":["Fasting2"],"picked":"Wallop","floor":54}],"player_experience":1776895,"relics_obtained":[{"floor":6.0,"key":"TungstenRod"},{"floor":8.0,"key":"Toy Ornithopter"},{"floor":9.0,"key":"Bird Faced Urn"},{"floor":12.0,"key":"Strawberry"},{"floor":14.0,"key":"Odd Mushroom"},{"floor":23.0,"key":"Happy Flower"},{"floor":25.0,"key":"Mercury Hourglass"},{"floor":27.0,"key":"Dead Branch"},{"floor":40.0,"key":"Gambling Chip"},{"floor":43.0,"key":"Question Card"},{"floor":46.0,"key":"CaptainsWheel"},{"floor":48,"key":"CeramicFish"},{"floor":54,"key":"Bronze Scales"}],"event_choices":[{"damage_healed":0.0,"max_hp_gain":0.0,"max_hp_loss":0.0,"gold_gain":0.0,"event_name":"Living Wall","player_choice":"Grow","floor":2.0,"gold_loss":0.0,"damage_taken":0.0,"cards_upgraded":["SignatureMove"]},{"damage_healed":0.0,"max_hp_gain":0.0,"max_hp_loss":0.0,"gold_gain":100.0,"event_name":"Golden Shrine","player_choice":"Pray","floor":3.0,"gold_loss":0.0,"damage_taken":0.0},{"damage_healed":0.0,"max_hp_gain":0.0,"max_hp_loss":0.0,"gold_gain":0.0,"event_name":"FaceTrader","player_choice":"Trade","floor":5.0,"gold_loss":0.0,"damage_taken":0.0,"relics_obtained":["CultistMask"]},{"damage_healed":0.0,"max_hp_gain":0.0,"max_hp_loss":0.0,"gold_gain":0.0,"event_name":"Mushrooms","player_choice":"Fought Mushrooms","floor":14.0,"gold_loss":0.0,"damage_taken":0.0},{"damage_healed":0.0,"max_hp_gain":0.0,"max_hp_loss":0.0,"gold_gain":0.0,"event_name":"The Joust","player_choice":"Bet on Murderer","floor":20.0,"gold_loss":50.0,"damage_taken":0.0},{"damage_healed":0.0,"max_hp_gain":0.0,"max_hp_loss":0.0,"gold_gain":0.0,"event_name":"Match and Keep!","player_choice":"1 cards matched","floor":29.0,"gold_loss":0.0,"damage_taken":0.0,"cards_obtained":["Prostrate"]},{"damage_healed":0.0,"max_hp_gain":0.0,"max_hp_loss":0.0,"gold_gain":0.0,"event_name":"Designer","player_choice":"Upgrade","floor":36.0,"gold_loss":40.0,"damage_taken":0.0,"cards_upgraded":["Establishment"]},{"damage_healed":0.0,"max_hp_gain":0.0,"max_hp_loss":0.0,"gold_gain":0.0,"event_name":"MindBloom","player_choice":"Fight","floor":46.0,"gold_loss":0.0,"damage_taken":0.0},{"damage_healed":0.0,"max_hp_gain":0.0,"max_hp_loss":0.0,"gold_gain":0.0,"event_name":"Mysterious Sphere","player_choice":"Ignored","floor":47.0,"gold_loss":0.0,"damage_taken":0.0}],"is_beta":false,"boss_relics":[{"not_picked":["Philosopher\u0027s Stone","Pandora\u0027s Box"],"picked":"Sozu"},{"not_picked":["Black Star","Coffee Dripper"],"picked":"Busted Crown"}],"items_purged_floors":[22,44],"is_endless":false,"potions_floor_spawned":[1,8,18,23,31,33,37,38,40,46,48,54],"ascension_level":4}}