{"host":"w4b7hmige5bnqipq","time":1607636922,"event":{"mods":["BaseMod","Minty Spire (QoL Compilation)","SuperFastMode","Rare Cards Sparkle","everything is the same but u backflip on backflip","slay the spire mod where everything is the same but ironclad has a cowboy hat"],"gold_per_floor":[118,193,118,43,53,53,78,78,78,78,105,125,142,154,154,230,230,250,250,285,285,285,285,285],"floor_reached":23,"playtime":633,"items_purged":["Strike_G"],"score":448,"play_id":"f9f59153-9cce-4e05-9ddc-f315b4199c16","local_time":"20201211064842","is_ascension_mode":true,"campfire_choices":[{"data":"Neutralize","floor":6.0,"key":"SMITH"},{"data":"Calculated Gamble","floor":8.0,"key":"SMITH"},{"data":"Underhanded Strike","floor":10.0,"key":"SMITH"},{"floor":15.0,"key":"REST"}],"circlet_count":0,"master_deck":["AscendersBane","Strike_G","Strike_G","Strike_G","Defend_G","Defend_G","Defend_G","Defend_G","Defend_G","Survivor","Neutralize+1","Underhanded Strike+1","Flying Knee","Calculated Gamble+1","Die Die Die","Backflip","Tactician","Poisoned Stab","Venomology","Acrobatics","Writhe","Flechettes"],"special_seed":0,"relics":["Ring of the Snake","NeowsBlessing","StoneCalendar","Ancient Tea Set","Eternal Feather","SacredBark","MealTicket","Red Mask"],"acts_visited":["Exordium","TheCity"],"potions_floor_usage":[20,20,21,23],"damage_taken":[{"damage":0.0,"enemies":"2 Louse","floor":1.0,"turns":1.0},{"damage":0.0,"enemies":"Small Slimes","floor":5.0,"turns":1.0},{"damage":0.0,"enemies":"Gremlin Nob","floor":7.0,"turns":1.0},{"damage":27.0,"enemies":"3 Sentries","floor":11.0,"turns":7.0},{"damage":1.0,"enemies":"Jaw Worm","floor":12.0,"turns":2.0},{"damage":8.0,"enemies":"Exordium Wildlife","floor":13.0,"turns":5.0},{"damage":5.0,"enemies":"2 Fungi Beasts","floor":14.0,"turns":3.0},{"damage":17.0,"enemies":"The Guardian","floor":16.0,"turns":8.0},{"damage":10.0,"enemies":"Spheric Guardian","floor":18.0,"turns":8.0},{"damage":23,"enemies":"Masked Bandits","floor":20,"turns":4},{"damage":0,"enemies":"Shell Parasite","floor":21,"turns":1},{"damage":0,"enemies":"Gremlin Leader","floor":23,"turns":4}],"seed_played":"-5318100649002233541","potions_obtained":[{"floor":7.0,"key":"Poison Potion"},{"floor":14.0,"key":"PowerPotion"},{"floor":16.0,"key":"Dexterity Potion"},{"floor":20,"key":"SmokeBomb"}],"is_trial":false,"path_per_floor":["M","?","?","$","M","R","E","R","T","R","E","M","M","M","R","B",null,"M","?","?","M","?","E"],"character_chosen":"THE_SILENT","items_purchased":[],"campfire_rested":1,"item_purchase_floors":[],"current_hp_per_floor":[59,48,48,48,48,48,48,48,48,48,21,20,12,7,35,18,54,44,44,21,21,21,21,21],"gold":285,"neow_bonus":"THREE_ENEMY_KILL","is_daily":false,"chose_seed":false,"campfire_upgraded":3,"win_rate":0,"timestamp":1607636922,"path_taken":["M","?","?","?","M","R","E","R","T","R","E","M","?","M","R","BOSS","M","?","?","M","?","E"],"build_version":"2020-11-30","purchased_purges":1,"victory":false,"max_hp_per_floor":[66,66,66,66,66,66,66,66,66,66,66,66,66,66,66,66,66,66,66,66,66,66,66,66],"card_choices":[{"not_picked":["Quick Slash","Catalyst"],"picked":"Underhanded Strike","floor":1.0},{"not_picked":["Deflect","Dodge and Roll"],"picked":"Flying Knee","floor":5.0},{"not_picked":["Leg Sweep","Eviscerate"],"picked":"Calculated Gamble","floor":7.0},{"not_picked":["Storm of Steel","Noxious Fumes"],"picked":"Die Die Die","floor":11.0},{"not_picked":["Dash","Flying Knee"],"picked":"Backflip","floor":12.0},{"not_picked":["Acrobatics","Quick Slash"],"picked":"Tactician","floor":13.0},{"not_picked":["Flying Knee","Prepared"],"picked":"Poisoned Stab","floor":14.0},{"not_picked":["Glass Knife","Unload"],"picked":"Venomology","floor":16.0},{"not_picked":["Outmaneuver","Dodge and Roll"],"picked":"Acrobatics","floor":18.0},{"not_picked":["Choke","Outmaneuver"],"picked":"Flechettes","floor":20}],"player_experience":371613,"relics_obtained":[{"floor":7.0,"key":"StoneCalendar"},{"floor":9.0,"key":"Ancient Tea Set"},{"floor":11.0,"key":"Eternal Feather"},{"floor":20,"key":"Red Mask"}],"event_choices":[{"damage_healed":0.0,"max_hp_gain":0.0,"max_hp_loss":0.0,"gold_gain":75.0,"event_name":"World of Goop","player_choice":"Gather Gold","floor":2.0,"gold_loss":0.0,"damage_taken":11.0},{"cards_removed":["Strike_G"],"damage_healed":0.0,"max_hp_gain":0.0,"max_hp_loss":0.0,"gold_gain":0.0,"event_name":"The Cleric","player_choice":"Card Removal","floor":3.0,"gold_loss":75.0,"damage_taken":0.0},{"damage_healed":0.0,"max_hp_gain":0.0,"max_hp_loss":0.0,"gold_gain":0.0,"event_name":"The Mausoleum","player_choice":"Opened","floor":19.0,"gold_loss":0.0,"damage_taken":0.0,"relics_obtained":["MealTicket"],"cards_obtained":["Writhe"]},{"damage_healed":0,"gold_gain":0,"player_choice":"Fought Bandits","damage_taken":0,"max_hp_gain":0,"max_hp_loss":0,"event_name":"Masked Bandits","floor":20,"gold_loss":0},{"damage_healed":0,"gold_gain":0,"player_choice":"Ignored","damage_taken":0,"max_hp_gain":0,"max_hp_loss":0,"event_name":"Vampires","floor":22,"gold_loss":0}],"is_beta":false,"boss_relics":[{"not_picked":["Philosopher\u0027s Stone","Calling Bell"],"picked":"SacredBark"}],"items_purged_floors":[4],"is_endless":false,"potions_floor_spawned":[7,14,16,20],"killed_by":"Gremlin Leader","ascension_level":20}}