{"host":"1tkoe3l8wf0xx8if","time":1607573603,"event":{"gold_per_floor":[112,123,135,154,154,186,204,36,36,64,82,101,432,445,445,522,522,535,535,194,206,126,126,126],"floor_reached":23,"playtime":939,"items_purged":["Strike_R","Bash"],"score":380,"play_id":"5adf846b-5cdb-4976-9681-17726fe81032","local_time":"20201210131323","is_ascension_mode":true,"campfire_choices":[{"floor":15,"key":"REST"}],"neow_cost":"NONE","seed_source_timestamp":635648986251500,"circlet_count":0,"master_deck":["AscendersBane","Strike_R","Strike_R","Strike_R","Strike_R","Defend_R","Defend_R","Defend_R","Defend_R","Shrug It Off","Perfected Strike","Headbutt","Wild Strike","Intimidate","Twin Strike","Mayhem","Metallicize","Perfected Strike","Thunderclap","Offering","CurseOfTheBell","Perfected Strike","Pommel Strike","Battle Trance","Perfected Strike","Armaments+1"],"special_seed":0,"relics":["Burning Blood","NeowsBlessing","Tiny Chest","Champion Belt","Self Forming Clay","Old Coin","Calling Bell","Boot","The Courier","WingedGreaves","Ginger","Omamori","Orrery"],"potions_floor_usage":[6,16],"damage_taken":[{"damage":0,"enemies":"Cultist","floor":1,"turns":1},{"damage":0,"enemies":"2 Louse","floor":2,"turns":1},{"damage":0,"enemies":"Jaw Worm","floor":3,"turns":1},{"damage":18,"enemies":"2 Fungi Beasts","floor":4,"turns":5},{"damage":24,"enemies":"3 Sentries","floor":6,"turns":9},{"damage":8,"enemies":"Blue Slaver","floor":7,"turns":3},{"damage":22,"enemies":"Lagavulin","floor":10,"turns":6},{"damage":6,"enemies":"Lots of Slimes","floor":11,"turns":4},{"damage":5,"enemies":"3 Louse","floor":12,"turns":3},{"damage":29,"enemies":"Gremlin Nob","floor":13,"turns":4},{"damage":3,"enemies":"Looter","floor":14,"turns":4},{"damage":27,"enemies":"The Guardian","floor":16,"turns":10},{"damage":24,"enemies":"Chosen","floor":18,"turns":5},{"damage":22,"enemies":"2 Thieves","floor":21,"turns":4},{"damage":30,"enemies":"Book of Stabbing","floor":23,"turns":4}],"seed_played":"6740674860506200791","potions_obtained":[{"floor":1,"key":"DuplicationPotion"},{"floor":3,"key":"Energy Potion"},{"floor":7,"key":"DistilledChaos"},{"floor":11,"key":"PowerPotion"}],"is_trial":false,"path_per_floor":["M","M","M","M","?","E","M","$","T","E","M","M","E","M","R","B",null,"M","T","$","M","$","E"],"character_chosen":"IRONCLAD","items_purchased":["Mayhem","Omamori","Perfected Strike","Orrery"],"campfire_rested":1,"item_purchase_floors":[8,20,20,20],"current_hp_per_floor":[78,80,80,68,68,50,48,48,48,32,32,33,10,13,37,16,64,46,46,46,30,30,0,0],"gold":126,"neow_bonus":"THREE_ENEMY_KILL","is_prod":false,"is_daily":false,"chose_seed":false,"campfire_upgraded":0,"win_rate":0,"timestamp":1607573603,"path_taken":["M","M","?","?","?","E","M","$","T","E","?","?","E","?","R","BOSS","M","?","$","M","$","E"],"build_version":"2020-11-30","purchased_purges":2,"victory":false,"max_hp_per_floor":[80,80,80,80,80,80,80,80,80,80,80,80,80,80,80,80,80,80,80,80,80,80,80,80],"card_choices":[{"not_picked":["Burning Pact","Ghostly Armor"],"picked":"Shrug It Off","floor":1},{"not_picked":["Havoc","Rage"],"picked":"Perfected Strike","floor":2},{"not_picked":["Flex","Cleave"],"picked":"Seeing Red","floor":3},{"not_picked":["Combust","Armaments"],"picked":"Headbutt","floor":4},{"not_picked":["Headbutt","Thunderclap"],"picked":"Intimidate","floor":6},{"not_picked":["Anger","Infernal Blade"],"picked":"Twin Strike","floor":7},{"not_picked":["Anger","Combust","Exhume"],"picked":"SKIP","floor":10},{"not_picked":["Cleave","Spot Weakness"],"picked":"Metallicize","floor":11},{"not_picked":["Iron Wave","Flex"],"picked":"Perfected Strike","floor":12},{"not_picked":["Hemokinesis","Armaments","Carnage"],"picked":"SKIP","floor":13},{"not_picked":["Flame Barrier","Metallicize"],"picked":"Thunderclap","floor":14},{"not_picked":["Feed","Berserk"],"picked":"Offering","floor":16},{"not_picked":["Cleave","Havoc","Rampage"],"picked":"SKIP","floor":18},{"not_picked":["Dark Embrace","Cleave"],"picked":"Pommel Strike","floor":20},{"not_picked":["Ghostly Armor","True Grit"],"picked":"Battle Trance","floor":20},{"not_picked":["Bloodletting","Clash"],"picked":"Perfected Strike","floor":20},{"not_picked":["Clothesline","Heavy Blade"],"picked":"Armaments+1","floor":21}],"player_experience":290129,"relics_obtained":[{"floor":6,"key":"Tiny Chest"},{"floor":9,"key":"Champion Belt"},{"floor":10,"key":"Self Forming Clay"},{"floor":13,"key":"Old Coin"},{"floor":17,"key":"Boot"},{"floor":17,"key":"The Courier"},{"floor":17,"key":"WingedGreaves"},{"floor":19,"key":"Ginger"}],"event_choices":[{"damage_healed":0,"gold_gain":0,"cards_transformed":["Seeing Red"],"player_choice":"Transformed","damage_taken":0,"max_hp_gain":0,"max_hp_loss":0,"event_name":"Transmorgrifier","floor":5,"gold_loss":0,"cards_obtained":["Wild Strike"]}],"is_beta":false,"boss_relics":[{"not_picked":["Fusion Hammer","Runic Cube"],"picked":"Calling Bell"}],"items_purged_floors":[20,22],"is_endless":false,"potions_floor_spawned":[1,3,7,11,14],"killed_by":"Book of Stabbing","ascension_level":13}}