{"host":"4be9rrw6luv8jrir","time":1607590122,"event":{"gold_per_floor":[119,143,143,155,181,181,220,220,246,271,142,142,177,197,197,197,197],"floor_reached":16,"playtime":721,"items_purged":["animator:Strike"],"score":152,"play_id":"6b33e540-e13e-4277-8f13-68b174a856ed","local_time":"20201210164842","is_ascension_mode":true,"campfire_choices":[{"data":"animator:LeleiLaLalena","floor":6,"key":"SMITH"},{"floor":8,"key":"REST"},{"data":"animator:Arpeggio","floor":12,"key":"SMITH"},{"floor":15,"key":"REST"}],"neow_cost":"NONE","seed_source_timestamp":228113914067200,"circlet_count":0,"master_deck":["animator:Strike_GoblinSlayer","animator:Defend_GoblinSlayer","animator:Strike","animator:Strike","animator:Defend","animator:Defend","animator:Defend","animator:LizardPriest","animator:DwarfShaman","animator:LeleiLaLalena+1","animator:Yuuichirou","Regret","animator:Shigure","animator:UneriGinkaku","animator:Yoichi","animator:ElricEdward","animator:Arpeggio","animator:Arpeggio+1","animator:Kazuma"],"relics":["animator:LivingPicture","animator:TheMissingPiece","DaveBox","NeowsBlessing","Question Card","Darkstone Periapt","animator:ShionDessert","BirthdayGift-Icosahedron","Bronze Scales","PreservedInsect"],"potions_floor_usage":[5,7,10],"damage_taken":[{"damage":0,"enemies":"Cultist","floor":1,"turns":1},{"damage":0,"enemies":"2 Louse","floor":2,"turns":2},{"damage":0,"enemies":"Small Slimes","floor":4,"turns":1},{"damage":2,"enemies":"conspire:2 RoseBushes","floor":5,"turns":5},{"damage":25,"enemies":"Replay:BlueRogue","floor":7,"turns":4},{"damage":21,"enemies":"3 Sentries","floor":10,"turns":5},{"damage":0,"enemies":"Lagavulin","floor":13,"turns":3},{"damage":0,"enemies":"Large Slime","floor":14,"turns":2},{"damage":0,"enemies":"The Guardian","floor":16,"turns":1}],"seed_played":"8837002690558699745","potions_obtained":[{"floor":1,"key":"SkillPotion"},{"floor":2,"key":"Strength Potion"},{"floor":7,"key":"Strength Potion"},{"floor":14,"key":"Dexterity Potion"}],"is_trial":false,"path_per_floor":["M","M","?","M","M","R","E","R","T","E","$","R","E","M","R","B"],"character_chosen":"THE_ANIMATOR","items_purchased":["animator:Arpeggio"],"campfire_rested":2,"item_purchase_floors":[11],"current_hp_per_floor":[66,66,72,73,71,71,46,67,67,46,46,46,47,48,69,69,69],"gold":197,"neow_bonus":"THREE_ENEMY_KILL","is_prod":false,"is_daily":false,"chose_seed":false,"campfire_upgraded":2,"win_rate":0,"timestamp":1607590122,"path_taken":["M","?","?","M","M","R","E","R","T","E","$","R","E","M","R","BOSS"],"build_version":"2020-11-30","purchased_purges":1,"victory":false,"max_hp_per_floor":[66,66,72,73,73,73,73,73,73,73,73,73,73,73,73,73,73],"card_choices":[{"not_picked":["animator:SakuraMatou","animator:RoryMercury"],"picked":"animator:LeleiLaLalena","floor":1},{"not_picked":["animator:Bozes","animator:Illya","animator:ElricAlphonse"],"picked":"animator:Yuuichirou","floor":2},{"not_picked":["animator:UneriGinkaku","animator:Rider","animator:Greed"],"picked":"animator:Shigure","floor":4},{"not_picked":["animator:Azekura","animator:Konayuki","animator:ZankiKiguchi"],"picked":"animator:UneriGinkaku","floor":5},{"not_picked":["animator:Rider","animator:EmiyaShirou","animator:Hitei"],"picked":"animator:Yoichi","floor":7},{"not_picked":["animator:DwarfShaman","animator:Alexander","animator:ElricAlphonse"],"picked":"animator:ElricEdward","floor":10},{"not_picked":["animator:ElricEdward","animator:Priestess","animator:LeleiLaLalena"],"picked":"animator:Kazuma","floor":13}],"player_experience":476170,"relics_obtained":[{"floor":1,"key":"Question Card"},{"floor":7,"key":"animator:ShionDessert"},{"floor":10,"key":"Bronze Scales"},{"floor":13,"key":"PreservedInsect"}],"event_choices":[{"damage_healed":0,"gold_gain":0,"player_choice":"Box","damage_taken":0,"relics_obtained":["Darkstone Periapt"],"max_hp_gain":0,"max_hp_loss":0,"event_name":"Big Fish","floor":3,"gold_loss":0,"cards_obtained":["Regret"]}],"is_beta":false,"boss_relics":[],"items_purged_floors":[11],"is_endless":false,"potions_floor_spawned":[1,2,7,14],"killed_by":"The Guardian","ascension_level":1}}