{"host":"cwd5s03r1oaxs6mx","time":1607609574,"event":{"gold_per_floor":[139,28,28,5,41,41,106,151,174,174,239,279,290,344,344,476,476,544,579,323,361,370,370,370],"floor_reached":23,"playtime":1552,"items_purged":["Strike_P","Strike_P","Strike_P","Strike_P","MasterReality"],"score":241,"play_id":"411b28da-05b6-4e73-ad39-3b4938095732","local_time":"20201210231254","is_ascension_mode":true,"campfire_choices":[{"data":"HandOfGreed","floor":6.0,"key":"SMITH"},{"data":"Eruption","floor":10.0,"key":"SMITH"},{"data":"Finesse","floor":15.0,"key":"SMITH"}],"neow_cost":"","seed_source_timestamp":3023383966112900,"circlet_count":0,"master_deck":["Defend_P","Defend_P","Defend_P","Defend_P","Eruption+1","Vigilance","Finesse+1","HandOfGreed+1","Madness","FearNoEvil+1","EmptyFist+1","EmptyFist+1","ClearTheMind","FearNoEvil+1","EmptyBody","MentalFortress","InnerPeace","EmptyMind","WheelKick+1","infinitespire:Starlight"],"special_seed":0,"relics":["PureWater","Membership Card","Molten Egg 2","CeramicFish","Bottled Lightning","Odd Mushroom","Black Star","hubris:SlimyHat","Potion Belt"],"potions_floor_usage":[21],"damage_taken":[{"damage":2.0,"enemies":"Jaw Worm","floor":1.0,"turns":2.0},{"damage":0.0,"enemies":"Cultist","floor":5.0,"turns":2.0},{"damage":0.0,"enemies":"2 Louse","floor":7.0,"turns":4.0},{"damage":0.0,"enemies":"Large Slime","floor":8.0,"turns":2.0},{"damage":8.0,"enemies":"Gremlin Nob","floor":11.0,"turns":3.0},{"damage":0.0,"enemies":"Blue Slaver","floor":12.0,"turns":2.0},{"damage":0.0,"enemies":"2 Fungi Beasts","floor":13.0,"turns":2.0},{"damage":16.0,"enemies":"The Mushroom Lair","floor":14.0,"turns":5.0},{"damage":25.0,"enemies":"The Guardian","floor":16.0,"turns":9.0},{"damage":17,"enemies":"3 Byrds","floor":18,"turns":8},{"damage":28,"enemies":"2 Thieves","floor":19,"turns":5},{"damage":13,"enemies":"Snecko","floor":21,"turns":4},{"damage":16,"enemies":"Book of Stabbing","floor":23,"turns":1}],"seed_played":"-6149014839682586980","potions_obtained":[{"floor":1.0,"key":"SteroidPotion"},{"floor":5.0,"key":"Explosive Potion"},{"floor":11.0,"key":"ColorlessPotion"},{"floor":12.0,"key":"Regen Potion"}],"is_trial":false,"path_per_floor":["M","$","?","$","M","R","M","M","T","R","E","M","M","?","R","B",null,"M","M","$","M","AVR","E"],"character_chosen":"WATCHER","items_purchased":["Membership Card","Finesse","HandOfGreed","Madness","Molten Egg 2","FearNoEvil+1","EmptyFist+1","EmptyFist+1","MentalFortress","InnerPeace","EmptyMind","hubris:SlimyHat","WheelKick+1"],"campfire_rested":0,"item_purchase_floors":[0,0,0,0,0,0,2,4,20,20,20,20,20],"current_hp_per_floor":[70,70,63,63,63,63,63,63,63,63,55,55,55,39,39,14,58,41,13,13,9,9,0,0],"gold":370,"neow_bonus":"","is_prod":false,"is_daily":false,"chose_seed":false,"campfire_upgraded":3,"win_rate":0,"timestamp":1607609574,"path_taken":["M","$","?","$","M","R","M","M","T","R","E","?","M","?","R","BOSS","M","M","$","M","AVR","E"],"build_version":"2020-11-30","purchased_purges":5,"victory":false,"max_hp_per_floor":[72,72,72,72,72,72,72,72,72,72,72,72,72,72,72,72,72,72,72,72,72,72,72,72],"relic_stats":{"counters":[201,800],"CeramicFish":63,"Black Star":0,"obtain_stats":[{"Calipers":37,"hubris:CrystalStatue":6,"Gremlin Horn":54,"CeramicFish":9,"hubris:VirtuousBlindfold":17,"Ginger":43,"Bottled Tornado":23,"hubris:TerracottaHorce":17,"Blood Vial":7,"infinitespire:ShieldingShard":0,"Sundial":13,"infinitespire:Golems Mask":6,"MealTicket":29,"VioletLotus":17,"HandDrill":53,"Toxic Egg 2":5,"MerchantsRug":14,"hubris:DuctTape":9,"Oddly Smooth Stone":53,"Pen Nib":26,"infinitespire:Beetle Shell":7,"War Paint":6,"Question Card":47,"Akabeko":24,"infinitespire:Lychee Nut":10,"MutagenicStrength":31,"Bird Faced Urn":10,"Snecko Eye":0,"hubris:PeanutButter":9,"Molten Egg 2":0,"hubris:TenFootPole":40,"Black Star":17,"StrikeDummy":25,"Meat on the Bone":23,"infinitespire:Cupcake":17,"Lantern":26,"Regal Pillow":48,"Singing Bowl":8,"Yang":54,"Mango":17,"Incense Burner":10,"hubris:SlimyHat":0,"Bag of Preparation":23,"hubris:EmptyBottle":53,"Smiling Mask":6,"Empty Cage":34,"Ancient Tea Set":39,"Matryoshka":11,"hubris:Icosahedron":12,"Gambling Chip":0,"Pantograph":6,"hubris:ScarierMask":17,"hubris:CuriousFeather":11,"Red Mask":21,"Chemical X":19,"infinitespire:Eraser":44,"InkBottle":14,"Runic Pyramid":34,"hubris:GlazedTorus":37,"Potion Belt":7,"Lee\u0027s Waffle":13,"NeowsBlessing":0,"Golden Idol":3,"hubris:64BitClover":9,"infinitespire:FocusingShard":30,"Omamori":48,"infinitespire:Lucky Rock":9,"hubris:Towel":19,"Frozen Egg 2":0,"Orichalcum":17,"Odd Mushroom":14,"MawBank":6,"Medical Kit":0,"GoldenEye":0,"Calling Bell":17,"Cauldron":53,"Anchor":46,"CaptainsWheel":6,"infinitespire:WardingShard":9,"Ornamental Fan":8,"infinitespire:Satchel":12,"Turnip":45,"Art of War":9,"Bag of Marbles":41,"Membership Card":0,"Bottled Lightning":54,"PureWater":0,"Toy Ornithopter":53,"hubris:Potato":0,"hubris:BottledRain":8},{"Calipers":89,"hubris:CrystalStatue":177,"Gremlin Horn":126,"CeramicFish":192,"hubris:VirtuousBlindfold":8,"Ginger":149,"Bottled Tornado":82,"hubris:TerracottaHorce":27,"Blood Vial":22,"infinitespire:ShieldingShard":67,"Sundial":26,"infinitespire:Golems Mask":38,"MealTicket":141,"VioletLotus":77,"HandDrill":125,"Toxic Egg 2":3,"MerchantsRug":166,"hubris:DuctTape":73,"Oddly Smooth Stone":97,"Pen Nib":32,"infinitespire:Beetle Shell":104,"War Paint":73,"Question Card":96,"Akabeko":170,"infinitespire:Lychee Nut":74,"MutagenicStrength":114,"Bird Faced Urn":134,"Snecko Eye":159,"hubris:PeanutButter":163,"Molten Egg 2":188,"hubris:TenFootPole":119,"Black Star":197,"StrikeDummy":112,"Meat on the Bone":31,"infinitespire:Cupcake":136,"Lantern":83,"Regal Pillow":124,"Singing Bowl":178,"Yang":154,"Mango":167,"Incense Burner":5,"hubris:SlimyHat":17,"Bag of Preparation":187,"hubris:EmptyBottle":153,"Smiling Mask":64,"Empty Cage":115,"Ancient Tea Set":118,"Matryoshka":56,"hubris:Icosahedron":105,"Gambling Chip":67,"Pantograph":132,"hubris:ScarierMask":107,"hubris:CuriousFeather":16,"Red Mask":186,"Chemical X":168,"infinitespire:Eraser":150,"InkBottle":181,"Runic Pyramid":86,"hubris:GlazedTorus":118,"Potion Belt":4,"Lee\u0027s Waffle":75,"NeowsBlessing":0,"Golden Idol":13,"hubris:64BitClover":133,"infinitespire:FocusingShard":142,"Omamori":152,"infinitespire:Lucky Rock":39,"hubris:Towel":28,"Frozen Egg 2":155,"Orichalcum":167,"Odd Mushroom":196,"MawBank":54,"Medical Kit":127,"GoldenEye":155,"Calling Bell":167,"Cauldron":125,"Anchor":122,"CaptainsWheel":163,"infinitespire:WardingShard":4,"Ornamental Fan":133,"infinitespire:Satchel":166,"Turnip":95,"Art of War":104,"Bag of Marbles":148,"Membership Card":17,"Bottled Lightning":98,"PureWater":0,"Toy Ornithopter":153,"hubris:Potato":155,"hubris:BottledRain":47},{"Calipers":339,"hubris:CrystalStatue":701,"Gremlin Horn":503,"CeramicFish":761,"hubris:VirtuousBlindfold":33,"Ginger":584,"Bottled Tornado":312,"hubris:TerracottaHorce":111,"Blood Vial":96,"infinitespire:ShieldingShard":267,"Sundial":106,"infinitespire:Golems Mask":150,"MealTicket":558,"VioletLotus":298,"HandDrill":500,"Toxic Egg 2":4,"MerchantsRug":652,"hubris:DuctTape":283,"Oddly Smooth Stone":376,"Pen Nib":126,"infinitespire:Beetle Shell":396,"War Paint":283,"Question Card":372,"Akabeko":677,"infinitespire:Lychee Nut":288,"MutagenicStrength":440,"Bird Faced Urn":531,"Snecko Eye":628,"hubris:PeanutButter":642,"Molten Egg 2":751,"hubris:TenFootPole":472,"Black Star":782,"StrikeDummy":434,"Meat on the Bone":122,"infinitespire:Cupcake":541,"Lantern":316,"Regal Pillow":493,"Singing Bowl":707,"Yang":607,"Mango":660,"Incense Burner":20,"hubris:SlimyHat":83,"Bag of Preparation":750,"hubris:EmptyBottle":603,"Smiling Mask":257,"Empty Cage":447,"Ancient Tea Set":468,"Matryoshka":218,"hubris:Icosahedron":400,"Gambling Chip":267,"Pantograph":525,"hubris:ScarierMask":412,"hubris:CuriousFeather":82,"Red Mask":746,"Chemical X":665,"infinitespire:Eraser":587,"InkBottle":719,"Runic Pyramid":328,"hubris:GlazedTorus":468,"Potion Belt":10,"Lee\u0027s Waffle":290,"NeowsBlessing":0,"Golden Idol":61,"hubris:64BitClover":529,"infinitespire:FocusingShard":563,"Omamori":596,"infinitespire:Lucky Rock":153,"hubris:Towel":112,"Frozen Egg 2":615,"Orichalcum":660,"Odd Mushroom":773,"MawBank":209,"Medical Kit":512,"GoldenEye":615,"Calling Bell":660,"Cauldron":500,"Anchor":485,"CaptainsWheel":642,"infinitespire:WardingShard":10,"Ornamental Fan":529,"infinitespire:Satchel":652,"Turnip":369,"Art of War":396,"Bag of Marbles":581,"Membership Card":83,"Bottled Lightning":377,"PureWater":0,"Toy Ornithopter":603,"hubris:Potato":615,"hubris:BottledRain":181}]},"card_choices":[{"not_picked":["Adaptation","Collect","FollowUp+1"],"picked":"SKIP","floor":1.0},{"not_picked":["Protect","ThirdEye"],"picked":"ClearTheMind","floor":5.0},{"not_picked":["MentalFortress","Prostrate"],"picked":"FearNoEvil+1","floor":7.0},{"not_picked":["Prostrate","ClearTheMind","EmptyFist+1"],"picked":"SKIP","floor":8.0},{"not_picked":["Conclude+1","EmptyBody","FlurryOfBlows+1"],"picked":"SKIP","floor":11.0},{"not_picked":["Conclude+1","FlurryOfBlows+1"],"picked":"EmptyBody","floor":11.0},{"not_picked":["CrushJoints+1","Alpha","JustLucky+1"],"picked":"SKIP","floor":12.0},{"not_picked":["ForeignInfluence","BowlingBash+1","Halt"],"picked":"SKIP","floor":13.0},{"not_picked":["SpiritShield","ConjureBlade"],"picked":"MasterReality","floor":16.0},{"not_picked":["EmptyFist+1","FlyingSleeves+1","ClearTheMind"],"picked":"SKIP","floor":18},{"not_picked":["Nirvana+1","FlurryOfBlows+1","FollowUp+1"],"picked":"SKIP","floor":19},{"not_picked":["CrushJoints+1","SignatureMove+1","Consecrate+1"],"picked":"SKIP","floor":21}],"player_experience":888093,"relics_obtained":[{"floor":9.0,"key":"CeramicFish"},{"floor":11.0,"key":"Bottled Lightning"},{"floor":14.0,"key":"Odd Mushroom"}],"event_choices":[{"damage_healed":0.0,"max_hp_gain":0.0,"max_hp_loss":0.0,"gold_gain":0.0,"event_name":"Wheel of Change","player_choice":"Damaged","floor":3.0,"gold_loss":0.0,"damage_taken":7.0},{"damage_healed":0.0,"max_hp_gain":0.0,"max_hp_loss":0.0,"gold_gain":0.0,"event_name":"Mushrooms","player_choice":"Fought Mushrooms","floor":14.0,"gold_loss":0.0,"damage_taken":0.0}],"is_beta":false,"boss_relics":[{"not_picked":["Snecko Eye","SlaversCollar"],"picked":"Black Star"}],"items_purged_floors":[0,0,0,2,20],"is_endless":false,"potions_floor_spawned":[1,5,11,12,13,19],"killed_by":"Book of Stabbing","ascension_level":5}}