{"host":"8b6x5jh5dgxmxtlw","time":1607606314,"event":{"gold_per_floor":[16,16,34,34,34,53,53,53,80,80,108,127,46,78,78,85,85],"floor_reached":16,"playtime":1091,"items_purged":[],"score":108,"play_id":"fc007491-3ffd-411d-bc70-70da6dfd77cc","local_time":"20201210081834","is_ascension_mode":false,"campfire_choices":[{"data":"hubris:SlightOfHand","floor":7,"key":"SMITH"},{"floor":10,"key":"REST"},{"floor":15,"key":"REST"}],"neow_cost":"NO_GOLD","seed_source_timestamp":104132728839500,"circlet_count":0,"master_deck":["Strike_G","Strike_G","Strike_G","Strike_G","Strike_G","Defend_G","Defend_G","Defend_G","Defend_G","Defend_G","Survivor","Neutralize","hubris:SlightOfHand+1","Regret","Reflex","Underhanded Strike","Bane","hubris:Sniper","ReplayTheSpireMod:Scrap Shanks","Finisher"],"relics":["Ring of the Snake","Counterbalance","StuffTheSpire:RedRose","ReplayFunnel","infinitespire:BottledMercury","halation:IllGainedPizza"],"potions_floor_usage":[14,16,16],"damage_taken":[{"damage":0,"enemies":"Jaw Worm","floor":1,"turns":6},{"damage":11,"enemies":"Small Slimes","floor":3,"turns":4},{"damage":7,"enemies":"conspire:RoseBush","floor":6,"turns":3},{"damage":11,"enemies":"Replay:BlueRogue","floor":11,"turns":5},{"damage":7,"enemies":"Blue Slaver","floor":12,"turns":3},{"damage":26,"enemies":"3 Sentries","floor":14,"turns":7},{"damage":57,"enemies":"Fading Forest","floor":16,"turns":7}],"seed_played":"-6431691386124400501","potions_obtained":[{"floor":6,"key":"Explosive Potion"},{"floor":12,"key":"Energy Potion"},{"floor":14,"key":"FearPotion"}],"is_trial":false,"path_per_floor":["M","?","M","?","?","M","R","$","T","R","E","M","$","E","R","B"],"character_chosen":"THE_SILENT","items_purchased":["ReplayTheSpireMod:Scrap Shanks"],"campfire_rested":2,"item_purchase_floors":[13],"current_hp_per_floor":[70,70,59,59,59,52,52,52,52,70,59,52,52,26,47,0,0],"gold":85,"neow_bonus":"ONE_RARE_RELIC","is_prod":false,"is_daily":false,"chose_seed":false,"campfire_upgraded":1,"win_rate":0.0,"timestamp":1607606314,"path_taken":["M","?","M","?","?","M","R","$","T","R","E","M","?","E","R","BOSS"],"build_version":"2020-11-30","purchased_purges":0,"victory":false,"max_hp_per_floor":[70,70,70,70,70,70,70,70,70,70,70,70,70,70,70,70,70],"card_choices":[{"not_picked":["StuffTheSpire:Python","StuffTheSpire:BumpUp"],"picked":"hubris:SlightOfHand","floor":1},{"not_picked":["Dagger Spray","StuffTheSpire:Python"],"picked":"Reflex","floor":3},{"not_picked":["Acrobatics","Prepared"],"picked":"Underhanded Strike","floor":6},{"not_picked":["Dash","StuffTheSpire:Python"],"picked":"Bane","floor":11},{"not_picked":["Blur","Hidden Blade"],"picked":"hubris:Sniper","floor":12},{"not_picked":["Prepared","StuffTheSpire:Repulse"],"picked":"Finisher","floor":14}],"player_experience":89197,"relics_obtained":[{"floor":9,"key":"ReplayFunnel"},{"floor":11,"key":"infinitespire:BottledMercury"},{"floor":14,"key":"halation:IllGainedPizza"}],"event_choices":[{"damage_healed":0,"gold_gain":0,"player_choice":"Leave","damage_taken":0,"max_hp_gain":0,"max_hp_loss":0,"event_name":"conspire:Investor","floor":4,"gold_loss":0},{"damage_healed":0,"gold_gain":0,"player_choice":"Ignored","damage_taken":0,"max_hp_gain":0,"max_hp_loss":0,"event_name":"Golden Wing","floor":5,"gold_loss":0}],"is_beta":false,"boss_relics":[],"items_purged_floors":[],"is_endless":false,"potions_floor_spawned":[6,12,14],"killed_by":"Fading Forest","ascension_level":0}}