{"host":"mike","time":1607585884,"event":{"gold_per_floor":[116,191,203,203,221,221,249,249,324,343,343,369,388,388,388,491,491,510,545,557,128,43,43,59,9,9,23,43,43,43],"floor_reached":29,"playtime":1381,"items_purged":["dioMod:Strike","dioMod:Strike"],"score":235,"play_id":"0d6eaadb-f9c8-4161-a755-aa032df92adc","local_time":"20201210023804","is_ascension_mode":false,"campfire_choices":[{"data":"dioMod:LaserVision","floor":6,"key":"SMITH"},{"data":"Bite","floor":8,"key":"SMITH"},{"data":"dioMod:DaggerToss","floor":11,"key":"SMITH"},{"data":"dioMod:TheWalk","floor":15,"key":"SMITH"},{"data":"dioMod:SevenPageMuda","floor":23,"key":"SMITH"}],"neow_cost":"CURSE","seed_source_timestamp":5742655146553500,"circlet_count":0,"master_deck":["dioMod:Strike","dioMod:Strike","Bite+1","dioMod:Defend","dioMod:Defend","dioMod:Defend","dioMod:Defend","blademaster:WrongfulFootwork","Panache","dioMod:SlashThroughTime","dioMod:BlendIn","dioMod:LaserVision+1","dioMod:DisarmingVoice","dioMod:DaggerToss+1","dioMod:TheWalk+1","dioMod:Muda","dioMod:KonoDioDa","dioMod:Minions","dioMod:Hiss+1","dioMod:CutDeep","dioMod:MudaMudaMuda","dioMod:SevenPageMuda+1","dioMod:SecretPlan","dioMod:CoffinBath","dioMod:DaggerToss","dioMod:RoadRoller"],"relics":["dioMod:VampireBlood","TungstenRod","Kunai","Letter Opener","StoneCalendar","Philosopher\u0027s Stone","Red Mask","Frozen Eye","Smiling Mask"],"potions_floor_usage":[24,29,29],"damage_taken":[{"damage":7,"enemies":"Small Slimes","floor":1,"turns":3},{"damage":6,"enemies":"Jaw Worm","floor":3,"turns":4},{"damage":0,"enemies":"Cultist","floor":5,"turns":4},{"damage":31,"enemies":"Gremlin Nob","floor":7,"turns":5},{"damage":0,"enemies":"Large Slime","floor":10,"turns":6},{"damage":26,"enemies":"Lagavulin","floor":12,"turns":8},{"damage":0,"enemies":"2 Fungi Beasts","floor":13,"turns":2},{"damage":11,"enemies":"Hexaghost","floor":16,"turns":12},{"damage":0,"enemies":"3 Byrds","floor":18,"turns":2},{"damage":22,"enemies":"Masked Bandits","floor":19,"turns":4},{"damage":12,"enemies":"Shell Parasite","floor":20,"turns":5},{"damage":20,"enemies":"Shelled Parasite and Fungi","floor":24,"turns":4},{"damage":17,"enemies":"Centurion and Healer","floor":27,"turns":4},{"damage":15,"enemies":"Snake Plant","floor":28,"turns":4},{"damage":31,"enemies":"Book of Stabbing","floor":29,"turns":4}],"seed_played":"555530398998371923","potions_obtained":[{"floor":3,"key":"DuplicationPotion"},{"floor":12,"key":"Swift Potion"},{"floor":13,"key":"Block Potion"},{"floor":24,"key":"FearPotion"}],"is_trial":false,"path_per_floor":["M","?","M","T","M","R","E","R","T","M","R","E","M","?","R","B",null,"M","?","M","$","?","R","M","$","T","M","M","E"],"character_chosen":"THE_DEFAULT","items_purchased":["dioMod:MudaMudaMuda","dioMod:SevenPageMuda","Frozen Eye","dioMod:SecretPlan"],"campfire_rested":0,"item_purchase_floors":[21,21,21,21],"current_hp_per_floor":[71,60,61,61,68,68,44,44,44,56,56,42,51,56,56,57,80,80,64,58,58,58,58,47,47,47,39,27,0,0],"gold":43,"neow_bonus":"RANDOM_COLORLESS_2","is_prod":false,"is_daily":false,"chose_seed":false,"campfire_upgraded":5,"win_rate":0.0,"timestamp":1607585884,"path_taken":["M","?","M","?","M","R","E","R","T","?","R","E","M","?","R","BOSS","M","?","M","$","?","R","M","?","T","M","?","E"],"build_version":"2020-12-07","purchased_purges":2,"victory":false,"max_hp_per_floor":[75,75,75,75,75,75,75,75,75,75,75,75,75,80,80,80,80,80,80,80,80,80,80,80,80,80,80,80,80,80],"relic_stats":{"counters":[15,71],"StoneCalendar":[48],"Kunai":[19],"Letter Opener":[25],"Smiling Mask":50,"obtain_stats":[{"Frozen Eye":21,"dioMod:VampireBlood":0,"StoneCalendar":12,"Philosopher\u0027s Stone":17,"Red Mask":19,"Kunai":7,"Letter Opener":9,"Smiling Mask":22,"TungstenRod":4},{"Frozen Eye":11,"dioMod:VampireBlood":0,"StoneCalendar":6,"Philosopher\u0027s Stone":8,"Red Mask":10,"Kunai":4,"Letter Opener":4,"Smiling Mask":11,"TungstenRod":2},{"Frozen Eye":55,"dioMod:VampireBlood":0,"StoneCalendar":30,"Philosopher\u0027s Stone":44,"Red Mask":50,"Kunai":16,"Letter Opener":16,"Smiling Mask":55,"TungstenRod":7}],"TungstenRod":33},"card_choices":[{"not_picked":["Magnetism","Secret Technique"],"picked":"Panache","floor":0},{"not_picked":["dioMod:FlyAway","dioMod:TripleThreat"],"picked":"dioMod:SlashThroughTime","floor":1},{"not_picked":["dioMod:SlashThroughTime","dioMod:ComposedMuda"],"picked":"dioMod:BlendIn","floor":3},{"not_picked":["dioMod:StreetSign","dioMod:FlyAway"],"picked":"dioMod:LaserVision","floor":5},{"not_picked":["dioMod:BloodShield","dioMod:WRYYY"],"picked":"dioMod:DisarmingVoice","floor":7},{"not_picked":["dioMod:ComposedMuda","dioMod:DoubleTime"],"picked":"dioMod:DaggerToss","floor":10},{"not_picked":["dioMod:HeavyLifting","dioMod:BloodSuck"],"picked":"dioMod:TheWalk","floor":12},{"not_picked":["dioMod:BloodShield","dioMod:DominatingPresence"],"picked":"dioMod:Muda","floor":13},{"not_picked":["dioMod:PhantomBlood","dioMod:PathToHeaven"],"picked":"dioMod:KonoDioDa","floor":16},{"not_picked":["dioMod:HeavyLifting","dioMod:ComboFever"],"picked":"dioMod:Minions","floor":18},{"not_picked":["dioMod:ComboFever","dioMod:LaserVision"],"picked":"dioMod:Hiss+1","floor":19},{"not_picked":["dioMod:StreetSign","dioMod:Refresh"],"picked":"dioMod:CutDeep","floor":20},{"not_picked":["dioMod:CautiousMuda","dioMod:BloodSplash"],"picked":"dioMod:CoffinBath","floor":24},{"not_picked":["dioMod:TripleThreat+1","dioMod:VengefulMuda+1"],"picked":"dioMod:DaggerToss","floor":27},{"not_picked":["dioMod:StreetSign","dioMod:DaggerToss"],"picked":"dioMod:RoadRoller","floor":28}],"player_experience":265149,"relics_obtained":[{"floor":4,"key":"TungstenRod"},{"floor":7,"key":"Kunai"},{"floor":9,"key":"Letter Opener"},{"floor":12,"key":"StoneCalendar"},{"floor":19,"key":"Red Mask"}],"event_choices":[{"damage_healed":0,"gold_gain":75,"player_choice":"Gather Gold","damage_taken":11,"max_hp_gain":0,"max_hp_loss":0,"event_name":"World of Goop","floor":2,"gold_loss":0},{"damage_healed":0,"gold_gain":0,"player_choice":"Donut","damage_taken":0,"max_hp_gain":5,"max_hp_loss":0,"event_name":"Big Fish","floor":14,"gold_loss":0},{"damage_healed":0,"gold_gain":0,"player_choice":"Fought Bandits","damage_taken":0,"max_hp_gain":0,"max_hp_loss":0,"event_name":"Masked Bandits","floor":19,"gold_loss":0},{"damage_healed":0,"gold_gain":0,"player_choice":"Obtained Relic","damage_taken":0,"relics_obtained":["Smiling Mask"],"max_hp_gain":0,"max_hp_loss":0,"event_name":"Addict","floor":22,"gold_loss":85}],"is_beta":true,"boss_relics":[{"not_picked":["Velvet Choker","Snecko Eye"],"picked":"Philosopher\u0027s Stone"}],"items_purged_floors":[21,25],"is_endless":false,"potions_floor_spawned":[3,12,13,24,28],"killed_by":"Book of Stabbing","ascension_level":0}}