{"host":"p7j7o00jacnw7qzt","time":1607583656,"event":{"gold_per_floor":[114,114,126,15,33,33,62,78,78,78,78,78,92,92,92,92,92],"floor_reached":16,"playtime":565,"items_purged":["Strike_R"],"score":200,"play_id":"8d34dd23-04ef-4b48-8869-0f123343777a","local_time":"20201210020056","is_ascension_mode":true,"campfire_choices":[{"data":"Armaments","floor":6.0,"key":"SMITH"},{"data":"Searing Blow","floor":10.0,"key":"SMITH"},{"data":"Searing Blow+1","floor":12.0,"key":"SMITH"},{"data":"Searing Blow+3","floor":15.0,"key":"SMITH"}],"neow_cost":"PERCENT_DAMAGE","seed_source_timestamp":2171936217301900,"circlet_count":0,"master_deck":["AscendersBane","Strike_R","Defend_R","Defend_R","Defend_R","Defend_R","Bash","Armaments+1","Searing Blow+4","Burning Pact","Bloodletting","Shockwave"],"special_seed":0,"relics":["Burning Blood","Peace Pipe","Torii"],"potions_floor_usage":[],"damage_taken":[{"damage":12.0,"enemies":"Cultist","floor":1.0,"turns":4.0},{"damage":2.0,"enemies":"Jaw Worm","floor":3.0,"turns":9.0},{"damage":7.0,"enemies":"Small Slimes","floor":5.0,"turns":6.0},{"damage":39.0,"enemies":"3 Sentries","floor":7.0,"turns":16.0},{"damage":6.0,"enemies":"Blue Slaver","floor":8.0,"turns":5.0},{"damage":9.0,"enemies":"Exordium Thugs","floor":13.0,"turns":6.0},{"damage":18,"enemies":"Slime Boss","floor":16,"turns":4}],"seed_played":"-3085599348989670203","potions_obtained":[{"floor":1.0,"key":"Dexterity Potion"},{"floor":7.0,"key":"Strength Potion"}],"is_trial":false,"path_per_floor":["M","?","M","$","M","R","E","M","T","R","$","R","M","?","R","B"],"character_chosen":"IRONCLAD","items_purchased":["Burning Pact"],"campfire_rested":0,"item_purchase_floors":[4],"current_hp_per_floor":[44,44,48,48,47,47,14,14,14,14,14,14,11,11,11,0,0],"gold":92,"neow_bonus":"REMOVE_TWO","is_prod":false,"is_daily":false,"chose_seed":false,"campfire_upgraded":4,"win_rate":0,"timestamp":1607583656,"path_taken":["M","?","M","?","?","R","E","M","T","R","$","R","M","?","R","BOSS"],"build_version":"2020-11-30","purchased_purges":1,"victory":false,"max_hp_per_floor":[75,75,75,75,75,75,75,75,75,75,75,75,75,75,75,75,75],"relic_stats":{"Peace Pipe":0,"Torii":2,"counters":[7,50],"obtain_stats":[{"Peace Pipe":7,"Torii":9,"Burning Blood":0},{"Peace Pipe":4,"Torii":5,"Burning Blood":0},{"Peace Pipe":35,"Torii":40,"Burning Blood":0}],"Burning Blood":36},"card_choices":[{"not_picked":["Sever Soul","Perfected Strike"],"picked":"Armaments","floor":1.0},{"not_picked":["Infernal Blade","Thunderclap"],"picked":"Searing Blow","floor":3.0},{"not_picked":["Cleave","Twin Strike","Clothesline"],"picked":"SKIP","floor":5.0},{"not_picked":["Headbutt","Iron Wave"],"picked":"Bloodletting","floor":7.0},{"not_picked":["Blood for Blood","Anger","Burning Pact"],"picked":"SKIP","floor":8.0},{"not_picked":["Cleave","Spot Weakness"],"picked":"Shockwave","floor":13.0}],"player_experience":730471,"relics_obtained":[{"floor":7.0,"key":"Peace Pipe"},{"floor":9.0,"key":"Torii"}],"event_choices":[{"cards_removed":["Strike_R"],"damage_healed":0.0,"max_hp_gain":0.0,"max_hp_loss":0.0,"gold_gain":0.0,"event_name":"Bonfire Elementals","player_choice":"Offered Basic","floor":2.0,"gold_loss":0.0,"damage_taken":0.0},{"damage_healed":0.0,"max_hp_gain":0.0,"max_hp_loss":0.0,"gold_gain":0.0,"event_name":"Living Wall","player_choice":"Grow","floor":14.0,"gold_loss":0.0,"damage_taken":0.0,"cards_upgraded":["Searing Blow"]}],"is_beta":false,"boss_relics":[],"items_purged_floors":[4],"is_endless":false,"potions_floor_spawned":[1,7],"killed_by":"Slime Boss","ascension_level":20}}