{"host":"27hat5v0dffgaxzm","time":1607626065,"event":{"mods":["BaseMod","Highlight Path","Minty Spire (QoL Compilation)","Quick Restart","Permanent Neow","Colored Map","Colored Powertips"],"gold_per_floor":[368,1,18,29,29,59,59,94,148,72,83,83,99,133,133,210,210,222,222,237,237,248,278,278,306,306,306,341,341,368,199,199,199,199],"floor_reached":33,"playtime":1146,"items_purged":["Defend_G"],"score":857,"play_id":"2e033ab2-d8d0-43b7-9ab2-86f9d3fe1ee9","local_time":"20201211034745","is_ascension_mode":true,"campfire_choices":[{"data":"Cloak And Dagger","floor":7,"key":"SMITH"},{"data":"Glass Knife","floor":12,"key":"SMITH"},{"data":"Footwork","floor":15,"key":"SMITH"},{"data":"Prepared","floor":24,"key":"SMITH"},{"data":"Phantasmal Killer","floor":32,"key":"SMITH"}],"circlet_count":0,"master_deck":["AscendersBane","Defend_G","Defend_G","Defend_G","Survivor","Neutralize","Cloak And Dagger+1","Backstab+1","Deadly Poison","Backflip","Blur","Prepared+1","Glass Knife+1","Poisoned Stab","Bouncing Flask","Footwork+1","Die Die Die+1","Terror","Bite","Bite","Bite","Bite","Bite","Reflex+1","Footwork+1","Crippling Poison","Infinite Blades","Infinite Blades","Phantasmal Killer+1","Backstab","Accuracy"],"special_seed":0,"relics":["Ring of the Snake","ClockworkSouvenir","Bag of Preparation","Gremlin Horn","Happy Flower","Bag of Marbles","PreservedInsect","Black Star","Pen Nib","Lantern","Incense Burner","Centennial Puzzle","Smiling Mask","MutagenicStrength","Potion Belt","Whetstone","Dream Catcher","Strawberry"],"acts_visited":["Exordium","TheCity"],"potions_floor_usage":[6,8,16,20,25,25],"damage_taken":[{"damage":9.0,"enemies":"Cultist","floor":1.0,"turns":6.0},{"damage":0.0,"enemies":"Small Slimes","floor":3.0,"turns":2.0},{"damage":0.0,"enemies":"Jaw Worm","floor":4.0,"turns":3.0},{"damage":18,"enemies":"3 Sentries","floor":6,"turns":10},{"damage":9,"enemies":"Lagavulin","floor":8,"turns":7},{"damage":0,"enemies":"Lots of Slimes","floor":11,"turns":1},{"damage":0,"enemies":"Exordium Thugs","floor":13,"turns":1},{"damage":0,"enemies":"Gremlin Nob","floor":14,"turns":2},{"damage":2,"enemies":"Hexaghost","floor":16,"turns":6},{"damage":0,"enemies":"Chosen","floor":18,"turns":3},{"damage":0,"enemies":"3 Byrds","floor":20,"turns":3},{"damage":16,"enemies":"Snake Plant","floor":22,"turns":3},{"damage":9,"enemies":"Gremlin Leader","floor":23,"turns":4},{"damage":0,"enemies":"Slavers","floor":25,"turns":1},{"damage":0,"enemies":"Gremlin Leader","floor":28,"turns":3},{"damage":13,"enemies":"Slavers","floor":30,"turns":3},{"damage":53,"enemies":"Collector","floor":33,"turns":7}],"seed_played":"-4905660600797949430","potions_obtained":[{"floor":4.0,"key":"PowerPotion"},{"floor":6,"key":"DuplicationPotion"},{"floor":8,"key":"SteroidPotion"},{"floor":14,"key":"PowerPotion"},{"floor":19,"key":"BlessingOfTheForge"},{"floor":20,"key":"Fire Potion"},{"floor":23,"key":"SteroidPotion"}],"is_trial":false,"path_per_floor":["M","$","M","M","?","E","R","E","T","$","M","R","M","E","R","B",null,"M","?","M","?","M","E","R","E","T","?","E","?","E","$","R","B"],"character_chosen":"THE_SILENT","items_purchased":["ClockworkSouvenir","Bag of Preparation","Backstab","Glass Knife","Backstab","Accuracy"],"campfire_rested":0,"item_purchase_floors":[2,2,2,10,31,31],"current_hp_per_floor":[50,50,50,50,43,25,25,16,16,16,16,16,16,16,16,14,49,49,49,49,42,26,25,25,29,29,29,33,33,35,35,35,0,0],"gold":199,"neow_bonus":"TWO_FIFTY_GOLD","is_daily":false,"chose_seed":false,"campfire_upgraded":5,"win_rate":0,"timestamp":1607626065,"path_taken":["M","$","M","?","?","E","R","E","T","?","M","R","?","E","R","BOSS","M","?","?","?","M","E","R","E","T","?","E","?","E","?","R","BOSS"],"build_version":"2020-11-30","purchased_purges":1,"victory":false,"max_hp_per_floor":[60,60,60,60,60,60,60,60,60,60,60,60,60,60,60,60,60,60,60,60,42,42,42,42,42,42,42,42,42,49,49,49,49,49],"card_choices":[{"not_picked":["Slice","Predator"],"picked":"Cloak And Dagger","floor":1.0},{"not_picked":["Deflect","Setup"],"picked":"Deadly Poison","floor":3.0},{"not_picked":["Prepared","Finisher"],"picked":"Backflip","floor":4.0},{"not_picked":["Underhanded Strike","Dagger Throw"],"picked":"Blur","floor":6},{"not_picked":["Flying Knee","Crippling Poison"],"picked":"Prepared","floor":8},{"not_picked":["Distraction","PiercingWail"],"picked":"Poisoned Stab","floor":11},{"not_picked":["Dagger Throw","PiercingWail"],"picked":"Bouncing Flask","floor":13},{"not_picked":["Endless Agony","Blur"],"picked":"Footwork","floor":14},{"not_picked":["Grand Finale","Glass Knife"],"picked":"Die Die Die","floor":16},{"not_picked":["All Out Attack","Underhanded Strike","Deadly Poison"],"picked":"SKIP","floor":18},{"not_picked":["Deflect","Prepared"],"picked":"Terror","floor":20},{"not_picked":["Flechettes","Cloak And Dagger"],"picked":"Reflex+1","floor":22},{"not_picked":["Eviscerate","Dodge and Roll"],"picked":"Footwork+1","floor":23},{"not_picked":["Finisher","Masterful Stab"],"picked":"Crippling Poison","floor":25},{"not_picked":["Riddle With Holes","Noxious Fumes"],"picked":"Infinite Blades","floor":28},{"not_picked":["Skewer","PiercingWail+1"],"picked":"Phantasmal Killer","floor":30}],"player_experience":296832,"relics_obtained":[{"floor":6,"key":"Gremlin Horn"},{"floor":8,"key":"Happy Flower"},{"floor":9,"key":"Bag of Marbles"},{"floor":14,"key":"PreservedInsect"},{"floor":23,"key":"Pen Nib"},{"floor":23,"key":"Lantern"},{"floor":25,"key":"Incense Burner"},{"floor":25,"key":"Centennial Puzzle"},{"floor":26,"key":"Smiling Mask"},{"floor":28,"key":"Potion Belt"},{"floor":28,"key":"Whetstone"},{"floor":30,"key":"Dream Catcher"},{"floor":30,"key":"Strawberry"}],"event_choices":[{"cards_removed":["Defend_G"],"damage_healed":0.0,"max_hp_gain":0.0,"max_hp_loss":0.0,"gold_gain":0.0,"event_name":"Golden Wing","player_choice":"Card Removal","floor":5.0,"gold_loss":0.0,"damage_taken":7.0},{"damage_healed":0,"gold_gain":0,"player_choice":"Got Potions","damage_taken":0,"max_hp_gain":0,"max_hp_loss":0,"event_name":"Lab","floor":19,"gold_loss":0},{"damage_healed":0,"gold_gain":0,"player_choice":"Became a vampire","damage_taken":0,"max_hp_gain":0,"max_hp_loss":18,"event_name":"Vampires","floor":21,"gold_loss":0,"cards_obtained":["Bite","Bite","Bite","Bite","Bite"]},{"damage_healed":0,"gold_gain":0,"player_choice":"Inject Mutagens","damage_taken":0,"relics_obtained":["MutagenicStrength"],"max_hp_gain":0,"max_hp_loss":0,"event_name":"Drug Dealer","floor":27,"gold_loss":0},{"damage_healed":0,"gold_gain":0,"player_choice":"Read","damage_taken":0,"max_hp_gain":0,"max_hp_loss":0,"event_name":"The Library","floor":29,"gold_loss":0,"cards_obtained":["Infinite Blades"]}],"is_beta":false,"boss_relics":[{"not_picked":["SlaversCollar","Ectoplasm"],"picked":"Black Star"}],"items_purged_floors":[31],"is_endless":false,"potions_floor_spawned":[4,6,8,14,20,23],"killed_by":"Collector","ascension_level":20}}