{"host":"sav7uxregyirlf69","time":1607604838,"event":{"gold_per_floor":[109,109,129,54,66,96,96,7,7,25,25,25,60,80,80,80,80],"floor_reached":16,"playtime":241,"items_purged":["Strike_R"],"score":220,"play_id":"88d8ce28-8641-44cd-a960-41e5062c4814","local_time":"20201210215358","is_ascension_mode":true,"campfire_choices":[{"data":"Fire Breathing","floor":7,"key":"SMITH"},{"data":"Evolve","floor":12,"key":"SMITH"},{"floor":15,"key":"REST"}],"neow_cost":"NONE","seed_source_timestamp":62809734876346,"circlet_count":0,"master_deck":["AscendersBane","Strike_R","Strike_R","Strike_R","Defend_R","Defend_R","Defend_R","Defend_R","Bash","Evolve+1","Bludgeon","Fire Breathing+1","Bloodletting","Warcry"],"relics":["Burning Blood","NeowsBlessing","Gremlin Horn","Boot","Red Skull"],"potions_floor_usage":[13],"damage_taken":[{"damage":0,"enemies":"Cultist","floor":1,"turns":1},{"damage":0,"enemies":"Small Slimes","floor":3,"turns":1},{"damage":0,"enemies":"Jaw Worm","floor":5,"turns":1},{"damage":40,"enemies":"3 Sentries","floor":6,"turns":8},{"damage":16,"enemies":"Large Slime","floor":10,"turns":6},{"damage":31,"enemies":"Gremlin Nob","floor":13,"turns":4},{"damage":14,"enemies":"Blue Slaver","floor":14,"turns":4},{"damage":35,"enemies":"Hexaghost","floor":16,"turns":7}],"seed_played":"2659356955323689263","potions_obtained":[{"floor":3,"key":"Strength Potion"},{"floor":6,"key":"Dexterity Potion"},{"floor":10,"key":"Regen Potion"}],"is_trial":false,"path_per_floor":["M","?","M","$","M","E","R","$","T","M","?","R","E","M","R","B"],"character_chosen":"IRONCLAD","items_purchased":["Bloodletting"],"campfire_rested":1,"item_purchase_floors":[8],"current_hp_per_floor":[74,74,75,75,75,41,41,41,41,31,31,31,18,10,32,0,0],"gold":80,"neow_bonus":"THREE_ENEMY_KILL","is_prod":false,"is_daily":false,"chose_seed":false,"campfire_upgraded":2,"win_rate":0,"timestamp":1607604838,"path_taken":["M","?","?","$","M","E","R","$","T","M","?","R","E","M","R","BOSS"],"build_version":"2020-11-30","purchased_purges":1,"victory":false,"max_hp_per_floor":[75,75,75,75,75,75,75,75,75,75,75,75,75,75,75,75,75],"card_choices":[{"not_picked":["Armaments","Metallicize"],"picked":"Evolve","floor":1},{"not_picked":["Cleave","Perfected Strike","Clothesline"],"picked":"SKIP","floor":3},{"not_picked":["Armaments","Clothesline","Combust"],"picked":"SKIP","floor":5},{"not_picked":["Flame Barrier","Shrug It Off"],"picked":"Fire Breathing","floor":6},{"not_picked":["Dual Wield","Headbutt","Sword Boomerang"],"picked":"SKIP","floor":10},{"not_picked":["Body Slam","Reaper"],"picked":"Warcry","floor":13},{"not_picked":["Sword Boomerang","Clash","Iron Wave"],"picked":"SKIP","floor":14}],"player_experience":912630,"relics_obtained":[{"floor":6,"key":"Gremlin Horn"},{"floor":9,"key":"Boot"},{"floor":13,"key":"Red Skull"}],"event_choices":[{"damage_healed":0,"gold_gain":0,"player_choice":"1 cards matched","damage_taken":0,"max_hp_gain":0,"max_hp_loss":0,"event_name":"Match and Keep!","floor":2,"gold_loss":0,"cards_obtained":["Bludgeon"]},{"cards_removed":["Strike_R"],"damage_healed":0,"gold_gain":0,"player_choice":"Purged","damage_taken":0,"max_hp_gain":0,"max_hp_loss":0,"event_name":"Purifier","floor":11,"gold_loss":0}],"is_beta":false,"boss_relics":[],"items_purged_floors":[4],"is_endless":false,"potions_floor_spawned":[3,6,10],"killed_by":"Hexaghost","ascension_level":20}}