{"host":"87w2793jpavfbt1o","time":1607591276,"event":{"gold_per_floor":[118,293,309,68,80,113,113,147,147,147,147],"floor_reached":10,"playtime":1030,"items_purged":[],"score":87,"play_id":"64e8dda8-f754-4a14-915b-7eb43c9704a0","local_time":"20201210010756","is_ascension_mode":true,"campfire_choices":[{"floor":7,"key":"RECALL"}],"neow_cost":"","seed_source_timestamp":-939129632649789346,"circlet_count":0,"master_deck":["Strike_B","Strike_B","Strike_B","Strike_B","Defend_B","Defend_B","Defend_B","Defend_B","Zap","Dualcast","BeautySensation","Doom and Gloom","Loop","Turbo","Doubt","Crystallizer","FIFO Queue","FIFO Queue","REME_DataAnalysis"],"relics":["Cracked Core","testmod-TestBox","REME_ComplimentaryCards","testmod-D_4","Toxic Egg 2","Dream Catcher","ReplayFunnel"],"potions_floor_usage":[8],"damage_taken":[{"damage":12,"enemies":"Small Slimes","floor":1,"turns":3},{"damage":0,"enemies":"Cultist","floor":3,"turns":3},{"damage":0,"enemies":"2 Louse","floor":5,"turns":1},{"damage":22,"enemies":"Gremlin Nob","floor":6,"turns":3},{"damage":38,"enemies":"Lagavulin","floor":8,"turns":7},{"damage":36,"enemies":"Gremlin Nob","floor":10,"turns":3}],"seed_played":"-3651678077172495244","potions_obtained":[{"floor":1,"key":"LifebloodPotion"}],"is_trial":false,"path_per_floor":["M","?","M","$","M","E","R","E","T","E"],"character_chosen":"DEFECT","items_purchased":["Doom and Gloom","Loop","Toxic Egg 2"],"campfire_rested":0,"item_purchase_floors":[0,0,4],"current_hp_per_floor":[63,63,63,63,63,46,46,8,8,0,0],"gold":147,"neow_bonus":"","is_prod":false,"is_daily":false,"chose_seed":false,"campfire_upgraded":0,"win_rate":0,"timestamp":1607591276,"path_taken":["M","?","M","$","M","E","R","E","T","E"],"build_version":"2020-11-30","purchased_purges":0,"victory":false,"max_hp_per_floor":[75,75,75,75,75,75,75,75,75,75,75],"card_choices":[{"not_picked":["Compile Driver","Steam Power"],"picked":"Turbo","floor":1},{"not_picked":["ReplaySort","ReplayGash"],"picked":"Crystallizer","floor":3},{"not_picked":["Go for the Eyes","ReplayTheSpireMod:Repulse+1"],"picked":"FIFO Queue","floor":5},{"not_picked":["Steam+1","Streamline"],"picked":"FIFO Queue","floor":6},{"not_picked":["Coolheaded+1","Ball Lightning"],"picked":"REME_DataAnalysis","floor":8}],"player_experience":600030,"relics_obtained":[{"floor":6,"key":"Dream Catcher"},{"floor":8,"key":"ReplayFunnel"}],"event_choices":[{"damage_healed":0,"gold_gain":175,"player_choice":"AGREE","damage_taken":118,"max_hp_gain":0,"max_hp_loss":0,"event_name":"betterThird:BetterSerpent","floor":2,"gold_loss":0}],"is_beta":false,"boss_relics":[],"items_purged_floors":[],"is_endless":false,"potions_floor_spawned":[1],"killed_by":"Gremlin Nob","ascension_level":3}}