{"host":"p9t7qd83igtcp2bh","time":1607608077,"event":{"gold_per_floor":[111,127,127,142,142,168,168,17,17,51,51,77,91,105,105,201,201,219,309,80,80,80],"floor_reached":21,"playtime":531,"items_purged":["Strike_P"],"score":383,"play_id":"cccf6e63-4218-4102-a196-c43bebfd8c4c","local_time":"20201210224757","is_ascension_mode":true,"campfire_choices":[{"data":"CrushJoints","floor":7,"key":"SMITH"},{"floor":11,"key":"DIG"},{"data":"SandsOfTime","floor":15,"key":"SMITH"}],"neow_cost":"NONE","seed_source_timestamp":857101393113100,"circlet_count":0,"master_deck":["AscendersBane","Strike_P","Strike_P","Defend_P","Defend_P","Defend_P","Defend_P","Eruption","Vigilance","FlyingSleeves","SashWhip","CrushJoints+1","FollowUp","ConjureBlade","Sanctity","SandsOfTime+1","FlurryOfBlows","EmptyBody","Scrawl","Flash of Steel"],"relics":["PureWater","InkBottle","Membership Card","Shovel","StrikeDummy","Damaru","White Beast Statue","VioletLotus","Turnip","PreservedInsect"],"potions_floor_usage":[12,16,21],"damage_taken":[{"damage":2,"enemies":"Jaw Worm","floor":1,"turns":3},{"damage":0,"enemies":"Small Slimes","floor":2,"turns":3},{"damage":0,"enemies":"Cultist","floor":4,"turns":2},{"damage":34,"enemies":"3 Sentries","floor":6,"turns":10},{"damage":12,"enemies":"Lagavulin","floor":10,"turns":6},{"damage":3,"enemies":"3 Sentries","floor":12,"turns":3},{"damage":6,"enemies":"Looter","floor":13,"turns":3},{"damage":0,"enemies":"Red Slaver","floor":14,"turns":1},{"damage":0,"enemies":"Slime Boss","floor":16,"turns":3},{"damage":33,"enemies":"Shell Parasite","floor":18,"turns":5},{"damage":4,"enemies":"3 Byrds","floor":21,"turns":3}],"seed_played":"6338069829592690246","potions_obtained":[{"floor":2,"key":"Swift Potion"},{"floor":4,"key":"ColorlessPotion"},{"floor":12,"key":"Explosive Potion"},{"floor":16,"key":"BlessingOfTheForge"}],"is_trial":false,"path_per_floor":["M","M","?","M","$","E","R","$","T","E","R","E","M","M","R","B",null,"M","?","$","M"],"character_chosen":"WATCHER","items_purchased":["Membership Card","Flash of Steel","Turnip","PreservedInsect"],"campfire_rested":0,"item_purchase_floors":[8,20,20,20],"current_hp_per_floor":[63,63,68,68,68,34,34,34,34,22,22,19,13,13,13,13,61,28,16,16,12,12],"gold":80,"neow_bonus":"TRANSFORM_CARD","is_prod":false,"is_daily":false,"chose_seed":false,"campfire_upgraded":2,"win_rate":0,"timestamp":1607608077,"path_taken":["M","M","?","M","$","E","R","$","T","E","R","E","M","M","R","BOSS","M","?","$","?"],"build_version":"2020-11-30","purchased_purges":1,"victory":false,"max_hp_per_floor":[72,72,77,77,77,77,77,77,77,77,77,77,77,77,77,77,77,77,77,77,77,77],"card_choices":[{"not_picked":["Nirvana","Protect"],"picked":"SashWhip","floor":1},{"not_picked":["WaveOfTheHand","JustLucky"],"picked":"CrushJoints","floor":2},{"not_picked":["Nirvana","CrushJoints"],"picked":"FollowUp","floor":4},{"not_picked":["Protect","FlyingSleeves"],"picked":"ConjureBlade","floor":6},{"not_picked":["Halt","FollowUp"],"picked":"Sanctity","floor":10},{"not_picked":["DeceiveReality","Halt"],"picked":"SandsOfTime","floor":12},{"not_picked":["FollowUp","Pray"],"picked":"FlurryOfBlows","floor":13},{"not_picked":["SashWhip","Wireheading"],"picked":"EmptyBody","floor":14},{"not_picked":["ConjureBlade","Brilliance"],"picked":"Scrawl","floor":16},{"not_picked":["ClearTheMind","Halt","Vengeance"],"picked":"SKIP","floor":18}],"player_experience":538804,"relics_obtained":[{"floor":6,"key":"InkBottle"},{"floor":9,"key":"Shovel"},{"floor":10,"key":"StrikeDummy"},{"floor":11,"key":"Damaru"},{"floor":12,"key":"White Beast Statue"}],"event_choices":[{"damage_healed":0,"gold_gain":0,"player_choice":"Donut","damage_taken":0,"max_hp_gain":5,"max_hp_loss":0,"event_name":"Big Fish","floor":3,"gold_loss":0},{"damage_healed":0,"gold_gain":90,"player_choice":"GOLD ","damage_taken":12,"max_hp_gain":0,"max_hp_loss":0,"event_name":"Knowing Skull","floor":19,"potions_obtained":[],"gold_loss":0,"cards_obtained":[]}],"is_beta":false,"boss_relics":[{"not_picked":["Cursed Key","Runic Pyramid"],"picked":"VioletLotus"}],"items_purged_floors":[20],"is_endless":false,"potions_floor_spawned":[2,4,12,13,14,16,18],"killed_by":"3 Byrds","ascension_level":11}}