{"host":"ueef25wtkg2eer3h","time":1607626786,"event":{"mods":["BaseMod","DeckTracker","StSLib","AchievementEnabler","Googly Eyes","Colored Powertips","Minty Spire (QoL Compilation)","Colored Map","Displayed Cursed Tome","Highlight Path","Slay the Relics Exporter"],"gold_per_floor":[114,126,136,150,167,201,201,221,292,308,17,44,44,9,9,106,106,119,119,119],"floor_reached":19,"playtime":1204,"items_purged":["Defend_B"],"score":253,"play_id":"ad9cf581-3acf-4d0c-9a64-569909baf041","local_time":"20201210195946","is_ascension_mode":true,"campfire_choices":[{"floor":7,"key":"REST"},{"data":"Sunder","floor":15,"key":"SMITH"}],"circlet_count":0,"master_deck":["Strike_B","Strike_B","Strike_B","Strike_B","Defend_B","Defend_B","Defend_B","Zap","Dualcast","Streamline","Sunder+1","Turbo","Rebound","Beam Cell","Beam Cell","Panache","Conserve Battery","Recycle","Echo Form","Aggregate"],"relics":["Runic Pyramid","Dead Branch","StrikeDummy","Toy Ornithopter","SlaversCollar"],"acts_visited":["Exordium","TheCity"],"potions_floor_usage":[5,10,12,12],"damage_taken":[{"damage":6,"enemies":"Cultist","floor":1,"turns":4},{"damage":2,"enemies":"2 Louse","floor":2,"turns":2},{"damage":7,"enemies":"Small Slimes","floor":3,"turns":3},{"damage":17,"enemies":"Looter","floor":4,"turns":3},{"damage":0,"enemies":"2 Fungi Beasts","floor":5,"turns":2},{"damage":18,"enemies":"Gremlin Nob","floor":6,"turns":3},{"damage":13,"enemies":"Red Slaver","floor":8,"turns":3},{"damage":6,"enemies":"Lots of Slimes","floor":10,"turns":3},{"damage":18,"enemies":"Lagavulin","floor":12,"turns":4},{"damage":41,"enemies":"The Guardian","floor":16,"turns":7},{"damage":19,"enemies":"Spheric Guardian","floor":18,"turns":4},{"damage":50,"enemies":"3 Byrds","floor":19,"turns":4}],"seed_played":"4855510652698636696","potions_obtained":[{"floor":3,"key":"BlessingOfTheForge"},{"floor":5,"key":"SneckoOil"},{"floor":6,"key":"Block Potion"},{"floor":10,"key":"Regen Potion"}],"is_trial":false,"path_per_floor":["M","M","M","M","M","E","R","M","T","M","$","E","?","?","R","B",null,"M","M"],"character_chosen":"DEFECT","items_purchased":["Panache","Conserve Battery"],"campfire_rested":1,"item_purchase_floors":[11,11],"current_hp_per_floor":[62,60,53,36,36,18,40,27,27,21,21,15,40,58,58,17,61,42,0,0],"gold":119,"neow_bonus":"BOSS_RELIC","is_daily":false,"chose_seed":false,"campfire_upgraded":1,"win_rate":0,"timestamp":1607626786,"path_taken":["M","M","M","M","M","E","R","M","T","M","$","E","?","?","R","BOSS","M","M"],"build_version":"2020-11-30","purchased_purges":1,"victory":false,"max_hp_per_floor":[75,75,75,75,75,75,75,75,75,75,75,75,75,75,75,75,75,75,75,75],"card_choices":[{"not_picked":["Hologram","Fusion"],"picked":"Streamline","floor":1},{"not_picked":["Redo","Hello World","Streamline"],"picked":"SKIP","floor":2},{"not_picked":["Skim","Aggregate"],"picked":"Sunder","floor":3},{"not_picked":["Force Field","Consume"],"picked":"Turbo","floor":4},{"not_picked":["Consume","Steam"],"picked":"Rebound","floor":5},{"not_picked":["Storm","Lockon","Redo"],"picked":"SKIP","floor":6},{"not_picked":["Reprogram","Leap"],"picked":"Beam Cell","floor":8},{"not_picked":["Auto Shields","Conserve Battery"],"picked":"Beam Cell","floor":10},{"not_picked":["Reinforced Body","Compile Driver"],"picked":"Recycle","floor":12},{"not_picked":["Fission","Electrodynamics"],"picked":"Echo Form","floor":16},{"not_picked":["Leap","Rebound"],"picked":"Aggregate","floor":18}],"player_experience":230590,"relics_obtained":[{"floor":6,"key":"Dead Branch"},{"floor":9,"key":"StrikeDummy"},{"floor":12,"key":"Toy Ornithopter"}],"event_choices":[{"damage_healed":25,"gold_gain":0,"player_choice":"Banana","damage_taken":0,"max_hp_gain":0,"max_hp_loss":0,"event_name":"Big Fish","floor":13,"gold_loss":0},{"damage_healed":18,"gold_gain":0,"player_choice":"Healed","damage_taken":0,"max_hp_gain":0,"max_hp_loss":0,"event_name":"The Cleric","floor":14,"gold_loss":35}],"is_beta":false,"boss_relics":[{"not_picked":["Calling Bell","SacredBark"],"picked":"SlaversCollar"}],"items_purged_floors":[11],"is_endless":false,"potions_floor_spawned":[3,5,6,10],"killed_by":"3 Byrds","ascension_level":8}}