{"host":"yfjdi361m7pxsbqz","time":1607588098,"event":{"gold_per_floor":[115,133,58,69,69,69,95,95,95,95,112,132,132,132,132,207,207,207,207,207,207,207,207,207,207,207,207,17,17,17,17,17,17,17,17,17,17,17,17,17,17,17,17,17,17,17,17,17,17,17],"floor_reached":51,"playtime":1528,"items_purged":["Strike_R","Strike_R"],"score":1624,"play_id":"d34376e5-5bc0-42a5-8f85-bc5431a7ba45","local_time":"20201210171458","is_ascension_mode":true,"campfire_choices":[{"data":"Body Slam","floor":6.0,"key":"SMITH"},{"data":"Shrug It Off","floor":8.0,"key":"SMITH"},{"data":"Bash","floor":10.0,"key":"SMITH"},{"floor":15.0,"key":"REST"},{"floor":23.0,"key":"REST"},{"data":"Battle Trance","floor":25.0,"key":"SMITH"},{"data":"Offering","floor":32.0,"key":"SMITH"},{"floor":40.0,"key":"RECALL"},{"floor":46.0,"key":"REST"},{"floor":49.0,"key":"REST"}],"neow_cost":"NONE","seed_source_timestamp":323469431797800,"circlet_count":0,"master_deck":["AscendersBane","Defend_R","Defend_R","Defend_R","Bash+1","Shrug It Off+1","Body Slam+1","Ghostly Armor","Feel No Pain+1","Barricade+1","Battle Trance+1","Bloodletting","Shrug It Off","Demon Form+1","Shockwave","Offering+1","Corruption+1","Body Slam+1","Dropkick+1","Fire Breathing+1","Demon Form+1","Warcry+1"],"special_seed":0,"relics":["Burning Blood","NeowsBlessing","Magic Flower","Frozen Egg 2","Ectoplasm","Champion Belt","Lantern","Fusion Hammer","Old Coin","Strawberry","Centennial Puzzle"],"potions_floor_usage":[50,50],"damage_taken":[{"damage":0.0,"enemies":"Cultist","floor":1.0,"turns":1.0},{"damage":0.0,"enemies":"Jaw Worm","floor":2.0,"turns":1.0},{"damage":0.0,"enemies":"Small Slimes","floor":4.0,"turns":1.0},{"damage":65.0,"enemies":"3 Sentries","floor":7.0,"turns":17.0},{"damage":6.0,"enemies":"Looter","floor":11.0,"turns":3.0},{"damage":14.0,"enemies":"Large Slime","floor":12.0,"turns":8.0},{"damage":39.0,"enemies":"The Guardian","floor":16.0,"turns":13.0},{"damage":45.0,"enemies":"3 Byrds","floor":18.0,"turns":8.0},{"damage":13.0,"enemies":"Shell Parasite","floor":20.0,"turns":7.0},{"damage":15.0,"enemies":"Centurion and Healer","floor":21.0,"turns":7.0},{"damage":3.0,"enemies":"Chosen and Byrds","floor":22.0,"turns":6.0},{"damage":9.0,"enemies":"3 Cultists","floor":31.0,"turns":5.0},{"damage":18.0,"enemies":"Collector","floor":33.0,"turns":7.0},{"damage":9.0,"enemies":"3 Shapes","floor":35.0,"turns":5.0},{"damage":6.0,"enemies":"Orb Walker","floor":39.0,"turns":2.0},{"damage":11.0,"enemies":"Spire Growth","floor":41.0,"turns":4.0},{"damage":22.0,"enemies":"Sphere and 2 Shapes","floor":42.0,"turns":5.0},{"damage":20.0,"enemies":"Reptomancer","floor":44.0,"turns":7.0},{"damage":28.0,"enemies":"Jaw Worm Horde","floor":45.0,"turns":4.0},{"damage":9.0,"enemies":"Giant Head","floor":47.0,"turns":5.0},{"damage":21.0,"enemies":"Transient","floor":48.0,"turns":6.0},{"damage":12,"enemies":"Donu and Deca","floor":50,"turns":7}],"seed_played":"2774795600688405254","potions_obtained":[{"floor":2.0,"key":"EssenceOfSteel"},{"floor":4.0,"key":"Energy Potion"},{"floor":12.0,"key":"Weak Potion"},{"floor":18.0,"key":"BlessingOfTheForge"},{"floor":21.0,"key":"PowerPotion"},{"floor":41.0,"key":"SpeedPotion"},{"floor":42.0,"key":"Ancient Potion"}],"is_trial":false,"path_per_floor":["M","M","$","M","?","R","E","R","T","R","M","M","?","?","R","B",null,"M","?","M","M","M","R","?","R","T","T","$","?","?","M","R","B",null,"M","?","?","?","M","R","M","M","T","E","M","R","E","M","R","B",null],"character_chosen":"IRONCLAD","items_purchased":["Shockwave"],"campfire_rested":4,"item_purchase_floors":[28],"current_hp_per_floor":[74,75,75,75,80,80,21,21,21,21,24,19,19,19,43,13,63,27,27,23,17,23,47,47,47,47,47,47,47,47,47,47,38,70,70,70,70,70,73,73,71,58,58,54,35,59,59,47,71,68],"gold":17,"neow_bonus":"THREE_ENEMY_KILL","is_prod":false,"is_daily":false,"chose_seed":false,"campfire_upgraded":5,"win_rate":0,"timestamp":1607588098,"path_taken":["M","M","$","?","?","R","E","R","T","R","M","M","?","?","R","BOSS","M","?","?","M","M","R","?","R","T","?","$","?","?","M","R","BOSS","M","?","?","?","M","R","M","M","T","E","M","R","E","M","R","BOSS"],"build_version":"2020-11-30","purchased_purges":2,"victory":true,"max_hp_per_floor":[75,75,75,75,80,80,80,80,80,80,80,80,80,80,80,80,80,80,80,80,80,80,80,80,80,80,80,80,80,80,80,80,80,80,80,80,80,76,76,76,76,76,76,83,83,83,83,83,83,83],"card_choices":[{"not_picked":["Warcry","Rampage"],"picked":"Shrug It Off","floor":1.0},{"not_picked":["Warcry","Blood for Blood","Headbutt"],"picked":"SKIP","floor":2.0},{"not_picked":["Burning Pact","Dropkick"],"picked":"Body Slam","floor":4.0},{"not_picked":["True Grit","Infernal Blade","Exhume"],"picked":"SKIP","floor":7.0},{"not_picked":["Blood for Blood","Heavy Blade"],"picked":"Ghostly Armor","floor":11.0},{"not_picked":["Armaments","Thunderclap"],"picked":"Feel No Pain+1","floor":12.0},{"not_picked":["Offering","Juggernaut+1"],"picked":"Barricade+1","floor":16.0},{"not_picked":["Flex","Sword Boomerang+1","Dropkick"],"picked":"SKIP","floor":18.0},{"not_picked":["Clothesline","Clash"],"picked":"Bloodletting","floor":20.0},{"not_picked":["Headbutt","Warcry","Clash"],"picked":"SKIP","floor":21.0},{"not_picked":["Pommel Strike","Hemokinesis","Perfected Strike"],"picked":"SKIP","floor":22.0},{"not_picked":["Bloodletting","Armaments","Pummel"],"picked":"SKIP","floor":31.0},{"not_picked":["Bloodletting","Armaments"],"picked":"Pummel","floor":31.0},{"not_picked":["Demon Form+1","Fiend Fire"],"picked":"Corruption+1","floor":33.0},{"not_picked":["Anger","Uppercut","Wild Strike+1"],"picked":"SKIP","floor":35.0},{"not_picked":["Anger","Bludgeon","Thunderclap+1"],"picked":"SKIP","floor":39.0},{"not_picked":["Cleave+1","Wild Strike"],"picked":"Body Slam+1","floor":41.0},{"not_picked":["Heavy Blade+1","True Grit","Wild Strike"],"picked":"SKIP","floor":42.0},{"not_picked":["Rage","Thunderclap"],"picked":"Dropkick+1","floor":44.0},{"not_picked":["Combust+1","Clash"],"picked":"Fire Breathing+1","floor":45.0},{"not_picked":["Infernal Blade+1","Cleave+1"],"picked":"Demon Form+1","floor":47.0},{"not_picked":["Clash","Havoc"],"picked":"Warcry+1","floor":48.0}],"player_experience":1117546,"relics_obtained":[{"floor":7.0,"key":"Magic Flower"},{"floor":9.0,"key":"Frozen Egg 2"},{"floor":26.0,"key":"Champion Belt"},{"floor":27.0,"key":"Lantern"},{"floor":43.0,"key":"Old Coin"},{"floor":44.0,"key":"Strawberry"},{"floor":47.0,"key":"Centennial Puzzle"}],"event_choices":[{"damage_healed":0.0,"max_hp_gain":5.0,"max_hp_loss":0.0,"gold_gain":0.0,"event_name":"Big Fish","player_choice":"Donut","floor":5.0,"gold_loss":0.0,"damage_taken":0.0},{"damage_healed":0.0,"max_hp_gain":0.0,"max_hp_loss":0.0,"gold_gain":0.0,"event_name":"Liars Game","player_choice":"Ignored","floor":13.0,"gold_loss":0.0,"damage_taken":0.0},{"cards_removed":["Strike_R"],"damage_healed":0.0,"max_hp_gain":0.0,"max_hp_loss":0.0,"gold_gain":0.0,"event_name":"Living Wall","player_choice":"Forget","floor":14.0,"gold_loss":0.0,"damage_taken":0.0},{"damage_healed":0.0,"max_hp_gain":0.0,"max_hp_loss":0.0,"gold_gain":0.0,"event_name":"Match and Keep!","player_choice":"1 cards matched","floor":19.0,"gold_loss":0.0,"damage_taken":0.0,"cards_obtained":["Battle Trance"]},{"damage_healed":0.0,"max_hp_gain":0.0,"max_hp_loss":0.0,"gold_gain":0.0,"cards_transformed":["Strike_R","Strike_R"],"event_name":"Drug Dealer","player_choice":"Became Test Subject","floor":24.0,"gold_loss":0.0,"damage_taken":0.0,"cards_obtained":["Shrug It Off","Demon Form"]},{"damage_healed":0.0,"max_hp_gain":0.0,"max_hp_loss":0.0,"gold_gain":50.0,"event_name":"Nest","player_choice":"Stole From Cult","floor":29.0,"gold_loss":0.0,"damage_taken":0.0},{"damage_healed":0.0,"max_hp_gain":0.0,"max_hp_loss":0.0,"gold_gain":0.0,"cards_transformed":["Defend_R"],"event_name":"Transmorgrifier","player_choice":"Transformed","floor":30.0,"gold_loss":0.0,"damage_taken":0.0,"cards_obtained":["Offering"]},{"damage_healed":0.0,"max_hp_gain":0.0,"max_hp_loss":0.0,"gold_gain":0.0,"event_name":"Mysterious Sphere","player_choice":"Ignored","floor":36.0,"gold_loss":0.0,"damage_taken":0.0},{"cards_removed":["Pummel"],"damage_healed":0.0,"max_hp_gain":0.0,"max_hp_loss":0.0,"gold_gain":0.0,"event_name":"Falling","player_choice":"Removed Attack","floor":37.0,"gold_loss":0.0,"damage_taken":0.0},{"damage_healed":0.0,"max_hp_gain":0.0,"max_hp_loss":4.0,"gold_gain":0.0,"event_name":"Winding Halls","player_choice":"Max HP","floor":38.0,"gold_loss":0.0,"damage_taken":0.0}],"is_beta":false,"boss_relics":[{"not_picked":["Black Star","Philosopher\u0027s Stone"],"picked":"Ectoplasm"},{"not_picked":["Velvet Choker","Runic Cube"],"picked":"Fusion Hammer"}],"items_purged_floors":[3,28],"is_endless":false,"potions_floor_spawned":[2,4,12,18,21,41,42,48],"ascension_level":19}}