{"host":"a0paspe0zwqgzttz","time":1607640563,"event":{"mods":["BaseMod","StSLib","GifTheSpireLib","Act Like it!","AchievementEnabler","Colored Powertips","Highlight Path","Quick Restart","BetterRewards","Minty Spire (QoL Compilation)","Conspire","Downfall","SuperFastMode","Replay The Spire","Shop Mod","Hermit","Marisa????????","Robot Space Explorer","The Bug Knight","The Construct","The Cursed","The Mystic","The Hierophant","The Necromancer","The Runesmith","The Senshi","The Servant 0.9.4","The Jungle","Lobotomy"],"gold_per_floor":[114,64,92,116,175,223,223,237,292,308,273,306,344,357,357,457,457,475,74,135,135,12,25,25],"floor_reached":23,"playtime":999,"items_purged":[],"score":243,"play_id":"380b24b9-d344-493e-b5ef-949794f70022","local_time":"20201210174923","is_ascension_mode":false,"campfire_choices":[{"data":"hermit:BlackWind","floor":7,"key":"SMITH"},{"data":"hermit:Showdown","floor":15,"key":"SMITH"}],"circlet_count":0,"master_deck":["hermit:Strike_Hermit","hermit:Strike_Hermit","hermit:Strike_Hermit","hermit:Strike_Hermit","hermit:Defend_Hermit","hermit:Defend_Hermit","hermit:Defend_Hermit","hermit:Defend_Hermit","hermit:Snapshot+1","hermit:Covet","hermit:TakeAim","conspire:SpireCoStock","hermit:Vantage","hermit:Deadeye","hermit:BlackWind+1","hermit:Dive","hermit:GhostlyPresence","hermit:Malice","hermit:Ricochet","hermit:Showdown+1","hermit:Dissolve","hermit:Dive+1","hermit:Quickdraw+1","Mayhem","ReplayTheSpireMod:Splinters","hermit:Desperado","Slimebound:CheckThePlaybook","Slimebound:Icky","hermit:FullyLoaded","hermit:Quickdraw"],"relics":["hermit:Momento","Ornamental Fan","conspire:TopHat","hermit:DentedPlate","Vajra","Membership Card","Replay:Accelerometer","Pet Ghost"],"acts_visited":["Exordium","TheCity"],"potions_floor_usage":[10,16,23,23,23],"damage_taken":[{"damage":0,"enemies":"2 Louse","floor":1,"turns":2},{"damage":0,"enemies":"Small Slimes","floor":3,"turns":3},{"damage":7,"enemies":"Jaw Worm","floor":4,"turns":5},{"damage":21,"enemies":"3 Sentries","floor":6,"turns":8},{"damage":11,"enemies":"3 Louse","floor":8,"turns":3},{"damage":2,"enemies":"Exordium Wildlife","floor":10,"turns":3},{"damage":0,"enemies":"Large Slime","floor":12,"turns":5},{"damage":1,"enemies":"2 Fungi Beasts","floor":13,"turns":4},{"damage":8,"enemies":"Red Slaver","floor":14,"turns":3},{"damage":34,"enemies":"Slime Boss","floor":16,"turns":11},{"damage":58,"enemies":"3 Byrds","floor":18,"turns":7},{"damage":16,"enemies":"Book of Stabbing","floor":23,"turns":6}],"seed_played":"-7818143927466826686","potions_obtained":[{"floor":1,"key":"Cursed Concoction"},{"floor":6,"key":"Slimebound:ThreeZeroPotion"},{"floor":10,"key":"FairyPotion"},{"floor":13,"key":"Reflective Coating"},{"floor":16,"key":"conspire:TimeTravelPotion"},{"floor":18,"key":"AttackPotion"}],"is_trial":false,"path_per_floor":["M","?","M","M","?","E","R","M","T","M","?","M","M","M","R","B",null,"M","$","?","?","$","E"],"character_chosen":"HERMIT","items_purchased":["Vajra","Membership Card","hermit:Quickdraw+1","Mayhem","Pet Ghost","hermit:FullyLoaded","hermit:Quickdraw"],"campfire_rested":0,"item_purchase_floors":[19,19,19,19,22,22,22],"current_hp_per_floor":[75,75,75,68,68,47,47,36,36,34,52,52,51,43,43,9,41,15,15,15,15,15,0,0],"gold":25,"neow_bonus":"RANDOM_EVENT","is_daily":false,"chose_seed":false,"campfire_upgraded":2,"win_rate":0.0,"timestamp":1607640563,"path_taken":["M","?","M","M","?","E","R","M","T","?","?","M","M","M","R","BOSS","M","$","?","?","$","E"],"build_version":"2020-11-30","purchased_purges":0,"victory":false,"max_hp_per_floor":[75,75,75,75,75,75,75,75,75,75,75,75,75,75,75,75,107,107,107,107,107,107,107,107],"card_choices":[{"not_picked":["hermit:ShadowCloak","hermit:Roulette"],"picked":"hermit:TakeAim","floor":1},{"not_picked":["hermit:SprayPray","hermit:CalledShot"],"picked":"hermit:Vantage","floor":3},{"not_picked":["hermit:Desperado","hermit:HoleUp"],"picked":"hermit:Deadeye","floor":4},{"not_picked":["hermit:Snipe","hermit:Desperado"],"picked":"hermit:BlackWind","floor":6},{"not_picked":["hermit:SprayPray","hermit:HoleUp"],"picked":"hermit:Dive","floor":8},{"not_picked":["hermit:WideOpen","hermit:Headshot"],"picked":"hermit:GhostlyPresence","floor":10},{"not_picked":["hermit:Gestalt","hermit:Scavenge"],"picked":"hermit:Malice","floor":12},{"not_picked":["hermit:Desperado","hermit:Cheat"],"picked":"hermit:Ricochet","floor":13},{"not_picked":["hermit:Malice","hermit:BodyArmor"],"picked":"hermit:Showdown","floor":14},{"not_picked":["hermit:BlackWind","hermit:HighNoon"],"picked":"hermit:Dissolve","floor":16},{"not_picked":["hermit:Malice","hermit:TrackingShot"],"picked":"hermit:Dive+1","floor":18},{"not_picked":["hermit:Cheat","hermit:Dive"],"picked":"hermit:Desperado","floor":20}],"player_experience":232138,"relics_obtained":[{"floor":6,"key":"Ornamental Fan"},{"floor":9,"key":"conspire:TopHat"},{"floor":20,"key":"Replay:Accelerometer"}],"event_choices":[{"damage_healed":0,"gold_gain":0,"player_choice":"Grow","damage_taken":0,"max_hp_gain":0,"max_hp_loss":0,"event_name":"Living Wall","floor":0,"gold_loss":0,"cards_upgraded":["hermit:Snapshot"]},{"damage_healed":0,"gold_gain":0,"player_choice":"Invest 1","damage_taken":0,"max_hp_gain":0,"max_hp_loss":0,"event_name":"conspire:Investor","floor":2,"gold_loss":0},{"damage_healed":0,"gold_gain":59,"player_choice":"Gained Gold","damage_taken":0,"max_hp_gain":0,"max_hp_loss":0,"event_name":"Golden Wing","floor":5,"gold_loss":0},{"damage_healed":18,"gold_gain":0,"player_choice":"Healed","damage_taken":0,"max_hp_gain":0,"max_hp_loss":0,"event_name":"The Cleric","floor":11,"gold_loss":35}],"is_beta":false,"boss_relics":[{"not_picked":["conspire:RunicOctahedron","Sozu"],"picked":"hermit:DentedPlate"}],"items_purged_floors":[],"is_endless":false,"potions_floor_spawned":[1,6,10,13,16,18],"killed_by":"Book of Stabbing","ascension_level":0}}