{"host":"yx7ue0m0ulmxmbwf","time":1607604897,"event":{"gold_per_floor":[111,129,147,97,172,200,229,262,262,293,211,236,249,276,276,353,353,369,379,294,12,32,64,93,119,190,222,253,279,16,27,27,104,104,119,119,119,30,84,115,147,178,178,207,12,39,68,96,96,96],"floor_reached":51,"playtime":3670,"items_purged":["EmptyBody","EmptyBody","EmptyBody","EmptyBody","Judgement","MostiFishMod:Dust"],"score":2423,"play_id":"1f434817-239b-4de1-a32f-e79d029b719b","local_time":"20201210205457","daily_mods":["SealedDeck","Specialized","Vintage","Heirloom","Time Dilation","Flight","DeadlyEvents","Elite Swarm"],"is_ascension_mode":true,"campfire_choices":[{"data":"1","floor":15,"key":"LIFT"},{"data":"2","floor":32,"key":"LIFT"},{"data":"3","floor":49,"key":"LIFT"}],"neow_cost":"","seed_source_timestamp":0,"circlet_count":0,"master_deck":["AscendersBane","EmptyBody","Worship","Consecrate+1","InnerPeace+1","Crescendo+1","WindmillStrike","EmptyFist","FollowUp+1","Prostrate","EmptyBody","MentalFortress","FlurryOfBlows","MostiFishMod:PathToVictory","MostiFishMod:MemoryFragments","MostiFishMod:StarWish","MostiFishMod:SephirahHod"],"relics":["PureWater","DaveBox","ice","Girya","Smiling Mask","Shuriken","RhineCircuit","CombinedTypeHook","Gremlin Horn","MerchantsRug","PreservedInsect","Bottled Tornado","CloakClasp","ImportantClient","RhineSuit","The Courier","SynthV","Happy Flower","TeardropLocket","DianPoetry","Molten Egg 2","Lantern","DaCapo","Ice Cream","Lee\u0027s Waffle","Whetstone","MostiFishMod:Hod","Membership Card","Kunai","Frozen Egg 2","Incense Burner","SentryEyes","Strange Spoon","TungstenRod","Oddly Smooth Stone","Nunchaku","Calipers","CeramicFish","Letter Opener"],"potions_floor_usage":[6,50],"damage_taken":[{"damage":14,"enemies":"Cultist","floor":1,"turns":6},{"damage":1,"enemies":"2 Louse","floor":2,"turns":3},{"damage":11,"enemies":"Jaw Worm","floor":3,"turns":5},{"damage":42,"enemies":"Gremlin Nob","floor":6,"turns":7},{"damage":9,"enemies":"Lagavulin","floor":7,"turns":6},{"damage":0,"enemies":"3 Sentries","floor":8,"turns":3},{"damage":4,"enemies":"Gremlin Nob","floor":10,"turns":4},{"damage":0,"enemies":"Lagavulin","floor":12,"turns":3},{"damage":10,"enemies":"Lots of Slimes","floor":13,"turns":2},{"damage":0,"enemies":"Gremlin Nob","floor":14,"turns":2},{"damage":29,"enemies":"The Guardian","floor":16,"turns":5},{"damage":0,"enemies":"Spheric Guardian","floor":18,"turns":3},{"damage":0,"enemies":"Shell Parasite","floor":19,"turns":3},{"damage":0,"enemies":"Centurion and Healer","floor":22,"turns":1},{"damage":0,"enemies":"Slavers","floor":23,"turns":1},{"damage":8,"enemies":"Gremlin Leader","floor":24,"turns":3},{"damage":29,"enemies":"Slavers","floor":25,"turns":2},{"damage":1,"enemies":"Gremlin Leader","floor":27,"turns":2},{"damage":0,"enemies":"Book of Stabbing","floor":28,"turns":1},{"damage":0,"enemies":"Slavers","floor":29,"turns":2},{"damage":0,"enemies":"Snecko","floor":31,"turns":2},{"damage":0,"enemies":"Automaton","floor":33,"turns":3},{"damage":8,"enemies":"3 Shapes","floor":35,"turns":1},{"damage":0,"enemies":"2 Orb Walkers","floor":39,"turns":1},{"damage":0,"enemies":"Reptomancer","floor":40,"turns":2},{"damage":0,"enemies":"Giant Head","floor":41,"turns":3},{"damage":0,"enemies":"Reptomancer","floor":42,"turns":2},{"damage":13,"enemies":"Nemesis","floor":44,"turns":3},{"damage":18,"enemies":"Giant Head","floor":46,"turns":3},{"damage":0,"enemies":"Nemesis","floor":47,"turns":1},{"damage":0,"enemies":"Reptomancer","floor":48,"turns":1},{"damage":11,"enemies":"Donu and Deca","floor":50,"turns":3}],"seed_played":"2734469392204995120","potions_obtained":[{"floor":3,"key":"Dexterity Potion"},{"floor":6,"key":"StancePotion"},{"floor":8,"key":"Fire Potion"},{"floor":22,"key":"DistilledChaos"}],"is_trial":true,"path_per_floor":["M","M","M","$","?","E","E","E","T","E","R","E","M","E","R","B",null,"M","M","?","$","M","E","E","E","T","E","E","E","$","M","R","B",null,"M","?","?","$","?","E","E","E","T","E","$","E","E","E","R","B",null],"character_chosen":"WATCHER","items_purchased":["MerchantsRug","FlurryOfBlows","PreservedInsect","SynthV","Happy Flower","TeardropLocket","Ice Cream","Lee\u0027s Waffle","Whetstone","Membership Card","Strange Spoon","TungstenRod","Oddly Smooth Stone","Nunchaku"],"campfire_rested":0,"item_purchase_floors":[11,11,11,21,21,21,30,30,30,38,45,45,45,45],"current_hp_per_floor":[47,46,35,35,24,49,42,44,44,42,42,42,32,32,32,3,67,67,67,67,67,67,67,59,30,30,29,29,29,110,120,120,120,122,114,114,114,114,114,114,114,114,114,107,107,89,89,89,89,78],"gold":96,"neow_bonus":"","is_prod":false,"is_daily":false,"chose_seed":false,"campfire_upgraded":0,"win_rate":0,"timestamp":1607604897,"path_taken":["M","M","?","$","?","E","E","E","T","E","R","E","M","?","R","BOSS","M","?","?","$","?","E","E","E","T","E","E","E","$","?","R","BOSS","M","?","?","$","?","E","E","E","T","E","$","E","?","E","R","BOSS"],"build_version":"2020-11-30","purchased_purges":6,"victory":true,"max_hp_per_floor":[68,68,68,68,68,69,71,72,72,74,74,74,77,77,77,88,88,89,92,92,92,92,92,95,98,98,101,101,103,110,120,120,123,123,126,126,126,126,126,127,127,129,129,135,135,136,136,136,136,140],"card_choices":[{"not_picked":["Echo Form","MostiFishMod:HiddenBlade","Vault","MostiFishMod:PerfectStrikeMKII"],"picked":"SKIP","floor":6},{"not_picked":["MostiFishMod:JungleRules","Meteor Strike","MostiFishMod:Impulse","MostiFishMod:ActiveDefenseSystem"],"picked":"SKIP","floor":7},{"not_picked":["Metamorphosis","Immolate","MostiFishMod:Disappear"],"picked":"Judgement","floor":8},{"not_picked":["MostiFishMod:IntelligentEquipment","All For One","Thunder Strike","Echo Form"],"picked":"SKIP","floor":10},{"not_picked":["MostiFishMod:Unraveling","MostiFishMod:CyberBuddha","MostiFishMod:StarHerder"],"picked":"SKIP","floor":12},{"not_picked":["MostiFishMod:DisColor","MostiFishMod:UniPurple","SpiritShield"],"picked":"SKIP","floor":14},{"not_picked":["MostiFishMod:KamiSmash","MostiFishMod:FlowState"],"picked":"MostiFishMod:PathToVictory","floor":16},{"not_picked":["MostiFishMod:PathToVictory","MasterReality"],"picked":"MostiFishMod:Dust","floor":23},{"not_picked":["LessonLearned+1","MostiFishMod:OutWit"],"picked":"MostiFishMod:MemoryFragments","floor":24},{"not_picked":["Wish","Alpha"],"picked":"MostiFishMod:DustFall","floor":25},{"not_picked":["MostiFishMod:StarOceanP","SpiritShield","MostiFishMod:Pointsdynamics"],"picked":"SKIP","floor":27},{"not_picked":["MostiFishMod:DisColor","Blasphemy"],"picked":"MostiFishMod:Zero-Sum+1","floor":28},{"not_picked":["Scrawl","MostiFishMod:ScryFuture","Wish"],"picked":"SKIP","floor":29},{"not_picked":["MostiFishMod:Adaptation","Devotion"],"picked":"MostiFishMod:StarWish","floor":33},{"not_picked":["MostiFishMod:KamiSmash+1","MostiFishMod:StarLaLaLa","MostiFishMod:UniPurple"],"picked":"SKIP","floor":40},{"not_picked":["Scrawl","MostiFishMod:DisColor","MostiFishMod:OutWit+1"],"picked":"SKIP","floor":41},{"not_picked":["MostiFishMod:Disappear+1","MostiFishMod:StarHerder+1","ConjureBlade"],"picked":"SKIP","floor":42},{"not_picked":["MostiFishMod:MemoryFragments","MostiFishMod:Moonprays","Devotion+1"],"picked":"SKIP","floor":44},{"not_picked":["Ragnarok+1","MostiFishMod:UniPurple"],"picked":"MostiFishMod:Zero-Sum+1","floor":46},{"not_picked":["MostiFishMod:StarOceanP","Establishment+1","MostiFishMod:StarLaLaLa"],"picked":"SKIP","floor":47},{"not_picked":["MostiFishMod:StarOceanP","MostiFishMod:Unraveling","MostiFishMod:KamiSmash+1"],"picked":"SKIP","floor":48}],"player_experience":131284,"relics_obtained":[{"floor":1,"key":"Smiling Mask"},{"floor":1,"key":"Question Card"},{"floor":1,"key":"PrismaticShard"},{"floor":2,"key":"Shuriken"},{"floor":3,"key":"Dream Catcher"},{"floor":6,"key":"Blood Vial"},{"floor":7,"key":"CombinedTypeHook"},{"floor":8,"key":"HornCleat"},{"floor":9,"key":"Pantograph"},{"floor":10,"key":"Gremlin Horn"},{"floor":12,"key":"Bottled Tornado"},{"floor":13,"key":"CloakClasp"},{"floor":14,"key":"Anchor"},{"floor":16,"key":"ImportantClient"},{"floor":18,"key":"The Courier"},{"floor":19,"key":"Question Card"},{"floor":22,"key":"DianPoetry"},{"floor":23,"key":"Molten Egg 2"},{"floor":24,"key":"War Paint"},{"floor":25,"key":"Lantern"},{"floor":26,"key":"Mercury Hourglass"},{"floor":27,"key":"Tiny Chest"},{"floor":28,"key":"Thread and Needle"},{"floor":29,"key":"DaCapo"},{"floor":31,"key":"Pear"},{"floor":35,"key":"Pen Nib"},{"floor":39,"key":"Peace Pipe"},{"floor":40,"key":"Kunai"},{"floor":41,"key":"Frozen Egg 2"},{"floor":42,"key":"Incense Burner"},{"floor":43,"key":"Bird Faced Urn"},{"floor":44,"key":"SentryEyes"},{"floor":46,"key":"Calipers"},{"floor":47,"key":"CeramicFish"},{"floor":48,"key":"Letter Opener"}],"event_choices":[{"damage_healed":0,"gold_gain":75,"player_choice":"Gather Gold","damage_taken":11,"max_hp_gain":0,"max_hp_loss":0,"event_name":"World of Goop","floor":5,"gold_loss":0},{"damage_healed":0,"gold_gain":0,"player_choice":"Obtained Relic","damage_taken":0,"relics_obtained":["DianDianMeat"],"max_hp_gain":0,"max_hp_loss":0,"event_name":"Addict","floor":20,"gold_loss":85},{"cards_removed":["MostiFishMod:DustFall"],"damage_healed":0,"gold_gain":0,"player_choice":"Removed Power","damage_taken":0,"max_hp_gain":0,"max_hp_loss":0,"event_name":"Falling","floor":36,"gold_loss":0},{"damage_healed":0,"gold_gain":0,"player_choice":"Memory 1","damage_taken":0,"max_hp_gain":0,"max_hp_loss":0,"event_name":"SensoryStone","floor":37,"gold_loss":0},{"damage_healed":0,"gold_gain":0,"player_choice":"Fight","damage_taken":0,"max_hp_gain":0,"max_hp_loss":0,"event_name":"Mysterious Sphere","floor":39,"gold_loss":0}],"is_beta":false,"boss_relics":[{"not_picked":["FrostBlade","Runic Dome"],"picked":"RhineSuit"},{"not_picked":["xbg","ChiXiaoBlade"],"picked":"MostiFishMod:Hod"}],"items_purged_floors":[4,11,21,30,38,45],"is_endless":false,"potions_floor_spawned":[3,6,8,10,14,16,22,23,25,31,33,40,42,46,48],"ascension_level":15}}