{"host":"plluk4al3qmxlp2w","time":1607589068,"event":{"gold_per_floor":[117,133,83,83,98,98,124,124,148,166,182,193,225,225,225,326,326,340,29,47,60,79,109,121,121,121,132,132,152,187,199,199,199,199],"floor_reached":33,"playtime":1656,"items_purged":[],"score":348,"play_id":"60f61d8e-c1f1-4cd2-b5a4-a6f47fc641ea","local_time":"20201210003108","is_ascension_mode":true,"campfire_choices":[{"floor":6,"key":"RECALL"},{"data":"Endless Agony","floor":8,"key":"SMITH"},{"floor":15,"key":"REST"},{"floor":25,"key":"REST"},{"floor":32,"key":"REST"}],"neow_cost":"NONE","seed_source_timestamp":892263767222200,"circlet_count":0,"master_deck":["Strike_G+1","Strike_G+1","Strike_G+1","Strike_G+1","Strike_G+1","Defend_G","Defend_G","Defend_G","Survivor","Neutralize","ReplayTheSpireMod:Shiv Toss+1","Backflip","Endless Agony+1","Cloak And Dagger","Skewer","Slice","Backflip","Unload","Backstab","Acrobatics","Cloak And Dagger","Flying Knee","ReplayTheSpireMod:Scrap Shanks+1","Pot Of Greed","Pot Of Greed","Pot Of Greed","Outmaneuver+1","Hidden Blade","Backflip","ReplayTheSpireMod:From All Sides","Terror+1"],"relics":["Ring of the Snake","Regal Pillow","Replay:Baseball","Replay:Bottled Eggs","WristBlade","FossilizedHelix","Dream Catcher","Grinning Jar","Tiny Chest"],"potions_floor_usage":[7,7,11,16,16,23,24,24,31,33],"damage_taken":[{"damage":0,"enemies":"Small Slimes","floor":1,"turns":4},{"damage":3,"enemies":"Jaw Worm","floor":2,"turns":4},{"damage":3,"enemies":"Cultist","floor":5,"turns":4},{"damage":11,"enemies":"Gremlin Nob","floor":7,"turns":4},{"damage":11,"enemies":"3 Louse","floor":10,"turns":5},{"damage":0,"enemies":"2 Fungi Beasts","floor":11,"turns":2},{"damage":14,"enemies":"Exordium Thugs","floor":12,"turns":6},{"damage":27,"enemies":"3 Sentries","floor":13,"turns":8},{"damage":42,"enemies":"Hexaghost","floor":16,"turns":13},{"damage":0,"enemies":"Spheric Guardian","floor":18,"turns":3},{"damage":0,"enemies":"Shell Parasite","floor":20,"turns":2},{"damage":0,"enemies":"Chosen and Byrds","floor":21,"turns":5},{"damage":10,"enemies":"Sentry and Sphere","floor":22,"turns":5},{"damage":31,"enemies":"Gremlin Leader","floor":23,"turns":6},{"damage":16,"enemies":"Centurion and Healer","floor":24,"turns":5},{"damage":10,"enemies":"Cultist and Chosen","floor":27,"turns":5},{"damage":12,"enemies":"Snecko","floor":29,"turns":4},{"damage":27,"enemies":"Slavers","floor":30,"turns":5},{"damage":7,"enemies":"Centurion and Healer","floor":31,"turns":4},{"damage":41,"enemies":"Champ","floor":33,"turns":9}],"seed_played":"-4253380383596629157","potions_obtained":[{"floor":1,"key":"Adrenaline Potion"},{"floor":5,"key":"Strength Potion"},{"floor":10,"key":"SteroidPotion"},{"floor":13,"key":"Ancient Potion"},{"floor":14,"key":"Strength Potion"},{"floor":14,"key":"Reflective Coating"},{"floor":21,"key":"DuplicationPotion"},{"floor":22,"key":"Fire Potion"},{"floor":23,"key":"Dexterity Potion"},{"floor":30,"key":"DistilledChaos"}],"is_trial":false,"path_per_floor":["M","M","?","?","M","R","E","R","T","M","M","M","E","?","R","B",null,"M","$","M","M","M","E","M","R","T","M","?","M","E","M","R","B"],"character_chosen":"THE_SILENT","items_purchased":["FossilizedHelix"],"campfire_rested":3,"item_purchase_floors":[19],"current_hp_per_floor":[77,74,74,74,71,71,60,60,60,49,49,35,8,8,46,4,77,77,77,77,77,67,36,20,58,58,48,48,36,9,2,40,0,0],"gold":199,"neow_bonus":"TEN_PERCENT_HP_BONUS","is_prod":false,"is_daily":false,"chose_seed":false,"campfire_upgraded":1,"win_rate":0,"timestamp":1607589068,"path_taken":["M","M","?","?","M","R","E","R","T","M","M","M","E","?","R","BOSS","M","$","M","M","M","E","M","R","T","M","?","M","E","M","R","BOSS"],"build_version":"2020-11-30","purchased_purges":0,"victory":false,"max_hp_per_floor":[77,77,77,77,77,77,77,77,77,77,77,77,77,77,77,77,77,77,77,77,77,77,77,77,77,77,77,77,77,77,77,77,77,77],"card_choices":[{"not_picked":["Fluid Movement","Skewer"],"picked":"ReplayTheSpireMod:Shiv Toss","floor":1},{"not_picked":["Prepared","ReplayTheSpireMod:Exploit Weakness"],"picked":"Backflip","floor":2},{"not_picked":["Underhanded Strike","Eviscerate","Dodge and Roll"],"picked":"SKIP","floor":5},{"not_picked":["Caltrops","Catalyst"],"picked":"Endless Agony","floor":7},{"not_picked":["Underhanded Strike","Bane"],"picked":"Cloak And Dagger","floor":10},{"not_picked":["Leg Sweep","Bane"],"picked":"Skewer","floor":11},{"not_picked":["Poisoned Stab","Dodge and Roll"],"picked":"Slice","floor":12},{"not_picked":["Dodge and Roll","Fluid Movement"],"picked":"Backflip","floor":13},{"not_picked":["Envenom","Wraith Form v2"],"picked":"Unload","floor":16},{"not_picked":["Leg Sweep","ReplayTheSpireMod:Tripwire"],"picked":"Backstab","floor":18},{"not_picked":["Prepared","Backstab"],"picked":"Acrobatics","floor":20},{"not_picked":["Dagger Spray","ReplayTheSpireMod:The Works"],"picked":"Cloak And Dagger","floor":21},{"not_picked":["PiercingWail","Dagger Spray+1","Poisoned Stab"],"picked":"SKIP","floor":22},{"not_picked":["Quick Slash","Malaise"],"picked":"Flying Knee","floor":23},{"not_picked":["All Out Attack","Masterful Stab","PiercingWail"],"picked":"SKIP","floor":24},{"not_picked":["Dagger Spray","Slice"],"picked":"ReplayTheSpireMod:Scrap Shanks+1","floor":25},{"not_picked":["Deflect","Dagger Spray"],"picked":"Outmaneuver+1","floor":27},{"not_picked":["Tactician","Dodge and Roll"],"picked":"Hidden Blade","floor":29},{"not_picked":["ReplayTheSpireMod:The Works","Underhanded Strike+1"],"picked":"Backflip","floor":30},{"not_picked":["Flying Knee","Deflect"],"picked":"ReplayTheSpireMod:From All Sides","floor":31},{"not_picked":["Flying Knee","Dagger Spray"],"picked":"Terror+1","floor":32}],"player_experience":301140,"relics_obtained":[{"floor":7,"key":"Regal Pillow"},{"floor":9,"key":"Replay:Baseball"},{"floor":13,"key":"Replay:Bottled Eggs"},{"floor":23,"key":"Dream Catcher"},{"floor":26,"key":"Grinning Jar"},{"floor":30,"key":"Tiny Chest"}],"event_choices":[{"cards_removed":["Defend_G"],"damage_healed":0,"gold_gain":0,"player_choice":"Card Removal","damage_taken":0,"max_hp_gain":0,"max_hp_loss":0,"event_name":"The Cleric","floor":3,"gold_loss":50},{"damage_healed":0,"gold_gain":0,"player_choice":"Grow","damage_taken":0,"max_hp_gain":0,"max_hp_loss":0,"event_name":"Living Wall","floor":4,"gold_loss":0,"cards_upgraded":["ReplayTheSpireMod:Shiv Toss"]},{"damage_healed":0,"gold_gain":0,"player_choice":"Got Potions","damage_taken":0,"max_hp_gain":0,"max_hp_loss":0,"event_name":"Lab","floor":14,"gold_loss":0},{"cards_removed":["Defend_G"],"damage_healed":0,"gold_gain":0,"player_choice":"Elegance","damage_taken":0,"max_hp_gain":0,"max_hp_loss":0,"event_name":"Back to Basics","floor":28,"gold_loss":0}],"is_beta":false,"boss_relics":[{"not_picked":["Empty Cage","Replay:Bronze Core"],"picked":"WristBlade"}],"items_purged_floors":[],"is_endless":false,"potions_floor_spawned":[1,5,10,13,21,22,23,30],"killed_by":"Champ","ascension_level":3}}