{"host":"ln38befi3ugo1bsw","time":1607588027,"event":{"gold_per_floor":[117,128,128,147,167,167,200,175,175,89,105,124,124,143,143,248,248,261,272,31,31,48,80,80,30,55,86,86,104,104,104,104,201,201,218,218,218,230,250,250,262,262,262,312,343,343,343,1,1,1],"floor_reached":51,"playtime":6043,"items_purged":["sneckomod:Bewildered","Wraith"],"score":740,"play_id":"13e7c148-3c57-481d-ba71-eab952a5ad8c","local_time":"20201210031347","is_ascension_mode":false,"campfire_choices":[{"data":"TheCursedMod:Obscuration","floor":6.0,"key":"SMITH"},{"floor":13.0,"key":"REST"},{"data":"TheCursedMod:Torture","floor":15.0,"key":"SMITH"},{"floor":24.0,"key":"REST"},{"floor":30.0,"key":"REST"},{"data":"TheCursedMod:AntiAging","floor":32.0,"key":"SMITH"},{"floor":40,"key":"REST"},{"floor":42,"key":"REST"},{"data":"TheCursedMod:Stigma","floor":47,"key":"SMITH"},{"data":"TheCursedMod:CursedBlade","floor":49,"key":"SMITH"}],"neow_cost":"NONE","seed_source_timestamp":107439399489800,"circlet_count":0,"master_deck":["TheCursedMod:Strike_TheCursed","TheCursedMod:Strike_TheCursed","TheCursedMod:Strike_TheCursed","TheCursedMod:Strike_TheCursed","TheCursedMod:Defend_TheCursed","TheCursedMod:Defend_TheCursed","TheCursedMod:Defend_TheCursed","TheCursedMod:Defend_TheCursed","TheCursedMod:CursedWand","TheCursedMod:CleanUpWorkshop","TheCursedMod:Dregs","TheCursedMod:WearCloak","TheCursedMod:CursedBoomerang","TheCursedMod:CursedShiv","TheCursedMod:Obscuration+1","TheCursedMod:VitalStrike","TheCursedMod:StingEye","TheCursedMod:Torture+1","TheCursedMod:CircleOfCorruption","TheCursedMod:SmokeScreen","TheCursedMod:CursedAmulet","TheCursedMod:AntiAging+1","CurseOfTheBell","TheCursedMod:TroublousMinions","TheCursedMod:RapidMovement+1","TheCursedMod:CursedBlade+1","TheCursedMod:Obscuration","TheCursedMod:ReleasedStrength+1","TheCursedMod:Evocation","TheCursedMod:StunningStrike","TheCursedMod:ReleasedStrength+1","TheCursedMod:CursedMace","TheCursedMod:Stigma+1","TheCursedMod:SmokeScreen","TheCursedMod:PrepareRite+1","TheCursedMod:StingEye+1","TheCursedMod:NeowsMight"],"special_seed":0,"relics":["TheCursedMod:BlackMagic101","Pear","Happy Flower","TheCursedMod:BloodyHarpoon","Calling Bell","Smiling Mask","Letter Opener","TungstenRod","Bottled Lightning","sneckomod:BabySnecko","Potion Belt","MealTicket","Peace Pipe","SlaversCollar","PreservedInsect","Frozen Egg 2","StoneCalendar","TheCursedMod:DemonicMark","PrismaticShard"],"potions_floor_usage":[39,41,41,41,44,50,50,50,50],"damage_taken":[{"damage":0.0,"enemies":"Cultist","floor":1.0,"turns":5.0},{"damage":0.0,"enemies":"Small Slimes","floor":2.0,"turns":5.0},{"damage":0.0,"enemies":"Jaw Worm","floor":4.0,"turns":3.0},{"damage":0.0,"enemies":"Red Slaver","floor":5.0,"turns":3.0},{"damage":33.0,"enemies":"Gremlin Nob","floor":7.0,"turns":6.0},{"damage":0.0,"enemies":"Looter","floor":11.0,"turns":3.0},{"damage":3.0,"enemies":"Exordium Wildlife","floor":12.0,"turns":3.0},{"damage":6.0,"enemies":"Exordium Thugs","floor":14.0,"turns":5.0},{"damage":19.0,"enemies":"Hexaghost","floor":16.0,"turns":8.0},{"damage":2.0,"enemies":"3 Byrds","floor":18.0,"turns":7.0},{"damage":12.0,"enemies":"Chosen","floor":19.0,"turns":6.0},{"damage":9.0,"enemies":"Centurion and Healer","floor":22.0,"turns":13.0},{"damage":49.0,"enemies":"Gremlin Leader","floor":23.0,"turns":8.0},{"damage":7.0,"enemies":"Book of Stabbing","floor":27.0,"turns":5.0},{"damage":9.0,"enemies":"Sentry and Sphere","floor":29.0,"turns":6.0},{"damage":53.0,"enemies":"Collector","floor":33.0,"turns":10.0},{"damage":59,"enemies":"3 Darklings","floor":35,"turns":9},{"damage":8,"enemies":"Orb Walker","floor":38,"turns":5},{"damage":24,"enemies":"3 Darklings","floor":39,"turns":11},{"damage":34,"enemies":"Jaw Worm Horde","floor":41,"turns":6},{"damage":0,"enemies":"Mind Bloom Boss Battle","floor":44,"turns":3},{"damage":42,"enemies":"Nemesis","floor":45,"turns":7},{"damage":83,"enemies":"Time Eater","floor":50,"turns":15}],"seed_played":"-8981993173272515771","potions_obtained":[{"floor":2.0,"key":"Energy Potion"},{"floor":4.0,"key":"Swift Potion"},{"floor":11.0,"key":"Swift Potion"},{"floor":14.0,"key":"SteroidPotion"},{"floor":27.0,"key":"Block Potion"},{"floor":29.0,"key":"Swift Potion"},{"floor":33.0,"key":"Guardian:BlockOnCardUsePotion"},{"floor":38,"key":"EntropicBrew"},{"floor":41,"key":"hexamod:EctoCoolerPotion"},{"floor":45,"key":"Swift Potion"}],"is_trial":false,"path_per_floor":["M","M","T","M","M","R","E","?","T","$","M","M","R","M","R","B",null,"M","M","$","?","M","E","R","$","T","E","?","M","R","$","R","B",null,"M","?","T","M","M","R","M","R","T","?","E","?","R","$","R","B",null],"character_chosen":"THE_CURSED","items_purchased":["TheCursedMod:StingEye","TheCursedMod:Torture","Bottled Lightning","PrismaticShard","TheCursedMod:NeowsMight"],"campfire_rested":5,"item_purchase_floors":[10,10,20,48,48],"current_hp_per_floor":[82,82,92,92,92,92,59,59,59,59,59,56,83,77,77,58,92,92,82,82,82,75,26,55,55,55,50,31,24,56,71,71,21,110,51,51,51,46,25,59,42,77,77,77,38,107,107,107,107,27],"gold":1,"neow_bonus":"TEN_PERCENT_HP_BONUS","is_prod":false,"is_daily":false,"chose_seed":false,"campfire_upgraded":5,"win_rate":0,"timestamp":1607588027,"path_taken":["M","M","?","M","M","R","E","?","T","?","M","M","R","?","R","BOSS","M","M","$","?","M","E","R","$","T","E","?","M","R","$","R","BOSS","M","?","?","M","?","R","M","R","T","?","E","?","R","$","R","BOSS"],"build_version":"2020-11-30","purchased_purges":2,"victory":true,"max_hp_per_floor":[82,82,92,92,92,92,92,92,92,92,92,92,92,92,92,92,92,94,96,96,96,98,98,98,98,98,100,105,107,107,107,107,110,110,110,110,110,113,116,116,119,119,119,119,122,107,107,107,107,110],"card_choices":[{"not_picked":["TheCursedMod:DoubleShield","TheCursedMod:Grudge"],"picked":"TheCursedMod:WearCloak","floor":1.0},{"not_picked":["TheCursedMod:Wield","TheCursedMod:CircleOfFlame"],"picked":"TheCursedMod:CursedBoomerang","floor":2.0},{"not_picked":["TheCursedMod:SpitefulPlan","TheCursedMod:SpreadPlague"],"picked":"TheCursedMod:CursedShiv","floor":4.0},{"not_picked":["TheCursedMod:RavingStaff","TheCursedMod:TacticalStrike"],"picked":"TheCursedMod:Obscuration","floor":5.0},{"not_picked":["TheCursedMod:ShockAndAwe","TheCursedMod:CircleOfAmplification"],"picked":"TheCursedMod:VitalStrike","floor":7.0},{"not_picked":["TheCursedMod:Grudge","TheCursedMod:CursedAmulet"],"picked":"TheCursedMod:CircleOfCorruption","floor":11.0},{"not_picked":["TheCursedMod:WearCloak","TheCursedMod:Wield"],"picked":"TheCursedMod:SmokeScreen","floor":12.0},{"not_picked":["TheCursedMod:BlessingInDisguise","TheCursedMod:DarkBarrier"],"picked":"TheCursedMod:CursedAmulet","floor":14.0},{"not_picked":["TheCursedMod:NeowsMight","TheCursedMod:Neurasthenia"],"picked":"TheCursedMod:AntiAging","floor":16.0},{"not_picked":["TheCursedMod:SoulCrush+1","TheCursedMod:Grudge"],"picked":"TheCursedMod:TroublousMinions","floor":18.0},{"not_picked":["TheCursedMod:Torture","TheCursedMod:CursedSpellbook+1"],"picked":"TheCursedMod:RapidMovement+1","floor":19.0},{"not_picked":["TheCursedMod:VitalStrike+1","TheCursedMod:SpitefulPray+1"],"picked":"TheCursedMod:CursedBlade","floor":22.0},{"not_picked":["TheCursedMod:AshesToAshes","TheCursedMod:ManaBullet"],"picked":"TheCursedMod:Obscuration","floor":23.0},{"not_picked":["TheCursedMod:RapidMovement+1","TheCursedMod:CircleOfCorruption"],"picked":"TheCursedMod:ReleasedStrength+1","floor":27.0},{"not_picked":["TheCursedMod:RavingStaff","TheCursedMod:CursedAmulet"],"picked":"TheCursedMod:Evocation","floor":29.0},{"not_picked":["TheCursedMod:Neurasthenia","TheCursedMod:DemonSword"],"picked":"TheCursedMod:StunningStrike","floor":33.0},{"not_picked":["TheCursedMod:TacticalStrike+1","TheCursedMod:CircleOfCorruption"],"picked":"TheCursedMod:ReleasedStrength+1","floor":35},{"not_picked":["TheCursedMod:SmokeScreen","TheCursedMod:FleshFromBone+1"],"picked":"TheCursedMod:CursedMace","floor":38},{"not_picked":["TheCursedMod:SmokeScreen","TheCursedMod:RapidMovement+1"],"picked":"TheCursedMod:Stigma","floor":39},{"not_picked":["TheCursedMod:AbyssShockwave+1","TheCursedMod:FleshFromBone+1"],"picked":"TheCursedMod:SmokeScreen","floor":41},{"not_picked":["TheCursedMod:FleshFromBone","TheCursedMod:SpitefulPray"],"picked":"TheCursedMod:PrepareRite+1","floor":44},{"not_picked":["TheCursedMod:LuckyCharm+1","TheCursedMod:Wield"],"picked":"TheCursedMod:StingEye+1","floor":45}],"player_experience":17518,"relics_obtained":[{"floor":3.0,"key":"Pear"},{"floor":7.0,"key":"Happy Flower"},{"floor":9.0,"key":"TheCursedMod:BloodyHarpoon"},{"floor":17.0,"key":"Smiling Mask"},{"floor":17.0,"key":"Letter Opener"},{"floor":17.0,"key":"TungstenRod"},{"floor":23.0,"key":"Potion Belt"},{"floor":26.0,"key":"MealTicket"},{"floor":27.0,"key":"Peace Pipe"},{"floor":37,"key":"PreservedInsect"},{"floor":43,"key":"Frozen Egg 2"},{"floor":44,"key":"StoneCalendar"},{"floor":45,"key":"TheCursedMod:DemonicMark"}],"event_choices":[{"damage_healed":0.0,"max_hp_gain":0.0,"max_hp_loss":0.0,"gold_gain":0.0,"event_name":"World of Goop","player_choice":"Left Gold","floor":8.0,"gold_loss":25.0,"damage_taken":0.0},{"damage_healed":0.0,"max_hp_gain":5.0,"max_hp_loss":0.0,"gold_gain":0.0,"event_name":"Forgotten Altar","player_choice":"Shed Blood","floor":28.0,"gold_loss":0.0,"damage_taken":25.0},{"damage_healed":0,"gold_gain":0,"player_choice":"Ignored","damage_taken":0,"max_hp_gain":0,"max_hp_loss":0,"event_name":"OrinTheCat","floor":36,"gold_loss":0},{"damage_healed":0,"gold_gain":0,"player_choice":"Fight","damage_taken":0,"max_hp_gain":0,"max_hp_loss":0,"event_name":"MindBloom","floor":44,"gold_loss":0},{"damage_healed":107,"gold_gain":0,"player_choice":"Heal","damage_taken":0,"max_hp_gain":0,"max_hp_loss":15,"event_name":"The Moai Head","floor":46,"gold_loss":0}],"is_beta":false,"boss_relics":[{"not_picked":["Ectoplasm","SacredBark"],"picked":"Calling Bell"},{"not_picked":["Busted Crown","Empty Cage"],"picked":"SlaversCollar"}],"items_purged_floors":[25,48],"is_endless":false,"potions_floor_spawned":[2,4,11,14,19,27,29,33,38,41,45],"ascension_level":0}}