{"host":"3c27c697js19kaoo","time":1607595834,"event":{"gold_per_floor":[113,113,113,129,145,183,183,199,199,223,223,259,359,403,403,528,528,541,559,559,572,128,128,128,128,128,162,78,89,115,130,130,233,233,244,254,268,268,268,268,282,282,305,346,658,682,906,945,957,969],"floor_reached":51,"playtime":4066,"items_purged":[],"score":1142,"play_id":"cf0cc082-a1b6-40ed-b995-a8f66517cc5d","local_time":"20201210182354","is_ascension_mode":true,"campfire_choices":[{"data":"ScarletCoffin","floor":7.0,"key":"SMITH"},{"floor":11.0,"key":"REST"},{"data":"Starlight","floor":15.0,"key":"SMITH"},{"data":"ShatteredReality","floor":23.0,"key":"SMITH"},{"data":"Luminosity","floor":25.0,"key":"SMITH"},{"data":"Bite","floor":32.0,"key":"SMITH"},{"data":"Sadistic Nature","floor":40,"key":"SMITH"},{"data":"Bite","floor":42,"key":"SMITH"},{"floor":49,"key":"REST"}],"neow_cost":"NONE","seed_source_timestamp":0,"circlet_count":0,"master_deck":["Defend_S+1","Defend_S+1","Defend_S+1","Defend_S+1","KidneyShot+1","Exchange+1","ScarletCoffin+1","Starlight+1","Moondial+1","BottledTime+1","Dilation+1","Luminosity+1","Revamp+1","Bite+1","Bite+1","Bite+1","Bite+1","Bite+1","Madness+1","ShatteredReality+1","Discovery+1","FlawlessForm+1","Purity+1","Sadistic Nature+1","Madness+1","Advance+1","Clumsy","Duplication+1"],"special_seed":0,"relics":["Uniform","REME_ComplimentaryCards","NeowsBlessing","Bloody Idol","Bag of Marbles","Toxic Egg 2","Dota2Spire:Vanguard","Centennial Puzzle","Darkstone Periapt","Torii","Dota2Spire:MagicBottle","REME_IWantAll","Dota2Spire:Bloodstone","Bronze Scales","Strange Spoon","Nunchaku","Dota2Spire:ShivaGuard","Meat on the Bone","Gambling Chip","Dota2Spire:PhaseBoots","Tiny Chest","REME_DemonsWealth","MealTicket","Dota2Spire:ArcaneBoots","Mercury Hourglass","MawBank","Dota2Spire:CrimsonGuard","Old Coin","Omamori"],"potions_floor_usage":[44],"damage_taken":[{"damage":0.0,"enemies":"2 Louse","floor":1.0,"turns":1.0},{"damage":0.0,"enemies":"Cultist","floor":4.0,"turns":1.0},{"damage":0.0,"enemies":"Small Slimes","floor":5.0,"turns":1.0},{"damage":37.0,"enemies":"3 Sentries","floor":6.0,"turns":12.0},{"damage":5.0,"enemies":"Gremlin Gang","floor":8.0,"turns":4.0},{"damage":0.0,"enemies":"Looter","floor":10.0,"turns":4.0},{"damage":0.0,"enemies":"Gremlin Nob","floor":12.0,"turns":4.0},{"damage":0.0,"enemies":"3 Sentries","floor":14.0,"turns":8.0},{"damage":4.0,"enemies":"The Guardian","floor":16.0,"turns":11.0},{"damage":0.0,"enemies":"Chosen","floor":18.0,"turns":3.0},{"damage":0.0,"enemies":"Shell Parasite","floor":19.0,"turns":4.0},{"damage":0.0,"enemies":"Chosen and Byrds","floor":21.0,"turns":8.0},{"damage":0.0,"enemies":"Gremlin Leader","floor":27.0,"turns":5.0},{"damage":0.0,"enemies":"3 Cultists","floor":29.0,"turns":8.0},{"damage":0.0,"enemies":"Book of Stabbing","floor":30.0,"turns":4.0},{"damage":0.0,"enemies":"Snake Plant","floor":31.0,"turns":3.0},{"damage":0.0,"enemies":"Collector","floor":33.0,"turns":6.0},{"damage":6.0,"enemies":"3 Shapes","floor":35.0,"turns":5.0},{"damage":14.0,"enemies":"3 Darklings","floor":36.0,"turns":2.0},{"damage":0,"enemies":"Maw","floor":37,"turns":6},{"damage":0,"enemies":"Transient","floor":41,"turns":5},{"damage":0,"enemies":"Nemesis","floor":44,"turns":3},{"damage":0,"enemies":"Spire Growth","floor":46,"turns":4},{"damage":0,"enemies":"3 Darklings","floor":47,"turns":2},{"damage":0,"enemies":"Reptomancer","floor":48,"turns":2},{"damage":0,"enemies":"Awakened One","floor":50,"turns":9}],"seed_played":"6788543309164888729","potions_obtained":[{"floor":1.0,"key":"GamblersBrew"},{"floor":1.0,"key":"Dota2Spire:Clarity"},{"floor":4.0,"key":"Dota2Spire:HealingSalve"},{"floor":6.0,"key":"Energy Potion"},{"floor":10.0,"key":"SkillPotion"},{"floor":10.0,"key":"PowerPotion"},{"floor":12.0,"key":"Dota2Spire:Clarity"},{"floor":14.0,"key":"Dota2Spire:Clarity"},{"floor":16.0,"key":"Regen Potion"},{"floor":18.0,"key":"AttackPotion"},{"floor":19.0,"key":"Strength Potion"},{"floor":29.0,"key":"Block Potion"},{"floor":33.0,"key":"Swift Potion"},{"floor":36,"key":"Fire Potion"},{"floor":44,"key":"Block Potion"},{"floor":48,"key":"BlessingOfTheForge"},{"floor":48,"key":"SpeedPotion"}],"is_trial":false,"path_per_floor":["M","?","?","M","M","E","R","M","T","M","R","E","?","E","R","B",null,"M","M","?","M","$","R","?","R","T","E","$","M","E","M","R","B",null,"M","M","M","?","?","R","M","R","T","E","T","M","M","E","R","B",null],"character_chosen":"THE_SERVANT","items_purchased":["Madness+1","ShatteredReality","Strange Spoon","Nunchaku","Discovery+1"],"campfire_rested":2,"item_purchase_floors":[22,22,22,22,28],"current_hp_per_floor":[65,60,60,60,60,32,32,27,27,27,45,45,45,45,45,53,63,63,63,44,44,44,44,44,44,44,44,44,44,44,44,44,44,44,44,35,44,47,47,47,47,47,47,47,47,47,53,53,53,53],"gold":981,"neow_bonus":"THREE_ENEMY_KILL","is_prod":false,"is_daily":false,"chose_seed":false,"campfire_upgraded":7,"win_rate":0,"timestamp":1607595834,"path_taken":["M","?","?","M","M","E","R","M","T","?","R","E","?","E","R","BOSS","M","?","?","M","$","R","?","R","T","E","?","M","E","M","R","BOSS","M","M","?","?","?","R","M","R","T","E","?","?","M","E","R","BOSS"],"build_version":"2020-11-30","purchased_purges":0,"victory":true,"max_hp_per_floor":[65,60,60,60,60,60,60,60,60,60,60,60,60,60,60,63,63,63,63,44,44,44,44,44,44,44,44,44,44,44,44,44,44,44,44,44,44,47,47,47,47,47,47,47,47,47,53,53,53,53],"card_choices":[{"not_picked":["Barrier","SpecialFormula","Starlight"],"picked":"SKIP","floor":1.0},{"not_picked":["TimeWarp","StarChef","SpecialFormula"],"picked":"SKIP","floor":4.0},{"not_picked":["Unruled","Rewind","TimeWarp"],"picked":"SKIP","floor":5.0},{"not_picked":["DualDimension+1","Revamp+1"],"picked":"Moondial+1","floor":6.0},{"not_picked":["Spin","Gouge"],"picked":"BottledTime+1","floor":8.0},{"not_picked":["Rearm+1","SilverBlades"],"picked":"Dilation+1","floor":10.0},{"not_picked":["BottledTime+1","SpecialFormula+1"],"picked":"Luminosity","floor":12.0},{"not_picked":["Comet","Contraction+1","Rewind+1"],"picked":"SKIP","floor":14.0},{"not_picked":["KillingDoll","MurderousAura","PendulumOfEternity"],"picked":"Singing Bowl","floor":16.0},{"not_picked":["Revamp+1","Snipe+1","Replace+1"],"picked":"SKIP","floor":18.0},{"not_picked":["Snipe+1","Replace+1"],"picked":"Revamp+1","floor":18.0},{"not_picked":["Unruled","Starlight","FastForward+1"],"picked":"SKIP","floor":19.0},{"not_picked":["Manipulate+1","Replace+1","Comet"],"picked":"SKIP","floor":21.0},{"not_picked":["TimeWarp","Replace+1","Revamp+1"],"picked":"SKIP","floor":27.0},{"not_picked":["Alleviate+1","Ricochet+1","Potential"],"picked":"SKIP","floor":29.0},{"not_picked":["Initiator","Rewind+1"],"picked":"FlawlessForm","floor":30.0},{"not_picked":["Deadline+1","Starlight","InstantArmor+1"],"picked":"SKIP","floor":31.0},{"not_picked":["Unruled","Manipulate+1","Potential","Doubt"],"picked":"SKIP","floor":35.0},{"not_picked":["Defy+1","ShatteredReality","FloweringNight","Decay"],"picked":"SKIP","floor":36},{"not_picked":["ShatteredReality+1","Alleviate+1","StarChef+1","Doubt"],"picked":"SKIP","floor":37},{"not_picked":["Purity+1","Sadistic Nature","Madness+1"],"picked":"Singing Bowl","floor":38},{"not_picked":["ShatteredReality+1","SurpressingFire+1","Clumsy"],"picked":"Advance+1","floor":41},{"not_picked":["Rearm+1","Potential+1","Rewind+1","Injury"],"picked":"SKIP","floor":44},{"not_picked":["SpecialFormula+1","Sabotage+1","MoonPhase+1","Parasite"],"picked":"SKIP","floor":46},{"not_picked":["Revamp+1","Luminosity+1","Starlight+1"],"picked":"Clumsy","floor":47},{"not_picked":["Barrier+1","FastForward+1","Normality"],"picked":"Duplication+1","floor":48}],"player_experience":89810,"relics_obtained":[{"floor":4.0,"key":"Bag of Marbles"},{"floor":6.0,"key":"Toxic Egg 2"},{"floor":6.0,"key":"Dota2Spire:Vanguard"},{"floor":8.0,"key":"Centennial Puzzle"},{"floor":9.0,"key":"Darkstone Periapt"},{"floor":12.0,"key":"Torii"},{"floor":14.0,"key":"Dota2Spire:MagicBottle"},{"floor":16.0,"key":"REME_IWantAll"},{"floor":21.0,"key":"Bronze Scales"},{"floor":26.0,"key":"Dota2Spire:ShivaGuard"},{"floor":27.0,"key":"Meat on the Bone"},{"floor":29.0,"key":"Gambling Chip"},{"floor":30.0,"key":"Dota2Spire:PhaseBoots"},{"floor":33.0,"key":"Tiny Chest"},{"floor":35.0,"key":"MealTicket"},{"floor":35.0,"key":"Dota2Spire:ArcaneBoots"},{"floor":37,"key":"Mercury Hourglass"},{"floor":43,"key":"MawBank"},{"floor":44,"key":"Dota2Spire:CrimsonGuard"},{"floor":45,"key":"Old Coin"},{"floor":48,"key":"Omamori"}],"event_choices":[{"damage_healed":0.0,"max_hp_gain":0.0,"max_hp_loss":5.0,"gold_gain":0.0,"event_name":"Golden Idol","player_choice":"Lose Max HP","floor":2.0,"gold_loss":0.0,"damage_taken":0.0,"relics_obtained":["Golden Idol"]},{"damage_healed":0.0,"max_hp_gain":0.0,"max_hp_loss":0.0,"gold_gain":0.0,"cards_transformed":["Strike_S"],"event_name":"Transmorgrifier","player_choice":"Transformed","floor":3.0,"gold_loss":0.0,"damage_taken":0.0,"cards_obtained":["Starlight"]},{"damage_healed":0.0,"max_hp_gain":0.0,"max_hp_loss":0.0,"gold_gain":100.0,"event_name":"Golden Shrine","player_choice":"Pray","floor":13.0,"gold_loss":0.0,"damage_taken":0.0},{"damage_healed":0.0,"max_hp_gain":0.0,"max_hp_loss":19.0,"gold_gain":0.0,"event_name":"Vampires","player_choice":"Became a vampire","floor":20.0,"gold_loss":0.0,"damage_taken":0.0,"cards_obtained":["Bite","Bite","Bite","Bite","Bite"]},{"damage_healed":0.0,"max_hp_gain":0.0,"max_hp_loss":0.0,"gold_gain":0.0,"event_name":"Forgotten Altar","player_choice":"Gave Idol","floor":24.0,"relics_lost":["Golden Idol"],"gold_loss":0.0,"damage_taken":0.0,"relics_obtained":["Bloody Idol"]},{"damage_healed":0,"gold_gain":0,"player_choice":"Memory 1","damage_taken":0,"max_hp_gain":0,"max_hp_loss":0,"event_name":"SensoryStone","floor":38,"gold_loss":0},{"damage_healed":0,"gold_gain":0,"player_choice":"Ignored","damage_taken":0,"max_hp_gain":0,"max_hp_loss":0,"event_name":"Tomb of Lord Red Mask","floor":39,"gold_loss":0}],"is_beta":false,"boss_relics":[{"not_picked":["Calling Bell","REME_DuelDisc"],"picked":"Dota2Spire:Bloodstone"},{"not_picked":["Runic Pyramid","SacredBark"],"picked":"REME_DemonsWealth"}],"items_purged_floors":[],"is_endless":false,"potions_floor_spawned":[1,4,10,14,16,18,19,29,33,36,37,41,44,48],"ascension_level":1}}