{"host":"j7sckui85i3pbddf","time":1607614701,"event":{"mods":["BaseMod","Minty Spire (QoL Compilation)","StSLib","The Cursed","The Servant 0.9.4","Hermit","Colored Map","Permanent Neow","Shop Mod"],"gold_per_floor":[364,378,453,56,56,56,85,85,157,169,185,185,205,218,218,317,317,333,333,333,352,47,78,78,78,105,105,105,134,144,156,156,259,259,270,145,164,214,214,214],"floor_reached":39,"playtime":4963,"items_purged":["Strike_G","Defend_G","Venomology"],"score":570,"play_id":"65cda1db-ad2a-4062-8d34-01a692d2ddb7","local_time":"20201210233821","is_ascension_mode":true,"campfire_choices":[{"data":"Neutralize","floor":6.0,"key":"SMITH"},{"data":"Catalyst","floor":8.0,"key":"SMITH"},{"data":"Noxious Fumes","floor":15.0,"key":"SMITH"},{"floor":24.0,"key":"REST"},{"floor":27.0,"key":"REST"},{"floor":32.0,"key":"REST"}],"circlet_count":0,"master_deck":["Strike_G","Strike_G","Strike_G","Strike_G","Defend_G","Defend_G","Defend_G","Defend_G","Survivor","Neutralize+1","Deadly Poison","Cloak And Dagger","Prepared","Catalyst+1","Terror","Noxious Fumes+1","Bullet Time","PiercingWail","Poisoned Stab","Noxious Fumes+1","Poisoned Stab+1","Caltrops+1","Bullet Time","PiercingWail+1","Bane"],"special_seed":0,"relics":["Ring of the Snake","Lee\u0027s Waffle","Tiny Chest","Singing Bowl","Blue Candle","Paper Crane","SlaversCollar","Darkstone Periapt","TwistedFunnel","Kunai","Enchiridion","Nunchaku","Regal Pillow","Dream Catcher","Sozu","Incense Burner"],"acts_visited":[],"potions_floor_usage":[],"damage_taken":[{"damage":0.0,"enemies":"Jaw Worm","floor":1.0,"turns":6.0},{"damage":0.0,"enemies":"Cultist","floor":2.0,"turns":4.0},{"damage":20.0,"enemies":"Lagavulin","floor":7.0,"turns":8.0},{"damage":2.0,"enemies":"2 Louse","floor":10.0,"turns":4.0},{"damage":2.0,"enemies":"Looter","floor":11.0,"turns":3.0},{"damage":16.0,"enemies":"Lots of Slimes","floor":13.0,"turns":6.0},{"damage":0.0,"enemies":"Blue Slaver","floor":14.0,"turns":4.0},{"damage":0.0,"enemies":"Hexaghost","floor":16.0,"turns":8.0},{"damage":20.0,"enemies":"3 Byrds","floor":18.0,"turns":4.0},{"damage":28.0,"enemies":"Spheric Guardian","floor":21.0,"turns":6.0},{"damage":0.0,"enemies":"Gremlin Leader","floor":23.0,"turns":3.0},{"damage":16.0,"enemies":"Book of Stabbing","floor":29.0,"turns":4.0},{"damage":4.0,"enemies":"Snecko","floor":30.0,"turns":3.0},{"damage":13.0,"enemies":"Snake Plant","floor":31.0,"turns":3.0},{"damage":33.0,"enemies":"Collector","floor":33.0,"turns":6.0},{"damage":11,"enemies":"Orb Walker","floor":35,"turns":4},{"damage":28,"enemies":"3 Darklings","floor":37,"turns":4},{"damage":3,"enemies":"Mind Bloom Boss Battle","floor":38,"turns":4},{"damage":62,"enemies":"Spire Growth","floor":39,"turns":4}],"seed_played":"755325422435225535","potions_obtained":[{"floor":2.0,"key":"Dexterity Potion"},{"floor":7.0,"key":"FearPotion"},{"floor":13.0,"key":"SneckoOil"},{"floor":14.0,"key":"PowerPotion"},{"floor":18.0,"key":"GamblersBrew"},{"floor":21.0,"key":"EssenceOfSteel"},{"floor":30.0,"key":"Dexterity Potion"},{"floor":33.0,"key":"Ancient Potion"}],"is_trial":false,"path_per_floor":["M","M","?","$","?","R","E","R","T","M","M","T","M","M","R","B",null,"M","T","?","M","$","E","R","?","T","R","T","E","M","M","R","B",null,"M","$","M","?","M"],"character_chosen":"THE_SILENT","items_purchased":["Lee\u0027s Waffle","Tiny Chest","Prepared","TwistedFunnel","Poisoned Stab"],"campfire_rested":3,"item_purchase_floors":[4,4,4,22,22],"current_hp_per_floor":[49,49,38,77,82,82,62,62,62,60,60,60,46,46,46,46,86,68,68,68,40,40,40,66,50,50,76,76,60,56,43,86,53,90,81,81,53,50,0,0],"gold":214,"neow_bonus":"TWO_FIFTY_GOLD","is_daily":false,"chose_seed":false,"campfire_upgraded":3,"win_rate":0,"timestamp":1607614701,"path_taken":["M","M","?","$","?","R","E","R","T","?","M","?","M","M","R","BOSS","M","?","?","?","$","E","R","?","T","R","?","E","M","M","R","BOSS","M","$","?","?","M"],"build_version":"2020-11-30","purchased_purges":3,"victory":false,"max_hp_per_floor":[70,70,70,77,82,82,82,82,82,82,84,84,86,86,86,86,86,88,88,88,88,88,88,88,88,88,88,88,88,88,88,90,90,90,92,92,92,92,92,92],"card_choices":[{"not_picked":["Dodge and Roll","Expertise"],"picked":"Deadly Poison","floor":1.0},{"not_picked":["Tactician","Backstab"],"picked":"Cloak And Dagger","floor":2.0},{"not_picked":["Masterful Stab","Sucker Punch"],"picked":"Catalyst","floor":7.0},{"not_picked":["Outmaneuver","Prepared"],"picked":"Terror","floor":10.0},{"not_picked":["Cloak And Dagger","Sucker Punch","Dash"],"picked":"Singing Bowl","floor":11.0},{"not_picked":["Dagger Throw","Reflex","Backflip"],"picked":"Singing Bowl","floor":13.0},{"not_picked":["Blade Dance","Eviscerate"],"picked":"Noxious Fumes","floor":14.0},{"not_picked":["A Thousand Cuts","Malaise"],"picked":"Bullet Time","floor":16.0},{"not_picked":["Outmaneuver","Dodge and Roll","Underhanded Strike"],"picked":"Singing Bowl","floor":18.0},{"not_picked":["Riddle With Holes+1","Skewer+1"],"picked":"PiercingWail","floor":21.0},{"not_picked":["Well Laid Plans","Reflex"],"picked":"Noxious Fumes+1","floor":23.0},{"not_picked":["Endless Agony","Dagger Spray"],"picked":"Poisoned Stab+1","floor":29.0},{"not_picked":["Underhanded Strike","Slice"],"picked":"Caltrops+1","floor":30.0},{"not_picked":["Backflip","Blade Dance"],"picked":"Bullet Time","floor":31.0},{"not_picked":["Slice","Deadly Poison","Blade Dance"],"picked":"Singing Bowl","floor":32.0},{"not_picked":["Adrenaline","Phantasmal Killer"],"picked":"Venomology","floor":33.0},{"not_picked":["Outmaneuver","Tactician","Acrobatics"],"picked":"Singing Bowl","floor":35},{"not_picked":["Blade Dance+1","Eviscerate+1"],"picked":"PiercingWail+1","floor":37},{"not_picked":["Masterful Stab+1","Sucker Punch"],"picked":"Bane","floor":38}],"player_experience":447343,"relics_obtained":[{"floor":7.0,"key":"Singing Bowl"},{"floor":9.0,"key":"Blue Candle"},{"floor":12.0,"key":"Paper Crane"},{"floor":19.0,"key":"Darkstone Periapt"},{"floor":23.0,"key":"Kunai"},{"floor":25.0,"key":"Enchiridion"},{"floor":26.0,"key":"Nunchaku"},{"floor":28.0,"key":"Regal Pillow"},{"floor":29.0,"key":"Dream Catcher"},{"floor":38,"key":"Incense Burner"}],"event_choices":[{"damage_healed":0.0,"max_hp_gain":0.0,"max_hp_loss":0.0,"gold_gain":75.0,"event_name":"World of Goop","player_choice":"Gather Gold","floor":3.0,"gold_loss":0.0,"damage_taken":11.0},{"damage_healed":0.0,"max_hp_gain":5.0,"max_hp_loss":0.0,"gold_gain":0.0,"event_name":"Big Fish","player_choice":"Donut","floor":5.0,"gold_loss":0.0,"damage_taken":0.0},{"damage_healed":0.0,"max_hp_gain":0.0,"max_hp_loss":0.0,"gold_gain":0.0,"event_name":"The Woman in Blue","player_choice":"Bought 0 Potions","floor":20.0,"gold_loss":0.0,"damage_taken":0.0},{"damage_healed":0.0,"max_hp_gain":0.0,"max_hp_loss":0.0,"gold_gain":0.0,"event_name":"Cursed Tome","player_choice":"Obtained Book","floor":25.0,"gold_loss":0.0,"damage_taken":16.0},{"damage_healed":0,"gold_gain":0,"player_choice":"Fight","damage_taken":0,"max_hp_gain":0,"max_hp_loss":0,"event_name":"MindBloom","floor":38,"gold_loss":0}],"is_beta":false,"boss_relics":[{"not_picked":["Empty Cage","WristBlade"],"picked":"SlaversCollar"},{"not_picked":["HoveringKite","Tiny House"],"picked":"Sozu"}],"items_purged_floors":[4,22,36],"is_endless":false,"potions_floor_spawned":[2,7,13,14,18,21,30,33,35,37],"killed_by":"Spire Growth","ascension_level":1}}