{"host":"wfuprrvhjp4xs686","time":1607614242,"event":{"mods":["BaseMod","StSLib","Replay The Spire","Better Match","Better Skull","Better Third Choice","Spicy Shops","Unceasing Turn Reminder","Minty Spire (QoL Compilation)","Quick Restart","Uncapped"],"gold_per_floor":[115,40,52,98,112,112,147,147,227,256,256,289,289,309,309,309,309],"floor_reached":16,"playtime":2799,"items_purged":["True Grit"],"score":436,"play_id":"267e4e9f-b73a-436b-a959-d9f48593de50","local_time":"20201210103042","daily_mods":["SealedDeck","DeadlyEvents","Elite Swarm","Uncertain Future"],"is_ascension_mode":true,"campfire_choices":[{"data":"True Grit","floor":6,"key":"SMITH"},{"data":"Seeing Red","floor":11,"key":"SMITH"},{"data":"ReplayTheSpireMod:Strike From Hell","floor":15,"key":"SMITH"}],"circlet_count":0,"master_deck":["AscendersBane","Shrug It Off","Armaments","Rage","Feel No Pain","Flex","Seeing Red+1","ReplayTheSpireMod:Strike From Hell+1","True Grit+1","Feel No Pain"],"relics":["Bottled Tornado","Mummified Hand","Replay:M_SmolderingBlood","Pantograph","Regal Pillow","Turnip"],"acts_visited":["Exordium"],"potions_floor_usage":[],"damage_taken":[{"damage":0,"enemies":"Cultist","floor":1,"turns":5},{"damage":3,"enemies":"2 Louse","floor":3,"turns":4},{"damage":0,"enemies":"Small Slimes","floor":5,"turns":5},{"damage":0,"enemies":"3 Sentries","floor":7,"turns":16},{"damage":0,"enemies":"Lagavulin","floor":10,"turns":7},{"damage":2,"enemies":"3 Sentries","floor":12,"turns":35},{"damage":0,"enemies":"Looter","floor":14,"turns":4},{"damage":72,"enemies":"Hexaghost","floor":16,"turns":14}],"seed_played":"-920441481119619005","potions_obtained":[{"floor":3,"key":"Ancient Potion"},{"floor":4,"key":"Energy Potion"}],"is_trial":true,"path_per_floor":["M","$","M","?","M","R","E","?","T","E","R","E","?","M","R","B"],"character_chosen":"IRONCLAD","items_purchased":[],"campfire_rested":0,"item_purchase_floors":[],"current_hp_per_floor":[74,74,75,51,57,57,63,63,63,63,63,61,66,66,66,8,8],"gold":309,"neow_bonus":"","is_daily":false,"chose_seed":false,"campfire_upgraded":3,"win_rate":0,"timestamp":1607614242,"path_taken":["M","$","M","?","M","R","E","?","T","E","R","E","?","M","R","BOSS"],"build_version":"2020-11-30","purchased_purges":1,"victory":false,"max_hp_per_floor":[75,75,75,75,75,75,75,75,75,75,75,75,80,80,80,80,80],"card_choices":[{"not_picked":["Clash","Havoc","Heavy Blade"],"picked":"SKIP","floor":1},{"not_picked":["Searing Blow","Replay:Undeath\u0027s Touch","Havoc"],"picked":"SKIP","floor":3},{"not_picked":["Burning Pact","Body Slam","Dual Wield"],"picked":"SKIP","floor":5},{"not_picked":["Brutality","Reaper","Bludgeon"],"picked":"SKIP","floor":7},{"not_picked":["Offering","Reaper","Immolate"],"picked":"SKIP","floor":10},{"not_picked":["Feed","Ragnarok","Demon Form"],"picked":"SKIP","floor":12},{"not_picked":["EmptyFist","Iron Wave","Dropkick"],"picked":"SKIP","floor":14}],"player_experience":2281440,"relics_obtained":[{"floor":4,"key":"Bottled Tornado"},{"floor":7,"key":"Mummified Hand"},{"floor":9,"key":"Pantograph"},{"floor":10,"key":"Regal Pillow"},{"floor":12,"key":"Turnip"}],"event_choices":[{"damage_healed":0,"gold_gain":0,"player_choice":"Donut","damage_taken":0,"max_hp_gain":5,"max_hp_loss":0,"event_name":"Big Fish","floor":13,"gold_loss":0}],"is_beta":false,"boss_relics":[],"items_purged_floors":[2],"is_endless":true,"potions_floor_spawned":[3,10],"killed_by":"Hexaghost","ascension_level":20}}