{"host":"2461dio7vetlq1z3","time":1607600042,"event":{"gold_per_floor":[112,112,72,89,105,140,156,190,214,271,302,302,102,117,117,221,221,237,237,254,254,254,254,288,308,362,362,362,380,380,295,295,395,395,408,433,444,456,511,511,542,542,569,569,569],"floor_reached":44,"playtime":3531,"items_purged":["Strike_P"],"score":624,"play_id":"fd3d4ebc-6edb-4a70-b90b-b51b4d29520f","local_time":"20201210123402","is_ascension_mode":true,"campfire_choices":[{"floor":12,"key":"REST"},{"data":"Wallop","floor":15,"key":"SMITH"},{"data":"Blasphemy","floor":23,"key":"SMITH"},{"data":"TalkToTheHand","floor":28,"key":"SMITH"},{"data":"Vault","floor":30,"key":"SMITH"},{"data":"MentalFortress","floor":32,"key":"SMITH"},{"floor":40,"key":"RECALL"},{"data":"DeusExMachina","floor":42,"key":"SMITH"}],"neow_cost":"PERCENT_DAMAGE","seed_source_timestamp":437393432300700,"circlet_count":0,"master_deck":["Strike_P","Defend_P","Defend_P","Defend_P","Defend_P","Eruption","Vigilance","Halt","WheelKick","TalkToTheHand+1","Wallop+1","DeusExMachina+1","MentalFortress+1","EmptyBody","LikeWater","EmptyBody","Vault+1","FlyingSleeves","Blasphemy+1","Tantrum+1","RitualDagger","FlyingSleeves+1","Wallop+1","DevaForm+1","Worship+1","Indignation+1","Brilliance","TalkToTheHand+1"],"relics":["PureWater","Blood Vial","Akabeko","Centennial Puzzle","Tiny Chest","Du-Vu Doll","Sozu","Calipers","Strawberry","Frozen Egg 2","Empty Cage","Potion Belt","CaptainsWheel","Shuriken","Pen Nib"],"potions_floor_usage":[3,7,16],"damage_taken":[{"damage":0,"enemies":"2 Louse","floor":1,"turns":2},{"damage":5,"enemies":"Small Slimes","floor":4,"turns":4},{"damage":0,"enemies":"Cultist","floor":5,"turns":2},{"damage":50,"enemies":"Lagavulin","floor":6,"turns":5},{"damage":0,"enemies":"Looter","floor":7,"turns":3},{"damage":20,"enemies":"3 Sentries","floor":8,"turns":7},{"damage":0,"enemies":"Lagavulin","floor":11,"turns":4},{"damage":3,"enemies":"2 Fungi Beasts","floor":14,"turns":3},{"damage":7,"enemies":"Hexaghost","floor":16,"turns":12},{"damage":7,"enemies":"2 Thieves","floor":18,"turns":6},{"damage":0,"enemies":"3 Byrds","floor":20,"turns":8},{"damage":31,"enemies":"Gremlin Leader","floor":24,"turns":7},{"damage":0,"enemies":"Snecko","floor":25,"turns":3},{"damage":0,"enemies":"3 Cultists","floor":29,"turns":6},{"damage":34,"enemies":"Automaton","floor":33,"turns":10},{"damage":0,"enemies":"3 Darklings","floor":35,"turns":5},{"damage":4,"enemies":"3 Shapes","floor":37,"turns":5},{"damage":20,"enemies":"Maw","floor":38,"turns":7},{"damage":21,"enemies":"2 Orb Walkers","floor":39,"turns":4},{"damage":8,"enemies":"Giant Head","floor":41,"turns":9},{"damage":65,"enemies":"Nemesis","floor":44,"turns":10}],"seed_played":"8941851432806555386","potions_obtained":[{"floor":1,"key":"LiquidBronze"},{"floor":3,"key":"Fruit Juice"},{"floor":3,"key":"Energy Potion"},{"floor":3,"key":"Fruit Juice"},{"floor":7,"key":"Strength Potion"},{"floor":8,"key":"StancePotion"},{"floor":11,"key":"Fruit Juice"}],"is_trial":false,"path_per_floor":["M","?","?","M","M","E","M","E","T","?","E","R","$","M","R","B",null,"M","?","M","?","T","R","E","M","T","?","R","M","R","?","R","B",null,"M","T","M","M","?","R","E","R","T","E"],"character_chosen":"WATCHER","items_purchased":["LikeWater","EmptyBody"],"campfire_rested":1,"item_purchase_floors":[13,13],"current_hp_per_floor":[65,62,67,64,66,18,25,7,7,7,9,37,37,36,36,31,96,89,89,91,85,85,85,63,65,65,44,44,46,46,46,46,14,108,108,108,104,86,67,67,61,61,61,0,0],"gold":569,"neow_bonus":"TWENTY_PERCENT_HP_BONUS","is_prod":false,"is_daily":false,"chose_seed":false,"campfire_upgraded":6,"win_rate":0,"timestamp":1607600042,"path_taken":["M","?","?","M","M","E","?","E","T","?","E","R","$","M","R","BOSS","M","?","M","?","?","R","E","M","T","?","R","?","R","?","R","BOSS","M","?","M","M","?","R","E","R","T","E"],"build_version":"2020-11-30","purchased_purges":1,"victory":false,"max_hp_per_floor":[86,86,91,91,91,91,96,96,96,96,96,96,96,96,96,96,96,96,96,96,96,96,96,103,103,103,108,108,108,108,108,108,108,108,108,108,108,108,108,108,108,108,108,108,108],"relic_stats":{"Blood Vial":34,"Sozu":4,"Centennial Puzzle":[30],"counters":[21,122],"Shuriken":[2],"Tiny Chest":2,"Pen Nib":[1],"obtain_stats":[{"Potion Belt":36,"Calipers":22,"Pen Nib":43,"Frozen Egg 2":31,"Empty Cage":34,"Akabeko":6,"Blood Vial":2,"Du-Vu Doll":11,"Sozu":17,"Centennial Puzzle":8,"CaptainsWheel":39,"Shuriken":41,"Strawberry":24,"Tiny Chest":9,"PureWater":0},{"Potion Belt":16,"Calipers":11,"Pen Nib":20,"Frozen Egg 2":14,"Empty Cage":15,"Akabeko":4,"Blood Vial":1,"Du-Vu Doll":7,"Sozu":9,"Centennial Puzzle":6,"CaptainsWheel":19,"Shuriken":20,"Strawberry":12,"Tiny Chest":6,"PureWater":0},{"Potion Belt":87,"Calipers":56,"Pen Nib":112,"Frozen Egg 2":72,"Empty Cage":82,"Akabeko":13,"Blood Vial":2,"Du-Vu Doll":27,"Sozu":42,"Centennial Puzzle":23,"CaptainsWheel":103,"Shuriken":112,"Strawberry":63,"Tiny Chest":23,"PureWater":0}]},"card_choices":[{"not_picked":["Pray","Crescendo"],"picked":"Halt","floor":1},{"not_picked":["FlurryOfBlows","Halt"],"picked":"WheelKick","floor":4},{"not_picked":["Vengeance","MentalFortress"],"picked":"TalkToTheHand","floor":5},{"not_picked":["DeceiveReality","EmptyFist"],"picked":"Wallop","floor":6},{"not_picked":["EmptyFist","SashWhip"],"picked":"DeusExMachina","floor":7},{"not_picked":["SashWhip","WindmillStrike"],"picked":"MentalFortress","floor":8},{"not_picked":["Weave","CarveReality"],"picked":"EmptyBody","floor":11},{"not_picked":["JustLucky","Evaluate","Prostrate"],"picked":"SKIP","floor":14},{"not_picked":["Devotion","Ragnarok"],"picked":"Vault","floor":16},{"not_picked":["CutThroughFate","Prostrate"],"picked":"FlyingSleeves","floor":18},{"not_picked":["Consecrate","Halt"],"picked":"Tantrum+1","floor":20},{"not_picked":["EmptyFist","Evaluate"],"picked":"FlyingSleeves+1","floor":24},{"not_picked":["Halt","Swivel","ForeignInfluence"],"picked":"SKIP","floor":25},{"not_picked":["CrushJoints","Worship+1"],"picked":"Wallop+1","floor":29},{"not_picked":["Establishment+1","MasterReality+1"],"picked":"DevaForm+1","floor":33},{"not_picked":["CrushJoints+1","ThirdEye","SashWhip+1"],"picked":"SKIP","floor":35},{"not_picked":["ClearTheMind+1","JustLucky"],"picked":"Worship+1","floor":37},{"not_picked":["ClearTheMind+1","Halt+1"],"picked":"Indignation+1","floor":38},{"not_picked":["ForeignInfluence","SashWhip"],"picked":"Brilliance","floor":39},{"not_picked":["FlurryOfBlows","Wireheading+1"],"picked":"TalkToTheHand+1","floor":41}],"player_experience":595550,"relics_obtained":[{"floor":6,"key":"Akabeko"},{"floor":8,"key":"Centennial Puzzle"},{"floor":9,"key":"Tiny Chest"},{"floor":11,"key":"Du-Vu Doll"},{"floor":22,"key":"Calipers"},{"floor":24,"key":"Strawberry"},{"floor":36,"key":"Potion Belt"},{"floor":39,"key":"CaptainsWheel"},{"floor":41,"key":"Shuriken"},{"floor":43,"key":"Pen Nib"}],"event_choices":[{"damage_healed":0,"gold_gain":0,"player_choice":"Success","damage_taken":3,"relics_obtained":["Blood Vial"],"max_hp_gain":0,"max_hp_loss":0,"event_name":"Scrap Ooze","floor":2,"gold_loss":0},{"damage_healed":0,"gold_gain":0,"player_choice":"Bought 3 Potions","damage_taken":0,"max_hp_gain":0,"max_hp_loss":0,"event_name":"The Woman in Blue","floor":3,"gold_loss":0},{"damage_healed":0,"gold_gain":57,"player_choice":"Gained Gold","damage_taken":0,"max_hp_gain":0,"max_hp_loss":0,"event_name":"Golden Wing","floor":10,"gold_loss":0},{"damage_healed":0,"gold_gain":0,"player_choice":"Read","damage_taken":0,"max_hp_gain":0,"max_hp_loss":0,"event_name":"The Library","floor":19,"gold_loss":0,"cards_obtained":["Blasphemy"]},{"damage_healed":0,"gold_gain":0,"player_choice":"Joined the Cult","damage_taken":6,"max_hp_gain":0,"max_hp_loss":0,"event_name":"Nest","floor":21,"gold_loss":0,"cards_obtained":["RitualDagger"]},{"damage_healed":0,"gold_gain":0,"player_choice":"Shed Blood","damage_taken":26,"max_hp_gain":5,"max_hp_loss":0,"event_name":"Forgotten Altar","floor":27,"gold_loss":0},{"damage_healed":0,"gold_gain":0,"player_choice":"Obtained Relic","damage_taken":0,"relics_obtained":["Frozen Egg 2"],"max_hp_gain":0,"max_hp_loss":0,"event_name":"Addict","floor":31,"gold_loss":85},{"damage_healed":0,"gold_gain":0,"player_choice":"Fight","damage_taken":0,"max_hp_gain":0,"max_hp_loss":0,"event_name":"Mysterious Sphere","floor":39,"gold_loss":0}],"is_beta":false,"boss_relics":[{"not_picked":["Philosopher\u0027s Stone","HolyWater"],"picked":"Sozu"},{"not_picked":["Black Star","Astrolabe"],"picked":"Empty Cage"}],"items_purged_floors":[13],"is_endless":false,"potions_floor_spawned":[1,7,8,11,20,29,37,38],"killed_by":"Nemesis","ascension_level":3}}