{"host":"08ybifllvpb8gqpc","time":1607562823,"event":{"gold_per_floor":[111,111,111,121,53,83,183,195,195,195,207,236,236,87,87,187,187,204,25,25,36,56,56,84,84,161,161,174,191,191,207,207,306,306,323,130,148,148,167,167,182,182,228,247,0,0,0,12,12,12],"floor_reached":51,"playtime":2612,"items_purged":["Runesmith:Defend_RS","Runesmith:Strike_RS","Runesmith:Strike_RS"],"score":735,"play_id":"4fef511e-faa0-4712-bf3b-a1003ad1752c","local_time":"20201209221343","is_ascension_mode":true,"campfire_choices":[{"data":"Runesmith:HammerThrow","floor":10.0,"key":"SMITH"},{"data":"Runesmith:Firestorm","floor":13.0,"key":"SMITH"},{"data":"Runesmith:LithiumIon","floor":15.0,"key":"SMITH"},{"data":"Runesmith:CraftFirestone","floor":23.0,"key":"SMITH"},{"data":"Runesmith:CreatorForm","floor":25.0,"key":"SMITH"},{"data":"Runesmith:CraftMagma","floor":27.0,"key":"SMITH"},{"floor":32.0,"key":"REST"},{"data":"Runesmith:UnlimitedPower","floor":40.0,"key":"SMITH"},{"floor":42.0,"key":"REST"},{"floor":49,"key":"REST"}],"neow_cost":"NONE","seed_source_timestamp":0,"circlet_count":0,"master_deck":["Runesmith:Strike_RS","Runesmith:Strike_RS","Runesmith:Defend_RS","Runesmith:Defend_RS","Runesmith:CraftFirestone+1","Runesmith:Fortify+1","Runesmith:CraftMagma+1","Runesmith:LithiumIon+1","Runesmith:HammerThrow+1","Runesmith:Accelerate+1","Runesmith:Firestorm+1","Runesmith:GoWithTheFlow","Runesmith:CreatorForm+1","Runesmith:CraftProtectio+1","Runesmith:HammerThrow","Runesmith:Permafrost+1","Runesmith:HeatedChisel","Runesmith:UnlimitedPower+1","Runesmith:PoweredAnvil","Runesmith:Grindstone+1","Bandage Up","Madness","Madness"],"special_seed":0,"relics":["Runesmith:BrokenRuby","NeowsBlessing","Runesmith:Nanobots","Juzu Bracelet","Ancient Tea Set","War Paint","SlaversCollar","Bottled Flame","Bottled Lightning","Velvet Choker","Pen Nib","Red Mask"],"potions_floor_usage":[],"damage_taken":[{"damage":0.0,"enemies":"Small Slimes","floor":1.0,"turns":1.0},{"damage":0.0,"enemies":"2 Louse","floor":4.0,"turns":1.0},{"damage":0.0,"enemies":"3 Sentries","floor":6.0,"turns":2.0},{"damage":1.0,"enemies":"Cultist","floor":8.0,"turns":3.0},{"damage":0.0,"enemies":"Lots of Slimes","floor":11.0,"turns":3.0},{"damage":30.0,"enemies":"Lagavulin","floor":12.0,"turns":4.0},{"damage":10.0,"enemies":"Hexaghost","floor":16.0,"turns":6.0},{"damage":4.0,"enemies":"3 Byrds","floor":18.0,"turns":4.0},{"damage":23.0,"enemies":"Chosen","floor":21.0,"turns":5.0},{"damage":3.0,"enemies":"Centurion and Healer","floor":22.0,"turns":6.0},{"damage":6.0,"enemies":"Gremlin Leader","floor":24.0,"turns":6.0},{"damage":4.0,"enemies":"Shelled Parasite and Fungi","floor":28.0,"turns":5.0},{"damage":9.0,"enemies":"Snake Plant","floor":29.0,"turns":3.0},{"damage":0.0,"enemies":"Chosen and Byrds","floor":31.0,"turns":5.0},{"damage":3.0,"enemies":"Collector","floor":33.0,"turns":6.0},{"damage":8.0,"enemies":"Orb Walker","floor":35.0,"turns":4.0},{"damage":4.0,"enemies":"3 Shapes","floor":37.0,"turns":6.0},{"damage":14.0,"enemies":"Maw","floor":39.0,"turns":7.0},{"damage":9.0,"enemies":"Writhing Mass","floor":41.0,"turns":7.0},{"damage":10.0,"enemies":"3 Darklings","floor":44.0,"turns":5.0},{"damage":40,"enemies":"Transient","floor":48,"turns":5},{"damage":17,"enemies":"Donu and Deca","floor":50,"turns":9}],"seed_played":"2252423127923307664","potions_obtained":[{"floor":4.0,"key":"SkillPotion"},{"floor":11.0,"key":"Block Potion"},{"floor":18.0,"key":"Block Potion"},{"floor":22.0,"key":"ColorlessPotion"},{"floor":28.0,"key":"LiquidMemories"},{"floor":29.0,"key":"Energy Potion"},{"floor":39.0,"key":"SteroidPotion"},{"floor":48,"key":"SpeedPotion"}],"is_trial":false,"path_per_floor":["M","?","?","M","$","E","?","M","T","R","M","E","R","$","R","B",null,"M","$","?","M","M","R","E","R","T","R","M","M","?","M","R","B",null,"M","$","M","?","M","R","M","R","T","M","?","?","?","M","R","B",null],"character_chosen":"RUNESMITH_CLASS","items_purchased":["Runesmith:LithiumIon","Runesmith:GoWithTheFlow","Runesmith:Permafrost","Runesmith:PoweredAnvil"],"campfire_rested":3,"item_purchase_floors":[5,14,19,36],"current_hp_per_floor":[70,63,63,63,63,63,63,62,62,62,62,32,32,32,32,22,70,66,66,70,47,44,44,38,38,38,38,34,25,25,25,46,43,70,62,62,58,58,48,48,45,66,66,60,60,51,51,15,36,25],"gold":12,"neow_bonus":"THREE_ENEMY_KILL","is_prod":false,"is_daily":false,"chose_seed":false,"campfire_upgraded":7,"win_rate":0,"timestamp":1607562823,"path_taken":["M","?","?","M","$","E","?","M","T","R","M","E","R","$","R","BOSS","M","?","?","M","M","R","E","R","T","R","M","M","?","M","R","BOSS","M","$","M","?","M","R","M","R","T","M","?","?","?","M","R","BOSS"],"build_version":"2020-11-30","purchased_purges":3,"victory":true,"max_hp_per_floor":[70,70,70,70,70,70,70,70,70,70,70,70,70,70,70,70,70,70,70,70,70,70,70,70,70,70,70,70,70,70,70,70,70,70,70,70,70,70,70,70,70,70,70,70,70,70,70,70,70,70],"card_choices":[{"not_picked":["Runesmith:EnergizedChisel","Runesmith:HammerAndChisel"],"picked":"Runesmith:DoubleUp","floor":1.0},{"not_picked":["Runesmith:ShiftingStrike","Runesmith:HeatExchange"],"picked":"Runesmith:CraftMagma","floor":4.0},{"not_picked":["Runesmith:Terraform","Runesmith:Superposition","Runesmith:ElementalConversion"],"picked":"SKIP","floor":6.0},{"not_picked":["Runesmith:Overpower","Runesmith:ChiselStab"],"picked":"Runesmith:HammerThrow","floor":8.0},{"not_picked":["Runesmith:Refine","Runesmith:CraftReservo"],"picked":"Runesmith:Accelerate","floor":11.0},{"not_picked":["Runesmith:UnstableHammer","Runesmith:Repurpose"],"picked":"Runesmith:Firestorm","floor":12.0},{"not_picked":["Runesmith:CraftMedicinae","Runesmith:ArcReactor"],"picked":"Runesmith:CreatorForm","floor":16.0},{"not_picked":["Runesmith:Retool","Runesmith:EnergizedChisel","Runesmith:Repurpose"],"picked":"SKIP","floor":18.0},{"not_picked":["Runesmith:Repurpose","Runesmith:Superposition","Runesmith:UnstableHammer+1"],"picked":"SKIP","floor":21.0},{"not_picked":["Runesmith:EnergizedChisel+1","Runesmith:StaticCage"],"picked":"Runesmith:CraftProtectio+1","floor":22.0},{"not_picked":["Runesmith:EnergizedChisel","Runesmith:ShiftingStrike","Runesmith:ChargedHammer"],"picked":"SKIP","floor":24.0},{"not_picked":["Runesmith:RuneHurl","Runesmith:CraftMagma"],"picked":"Runesmith:HammerThrow","floor":28.0},{"not_picked":["Runesmith:NanitesCloud","Runesmith:CraftVitae+1"],"picked":"Runesmith:Permafrost","floor":29.0},{"not_picked":["Runesmith:NegativeSpace","Runesmith:Superposition"],"picked":"Runesmith:HeatedChisel","floor":31.0},{"not_picked":["Runesmith:ArcReactor","Runesmith:LastStand"],"picked":"Runesmith:UnlimitedPower","floor":33.0},{"not_picked":["Runesmith:Electrocute","Runesmith:Firewall+1","Runesmith:OneForEveryone+1"],"picked":"SKIP","floor":35.0},{"not_picked":["Runesmith:EarthShield","Runesmith:Refine"],"picked":"Runesmith:Grindstone+1","floor":37.0},{"not_picked":["Violence","Impatience"],"picked":"Bandage Up","floor":38.0},{"not_picked":["Runesmith:Empowerment","Runesmith:Repurpose","Runesmith:CraftProtectio+1"],"picked":"SKIP","floor":39.0},{"not_picked":["Runesmith:NegativeSpace","Runesmith:Repurpose","Runesmith:HeatedChisel+1"],"picked":"SKIP","floor":41.0},{"not_picked":["Runesmith:HammerTime+1","Runesmith:CraftProtectio+1","Runesmith:HeatedChisel+1"],"picked":"SKIP","floor":44.0},{"not_picked":["Runesmith:DoubleUp+1","Runesmith:Prism","Runesmith:Grindstone+1"],"picked":"SKIP","floor":48}],"player_experience":1063058,"relics_obtained":[{"floor":6.0,"key":"Juzu Bracelet"},{"floor":9.0,"key":"Ancient Tea Set"},{"floor":12.0,"key":"War Paint"},{"floor":24.0,"key":"Bottled Flame"},{"floor":26.0,"key":"Bottled Lightning"},{"floor":43.0,"key":"Pen Nib"}],"event_choices":[{"cards_removed":["Runesmith:Defend_RS"],"damage_healed":0.0,"max_hp_gain":0.0,"max_hp_loss":0.0,"gold_gain":0.0,"event_name":"Golden Wing","player_choice":"Card Removal","floor":2.0,"gold_loss":0.0,"damage_taken":7.0},{"cards_removed":["Runesmith:DoubleUp"],"damage_healed":0.0,"max_hp_gain":0.0,"max_hp_loss":0.0,"gold_gain":0.0,"event_name":"WeMeetAgain","player_choice":"Gave Card","floor":3.0,"gold_loss":0.0,"damage_taken":0.0,"relics_obtained":["Runesmith:Nanobots"]},{"damage_healed":0.0,"max_hp_gain":0.0,"max_hp_loss":0.0,"gold_gain":100.0,"event_name":"Golden Shrine","player_choice":"Pray","floor":7.0,"gold_loss":0.0,"damage_taken":0.0},{"cards_removed":["Runesmith:Permafrost"],"damage_healed":4.0,"max_hp_gain":0.0,"max_hp_loss":0.0,"gold_gain":0.0,"event_name":"Bonfire Elementals","player_choice":"Offered Uncommon","floor":20.0,"gold_loss":0.0,"damage_taken":0.0},{"damage_healed":0.0,"max_hp_gain":0.0,"max_hp_loss":0.0,"gold_gain":0.0,"event_name":"Upgrade Shrine","player_choice":"Upgraded","floor":30.0,"gold_loss":0.0,"damage_taken":0.0,"cards_upgraded":["Runesmith:Permafrost"]},{"damage_healed":0.0,"max_hp_gain":0.0,"max_hp_loss":0.0,"gold_gain":0.0,"event_name":"SensoryStone","player_choice":"Memory 1","floor":38.0,"gold_loss":0.0,"damage_taken":0.0},{"damage_healed":0.0,"max_hp_gain":0.0,"max_hp_loss":0.0,"gold_gain":0.0,"event_name":"Tomb of Lord Red Mask","player_choice":"Paid","floor":45.0,"gold_loss":247.0,"damage_taken":0.0,"relics_obtained":["Red Mask"]},{"damage_healed":0.0,"max_hp_gain":0.0,"max_hp_loss":0.0,"gold_gain":0.0,"event_name":"Winding Halls","player_choice":"Embrace Madness","floor":46.0,"gold_loss":0.0,"damage_taken":9.0,"cards_obtained":["Madness","Madness"]},{"damage_healed":0,"gold_gain":0,"player_choice":"Ignored","damage_taken":0,"max_hp_gain":0,"max_hp_loss":0,"event_name":"Mysterious Sphere","floor":47,"gold_loss":0}],"is_beta":false,"boss_relics":[{"not_picked":["Runic Dome","Sozu"],"picked":"SlaversCollar"},{"not_picked":["Pandora\u0027s Box","Runesmith:PocketReactor"],"picked":"Velvet Choker"}],"items_purged_floors":[14,19,36],"is_endless":false,"potions_floor_spawned":[4,11,18,22,28,29,39,48],"ascension_level":1}}