{"host":"hjqq38hu34hu2seo","time":1607612402,"event":{"mods":["BaseMod","StSLib","Card Forge","BetterRewards","Marisa????????","SuperFastMode","Minty Spire (QoL Compilation)","Colored Powertips","AchievementEnabler","The Servant 0.9.4","DeckTracker","Colored Map","Highlight Path","Quick Restart","Better Third Choice","Infinite Spire"],"gold_per_floor":[213,213,229,242,242,242,242,274,274,287,287,299,299,316,316,413,413,425,440,440,440,440,440,355,355,355,370,384,384,384],"floor_reached":29,"playtime":552,"items_purged":[],"score":250,"play_id":"7ea25bf9-d577-4f7d-a02e-04686c2f1b11","local_time":"20201211020002","is_ascension_mode":false,"campfire_choices":[{"data":"Zap","floor":6.0,"key":"SMITH"},{"data":"Ball Lightning","floor":11.0,"key":"SMITH"},{"floor":15.0,"key":"REST"},{"floor":23.0,"key":"REST"},{"data":"Creative AI","floor":25.0,"key":"SMITH"}],"circlet_count":0,"master_deck":["Strike_B","Strike_B","Strike_B","Strike_B","Defend_B","Defend_B","Defend_B","Defend_B","Zap+1","Dualcast+1","Ball Lightning+1","Cold Snap","Creative AI+1","Turbo+1","Rebound+1"],"special_seed":0,"relics":["Cracked Core","Hammer of Thor","Seething Fire","Anvil of the Gods","Mango","Torii","Inserter","MutagenicStrength","Darkstone Periapt","infinitespire:Beetle Shell"],"acts_visited":["Exordium","TheCity"],"potions_floor_usage":[29],"damage_taken":[{"damage":3.0,"enemies":"Jaw Worm","floor":1.0,"turns":4.0},{"damage":0.0,"enemies":"Cultist","floor":3.0,"turns":2.0},{"damage":3.0,"enemies":"Small Slimes","floor":4.0,"turns":3.0},{"damage":12.0,"enemies":"Lagavulin","floor":8.0,"turns":4.0},{"damage":8.0,"enemies":"Blue Slaver","floor":10.0,"turns":3.0},{"damage":15.0,"enemies":"Exordium Thugs","floor":12.0,"turns":5.0},{"damage":7.0,"enemies":"Exordium Wildlife","floor":14.0,"turns":2.0},{"damage":38.0,"enemies":"Hexaghost","floor":16.0,"turns":11.0},{"damage":22.0,"enemies":"Shell Parasite","floor":18.0,"turns":10.0},{"damage":12.0,"enemies":"Spheric Guardian","floor":19.0,"turns":4.0},{"damage":14.0,"enemies":"Centurion and Healer","floor":27.0,"turns":7.0},{"damage":58,"enemies":"3 Cultists","floor":28,"turns":6},{"damage":22,"enemies":"Snake Plant","floor":29,"turns":4}],"seed_played":"-2910943798007150569","potions_obtained":[{"floor":1.0,"key":"Fire Potion"},{"floor":2.0,"key":"SpeedPotion"},{"floor":2.0,"key":"FocusPotion"},{"floor":4.0,"key":"ColorlessPotion"},{"floor":8.0,"key":"PotionOfCapacity"},{"floor":10.0,"key":"Fruit Juice"},{"floor":28,"key":"Block Potion"}],"is_trial":false,"path_per_floor":["M","?","M","M","$","R","?","E","T","M","R","M","?","M","R","B",null,"M","M","?","?","?","R","?","R","T","M","M","M"],"character_chosen":"DEFECT","items_purchased":[],"campfire_rested":2,"item_purchase_floors":[],"current_hp_per_floor":[72,72,72,69,69,69,74,76,76,68,68,53,53,46,79,41,99,77,65,65,65,65,94,94,94,94,80,22,0,0],"gold":384,"neow_bonus":"HUNDRED_GOLD","is_daily":false,"chose_seed":false,"campfire_upgraded":3,"win_rate":0,"timestamp":1607612402,"path_taken":["M","?","M","?","?","R","?","E","T","M","R","M","?","?","R","BOSS","M","M","?","?","?","R","?","R","T","M","?","M"],"build_version":"2020-11-30","purchased_purges":0,"victory":false,"max_hp_per_floor":[75,75,75,75,75,75,80,94,94,94,94,94,94,94,99,99,99,99,99,99,99,99,99,99,99,99,99,99,99,99],"card_choices":[{"not_picked":["Hologram","Aggregate","Turbo"],"picked":"SKIP","floor":1.0},{"not_picked":["Go for the Eyes","All For One"],"picked":"Ball Lightning","floor":3.0},{"not_picked":["Genetic Algorithm","Redo","Cold Snap"],"picked":"SKIP","floor":4.0},{"not_picked":["Reprogram","Skim"],"picked":"Cold Snap","floor":8.0},{"not_picked":["Glacier","Doom and Gloom","Go for the Eyes"],"picked":"SKIP","floor":10.0},{"not_picked":["Streamline","Compile Driver","Reprogram"],"picked":"SKIP","floor":12.0},{"not_picked":["Compile Driver","Redo","Go for the Eyes"],"picked":"SKIP","floor":14.0},{"not_picked":["Thunder Strike","Machine Learning"],"picked":"Creative AI","floor":16.0},{"not_picked":["Hello World+1","Compile Driver+1","Gash"],"picked":"SKIP","floor":18.0},{"not_picked":["Ball Lightning","Hologram"],"picked":"Turbo+1","floor":19.0},{"not_picked":["Doom and Gloom","Go for the Eyes+1"],"picked":"Rebound+1","floor":27.0},{"not_picked":["Steam","Gash+1","Ball Lightning"],"picked":"SKIP","floor":28}],"player_experience":238207,"relics_obtained":[{"floor":8.0,"key":"Mango"},{"floor":9.0,"key":"Torii"},{"floor":26.0,"key":"infinitespire:Beetle Shell"}],"event_choices":[{"damage_healed":0.0,"max_hp_gain":0.0,"max_hp_loss":0.0,"gold_gain":0.0,"event_name":"Lab","player_choice":"Got Potions","floor":2.0,"gold_loss":0.0,"damage_taken":0.0},{"damage_healed":0.0,"max_hp_gain":5.0,"max_hp_loss":0.0,"gold_gain":0.0,"event_name":"Big Fish","player_choice":"Donut","floor":7.0,"gold_loss":0.0,"damage_taken":0.0},{"damage_healed":0.0,"max_hp_gain":0.0,"max_hp_loss":0.0,"gold_gain":0.0,"event_name":"Accursed Blacksmith","player_choice":"Forge","floor":13.0,"gold_loss":0.0,"damage_taken":0.0,"cards_upgraded":["Dualcast"]},{"damage_healed":0.0,"max_hp_gain":0.0,"max_hp_loss":0.0,"gold_gain":0.0,"event_name":"Vampires","player_choice":"Ignored","floor":20.0,"gold_loss":0.0,"damage_taken":0.0},{"damage_healed":0.0,"max_hp_gain":0.0,"max_hp_loss":0.0,"gold_gain":0.0,"event_name":"Drug Dealer","player_choice":"Inject Mutagens","floor":21.0,"gold_loss":0.0,"damage_taken":0.0,"relics_obtained":["MutagenicStrength"]},{"damage_healed":0.0,"max_hp_gain":0.0,"max_hp_loss":0.0,"gold_gain":0.0,"event_name":"Ghosts","player_choice":"Ignored","floor":22.0,"gold_loss":0.0,"damage_taken":0.0},{"damage_healed":0.0,"max_hp_gain":0.0,"max_hp_loss":0.0,"gold_gain":0.0,"event_name":"Addict","player_choice":"Obtained Relic","floor":24.0,"gold_loss":85.0,"damage_taken":0.0,"relics_obtained":["Darkstone Periapt"]}],"is_beta":false,"boss_relics":[{"not_picked":["Philosopher\u0027s Stone","Empty Cage"],"picked":"Inserter"}],"items_purged_floors":[],"is_endless":false,"potions_floor_spawned":[1,4,8,10,28],"killed_by":"Snake Plant","ascension_level":0}}