{"host":"fq1bpa5mgr3rtgnr","time":1607583051,"event":{"gold_per_floor":[116,191,191,210,160,160,176,176,176,176,176,176,235,249,249,353,353,367,292,292,304,304,304],"floor_reached":22,"playtime":1100,"items_purged":[],"score":215,"play_id":"0ad9cf4a-4f0d-4b3d-892a-b3424b3161db","local_time":"20201210015051","is_ascension_mode":true,"campfire_choices":[{"data":"Regret","floor":8.0,"key":"PURGE"},{"data":"Defend_P","floor":10.0,"key":"PURGE"},{"data":"Eruption","floor":12.0,"key":"SMITH"},{"data":"Prostrate","floor":15,"key":"PURGE"}],"neow_cost":"NONE","seed_source_timestamp":254236796435000,"circlet_count":0,"master_deck":["Strike_P","Strike_P","Defend_P","Defend_P","Eruption+1","Vigilance","CurseOfTheBell","Evaluate","BowlingBash","PathToVictory","InnerPeace","DevaForm","Vault"],"special_seed":0,"relics":["Boot","Darkstone Periapt","Peace Pipe","Ornamental Fan","Lizard Tail","Shuriken","Pen Nib","Cursed Key","Nloth\u0027s Gift"],"potions_floor_usage":[13,16,22,22],"damage_taken":[{"damage":8.0,"enemies":"Jaw Worm","floor":1.0,"turns":4.0},{"damage":0.0,"enemies":"Small Slimes","floor":4.0,"turns":4.0},{"damage":2.0,"enemies":"2 Louse","floor":7.0,"turns":3.0},{"damage":41,"enemies":"Gremlin Nob","floor":13,"turns":5},{"damage":4,"enemies":"Large Slime","floor":14,"turns":3},{"damage":41,"enemies":"The Guardian","floor":16,"turns":8},{"damage":26,"enemies":"2 Thieves","floor":18,"turns":5},{"damage":24,"enemies":"Spheric Guardian","floor":21,"turns":8},{"damage":14,"enemies":"Snake Plant","floor":22,"turns":3}],"seed_played":"7995917575123107056","potions_obtained":[{"floor":1.0,"key":"ColorlessPotion"},{"floor":13,"key":"SkillPotion"},{"floor":16,"key":"BlessingOfTheForge"},{"floor":21,"key":"PowerPotion"}],"is_trial":false,"path_per_floor":["M","?","?","M","?","?","M","R","T","R","T","R","?","M","R","B",null,"M","?","?","M","M"],"character_chosen":"WATCHER","items_purchased":[],"campfire_rested":0,"item_purchase_floors":[],"current_hp_per_floor":[64,53,53,53,53,59,57,57,57,57,57,57,16,12,12,15,62,36,36,36,12,0,0],"gold":304,"neow_bonus":"BOSS_RELIC","is_prod":false,"is_daily":false,"chose_seed":false,"campfire_upgraded":1,"win_rate":0,"timestamp":1607583051,"path_taken":["M","?","?","M","?","?","M","R","T","R","?","R","?","M","R","BOSS","M","?","?","M","M"],"build_version":"2020-11-30","purchased_purges":0,"victory":false,"max_hp_per_floor":[72,72,72,72,72,78,78,78,78,78,78,78,78,78,78,78,78,78,78,78,78,78,78],"relic_stats":{"Darkstone Periapt":6,"Peace Pipe":3,"Lizard Tail":39,"counters":[9,43],"Ornamental Fan":[36],"Shuriken":[9],"Pen Nib":[4],"Nloth\u0027s Gift":0,"Boot":[5],"Cursed Key":0,"obtain_stats":[{"Calling Bell":0,"Darkstone Periapt":0,"Peace Pipe":0,"Lizard Tail":9,"Ornamental Fan":6,"Shuriken":11,"Pen Nib":13,"Nloth\u0027s Gift":20,"PureWater":0,"Boot":0,"Cursed Key":17},{"Calling Bell":0,"Darkstone Periapt":0,"Peace Pipe":0,"Lizard Tail":3,"Ornamental Fan":2,"Shuriken":3,"Pen Nib":4,"Nloth\u0027s Gift":7,"PureWater":0,"Boot":0,"Cursed Key":6},{"Calling Bell":0,"Darkstone Periapt":0,"Peace Pipe":0,"Lizard Tail":11,"Ornamental Fan":8,"Shuriken":11,"Pen Nib":16,"Nloth\u0027s Gift":32,"PureWater":0,"Boot":0,"Cursed Key":27}]},"card_choices":[{"not_picked":["SashWhip","FlyingSleeves"],"picked":"Evaluate","floor":1.0},{"not_picked":["Meditate","ThirdEye"],"picked":"Prostrate","floor":4.0},{"not_picked":["FlyingSleeves","CrushJoints","Vengeance"],"picked":"SKIP","floor":7.0},{"not_picked":["Adaptation","ThirdEye"],"picked":"PathToVictory","floor":13},{"not_picked":["WindmillStrike","CrushJoints"],"picked":"InnerPeace","floor":14},{"not_picked":["Devotion","MasterReality"],"picked":"DevaForm","floor":16},{"not_picked":["Crescendo","BowlingBash","Halt"],"picked":"SKIP","floor":18},{"not_picked":["EmptyBody","CrushJoints"],"picked":"Vault","floor":21}],"player_experience":334020,"relics_obtained":[{"floor":0.0,"key":"Boot"},{"floor":0.0,"key":"Darkstone Periapt"},{"floor":0.0,"key":"Peace Pipe"},{"floor":9.0,"key":"Lizard Tail"},{"floor":11.0,"key":"Shuriken"},{"floor":13,"key":"Pen Nib"}],"event_choices":[{"damage_healed":0.0,"max_hp_gain":0.0,"max_hp_loss":0.0,"gold_gain":75.0,"event_name":"World of Goop","player_choice":"Gather Gold","floor":2.0,"gold_loss":0.0,"damage_taken":11.0},{"damage_healed":0.0,"max_hp_gain":0.0,"max_hp_loss":0.0,"gold_gain":0.0,"cards_transformed":["Strike_P"],"event_name":"Living Wall","player_choice":"Change","floor":3.0,"gold_loss":0.0,"damage_taken":0.0,"cards_obtained":["BowlingBash"]},{"cards_removed":["Strike_P"],"damage_healed":0.0,"max_hp_gain":0.0,"max_hp_loss":0.0,"gold_gain":0.0,"event_name":"The Cleric","player_choice":"Card Removal","floor":5.0,"gold_loss":50.0,"damage_taken":0.0},{"damage_healed":0.0,"max_hp_gain":0.0,"max_hp_loss":0.0,"gold_gain":0.0,"event_name":"Big Fish","player_choice":"Box","floor":6.0,"gold_loss":0.0,"damage_taken":0.0,"relics_obtained":["Ornamental Fan"],"cards_obtained":["Regret"]},{"damage_healed":0,"gold_gain":30,"player_choice":"Searched \u00272\u0027 times","damage_taken":0,"max_hp_gain":0,"max_hp_loss":0,"event_name":"Dead Adventurer","floor":13,"gold_loss":0},{"cards_removed":["Defend_P"],"damage_healed":0,"gold_gain":0,"player_choice":"Gave Gold","damage_taken":0,"max_hp_gain":0,"max_hp_loss":0,"event_name":"Beggar","floor":19,"gold_loss":75},{"damage_healed":0,"gold_gain":0,"player_choice":"Traded Relic","damage_taken":0,"relics_obtained":["Nloth\u0027s Gift"],"max_hp_gain":0,"max_hp_loss":0,"event_name":"N\u0027loth","floor":20,"relics_lost":["Calling Bell"],"gold_loss":0}],"is_beta":false,"boss_relics":[{"not_picked":["SacredBark","Ectoplasm"],"picked":"Cursed Key"}],"items_purged_floors":[],"is_endless":false,"potions_floor_spawned":[1,13,16,21],"killed_by":"Snake Plant","ascension_level":5}}