{"host":"ltpwhm5ae82pbtlp","time":1607570074,"event":{"gold_per_floor":[11,28,42,58,58,84,84,111,111,111,137,156,45,45,45,145,145,134,149,248,266,266,266,296,314,314,340,356,368,51,70,70,174,174,191,206,222,237,66,66,84,100,154,154,167,177,177,196,196,196,196],"floor_reached":50,"playtime":3074,"items_purged":[],"score":517,"play_id":"98cad79d-bc52-4e28-9009-e45d22f0f333","local_time":"20201209191434","is_ascension_mode":false,"campfire_choices":[{"data":"hermit:CursedWeapon","floor":7.0,"key":"SMITH"},{"floor":10.0,"key":"REST"},{"floor":15.0,"key":"REST"},{"floor":23.0,"key":"REST"},{"floor":32.0,"key":"REST"},{"floor":40.0,"key":"REST"},{"floor":44.0,"key":"REST"},{"data":"hermit:EternalForm","floor":47.0,"key":"SMITH"},{"floor":49.0,"key":"REST"}],"neow_cost":"NO_GOLD","seed_source_timestamp":1025408286869200,"circlet_count":0,"master_deck":["hermit:Strike_Hermit","hermit:Strike_Hermit","hermit:Strike_Hermit","hermit:Strike_Hermit","hermit:Defend_Hermit","hermit:Defend_Hermit","hermit:Defend_Hermit","hermit:Defend_Hermit","hermit:Snapshot","hermit:Covet","Metamorphosis","hermit:LowProfile","hermit:Ricochet","hermit:Gestalt","Regret","hermit:CursedWeapon+1","hermit:Brawl","hermit:Determination","hermit:Headshot","hermit:FlashPowder","hermit:Enervate","hermit:EternalForm+1","hermit:BodyArmor+1","hermit:Quickdraw","hermit:Midnight","Pain","hermit:Snipe","Chrysalis","hermit:ShadowCloak","hermit:FinalCanter","hermit:Maintenance+1","hermit:TakeAim","expansioncontent:QuickStudy","hermit:OverwhelmingPower","hermit:Feint","theSleuth:OglogMRubbit","hermit:GhostlyPresence"],"special_seed":0,"relics":["hermit:ClaspedLocket","Blue Candle","Shuriken","Ornamental Fan","Pear","Oddly Smooth Stone","WarpedTongs","Happy Flower","Meat on the Bone","Tiny Chest","hermit:RyeStalk","Cursed Key","Lantern"],"potions_floor_usage":[50,50],"damage_taken":[{"damage":2.0,"enemies":"2 Louse","floor":1.0,"turns":4.0},{"damage":6.0,"enemies":"Jaw Worm","floor":2.0,"turns":2.0},{"damage":0.0,"enemies":"Cultist","floor":3.0,"turns":3.0},{"damage":5.0,"enemies":"3 Louse","floor":4.0,"turns":3.0},{"damage":18.0,"enemies":"Lagavulin","floor":6.0,"turns":5.0},{"damage":27.0,"enemies":"Gremlin Nob","floor":8.0,"turns":6.0},{"damage":25.0,"enemies":"3 Sentries","floor":11.0,"turns":7.0},{"damage":16.0,"enemies":"Red Slaver","floor":12.0,"turns":4.0},{"damage":28.0,"enemies":"The Guardian","floor":16.0,"turns":11.0},{"damage":25.0,"enemies":"2 Thieves","floor":18.0,"turns":4.0},{"damage":21.0,"enemies":"3 Byrds","floor":19.0,"turns":6.0},{"damage":5.0,"enemies":"Snecko","floor":21.0,"turns":5.0},{"damage":16.0,"enemies":"Book of Stabbing","floor":24.0,"turns":5.0},{"damage":9.0,"enemies":"3 Cultists","floor":25.0,"turns":7.0},{"damage":3.0,"enemies":"Cultist and Chosen","floor":28.0,"turns":5.0},{"damage":4.0,"enemies":"Sentry and Sphere","floor":29.0,"turns":4.0},{"damage":16.0,"enemies":"Centurion and Healer","floor":31.0,"turns":4.0},{"damage":39.0,"enemies":"Automaton","floor":33.0,"turns":13.0},{"damage":6.0,"enemies":"3 Shapes","floor":35.0,"turns":5.0},{"damage":4.0,"enemies":"3 Darklings","floor":36.0,"turns":6.0},{"damage":41.0,"enemies":"Transient","floor":37.0,"turns":5.0},{"damage":23.0,"enemies":"Sphere and 2 Shapes","floor":38.0,"turns":5.0},{"damage":2.0,"enemies":"3 Darklings","floor":41.0,"turns":4.0},{"damage":44.0,"enemies":"4 Shapes","floor":42.0,"turns":5.0},{"damage":7.0,"enemies":"Spire Growth","floor":45.0,"turns":4.0},{"damage":17.0,"enemies":"3 Darklings","floor":46.0,"turns":4.0},{"damage":10.0,"enemies":"Maw","floor":48.0,"turns":7.0},{"damage":56,"enemies":"Time Eater","floor":50,"turns":11}],"seed_played":"-8861032885667682659","potions_obtained":[{"floor":1.0,"key":"Weak Potion"},{"floor":11.0,"key":"ColorlessPotion"},{"floor":12.0,"key":"sneckomod:MuddlingPotion"},{"floor":16.0,"key":"Energy Potion"},{"floor":38.0,"key":"SpeedPotion"},{"floor":42.0,"key":"CultistPotion"}],"is_trial":false,"path_per_floor":["M","M","M","M","?","E","R","E","T","R","E","M","$","?","R","B",null,"M","M","?","M","?","R","E","M","T","T","M","M","$","M","R","B",null,"M","M","M","M","$","R","M","M","T","R","M","M","R","M","R","B"],"character_chosen":"HERMIT","items_purchased":["hermit:FlashPowder","hermit:Enervate","Chrysalis","hermit:RyeStalk","expansioncontent:QuickStudy"],"campfire_rested":7,"item_purchase_floors":[13,13,30,30,39],"current_hp_per_floor":[73,67,67,62,62,44,44,17,27,52,27,11,11,11,36,8,85,61,41,41,37,37,62,51,46,46,46,48,45,45,45,70,45,85,79,75,49,44,44,69,67,40,40,65,64,53,53,47,72,19,19],"gold":196,"neow_bonus":"RANDOM_COLORLESS_2","is_prod":false,"is_daily":false,"chose_seed":false,"campfire_upgraded":2,"win_rate":0.0,"timestamp":1607570074,"path_taken":["M","M","M","M","?","E","R","E","T","R","E","M","$","?","R","BOSS","M","M","?","M","?","R","E","?","T","?","M","M","?","M","R","BOSS","M","M","M","?","$","R","M","M","T","R","M","M","R","M","R","BOSS"],"build_version":"2020-11-30","purchased_purges":0,"victory":false,"max_hp_per_floor":[75,75,75,75,75,75,75,75,85,85,85,85,85,85,85,85,85,85,85,85,85,85,85,85,85,85,85,85,85,85,85,85,85,85,85,85,85,85,85,85,85,85,85,85,85,85,85,85,85,85,85],"card_choices":[{"not_picked":["expansioncontent:DashGenerateEvil","Violence"],"picked":"Metamorphosis","floor":0.0},{"not_picked":["hermit:Misfire","hermit:CalledShot"],"picked":"hermit:LowProfile","floor":1.0},{"not_picked":["hermit:SprayPray","hermit:NoHoldsBarred"],"picked":"hermit:Ricochet","floor":2.0},{"not_picked":["hermit:Quickdraw","hermit:SprayPray"],"picked":"hermit:Gestalt","floor":3.0},{"not_picked":["hermit:LoneWolf","hermit:Gestalt","hermit:Shortfuse"],"picked":"SKIP","floor":4.0},{"not_picked":["hermit:Misfire","hermit:Desperado"],"picked":"hermit:CursedWeapon","floor":6.0},{"not_picked":["hermit:Feint","hermit:Coalescence"],"picked":"hermit:Brawl","floor":8.0},{"not_picked":["hermit:Brawl","hermit:BodyArmor"],"picked":"hermit:Determination","floor":11.0},{"not_picked":["hermit:SprayPray","hermit:Gestalt"],"picked":"hermit:Headshot","floor":12.0},{"not_picked":["hermit:Dissolve","hermit:Purgatory"],"picked":"hermit:EternalForm","floor":16.0},{"not_picked":["hermit:Deadeye","hermit:Malice"],"picked":"hermit:BodyArmor+1","floor":18.0},{"not_picked":["hermit:Grudge","hermit:Gestalt"],"picked":"hermit:Quickdraw","floor":19.0},{"not_picked":["hermit:Misfire+1","hermit:Headshot"],"picked":"hermit:Midnight","floor":21.0},{"not_picked":["hermit:Adapt","hermit:TrackingShot"],"picked":"hermit:Snipe","floor":24.0},{"not_picked":["hermit:Snipe+1","hermit:BodyArmor","hermit:WideOpen"],"picked":"SKIP","floor":25.0},{"not_picked":["hermit:Purgatory","hermit:Cheat","hermit:SprayPray+1"],"picked":"SKIP","floor":28.0},{"not_picked":["hermit:Feint","hermit:Roulette","hermit:Horror+1"],"picked":"SKIP","floor":29.0},{"not_picked":["hermit:TrackingShot","hermit:Vantage"],"picked":"hermit:ShadowCloak","floor":31.0},{"not_picked":["hermit:HighNoon","hermit:DeadOrAlive"],"picked":"hermit:FinalCanter","floor":33.0},{"not_picked":["hermit:Misfire+1","hermit:Virtue","hermit:Spite"],"picked":"SKIP","floor":35.0},{"not_picked":["hermit:CalledShot","hermit:Malice+1"],"picked":"hermit:Maintenance+1","floor":36.0},{"not_picked":["hermit:Coalescence","hermit:LowProfile+1","hermit:Grudge"],"picked":"SKIP","floor":37.0},{"not_picked":["hermit:Vantage","hermit:Showdown"],"picked":"hermit:TakeAim","floor":38.0},{"not_picked":["hermit:NoHoldsBarred+1","hermit:Feint"],"picked":"hermit:OverwhelmingPower","floor":41.0},{"not_picked":["hermit:Determination","hermit:Shortfuse"],"picked":"hermit:Feint","floor":42.0},{"not_picked":["hermit:WideOpen+1","hermit:Midnight"],"picked":"hermit:GhostlyPresence","floor":45.0},{"not_picked":["hermit:SprayPray","hermit:CalledShot+1","hermit:EternalForm"],"picked":"SKIP","floor":46.0},{"not_picked":["hermit:Grudge","hermit:Determination+1","hermit:Gestalt"],"picked":"SKIP","floor":48.0}],"player_experience":149621,"relics_obtained":[{"floor":6.0,"key":"Shuriken"},{"floor":8.0,"key":"Ornamental Fan"},{"floor":9.0,"key":"Pear"},{"floor":11.0,"key":"Oddly Smooth Stone"},{"floor":24.0,"key":"Happy Flower"},{"floor":26.0,"key":"Meat on the Bone"},{"floor":27.0,"key":"Tiny Chest"},{"floor":43.0,"key":"Lantern"}],"event_choices":[{"damage_healed":0.0,"max_hp_gain":0.0,"max_hp_loss":0.0,"gold_gain":0.0,"event_name":"Big Fish","player_choice":"Box","floor":5.0,"gold_loss":0.0,"damage_taken":0.0,"relics_obtained":["Blue Candle"],"cards_obtained":["Regret"]},{"damage_healed":0.0,"max_hp_gain":0.0,"max_hp_loss":0.0,"gold_gain":0.0,"event_name":"NoteForYourself","player_choice":"Ignored","floor":14.0,"gold_loss":0.0,"damage_taken":0.0},{"damage_healed":0.0,"max_hp_gain":0.0,"max_hp_loss":0.0,"gold_gain":99.0,"event_name":"betterThird:BetterNest","player_choice":"Steal","floor":20.0,"gold_loss":0.0,"damage_taken":0.0},{"damage_healed":0.0,"max_hp_gain":0.0,"max_hp_loss":0.0,"gold_gain":0.0,"event_name":"Accursed Blacksmith","player_choice":"Rummage","floor":22.0,"gold_loss":0.0,"damage_taken":0.0,"relics_obtained":["WarpedTongs"],"cards_obtained":["Pain"]}],"is_beta":false,"boss_relics":[{"not_picked":["Runic Dome","SlaversCollar"],"picked":"hermit:ClaspedLocket"},{"not_picked":["Tiny House","Sozu"],"picked":"Cursed Key"}],"items_purged_floors":[],"is_endless":false,"potions_floor_spawned":[1,11,12,16,18,21,24,28,31,36,38,42,46],"killed_by":"Time Eater","ascension_level":0}}