{"host":"6fbjdsiu9jij34p7","time":1607559058,"event":{"gold_per_floor":[362,362,14,29,40,40,52,52,52,52,62,62,26,42,42,113,113,132,30,30,30,49,49,68,68,117,134,134,134,146,160,160,160,160],"floor_reached":33,"playtime":968,"items_purged":["Strike_B"],"score":406,"play_id":"17ef7500-04fc-4f7d-8510-cd1acb2ca990","local_time":"20201210091058","is_ascension_mode":true,"campfire_choices":[{"floor":6.0,"key":"REST"},{"floor":8.0,"key":"REST"},{"data":"Coolheaded","floor":12.0,"key":"SMITH"},{"floor":15.0,"key":"REST"},{"floor":23.0,"key":"REST"},{"floor":25.0,"key":"REST"},{"floor":32.0,"key":"REST"}],"neow_cost":"PERCENT_DAMAGE","seed_source_timestamp":0,"circlet_count":0,"master_deck":["AscendersBane","Strike_B","Strike_B","Strike_B","Defend_B","Defend_B","Defend_B","Defend_B","Zap","Dualcast","Compile Driver","Barrage","Cold Snap","Cold Snap","Bandage Up","Coolheaded+1","Defragment","Barrage","Melter","Cold Snap","Barrage","Reinforced Body+1","Stack+1","Sweeping Beam+1","Stack+1"],"special_seed":0,"relics":["Cracked Core","Mercury Hourglass","Unceasing Top","Black Star","Calipers","Ancient Tea Set"],"potions_floor_usage":[33],"damage_taken":[{"damage":5.0,"enemies":"Small Slimes","floor":1.0,"turns":3.0},{"damage":1.0,"enemies":"Cultist","floor":4.0,"turns":3.0},{"damage":2.0,"enemies":"Jaw Worm","floor":5.0,"turns":3.0},{"damage":13.0,"enemies":"Lots of Slimes","floor":7.0,"turns":3.0},{"damage":9.0,"enemies":"Red Slaver","floor":11.0,"turns":3.0},{"damage":11.0,"enemies":"Large Slime","floor":14.0,"turns":3.0},{"damage":30.0,"enemies":"Slime Boss","floor":16.0,"turns":9.0},{"damage":14.0,"enemies":"Shell Parasite","floor":18.0,"turns":8.0},{"damage":1.0,"enemies":"Spheric Guardian","floor":22.0,"turns":4.0},{"damage":18.0,"enemies":"Cultist and Chosen","floor":24.0,"turns":6.0},{"damage":27.0,"enemies":"Snake Plant","floor":27.0,"turns":5.0},{"damage":9.0,"enemies":"Shelled Parasite and Fungi","floor":30.0,"turns":6.0},{"damage":24.0,"enemies":"Cultist and Chosen","floor":31.0,"turns":8.0},{"damage":86,"enemies":"Collector","floor":33,"turns":12}],"seed_played":"94593288394546659","potions_obtained":[{"floor":5.0,"key":"Fruit Juice"},{"floor":7.0,"key":"Fire Potion"},{"floor":11.0,"key":"DistilledChaos"},{"floor":16.0,"key":"Weak Potion"}],"is_trial":false,"path_per_floor":["M","?","$","M","M","R","M","R","T","?","M","R","$","M","R","B",null,"M","$","?","?","M","R","M","R","T","M","?","?","M","M","R","B"],"character_chosen":"DEFECT","items_purchased":["Mercury Hourglass","Barrage","Defragment","Cold Snap","Barrage"],"campfire_rested":6,"item_purchase_floors":[3,3,13,19,19],"current_hp_per_floor":[41,41,41,40,43,65,52,74,74,74,69,69,69,62,76,50,70,60,60,60,46,49,73,59,81,81,58,58,58,53,33,57,0,0],"gold":160,"neow_bonus":"TWO_FIFTY_GOLD","is_prod":false,"is_daily":false,"chose_seed":false,"campfire_upgraded":1,"win_rate":0,"timestamp":1607559058,"path_taken":["M","?","$","?","M","R","M","R","T","?","?","R","?","M","R","BOSS","M","?","?","?","M","R","?","R","T","M","?","?","M","M","R","BOSS"],"build_version":"2020-11-30","purchased_purges":1,"victory":false,"max_hp_per_floor":[71,71,71,71,76,76,76,76,76,76,76,76,76,76,76,76,76,76,76,76,81,81,81,81,81,81,81,81,81,81,81,81,81,81],"card_choices":[{"not_picked":["Ball Lightning","Turbo"],"picked":"Compile Driver","floor":1.0},{"not_picked":["Sunder","Reprogram"],"picked":"Cold Snap","floor":4.0},{"not_picked":["Beam Cell","Conserve Battery"],"picked":"Cold Snap","floor":5.0},{"not_picked":["Redo","Streamline","Compile Driver"],"picked":"SKIP","floor":7.0},{"not_picked":["Core Surge","Streamline"],"picked":"Coolheaded","floor":11.0},{"not_picked":["Fusion","Stack"],"picked":"Barrage","floor":14.0},{"not_picked":["Loop","Beam Cell+1"],"picked":"Melter","floor":18.0},{"not_picked":["Gash+1","Doom and Gloom","Steam"],"picked":"SKIP","floor":22.0},{"not_picked":["Streamline","Leap"],"picked":"Reinforced Body+1","floor":24.0},{"not_picked":["Stack+1","Reinforced Body","Gash"],"picked":"SKIP","floor":27.0},{"not_picked":["Reinforced Body","Gash"],"picked":"Stack+1","floor":27.0},{"not_picked":["Storm","Force Field+1"],"picked":"Sweeping Beam+1","floor":30.0},{"not_picked":["Scrape","Machine Learning"],"picked":"Stack+1","floor":31.0}],"player_experience":215940,"relics_obtained":[{"floor":9.0,"key":"Unceasing Top"},{"floor":26.0,"key":"Ancient Tea Set"}],"event_choices":[{"damage_healed":0.0,"max_hp_gain":0.0,"max_hp_loss":0.0,"gold_gain":0.0,"event_name":"The Woman in Blue","player_choice":"Bought 0 Potions","floor":2.0,"gold_loss":0.0,"damage_taken":0.0},{"damage_healed":0.0,"max_hp_gain":0.0,"max_hp_loss":0.0,"gold_gain":0.0,"event_name":"Match and Keep!","player_choice":"1 cards matched","floor":10.0,"gold_loss":0.0,"damage_taken":0.0,"cards_obtained":["Bandage Up"]},{"damage_healed":0.0,"max_hp_gain":0.0,"max_hp_loss":0.0,"gold_gain":0.0,"event_name":"The Mausoleum","player_choice":"Opened","floor":20.0,"gold_loss":0.0,"damage_taken":0.0,"relics_obtained":["Calipers"],"cards_obtained":["Writhe"]},{"damage_healed":0.0,"max_hp_gain":5.0,"max_hp_loss":0.0,"gold_gain":0.0,"event_name":"Forgotten Altar","player_choice":"Shed Blood","floor":21.0,"gold_loss":0.0,"damage_taken":19.0},{"damage_healed":0.0,"max_hp_gain":0.0,"max_hp_loss":0.0,"gold_gain":0.0,"event_name":"Vampires","player_choice":"Ignored","floor":28.0,"gold_loss":0.0,"damage_taken":0.0},{"cards_removed":["Writhe"],"damage_healed":0.0,"max_hp_gain":0.0,"max_hp_loss":0.0,"gold_gain":0.0,"event_name":"Back to Basics","player_choice":"Elegance","floor":29.0,"gold_loss":0.0,"damage_taken":0.0}],"is_beta":false,"boss_relics":[{"not_picked":["Pandora\u0027s Box","Runic Dome"],"picked":"Black Star"}],"items_purged_floors":[3],"is_endless":false,"potions_floor_spawned":[5,7,11,16,22],"killed_by":"Collector","ascension_level":14}}