{"host":"0kaxg9rjckhp4v2r","time":1607623538,"event":{"mods":["BaseMod","AchievementEnabler","StSLib","Better Altar","Better Match","Better Note","Better Sensory Stone","Better Silent Start","Better Skull","Better Third Choice","Better-Laid Plans","Colored Powertips","Emptier Cage","Minty Spire (QoL Compilation)","Quick Restart","SacredBarkPlus","Unceasing Turn Reminder","yUi","Bestiary","Disable Question Mark Monsters","The Dragon Tamer"],"gold_per_floor":[117,66,66,77,93,93,118,134,134,14,26,101,51,69,69,168,168,193,12,27,39,39,39,39,39,63,63,90,21,52,68,68,68,68],"floor_reached":33,"playtime":1378,"items_purged":["Defend_G","Strike_G","Defend_G"],"score":318,"play_id":"11bb7fd0-e5eb-4452-a324-823b94d8c1f0","local_time":"20201210130538","is_ascension_mode":true,"campfire_choices":[{"data":"Neutralize","floor":6.0,"key":"SMITH"},{"data":"Footwork","floor":15.0,"key":"SMITH"},{"data":"A Thousand Cuts","floor":23.0,"key":"SMITH"},{"data":"Cloak And Dagger","floor":25.0,"key":"SMITH"},{"floor":32.0,"key":"REST"}],"circlet_count":0,"master_deck":["Strike_G","Strike_G","Defend_G","Defend_G","Survivor","Neutralize+1","Dramatic Entrance","Well Laid Plans","Blade Dance","Dagger Throw","Expertise","Accuracy","Cloak And Dagger+1","Footwork+1","PiercingWail","Escape Plan","A Thousand Cuts+1","CurseOfTheBell","Dodge and Roll+1","Predator","Finisher","Writhe","Necronomicurse","Infinite Blades","Footwork+1","Deflect"],"special_seed":0,"relics":["Ring of the Snake","Lantern","Smiling Mask","Calling Bell","MawBank","Question Card","Girya","Happy Flower","Singing Bowl","Strawberry","Necronomicon","Red Mask","Blood Vial"],"acts_visited":["Exordium","TheCity"],"potions_floor_usage":[],"damage_taken":[{"damage":0.0,"enemies":"2 Louse","floor":1.0,"turns":2.0},{"damage":0.0,"enemies":"Cultist","floor":4.0,"turns":3.0},{"damage":1.0,"enemies":"Small Slimes","floor":5.0,"turns":3.0},{"damage":10.0,"enemies":"3 Sentries","floor":7.0,"turns":7.0},{"damage":0.0,"enemies":"3 Louse","floor":8.0,"turns":2.0},{"damage":0.0,"enemies":"Large Slime","floor":11.0,"turns":5.0},{"damage":14.0,"enemies":"Exordium Thugs","floor":14.0,"turns":3.0},{"damage":8.0,"enemies":"Slime Boss","floor":16.0,"turns":16.0},{"damage":22.0,"enemies":"2 Thieves","floor":18.0,"turns":4.0},{"damage":4.0,"enemies":"Shell Parasite","floor":20.0,"turns":6.0},{"damage":8.0,"enemies":"Cultist and Chosen","floor":21.0,"turns":7.0},{"damage":10.0,"enemies":"Masked Bandits","floor":28.0,"turns":3.0},{"damage":7.0,"enemies":"Slavers","floor":30.0,"turns":3.0},{"damage":8.0,"enemies":"Snecko","floor":31.0,"turns":5.0},{"damage":56,"enemies":"Automaton","floor":33,"turns":6}],"seed_played":"-2760196382113491332","potions_obtained":[{"floor":1.0,"key":"Dexterity Potion"},{"floor":5.0,"key":"SkillPotion"},{"floor":7.0,"key":"Fire Potion"},{"floor":20.0,"key":"Fruit Juice"},{"floor":28.0,"key":"SneckoOil"},{"floor":30.0,"key":"Poison Potion"}],"is_trial":false,"path_per_floor":["M","$","?","M","M","R","E","M","T","$","M","?","$","M","R","B",null,"M","$","M","M","?","R","?","R","T","?","?","$","E","M","R","B"],"character_chosen":"THE_SILENT","items_purchased":["Blade Dance","Footwork","Happy Flower","Infinite Blades"],"campfire_rested":1,"item_purchase_floors":[2,10,19,29],"current_hp_per_floor":[70,70,70,70,69,69,59,59,59,59,59,52,52,38,38,30,70,48,48,49,41,41,41,41,41,48,32,24,24,17,11,36,0,0],"gold":68,"neow_bonus":"RANDOM_COLORLESS","is_daily":false,"chose_seed":false,"campfire_upgraded":4,"win_rate":0,"timestamp":1607623538,"path_taken":["M","$","?","M","M","R","E","?","T","$","M","?","?","M","R","BOSS","M","$","?","M","?","R","?","R","T","?","?","?","E","M","R","BOSS"],"build_version":"2020-11-30","purchased_purges":3,"victory":false,"max_hp_per_floor":[70,70,70,70,70,70,70,70,70,70,70,70,70,70,70,70,70,70,70,75,75,75,75,75,75,82,82,84,84,84,84,84,84,84],"card_choices":[{"not_picked":["Panacea","Enlightenment"],"picked":"Dramatic Entrance","floor":0.0},{"not_picked":["PiercingWail","Concentrate"],"picked":"Well Laid Plans","floor":1.0},{"not_picked":["Bane","Tools of the Trade"],"picked":"Dagger Throw","floor":4.0},{"not_picked":["Prepared","Backflip"],"picked":"Expertise","floor":5.0},{"not_picked":["Deadly Poison","Slice"],"picked":"Accuracy","floor":7.0},{"not_picked":["Dash","All Out Attack"],"picked":"Cloak And Dagger","floor":8.0},{"not_picked":["Sucker Punch","Setup"],"picked":"PiercingWail","floor":11.0},{"not_picked":["Cloak And Dagger","Slice"],"picked":"Escape Plan","floor":14.0},{"not_picked":["Envenom","Die Die Die"],"picked":"A Thousand Cuts","floor":16.0},{"not_picked":["PiercingWail+1","Terror","Cloak And Dagger"],"picked":"Dodge and Roll+1","floor":18.0},{"not_picked":["Poisoned Stab","Outmaneuver","Deadly Poison"],"picked":"Predator","floor":20.0},{"not_picked":["Deadly Poison+1","Poisoned Stab","A Thousand Cuts"],"picked":"Finisher","floor":21.0},{"not_picked":["Well Laid Plans+1","Underhanded Strike","Predator","PiercingWail"],"picked":"Singing Bowl","floor":28.0},{"not_picked":["Phantasmal Killer","Dash","Quick Slash"],"picked":"Footwork+1","floor":30.0},{"not_picked":["Reflex","PiercingWail+1","Calculated Gamble"],"picked":"Deflect","floor":31.0}],"player_experience":267975,"relics_obtained":[{"floor":7.0,"key":"Lantern"},{"floor":9.0,"key":"Smiling Mask"},{"floor":17.0,"key":"MawBank"},{"floor":17.0,"key":"Question Card"},{"floor":17.0,"key":"Girya"},{"floor":26.0,"key":"Strawberry"},{"floor":27.0,"key":"Necronomicon"},{"floor":28.0,"key":"Red Mask"},{"floor":30.0,"key":"Blood Vial"}],"event_choices":[{"cards_removed":["Strike_G"],"damage_healed":0.0,"max_hp_gain":0.0,"max_hp_loss":0.0,"gold_gain":0.0,"event_name":"Purifier","player_choice":"Purged","floor":3.0,"gold_loss":0.0,"damage_taken":0.0},{"damage_healed":0.0,"max_hp_gain":0.0,"max_hp_loss":0.0,"gold_gain":75.0,"event_name":"FaceTrader","player_choice":"Touch","floor":12.0,"gold_loss":0.0,"damage_taken":7.0},{"damage_healed":0.0,"max_hp_gain":0.0,"max_hp_loss":0.0,"gold_gain":0.0,"event_name":"Vampires","player_choice":"Ignored","floor":22.0,"gold_loss":0.0,"damage_taken":0.0},{"damage_healed":0.0,"max_hp_gain":0.0,"max_hp_loss":0.0,"gold_gain":0.0,"event_name":"The Mausoleum","player_choice":"Opened","floor":24.0,"gold_loss":0.0,"damage_taken":0.0,"relics_obtained":["Singing Bowl"],"cards_obtained":["Writhe"]},{"damage_healed":0.0,"max_hp_gain":0.0,"max_hp_loss":0.0,"gold_gain":0.0,"event_name":"Cursed Tome","player_choice":"Obtained Book","floor":27.0,"gold_loss":0.0,"damage_taken":16.0},{"damage_healed":0.0,"max_hp_gain":0.0,"max_hp_loss":0.0,"gold_gain":0.0,"event_name":"Masked Bandits","player_choice":"Fought Bandits","floor":28.0,"gold_loss":0.0,"damage_taken":0.0}],"is_beta":false,"boss_relics":[{"not_picked":["Runic Pyramid","Cursed Key"],"picked":"Calling Bell"}],"items_purged_floors":[10,13,19],"is_endless":false,"potions_floor_spawned":[1,5,7,20,28,30],"killed_by":"Automaton","ascension_level":4}}