{"host":"s41rn2jhghpwfrvz","time":1607569950,"event":{"gold_per_floor":[115,135,152,77,77,92,105,143,169,187,218,218,254,279,279,378,378,393,393,424,176,194,194,236,236,260,301,325,354,368,393,393,482,509,530,548,611,636,649,701,726,626,626,626,642,682,385,430,430,430,430,430,430,111,156,156],"floor_reached":57,"playtime":1941,"items_purged":["Pray","Bludgeon+1","Uppercut+1","Carnage"],"score":3723,"play_id":"42efaacb-d49e-4dad-903e-a4f2f1d2d4cc","local_time":"20201210051230","daily_mods":["SealedDeck","Diverse","DeadlyEvents"],"is_ascension_mode":true,"campfire_choices":[{"data":"Coolheaded","floor":12,"key":"SMITH"},{"data":"Prepared","floor":15,"key":"SMITH"},{"data":"Grand Finale","floor":23,"key":"SMITH"},{"data":"Shrug It Off","floor":25,"key":"SMITH"},{"data":"Acrobatics","floor":32,"key":"SMITH"},{"floor":49,"key":"RECALL"},{"data":"Scrawl","floor":53,"key":"SMITH"}],"neow_cost":"","seed_source_timestamp":0,"circlet_count":0,"master_deck":["AscendersBane","Double Energy","Coolheaded+1","Intimidate","Grand Finale+1","Prepared+1","Shrug It Off+1","Acrobatics+1","Electrodynamics+1","Madness","Madness","Blur","Scrawl+1","BootSequence"],"relics":["Burning Blood","Golden Idol","Vajra","Pen Nib","Tiny Chest","Centennial Puzzle","Black Star","Omamori","Pear","Bag of Preparation","Paper Frog","CeramicFish","Oddly Smooth Stone","Toy Ornithopter","Bottled Lightning","Astrolabe","Thread and Needle","Lantern","Mummified Hand","Self Forming Clay","Sundial","Art of War","OrangePellets","Orichalcum","Magic Flower","Frozen Eye","Strawberry","Happy Flower"],"potions_floor_usage":[56,56],"damage_taken":[{"damage":0,"enemies":"Cultist","floor":1,"turns":2},{"damage":4,"enemies":"Jaw Worm","floor":2,"turns":2},{"damage":0,"enemies":"2 Louse","floor":3,"turns":2},{"damage":11,"enemies":"Large Slime","floor":6,"turns":6},{"damage":10,"enemies":"Red Slaver","floor":7,"turns":4},{"damage":0,"enemies":"Gremlin Nob","floor":8,"turns":2},{"damage":0,"enemies":"Looter","floor":10,"turns":1},{"damage":0,"enemies":"Lagavulin","floor":11,"turns":3},{"damage":0,"enemies":"3 Sentries","floor":13,"turns":2},{"damage":5,"enemies":"Gremlin Gang","floor":14,"turns":2},{"damage":3,"enemies":"Hexaghost","floor":16,"turns":3},{"damage":0,"enemies":"Spheric Guardian","floor":18,"turns":3},{"damage":19,"enemies":"Slavers","floor":20,"turns":2},{"damage":7,"enemies":"Chosen","floor":22,"turns":3},{"damage":2,"enemies":"Gremlin Leader","floor":24,"turns":2},{"damage":0,"enemies":"Book of Stabbing","floor":27,"turns":3},{"damage":0,"enemies":"Centurion and Healer","floor":29,"turns":3},{"damage":0,"enemies":"Snake Plant","floor":30,"turns":1},{"damage":0,"enemies":"Cultist and Chosen","floor":31,"turns":1},{"damage":0,"enemies":"Champ","floor":33,"turns":3},{"damage":0,"enemies":"3 Shapes","floor":35,"turns":1},{"damage":6,"enemies":"2 Orb Walkers","floor":37,"turns":2},{"damage":0,"enemies":"Orb Walker","floor":38,"turns":2},{"damage":0,"enemies":"Jaw Worm Horde","floor":39,"turns":1},{"damage":33,"enemies":"Nemesis","floor":40,"turns":3},{"damage":6,"enemies":"3 Darklings","floor":41,"turns":2},{"damage":0,"enemies":"Writhing Mass","floor":45,"turns":2},{"damage":0,"enemies":"Giant Head","floor":46,"turns":3},{"damage":0,"enemies":"Reptomancer","floor":48,"turns":2},{"damage":0,"enemies":"Awakened One","floor":50,"turns":4},{"damage":3,"enemies":"Time Eater","floor":51,"turns":4},{"damage":0,"enemies":"Shield and Spear","floor":55,"turns":1},{"damage":0,"enemies":"The Heart","floor":56,"turns":5}],"seed_played":"1849954333018096713","potions_obtained":[{"floor":6,"key":"Weak Potion"},{"floor":7,"key":"ColorlessPotion"},{"floor":10,"key":"SkillPotion"},{"floor":13,"key":"Strength Potion"},{"floor":20,"key":"Dexterity Potion"},{"floor":46,"key":"Swift Potion"},{"floor":48,"key":"PowerPotion"}],"is_trial":true,"path_per_floor":["M","M","M","?","?","M","M","E","T","M","E","R","E","M","R","B",null,"M","?","E","$","M","R","E","R","T","E","T","M","M","M","R","B",null,"M","?","?","M","M","E","M","$","T","T","M","E","$","E","R","B","B",null,"R","$","E","B",null],"character_chosen":"IRONCLAD","items_purchased":["Bag of Preparation","OrangePellets","Frozen Eye"],"campfire_rested":0,"item_purchase_floors":[21,47,54],"current_hp_per_floor":[74,75,75,75,49,44,40,46,46,52,58,58,64,65,65,68,73,75,75,72,72,71,71,75,75,75,81,81,85,85,85,85,85,85,85,70,70,76,82,55,55,55,55,55,61,67,67,73,73,82,85,85,85,85,92,92],"gold":156,"neow_bonus":"","is_prod":false,"is_daily":false,"chose_seed":false,"campfire_upgraded":6,"win_rate":0,"timestamp":1607569950,"path_taken":["M","M","?","?","?","M","M","E","T","?","E","R","?","M","R","BOSS","M","?","?","$","M","R","E","R","T","E","?","?","M","M","R","BOSS","M","?","?","M","M","E","M","$","T","?","?","E","$","E","R","BOSS","BOSS","R","$","E","BOSS"],"build_version":"2020-11-30","purchased_purges":4,"victory":true,"max_hp_per_floor":[75,75,75,75,75,75,75,75,75,75,75,75,75,75,75,75,75,75,75,85,85,85,85,85,85,85,85,85,85,85,85,85,85,85,85,85,85,85,85,85,85,85,85,85,85,85,85,85,85,85,85,85,85,85,92,92],"relic_stats":{"Happy Flower":[1],"counters":[33,82],"Golden Idol":234,"Self Forming Clay":[3],"CeramicFish":90,"Astrolabe":["Bludgeon","Uppercut","Electrodynamics"],"Magic Flower":[3],"Pen Nib":[14],"Bag of Preparation":[40],"Orichalcum":[0],"Burning Blood":152,"OrangePellets":[0],"Centennial Puzzle":[27],"Mummified Hand":[8],"Sundial":[60],"Tiny Chest":2,"Black Star":7,"Art of War":[2],"obtain_stats":[{"Lantern":40,"CeramicFish":24,"Vajra":8,"Magic Flower":48,"Bag of Preparation":21,"Burning Blood":0,"Frozen Eye":54,"Centennial Puzzle":13,"Mummified Hand":40,"Sundial":46,"Strawberry":55,"Tiny Chest":11,"Paper Frog":24,"Pear":20,"Happy Flower":55,"Golden Idol":5,"Self Forming Clay":43,"Astrolabe":34,"Oddly Smooth Stone":26,"Thread and Needle":37,"Pen Nib":9,"Omamori":20,"Orichalcum":48,"OrangePellets":47,"Black Star":17,"Art of War":46,"Bottled Lightning":27,"Toy Ornithopter":27},{"Lantern":25,"CeramicFish":15,"Vajra":6,"Magic Flower":29,"Bag of Preparation":13,"Burning Blood":0,"Frozen Eye":31,"Centennial Puzzle":9,"Mummified Hand":25,"Sundial":28,"Strawberry":32,"Tiny Chest":8,"Paper Frog":15,"Pear":13,"Happy Flower":32,"Golden Idol":3,"Self Forming Clay":26,"Astrolabe":20,"Oddly Smooth Stone":15,"Thread and Needle":22,"Pen Nib":6,"Omamori":13,"Orichalcum":29,"OrangePellets":28,"Black Star":11,"Art of War":28,"Bottled Lightning":16,"Toy Ornithopter":16},{"Lantern":59,"CeramicFish":39,"Vajra":18,"Magic Flower":68,"Bag of Preparation":34,"Burning Blood":0,"Frozen Eye":76,"Centennial Puzzle":24,"Mummified Hand":59,"Sundial":66,"Strawberry":77,"Tiny Chest":22,"Paper Frog":39,"Pear":34,"Happy Flower":77,"Golden Idol":6,"Self Forming Clay":61,"Astrolabe":50,"Oddly Smooth Stone":39,"Thread and Needle":53,"Pen Nib":18,"Omamori":34,"Orichalcum":68,"OrangePellets":66,"Black Star":29,"Art of War":66,"Bottled Lightning":42,"Toy Ornithopter":42}],"Toy Ornithopter":0},"card_choices":[{"not_picked":["BowlingBash","Endless Agony","Perseverance"],"picked":"SKIP","floor":1},{"not_picked":["Clothesline","PiercingWail"],"picked":"Grand Finale","floor":2},{"not_picked":["Pommel Strike","Spot Weakness","Feel No Pain"],"picked":"SKIP","floor":3},{"not_picked":["EmptyBody","Barrage","Defragment"],"picked":"SKIP","floor":6},{"not_picked":["SashWhip","Twin Strike","EmptyFist"],"picked":"SKIP","floor":7},{"not_picked":["Wild Strike","Brutality"],"picked":"Prepared","floor":8},{"not_picked":["Stack","Deflect","Flying Knee"],"picked":"SKIP","floor":10},{"not_picked":["PathToVictory","Vault","Clothesline"],"picked":"SKIP","floor":11},{"not_picked":["Catalyst","Distraction","Searing Blow"],"picked":"SKIP","floor":13},{"not_picked":["Prostrate","Cold Snap","Evaluate"],"picked":"SKIP","floor":14},{"not_picked":["Outmaneuver","Thunderclap","Scrape"],"picked":"SKIP","floor":18},{"not_picked":["Defragment","FlurryOfBlows","PiercingWail"],"picked":"SKIP","floor":20},{"not_picked":["Prepared","Tempest","FlurryOfBlows"],"picked":"SKIP","floor":22},{"not_picked":["Infinite Blades","Well Laid Plans"],"picked":"Shrug It Off","floor":24},{"not_picked":["Cleave","Blood for Blood","Reprogram+1"],"picked":"SKIP","floor":27},{"not_picked":["ForeignInfluence","Lockon"],"picked":"Acrobatics","floor":29},{"not_picked":["Clash","Nirvana","PathToVictory"],"picked":"SKIP","floor":30},{"not_picked":["Warcry","Predator","Ball Lightning"],"picked":"SKIP","floor":31},{"not_picked":["Anger","Sentinel","Dagger Spray"],"picked":"SKIP","floor":35},{"not_picked":["Coolheaded","Cleave","Bane"],"picked":"SKIP","floor":38},{"not_picked":["FearNoEvil+1","ThirdEye","Calculated Gamble"],"picked":"SKIP","floor":39},{"not_picked":["Battle Trance+1","SandsOfTime+1"],"picked":"Blur","floor":40},{"not_picked":["Force Field","Perfected Strike","Leap"],"picked":"SKIP","floor":41},{"not_picked":["Fire Breathing","Blood for Blood","Havoc"],"picked":"SKIP","floor":45},{"not_picked":["Slice","Disarm","Sword Boomerang+1"],"picked":"SKIP","floor":46},{"not_picked":["Loop+1","TalkToTheHand"],"picked":"Scrawl","floor":48},{"not_picked":["Cold Snap","Blur"],"picked":"BootSequence","floor":55}],"player_experience":1561554,"relics_obtained":[{"floor":8,"key":"Vajra"},{"floor":9,"key":"Pen Nib"},{"floor":11,"key":"Tiny Chest"},{"floor":13,"key":"Centennial Puzzle"},{"floor":20,"key":"Omamori"},{"floor":20,"key":"Pear"},{"floor":24,"key":"Paper Frog"},{"floor":24,"key":"CeramicFish"},{"floor":26,"key":"Oddly Smooth Stone"},{"floor":27,"key":"Toy Ornithopter"},{"floor":27,"key":"Bottled Lightning"},{"floor":37,"key":"Thread and Needle"},{"floor":40,"key":"Lantern"},{"floor":40,"key":"Mummified Hand"},{"floor":43,"key":"Self Forming Clay"},{"floor":46,"key":"Sundial"},{"floor":46,"key":"Art of War"},{"floor":48,"key":"Orichalcum"},{"floor":48,"key":"Magic Flower"},{"floor":55,"key":"Strawberry"},{"floor":55,"key":"Happy Flower"}],"event_choices":[{"cards_removed":["Finisher"],"damage_healed":0,"gold_gain":0,"player_choice":"Card Removal","damage_taken":0,"max_hp_gain":0,"max_hp_loss":0,"event_name":"The Cleric","floor":4,"gold_loss":75},{"damage_healed":0,"gold_gain":0,"player_choice":"Take Damage","damage_taken":26,"relics_obtained":["Golden Idol"],"max_hp_gain":0,"max_hp_loss":0,"event_name":"Golden Idol","floor":5,"gold_loss":0},{"cards_removed":["SignatureMove"],"damage_healed":0,"gold_gain":0,"player_choice":"Offered Uncommon","damage_taken":0,"max_hp_gain":0,"max_hp_loss":0,"event_name":"Bonfire Elementals","floor":19,"gold_loss":0},{"damage_healed":0,"gold_gain":0,"player_choice":"Embrace Madness","damage_taken":15,"max_hp_gain":0,"max_hp_loss":0,"event_name":"Winding Halls","floor":36,"gold_loss":0,"cards_obtained":["Madness","Madness"]},{"damage_healed":0,"gold_gain":0,"player_choice":"Fight","damage_taken":0,"max_hp_gain":0,"max_hp_loss":0,"event_name":"Mysterious Sphere","floor":37,"gold_loss":0}],"is_beta":false,"boss_relics":[{"not_picked":["Runic Cube","Black Blood"],"picked":"Black Star"},{"not_picked":["Calling Bell","Tiny House"],"picked":"Astrolabe"}],"items_purged_floors":[21,42,47,54],"is_endless":false,"potions_floor_spawned":[6,7,10,11,13,14,18,20,29,38,41,46,48],"ascension_level":20}}