{"host":"augq31c17g2ieuye","time":1607629644,"event":{"mods":["BaseMod","AchievementEnabler","StSLib","Aspiration","Better Altar","Better Match","Better Note","Better Sensory Stone","Better Skull","Better Third Choice","Better Vampires","BetterRewards","CCEM","Card Forge","Colored Map","Conspire","Displayed Cursed Tome","Downfall","Energized Spire","Gold Saver","Hubris","Infinite Spire","Mad Scientist","Mimic Mod","Minty Spire (QoL Compilation)","Replay The Spire","Spicy Shops","GifTheSpireLib","Stuff the Spire","The Blue Laboratory","The Necromancer","The Servant 0.9.4","The Witch"],"gold_per_floor":[1827,1675,1689,1689,1703,1731,1751,1762,1762,1794,1804,1804,1821,1851,1851,1948,1948,1966,1289,1289,1289,1305,1332,1348,1360,1360,1387,1387,1422,1422,1447,1447,1552,1552,1570,1570,1585,1601,1611,1611,1643,1668,1706,1806,1806,1806,1806,1816,1816,1816,1816,1816,1374,1405,1405],"floor_reached":56,"playtime":5654,"items_purged":[],"score":1752,"play_id":"dfb37a33-a7c3-4a14-aa10-409fa0f8a60e","local_time":"20201210204724","is_ascension_mode":false,"campfire_choices":[{"floor":15.0,"key":"RECALL"},{"data":"SilverMatrix","floor":28.0,"key":"SMITH"},{"data":"ShiftingGears","floor":32.0,"key":"SMITH"},{"floor":40.0,"key":"REST"},{"data":"Solidify","floor":46,"key":"SMITH"},{"data":"SilverBlades+1","floor":52,"key":"SMITH"}],"circlet_count":0,"master_deck":["KidneyShot+1","Exchange+1","GearUp+1","DancingSilver+1","DualDimension+1","GearUp+1","KidneyShot+1","InstantArmor+1","Rearm+1","GearUp+1","Rearm+1","RealityMarble+1","TheWorld+1","Reset+1","ShatteredReality+1","SilverBlades+2","Madness+1","Solidify+1","Dilation+1","Spin+2","ReplayTheSpireMod:Brewmster+1","Madness+1","Orbit+1","SilverMatrix+1","ShiftingGears+1","TimeWarp+1","Sabotage+1","Orbit+1","ShatteredReality+2","PendulumOfEternity+1","Alleviate+1","SurpressingFire+1","Solidify+1","ShatteredReality+1","infinitespire:Starlight+1","Advance+1","Pot Of Greed+1","Pot Of Greed+1","Pot Of Greed+1","Pot Of Greed+1","Deny+1"],"special_seed":0,"relics":["Uniform","Hammer of Thor","Seething Fire","Anvil of the Gods","CCEMRelics:GrindingGear","aspiration:TrustyKnives","Replay:Rubber Ducky","aspiration:FrozenJewel","White Beast Statue","Molten Egg 2","Honey Jar","Kunai","Replay:Wax Seal","Ancient Tea Set","StuffTheSpire:ForceGauntlet","The Courier","Tiny Chest","Pet Ghost","StoneMask","Replay:Bottled Steam","Dream Catcher","conspire:InfiniteJournal","Ice Cream","Eternal Feather","StuffTheSpire:BottledEssence","Whetstone","Replay:Baseball","Grinning Jar"],"acts_visited":["Exordium","TheCity","TheBeyond","TheEnding"],"potions_floor_usage":[48,50,50,55,55,55,55,55],"damage_taken":[{"damage":0.0,"enemies":"2 Louse","floor":1.0,"turns":4.0},{"damage":0.0,"enemies":"Small Slimes","floor":3.0,"turns":2.0},{"damage":0.0,"enemies":"Jaw Worm","floor":5.0,"turns":3.0},{"damage":0.0,"enemies":"Lagavulin","floor":6.0,"turns":6.0},{"damage":0.0,"enemies":"Looter","floor":7.0,"turns":2.0},{"damage":0.0,"enemies":"Exordium Thugs","floor":8.0,"turns":3.0},{"damage":0.0,"enemies":"3 Sentries","floor":10.0,"turns":5.0},{"damage":0.0,"enemies":"Large Slime","floor":11.0,"turns":3.0},{"damage":0.0,"enemies":"Looter","floor":13.0,"turns":2.0},{"damage":0.0,"enemies":"Gremlin Nob","floor":14.0,"turns":3.0},{"damage":0.0,"enemies":"Hexaghost","floor":16.0,"turns":5.0},{"damage":0.0,"enemies":"2 Thieves","floor":18.0,"turns":3.0},{"damage":0.0,"enemies":"Chosen","floor":22.0,"turns":3.0},{"damage":0.0,"enemies":"Slavers","floor":23.0,"turns":3.0},{"damage":0.0,"enemies":"Snake Plant","floor":24.0,"turns":2.0},{"damage":0.0,"enemies":"Sentry and Sphere","floor":25.0,"turns":3.0},{"damage":0.0,"enemies":"Gremlin Leader","floor":27.0,"turns":3.0},{"damage":0.0,"enemies":"Nightmare","floor":29.0,"turns":5.0},{"damage":0.0,"enemies":"conspire:SneckoGhost","floor":31.0,"turns":3.0},{"damage":0.0,"enemies":"hubris:MusketHawk","floor":33.0,"turns":5.0},{"damage":0.0,"enemies":"3 Darklings","floor":35.0,"turns":3.0},{"damage":0.0,"enemies":"3 Shapes","floor":37.0,"turns":2.0},{"damage":0.0,"enemies":"Jaw Worm Horde","floor":38.0,"turns":1.0},{"damage":0.0,"enemies":"4 Shapes","floor":39.0,"turns":3.0},{"damage":0.0,"enemies":"Nightmare","floor":41.0,"turns":9.0},{"damage":0.0,"enemies":"Writhing Mass","floor":43.0,"turns":2.0},{"damage":5.0,"enemies":"infinitespire:Three Voidlings","floor":44.0,"turns":5.0},{"damage":6.0,"enemies":"Nightmare_Alpha","floor":44.0,"turns":13.0},{"damage":0,"enemies":"Writhing Mass","floor":48,"turns":3},{"damage":0,"enemies":"Awakened One","floor":50,"turns":12},{"damage":27,"enemies":"Shield and Spear","floor":54,"turns":4},{"damage":23,"enemies":"The Heart","floor":55,"turns":5}],"seed_played":"-457760902718705296","potions_obtained":[{"floor":5.0,"key":"blueLaboratory:PolymorphPotion"},{"floor":7.0,"key":"blueLaboratory:Moonshine"},{"floor":8.0,"key":"BlessingOfTheForge"},{"floor":11.0,"key":"blueLaboratory:PhilterOfMotion"},{"floor":13.0,"key":"Strength Potion"},{"floor":16.0,"key":"blueLaboratory:BottleOfRum"},{"floor":18.0,"key":"blueLaboratory:PhilterOfMotion"},{"floor":22.0,"key":"LifebloodPotion"},{"floor":23.0,"key":"blueLaboratory:Moonshine"},{"floor":24.0,"key":"LiquidBronze"},{"floor":25.0,"key":"blueLaboratory:HorrorPotion"},{"floor":27.0,"key":"Regen Potion"},{"floor":29.0,"key":"Explosive Potion"},{"floor":31.0,"key":"Doom Potion"},{"floor":33.0,"key":"blueLaboratory:StoneskinPotion"},{"floor":35.0,"key":"Swift Potion"},{"floor":37.0,"key":"blueLaboratory:FrostheartPotion"},{"floor":38.0,"key":"Ancient Potion"},{"floor":39.0,"key":"blueLaboratory:BubblePotion"},{"floor":41.0,"key":"Languid Potion"},{"floor":43.0,"key":"conspire:TimeTravelPotion"},{"floor":44,"key":"DuplicationPotion"},{"floor":48,"key":"blueLaboratory:TrueEctoplasm"},{"floor":54,"key":"Toxic Potion"}],"is_trial":false,"path_per_floor":["M","$","M","?","M","E","M","M","T","E","M","?","M","E","R_BF","B",null,"M","$","?","?","M","E","M","M","T","E","R","NM","?","E","R","B",null,"M","?","M","M","M","R","NM","T","MIM","?","?","R","T","M","R_BF","B",null,"R","$","E","B",null],"character_chosen":"THE_SERVANT","items_purchased":["aspiration:TrustyKnives","Kunai","Replay:Wax Seal","ReplayTheSpireMod:Brewmster","Madness","FairyPotion","StuffTheSpire:BottledEssence","Whetstone","Replay:Baseball","Strength Potion"],"campfire_rested":1,"item_purchase_floors":[2,19,19,19,19,19,53,53,53,53],"current_hp_per_floor":[65,65,65,58,58,58,58,58,58,58,58,58,58,58,58,58,65,65,65,65,65,65,65,67,67,67,67,67,67,67,67,67,67,67,68,68,71,74,78,78,79,79,80,80,80,80,80,83,85,89,89,89,89,78,88],"gold":1405,"neow_bonus":"RANDOM_COMMON_RELIC","is_daily":false,"chose_seed":false,"campfire_upgraded":4,"win_rate":0.0,"timestamp":1607629644,"path_taken":["M","$","M","?","M","E","M","M","T","E","M","?","M","E","R_BF","BOSS","M","$","?","?","M","E","M","M","T","E","R","NM","?","E","R","BOSS","M","?","?","M","M","R","NM","?","MIM","?","?","R","?","M","R_BF","BOSS","R","$","E","BOSS"],"build_version":"2020-11-30","purchased_purges":0,"victory":true,"max_hp_per_floor":[65,65,65,65,65,65,65,65,65,65,65,65,65,65,65,65,65,65,65,65,65,65,65,67,67,67,67,67,67,67,67,67,67,67,68,68,71,74,78,78,79,79,80,84,84,84,84,85,85,89,89,89,89,88,89],"card_choices":[{"not_picked":["DoubleEdge","ReturningBlade"],"picked":"GearUp","floor":1.0},{"not_picked":["DancingSilver","Desolation","Advance"],"picked":"SKIP","floor":3.0},{"not_picked":["Sabotage","Desolation"],"picked":"Starlight","floor":5.0},{"not_picked":["Spin","Defy"],"picked":"Reset","floor":6.0},{"not_picked":["Hightail","RealityMarble"],"picked":"ShatteredReality","floor":7.0},{"not_picked":["Rearm","Initiator","Rewind"],"picked":"SKIP","floor":8.0},{"not_picked":["Unruled","Read"],"picked":"SilverBlades","floor":10.0},{"not_picked":["Advance","Gouge","Replace"],"picked":"SKIP","floor":11.0},{"not_picked":["expansioncontent:Torchfire","Replay:SS_forest_2"],"picked":"Madness","floor":12.0},{"not_picked":["Rearm","Rewind","Starlight"],"picked":"SKIP","floor":13.0},{"not_picked":["Spin+1","Unruled+1"],"picked":"Solidify","floor":14.0},{"not_picked":["TrueSight","FlawlessForm"],"picked":"Dilation","floor":16.0},{"not_picked":["Rewind","Alleviate","DoubleEdge+1"],"picked":"Spin+1","floor":18.0},{"not_picked":["Reset","Starlight+1","Read"],"picked":"Orbit+1","floor":22.0},{"not_picked":["BottledTime+1","Alleviate","TimeWarp+1"],"picked":"SilverMatrix","floor":23.0},{"not_picked":["Barrier","ShatteredReality+1","Starlight+1"],"picked":"ShiftingGears","floor":24.0},{"not_picked":["BottledTime","Revamp","Collapse+1"],"picked":"TimeWarp+1","floor":25.0},{"not_picked":["BottledTime","ReturningBlade+1","Moonlight+1"],"picked":"Sabotage+1","floor":27.0},{"not_picked":["BestPractice","ShiftingGears","Snipe+1"],"picked":"Orbit+1","floor":29.0},{"not_picked":["Defy","RealityMarble","FloweringNight"],"picked":"ShatteredReality+1","floor":31.0},{"not_picked":["Solidify","KillingDoll+1","Duplication"],"picked":"PendulumOfEternity+1","floor":33.0},{"not_picked":["Rearm","Replace+1","DoubleEdge+1"],"picked":"Alleviate+1","floor":35.0},{"not_picked":["Deadline+1","Rewind+1","Defy+1","Hightail+1"],"picked":"SKIP","floor":37.0},{"not_picked":["Sabotage+1","Unruled+1","Reset+1"],"picked":"SurpressingFire","floor":38.0},{"not_picked":["TimeWarp+1","Alleviate","Shuttle","Moonlight+1"],"picked":"SKIP","floor":39.0},{"not_picked":["FastForward+1","Alleviate","TimeWarp+1"],"picked":"Solidify","floor":41.0},{"not_picked":["WasteNot","FanOfKnives+1","Rewind"],"picked":"ShatteredReality+1","floor":43.0},{"not_picked":["Replay:Fractal Strike","infinitespire:FinalStrike"],"picked":"infinitespire:Starlight","floor":44},{"not_picked":["BestPractice","Reset+1","Defy"],"picked":"Advance","floor":44},{"not_picked":["Alleviate+1","Starlight+1","BottledTime+1","ShatteredReality+1"],"picked":"SKIP","floor":48},{"not_picked":["BestPractice","DoubleEdge+1","Replace"],"picked":"Deny","floor":54}],"player_experience":240809,"relics_obtained":[{"floor":6.0,"key":"aspiration:FrozenJewel"},{"floor":10.0,"key":"White Beast Statue"},{"floor":14.0,"key":"Molten Egg 2"},{"floor":23.0,"key":"Ancient Tea Set"},{"floor":26.0,"key":"StuffTheSpire:ForceGauntlet"},{"floor":27.0,"key":"The Courier"},{"floor":29.0,"key":"Tiny Chest"},{"floor":31.0,"key":"Pet Ghost"},{"floor":41.0,"key":"Replay:Bottled Steam"},{"floor":42.0,"key":"Dream Catcher"},{"floor":43.0,"key":"conspire:InfiniteJournal"},{"floor":44,"key":"Ice Cream"},{"floor":47,"key":"Eternal Feather"},{"floor":54,"key":"Grinning Jar"}],"event_choices":[{"damage_healed":0.0,"max_hp_gain":0.0,"max_hp_loss":0.0,"gold_gain":0.0,"event_name":"betterThird:BetterScrap","player_choice":"Relic ","floor":4.0,"gold_loss":0.0,"damage_taken":7.0,"cards_obtained":["Buffer"]},{"damage_healed":0.0,"max_hp_gain":0.0,"max_hp_loss":0.0,"gold_gain":1.0,"event_name":"betterStone:BetterStone","player_choice":"1","floor":12.0,"gold_loss":0.0,"damage_taken":0.0},{"damage_healed":0.0,"max_hp_gain":0.0,"max_hp_loss":0.0,"gold_gain":0.0,"event_name":"Transmorgrifier","player_choice":"Ignored","floor":20.0,"gold_loss":0.0,"damage_taken":0.0},{"damage_healed":0.0,"max_hp_gain":0.0,"max_hp_loss":0.0,"gold_gain":0.0,"event_name":"Upgrade Shrine","player_choice":"Ignored","floor":21.0,"gold_loss":0.0,"damage_taken":0.0},{"cards_removed":["Starlight"],"damage_healed":0.0,"max_hp_gain":0.0,"max_hp_loss":0.0,"gold_gain":0.0,"event_name":"Purifier","player_choice":"Purged","floor":30.0,"gold_loss":0.0,"damage_taken":0.0},{"damage_healed":0.0,"max_hp_gain":0.0,"max_hp_loss":0.0,"gold_gain":0.0,"event_name":"Transmorgrifier","player_choice":"Ignored","floor":36.0,"gold_loss":0.0,"damage_taken":0.0},{"damage_healed":0,"gold_gain":0,"player_choice":"Ignored","damage_taken":0,"max_hp_gain":0,"max_hp_loss":0,"event_name":"Transmorgrifier","floor":44,"gold_loss":0},{"damage_healed":0,"gold_gain":0,"player_choice":"Ignored","damage_taken":0,"max_hp_gain":0,"max_hp_loss":0,"event_name":"Tomb of Lord Red Mask","floor":49,"gold_loss":0}],"is_beta":false,"boss_relics":[{"not_picked":["Runic Dome","Runic Pyramid"],"picked":"Honey Jar"},{"not_picked":["Replay:Drink Me","conspire:SlowCooker"],"picked":"StoneMask"}],"items_purged_floors":[],"is_endless":false,"potions_floor_spawned":[5,7,8,11,13,14,16,18,22,23,24,25,27,29,31,33,35,37,38,39,41,43,44,44,48,54],"ascension_level":0}}