{"host":"v0kr0xkqfgnh389p","time":1607563017,"event":{"gold_per_floor":[119,44,44,63,63,94,94,105,105,131,146,221,256,256,256,256,256],"floor_reached":16,"playtime":376,"items_purged":["Defend_P"],"score":185,"play_id":"ea150c7f-759e-4a25-a0a9-d4e51cee74bc","local_time":"20201209201657","is_ascension_mode":true,"campfire_choices":[{"floor":7,"key":"RECALL"},{"data":"SpiritShield","floor":15,"key":"SMITH"}],"neow_cost":"NONE","seed_source_timestamp":38836745268300,"circlet_count":0,"master_deck":["Strike_P","Strike_P","Strike_P","Strike_P","Defend_P","Defend_P","Defend_P","Eruption","Vigilance","Pain","BattleHymn","SpiritShield+1"],"relics":["PureWater","NeowsBlessing","WarpedTongs","Vajra","Blood Vial","Replay:Kaleidoscope","Question Card"],"potions_floor_usage":[10,13,16],"damage_taken":[{"damage":0,"enemies":"Jaw Worm","floor":1,"turns":1},{"damage":0,"enemies":"Cultist","floor":4,"turns":1},{"damage":0,"enemies":"Lagavulin","floor":6,"turns":2},{"damage":3,"enemies":"2 Louse","floor":8,"turns":2},{"damage":15,"enemies":"Gremlin Nob","floor":10,"turns":3},{"damage":11,"enemies":"2 Fungi Beasts","floor":11,"turns":3},{"damage":6,"enemies":"Lagavulin","floor":13,"turns":4},{"damage":35,"enemies":"Hexaghost","floor":16,"turns":9}],"seed_played":"1008424436448212046","potions_obtained":[{"floor":4,"key":"Fire Potion"},{"floor":6,"key":"Doom Potion"},{"floor":10,"key":"Reflective Coating"}],"is_trial":false,"path_per_floor":["M","$","?","M","$","E","R","M","T","E","M","?","E","T","R","B"],"character_chosen":"WATCHER","items_purchased":[],"campfire_rested":0,"item_purchase_floors":[],"current_hp_per_floor":[72,72,72,72,72,72,72,69,69,54,45,34,30,30,30,0,0],"gold":256,"neow_bonus":"THREE_ENEMY_KILL","is_prod":false,"is_daily":false,"chose_seed":false,"campfire_upgraded":1,"win_rate":0,"timestamp":1607563017,"path_taken":["M","$","?","M","?","E","R","M","T","E","M","?","E","?","R","BOSS"],"build_version":"2020-11-30","purchased_purges":1,"victory":false,"max_hp_per_floor":[72,72,72,72,72,72,72,72,72,72,72,72,72,72,72,72,72],"card_choices":[{"not_picked":["ThirdEye","EmptyFist","Replay:Anticipation"],"picked":"SKIP","floor":1},{"not_picked":["Replay:AtTheReady","Weave"],"picked":"BattleHymn","floor":4},{"not_picked":["CarveReality","BattleHymn"],"picked":"SpiritShield","floor":6},{"not_picked":["SashWhip","ReachHeaven","Halt"],"picked":"SKIP","floor":8},{"not_picked":["Crescendo","ReachHeaven","Protect"],"picked":"SKIP","floor":10},{"not_picked":["FearNoEvil","CutThroughFate","Replay:Cycle"],"picked":"SKIP","floor":11},{"not_picked":["Weave","EmptyBody","Crescendo"],"picked":"SKIP","floor":13}],"player_experience":704473,"relics_obtained":[{"floor":6,"key":"Vajra"},{"floor":10,"key":"Blood Vial"},{"floor":13,"key":"Replay:Kaleidoscope"},{"floor":14,"key":"Question Card"}],"event_choices":[{"damage_healed":0,"gold_gain":0,"player_choice":"Rummage","damage_taken":0,"relics_obtained":["WarpedTongs"],"max_hp_gain":0,"max_hp_loss":0,"event_name":"Accursed Blacksmith","floor":3,"gold_loss":0,"cards_obtained":["Pain"]},{"damage_healed":0,"gold_gain":75,"player_choice":"Gather Gold","damage_taken":11,"max_hp_gain":0,"max_hp_loss":0,"event_name":"World of Goop","floor":12,"gold_loss":0}],"is_beta":false,"boss_relics":[],"items_purged_floors":[2],"is_endless":false,"potions_floor_spawned":[4,6,10],"killed_by":"Hexaghost","ascension_level":2}}