{"host":"n4fty02wqqi95laq","time":1607604959,"event":{"gold_per_floor":[113,113,127,127,143,143,68,68,91,91,108,118,445,425,425,499,499,499,499],"floor_reached":18,"playtime":581,"items_purged":["Strike_R"],"score":320,"play_id":"bd9d583a-6e0f-433f-8c11-4322d2279ccb","local_time":"20201210205559","is_ascension_mode":true,"campfire_choices":[{"data":"Body Slam","floor":6.0,"key":"SMITH"},{"data":"Berserk","floor":8.0,"key":"SMITH"},{"data":"Hemokinesis","floor":10.0,"key":"SMITH"},{"data":"Sentinel","floor":15.0,"key":"SMITH"}],"neow_cost":"TEN_PERCENT_HP_LOSS","seed_source_timestamp":455052200354000,"circlet_count":0,"master_deck":["AscendersBane","Strike_R","Strike_R","Defend_R","Defend_R","Defend_R","Defend_R","Bash","Barricade+1","Sentinel+1","Body Slam+1","Hemokinesis+1","Feed","Berserk+1","Shockwave","Berserk"],"special_seed":0,"relics":["Burning Blood","PreservedInsect","Old Coin","Empty Cage"],"potions_floor_usage":[],"damage_taken":[{"damage":3.0,"enemies":"2 Louse","floor":1.0,"turns":3.0},{"damage":12.0,"enemies":"Cultist","floor":3.0,"turns":4.0},{"damage":16.0,"enemies":"Jaw Worm","floor":5.0,"turns":4.0},{"damage":17.0,"enemies":"Red Slaver","floor":11.0,"turns":5.0},{"damage":10.0,"enemies":"Lots of Slimes","floor":12.0,"turns":5.0},{"damage":18.0,"enemies":"3 Sentries","floor":13.0,"turns":6.0},{"damage":29.0,"enemies":"The Guardian","floor":16.0,"turns":13.0},{"damage":52,"enemies":"Spheric Guardian","floor":18,"turns":6}],"seed_played":"-6341872531021852932","potions_obtained":[{"floor":1.0,"key":"DuplicationPotion"},{"floor":5.0,"key":"SkillPotion"},{"floor":12.0,"key":"SpeedPotion"},{"floor":14.0,"key":"EssenceOfSteel"}],"is_trial":false,"path_per_floor":["M","?","M","?","M","R","$","R","T","R","M","M","E","?","R","B",null,"M"],"character_chosen":"IRONCLAD","items_purchased":[],"campfire_rested":0,"item_purchase_floors":[],"current_hp_per_floor":[68,68,62,62,52,52,52,52,52,52,41,40,31,31,31,8,58,6,6],"gold":499,"neow_bonus":"THREE_RARE_CARDS","is_prod":false,"is_daily":false,"chose_seed":false,"campfire_upgraded":4,"win_rate":0,"timestamp":1607604959,"path_taken":["M","?","?","?","?","R","$","R","T","R","M","M","E","?","R","BOSS","BOSS","M"],"build_version":"2020-11-30","purchased_purges":1,"victory":false,"max_hp_per_floor":[68,68,68,68,68,68,68,68,68,68,68,71,74,74,74,74,74,74,74],"card_choices":[{"not_picked":["Limit Break","Reaper"],"picked":"Barricade","floor":0.0},{"not_picked":["Thunderclap","Headbutt"],"picked":"Sentinel","floor":1.0},{"not_picked":["Twin Strike","Anger"],"picked":"Body Slam","floor":3.0},{"not_picked":["Disarm","Evolve"],"picked":"Berserk","floor":5.0},{"not_picked":["Body Slam","Searing Blow"],"picked":"Shockwave","floor":11.0},{"not_picked":["Heavy Blade","Clash","Armaments"],"picked":"SKIP","floor":12.0},{"not_picked":["Headbutt","Inflame","Thunderclap"],"picked":"SKIP","floor":13.0},{"not_picked":["Feed","Barricade"],"picked":"Berserk","floor":16}],"player_experience":609205,"relics_obtained":[{"floor":9.0,"key":"PreservedInsect"},{"floor":13.0,"key":"Old Coin"}],"event_choices":[{"damage_healed":0.0,"max_hp_gain":0.0,"max_hp_loss":0.0,"gold_gain":0.0,"event_name":"Upgrade Shrine","player_choice":"Upgraded","floor":2.0,"gold_loss":0.0,"damage_taken":0.0,"cards_upgraded":["Barricade"]},{"damage_healed":0.0,"max_hp_gain":0.0,"max_hp_loss":0.0,"gold_gain":0.0,"event_name":"Match and Keep!","player_choice":"2 cards matched","floor":4.0,"gold_loss":0.0,"damage_taken":0.0,"cards_obtained":["Hemokinesis","Feed"]},{"damage_healed":0.0,"max_hp_gain":0.0,"max_hp_loss":0.0,"gold_gain":0.0,"event_name":"The Woman in Blue","player_choice":"Bought 1 Potion","floor":14.0,"gold_loss":0.0,"damage_taken":0.0}],"is_beta":false,"boss_relics":[{"not_picked":["Fusion Hammer","SacredBark"],"picked":"Empty Cage"}],"items_purged_floors":[7],"is_endless":false,"potions_floor_spawned":[1,5,11,12],"killed_by":"Spheric Guardian","ascension_level":20}}