{"host":"5pvsezzv96u4cz40","time":1607620032,"event":{"mods":["BaseMod","Act Like it!","BetterRewards","StSLib","CapriCore","Colored Map","Colored Powertips","GifTheSpireLib","Hubris","Menagerie","Minty Spire (QoL Compilation)","Replay The Spire","Shop Mod","Duelist Mod"],"gold_per_floor":[143,154,154,154,48,48,48,69,69,101,40,55,75,1,1,98,98,114,166,200,226,247,247,76,100,100,32,53,53,53,78,78,177,227,258,112,112,130,41,41,41,59,59,69,69],"floor_reached":44,"playtime":8900,"items_purged":[],"score":483,"play_id":"30832ba1-7a03-4651-85e0-9d99987e7150","local_time":"20201210180712","is_ascension_mode":false,"campfire_choices":[{"data":"theDuelist:TwinHeadedFire","floor":6,"key":"SMITH"},{"floor":15,"key":"REST"},{"floor":23,"key":"REST"},{"floor":29,"key":"REST"},{"floor":32,"key":"REST"},{"floor":40,"key":"REST"}],"circlet_count":0,"master_deck":["theDuelist:BabyDragon","theDuelist:CastleWalls+1","theDuelist:CastleWalls+1","theDuelist:CaveDragon","theDuelist:CaveDragon+1","theDuelist:LesserDragon","theDuelist:LesserDragon","theDuelist:Sparks+1","theDuelist:YamataDragon","theDuelist:TrihornedDragon","theDuelist:TwinHeadedFire+1","theDuelist:TwinBarrelDragon","theDuelist:BlueEyesUltimate+1","theDuelist:CyberDragonSieger","theDuelist:BlueEyesUltimate+1","theDuelist:BigFire+1","theDuelist:ExploderDragon","theDuelist:ExploderDragon","theDuelist:ThunderDragon","theDuelist:DarkHorus","theDuelist:TyrantWing","theDuelist:BlasterDragonInfernos","theDuelist:LavaDragon","theDuelist:CyberDragonVier+1","theDuelist:LesserDragon+1","theDuelist:GuardragonJusticia","theDuelist:PotGenerosity","theDuelist:DragonCaptureJar+1","theDuelist:Mountain","theDuelist:GenesisDragon+1","theDuelist:GenesisDragon+1","theDuelist:CyberValley","theDuelist:GenesisDragon+1","theDuelist:ChimeratechOverdragon","theDuelist:GenesisDragon+1","Discovery","theDuelist:MetalDragon","theDuelist:GenesisDragon+1","theDuelist:GenesisDragon+1","theDuelist:GenesisDragon+1","theDuelist:BigFire"],"relics":["theDuelist:MillenniumPuzzle","theDuelist:CardPoolRelic","theDuelist:CardPoolBasicRelic","theDuelist:BoosterPackPoolRelic","theDuelist:CardPoolAddRelic","theDuelist:CardPoolMinusRelic","theDuelist:CardPoolSaveRelic","theDuelist:CardPoolOptionsRelic","Menagerie:HuntersKnife","theDuelist:YugiMirror","War Paint","Inserter","hubris:Zylophone","hubris:GlazedTorus","Replay:Towering Pillar of Hats","theDuelist:MillenniumArmor","hubris:TinFlute","Tiny House","hubris:SlimyHat","Simple Rune"],"acts_visited":["Menagerie:Menagerie","TheCity","TheBeyond"],"potions_floor_usage":[10,10,16,33,33,35],"damage_taken":[{"damage":0,"enemies":"Menagerie:StygianBoar","floor":1,"turns":3},{"damage":0,"enemies":"Menagerie:MonstrousExperiment","floor":2,"turns":2},{"damage":5,"enemies":"Menagerie:WhisperingWraith","floor":8,"turns":3},{"damage":0,"enemies":"Menagerie:Hydra","floor":10,"turns":3},{"damage":4,"enemies":"Menagerie:RedMage","floor":12,"turns":3},{"damage":0,"enemies":"Menagerie:STYGIAN_BOAR_AND_WHISPERING_WRAITH","floor":13,"turns":3},{"damage":11,"enemies":"Menagerie:AVATARS","floor":16,"turns":5},{"damage":10,"enemies":"Chosen","floor":18,"turns":5},{"damage":19,"enemies":"Chosen","floor":19,"turns":8},{"damage":25,"enemies":"3 Byrds","floor":20,"turns":6},{"damage":0,"enemies":"Snake Plant","floor":22,"turns":2},{"damage":0,"enemies":"Snecko","floor":25,"turns":2},{"damage":19,"enemies":"Chosen and Byrds","floor":28,"turns":6},{"damage":0,"enemies":"Cultist and Chosen","floor":31,"turns":6},{"damage":27,"enemies":"Champ","floor":33,"turns":8},{"damage":10,"enemies":"3 Shapes","floor":35,"turns":3},{"damage":2,"enemies":"Orb Walker","floor":38,"turns":3},{"damage":25,"enemies":"3 Darklings","floor":42,"turns":6},{"damage":60,"enemies":"4 Shapes","floor":44,"turns":3}],"seed_played":"7278763008510648486","potions_obtained":[{"floor":8,"key":"AttackPotion"},{"floor":12,"key":"Doom Potion"},{"floor":13,"key":"PowerPotion"},{"floor":22,"key":"SpeedPotion"},{"floor":28,"key":"SpeedPotion"},{"floor":33,"key":"theDuelist:SealedPackD"},{"floor":34,"key":"theDuelist:LavaBottle"},{"floor":38,"key":"theDuelist:OrbBottle"}],"is_trial":false,"path_per_floor":["M","M","?","?","$","R","?","M","T","E","$","M","M","$","R","B",null,"M","?","M","T","M","R","$","M","T","$","M","R","?","M","R","B",null,"M","$","$","M","$","R","?","M","T","M"],"character_chosen":"THE_DUELIST","items_purchased":["Fire Potion","theDuelist:BlueEyesUltimate+1","theDuelist:ExploderDragon","theDuelist:TyrantWing","theDuelist:PotGenerosity","theDuelist:Mountain","hubris:SlimyHat","Discovery"],"campfire_rested":5,"item_purchase_floors":[5,5,11,14,24,27,36,39],"current_hp_per_floor":[80,80,80,74,74,74,74,69,69,69,69,65,65,65,74,63,74,64,45,20,20,20,42,42,42,42,42,23,45,45,45,67,40,79,69,69,69,67,67,79,79,54,54,0,0],"gold":69,"neow_bonus":"TRANSFORM_CARD","is_daily":false,"chose_seed":false,"campfire_upgraded":1,"win_rate":0.0,"timestamp":1607620032,"path_taken":["M","M","?","?","$","R","?","M","T","E","$","M","?","?","R","BOSS","M","?","M","?","M","R","$","M","T","$","?","R","?","M","R","BOSS","M","?","$","M","$","R","?","M","T","M"],"build_version":"2020-11-30","purchased_purges":0,"victory":false,"max_hp_per_floor":[80,80,80,74,74,74,74,74,74,74,74,74,74,74,74,74,74,74,74,74,74,74,74,74,74,74,74,74,74,74,74,74,74,79,79,79,79,79,79,79,79,79,79,79,79],"card_choices":[{"not_picked":["theDuelist:CoralDragon","theDuelist:SnowDragon","theDuelist:Duoterion","theDuelist:MiraculousDescent"],"picked":"theDuelist:TwinHeadedFire","floor":1},{"not_picked":["theDuelist:TwinHeadedFire","theDuelist:CyberDinosaur","theDuelist:Beatraptor","theDuelist:BusterBlader"],"picked":"theDuelist:TwinBarrelDragon","floor":2},{"not_picked":["theDuelist:DragonTreasure","theDuelist:CastleDragonSouls","theDuelist:BoosterDragon","theDuelist:Vandalgyon"],"picked":"theDuelist:CyberDragonSieger","floor":8},{"not_picked":["theDuelist:BattleguardKing","theDuelist:LightningDarts","theDuelist:RainbowOverdragon","theDuelist:Hinotama"],"picked":"theDuelist:BigFire","floor":10},{"not_picked":["theDuelist:MaskedDragon","theDuelist:CurseDragon","theDuelist:YamataDragon","theDuelist:DarkDriceratops"],"picked":"theDuelist:ThunderDragon","floor":12},{"not_picked":["theDuelist:TwinBarrelDragon","theDuelist:DarkDriceratops","theDuelist:BlackPtera","theDuelist:Hydrogeddon"],"picked":"theDuelist:DarkHorus","floor":13},{"not_picked":["theDuelist:VoidOgreDragon","theDuelist:SurvivalFittest","theDuelist:DoomkaiserDragon","theDuelist:ArmageddonDragonEmp"],"picked":"theDuelist:BlasterDragonInfernos","floor":16},{"not_picked":["theDuelist:MirageDragon","theDuelist:MadSwordBeast","theDuelist:Anthrosaurus+1","theDuelist:CyberDragon"],"picked":"theDuelist:LavaDragon","floor":18},{"not_picked":["theDuelist:Hydrogeddon","theDuelist:MoltenDestruction","theDuelist:BlackStego","theDuelist:HymnOfLight+1"],"picked":"theDuelist:CyberDragonVier","floor":19},{"not_picked":["theDuelist:CurseDragon","theDuelist:ScrapIronScarecrow","theDuelist:CloudianGhost","theDuelist:WhiteHornDragon"],"picked":"theDuelist:LesserDragon+1","floor":20},{"not_picked":["theDuelist:WhiteNightDragon","theDuelist:GiantRex","theDuelist:DragonPiper+1","theDuelist:HorusServant"],"picked":"theDuelist:GuardragonJusticia","floor":22},{"not_picked":["theDuelist:Earthquake","theDuelist:BlackPtera","theDuelist:SphereChaos","theDuelist:CyberDragonDrei"],"picked":"theDuelist:DragonCaptureJar+1","floor":25},{"not_picked":["theDuelist:ViceDragon","theDuelist:RedEyes+1","theDuelist:BlackBrachios+1","theDuelist:DoomkaiserDragon"],"picked":"theDuelist:GenesisDragon+1","floor":28},{"not_picked":["theDuelist:BusterBlader","theDuelist:Freezadon","theDuelist:Anthrosaurus","theDuelist:FrostflameDragon"],"picked":"theDuelist:Destroyersaurus","floor":31},{"not_picked":["theDuelist:Pyrorex+1","theDuelist:Kabazauls","theDuelist:Beatraptor+1","theDuelist:TwinBarrelDragon"],"picked":"theDuelist:CyberValley","floor":34},{"not_picked":["theDuelist:StardustDragon+1","theDuelist:QueenDragunDjinn+1","theDuelist:BlueDuston","theDuelist:ArmedProtectorDragon"],"picked":"theDuelist:ChimeratechOverdragon","floor":35},{"not_picked":["theDuelist:AncientGearGadjiltron","theDuelist:WingedDragonRa+1","theDuelist:RedEyes+1","theDuelist:BusterBladerDDS+1","theDuelist:VoidOgreDragon+1"],"picked":"SKIP","floor":38},{"not_picked":["theDuelist:BattleguardKing","theDuelist:RainbowBridge+1","theDuelist:StrayLambs+1","theDuelist:DarkFactory"],"picked":"theDuelist:BigFire","floor":42}],"player_experience":34239,"relics_obtained":[{"floor":9,"key":"theDuelist:YugiMirror"},{"floor":10,"key":"War Paint"},{"floor":19,"key":"hubris:Zylophone"},{"floor":19,"key":"hubris:GlazedTorus"},{"floor":19,"key":"Replay:Towering Pillar of Hats"},{"floor":21,"key":"theDuelist:MillenniumArmor"},{"floor":26,"key":"hubris:TinFlute"},{"floor":43,"key":"Simple Rune"}],"event_choices":[{"damage_healed":0,"gold_gain":0,"player_choice":"Ignored","damage_taken":0,"max_hp_gain":0,"max_hp_loss":0,"event_name":"Golden Idol","floor":3,"gold_loss":0},{"damage_healed":0,"gold_gain":0,"player_choice":"Take","damage_taken":0,"relics_obtained":["Menagerie:HuntersKnife"],"max_hp_gain":0,"max_hp_loss":6,"event_name":"Menagerie:BigGameHunter","floor":4,"gold_loss":0},{"damage_healed":0,"gold_gain":0,"player_choice":"Leave","duelist":true,"damage_taken":0,"max_hp_gain":0,"max_hp_loss":0,"event_name":"Relic Duplicator","floor":7,"gold_loss":0},{"damage_healed":0,"gold_gain":0,"player_choice":"Fight","duelist":true,"damage_taken":0,"max_hp_gain":0,"max_hp_loss":0,"event_name":"Battle City","floor":19,"gold_loss":0},{"damage_healed":0,"gold_gain":0,"player_choice":"Upgraded","damage_taken":0,"max_hp_gain":0,"max_hp_loss":0,"event_name":"Upgrade Shrine","floor":30,"gold_loss":0,"cards_upgraded":["theDuelist:BigFire"]},{"damage_healed":0,"gold_gain":0,"cards_transformed":["theDuelist:Destroyersaurus"],"player_choice":"Transformed","damage_taken":0,"max_hp_gain":0,"max_hp_loss":0,"event_name":"Transmorgrifier","floor":41,"gold_loss":0,"cards_obtained":["theDuelist:MetalDragon"]}],"is_beta":false,"boss_relics":[{"not_picked":["hubris:HollowSoul","Empty Cage"],"picked":"Inserter"},{"not_picked":["Painkiller Herb","Black Star"],"picked":"Tiny House"}],"items_purged_floors":[],"is_endless":false,"potions_floor_spawned":[8,12,13,22,28,33,38],"killed_by":"4 Shapes","ascension_level":0}}