{"host":"kyy1kus4tsuq869y","time":1607600267,"event":{"gold_per_floor":[109,11,11,22,36,71,82,82,105,140,151,151,0,0,0,0,0],"floor_reached":16,"playtime":716,"items_purged":["Bash"],"score":198,"play_id":"f054fbf3-2244-49ff-a6cb-c07c97576ec0","local_time":"20201210193747","is_ascension_mode":true,"campfire_choices":[{"data":"Flame Barrier","floor":8,"key":"SMITH"},{"data":"Whirlwind","floor":15,"key":"SMITH"}],"neow_cost":"NONE","seed_source_timestamp":61470494466900,"circlet_count":0,"master_deck":["AscendersBane","Strike_R","Strike_R","Strike_R","Strike_R","Strike_R","Defend_R","Defend_R","Defend_R","Defend_R","expansioncontent:Collect+1","Pummel","Flame Barrier+1","Reaper","Headbutt+1","Whirlwind+1"],"relics":["Burning Blood","NeowsBlessing","MealTicket","Mirror"],"potions_floor_usage":[10],"damage_taken":[{"damage":0,"enemies":"2 Louse","floor":1,"turns":1},{"damage":0,"enemies":"Cultist","floor":4,"turns":1},{"damage":0,"enemies":"Small Slimes","floor":5,"turns":1},{"damage":40,"enemies":"3 Sentries","floor":6,"turns":10},{"damage":11,"enemies":"Looter","floor":7,"turns":3},{"damage":25,"enemies":"Lagavulin","floor":10,"turns":10},{"damage":2,"enemies":"Blue Slaver","floor":11,"turns":6},{"damage":75,"enemies":"Slime Boss","floor":16,"turns":9}],"seed_played":"2044905568857194449","potions_obtained":[{"floor":4,"key":"Milkshake"},{"floor":5,"key":"GamblersBrew"},{"floor":10,"key":"Elixir"}],"is_trial":false,"path_per_floor":["M","$","?","M","M","E","M","R","T","E","M","?","$","?","R","B"],"character_chosen":"IRONCLAD","items_purchased":["expansioncontent:Collect","Whirlwind"],"campfire_rested":0,"item_purchase_floors":[2,13],"current_hp_per_floor":[74,74,74,75,75,41,36,36,36,17,24,24,39,64,64,0,0],"gold":0,"neow_bonus":"THREE_ENEMY_KILL","is_prod":false,"is_daily":false,"chose_seed":false,"campfire_upgraded":2,"win_rate":0,"timestamp":1607600267,"path_taken":["M","$","?","M","?","E","M","R","T","E","M","?","$","?","R","BOSS"],"build_version":"2020-11-30","purchased_purges":1,"victory":false,"max_hp_per_floor":[75,75,75,75,75,75,75,75,75,75,75,75,75,75,75,75,75],"card_choices":[{"not_picked":["Clothesline","ReplayTheSpireMod:Strike From Hell","Twin Strike"],"picked":"SKIP","floor":1},{"not_picked":["Headbutt","Run Through"],"picked":"Pummel","floor":4},{"not_picked":["Sentinel","Dual Wield"],"picked":"Pommel Strike","floor":5},{"not_picked":["Warcry","Perfected Strike","Dual Wield"],"picked":"SKIP","floor":6},{"not_picked":["Warcry","Perfected Strike","Dual Wield"],"picked":"SKIP","floor":6},{"not_picked":["Sentinel","ReplayTheSpireMod:Strike From Hell"],"picked":"Flame Barrier","floor":7},{"not_picked":["Armaments","ReplayTheSpireMod:Limb From Limb"],"picked":"Reaper","floor":10},{"not_picked":["ReplayTheSpireMod:Strike From Hell","Twin Strike","Clothesline"],"picked":"SKIP","floor":11}],"player_experience":431482,"relics_obtained":[{"floor":6,"key":"MealTicket"},{"floor":10,"key":"Mirror"}],"event_choices":[{"damage_healed":0,"gold_gain":0,"player_choice":"Upgraded","damage_taken":0,"max_hp_gain":0,"max_hp_loss":0,"event_name":"Upgrade Shrine","floor":3,"gold_loss":0,"cards_upgraded":["expansioncontent:Collect"]},{"damage_healed":25,"gold_gain":0,"player_choice":"Banana","damage_taken":0,"max_hp_gain":0,"max_hp_loss":0,"event_name":"Big Fish","floor":14,"gold_loss":0}],"is_beta":false,"boss_relics":[],"items_purged_floors":[13],"is_endless":false,"potions_floor_spawned":[4,5,7,10],"killed_by":"Slime Boss","ascension_level":16}}