{"host":"5ezk7t18wcb10u1o","time":1607636125,"event":{"mods":["BaseMod","Bestiary","Relic Sorter","Minty Spire (QoL Compilation)","Colored Powertips"],"gold_per_floor":[115,126,201,201,213,238,55,55,106,106,126,151,151,151,151,225,225,239,254,272,272,272],"floor_reached":21,"playtime":904,"items_purged":[],"score":418,"play_id":"73838d88-e37e-4737-b1ba-5b8e2dcf3717","local_time":"20201210213525","is_ascension_mode":true,"campfire_choices":[{"floor":10,"key":"REST"},{"data":"Apotheosis","floor":13,"key":"SMITH"},{"data":"Dualcast","floor":15,"key":"SMITH"}],"circlet_count":0,"master_deck":["AscendersBane","Strike_B","Strike_B+1","Strike_B","Strike_B+1","Defend_B","Defend_B","Defend_B","Defend_B","Zap","Dualcast+1","Doom and Gloom","Go for the Eyes+1","Doom and Gloom","Apotheosis+1","Beam Cell+1","Echo Form","Buffer","Cold Snap+1","Compile Driver+1","Steam"],"relics":["FrozenCore","Whetstone","Nunchaku","Regal Pillow","Potion Belt"],"acts_visited":["Exordium","TheCity"],"potions_floor_usage":[6,12,16],"damage_taken":[{"damage":2,"enemies":"Jaw Worm","floor":1,"turns":2},{"damage":7,"enemies":"Small Slimes","floor":2,"turns":3},{"damage":1,"enemies":"Cultist","floor":5,"turns":3},{"damage":25,"enemies":"Lagavulin","floor":6,"turns":5},{"damage":1,"enemies":"Looter","floor":11,"turns":3},{"damage":8,"enemies":"Gremlin Nob","floor":12,"turns":3},{"damage":0,"enemies":"Slime Boss","floor":16,"turns":6},{"damage":12,"enemies":"Shell Parasite","floor":18,"turns":5},{"damage":3,"enemies":"Chosen","floor":19,"turns":4},{"damage":29,"enemies":"Snake Plant","floor":20,"turns":4},{"damage":25,"enemies":"Shelled Parasite and Fungi","floor":21,"turns":4}],"seed_played":"-5689875424434169672","potions_obtained":[{"floor":1,"key":"FairyPotion"},{"floor":2,"key":"ColorlessPotion"},{"floor":11,"key":"EntropicBrew"},{"floor":12,"key":"Strength Potion"},{"floor":19,"key":"Swift Potion"}],"is_trial":false,"path_per_floor":["M","M","?","?","M","E","$","?","T","R","M","E","R","?","R","B",null,"M","M","M","M"],"character_chosen":"DEFECT","items_purchased":["Apotheosis"],"campfire_rested":1,"item_purchase_floors":[7],"current_hp_per_floor":[62,55,44,44,43,18,18,41,41,71,70,62,62,62,62,62,69,57,54,25,21,21],"gold":272,"neow_bonus":"RANDOM_COMMON_RELIC","is_daily":false,"chose_seed":false,"campfire_upgraded":2,"win_rate":0,"timestamp":1607636125,"path_taken":["M","M","?","?","M","E","$","?","T","R","M","E","R","?","R","BOSS","M","M","M","?"],"build_version":"2020-11-30","purchased_purges":0,"victory":false,"max_hp_per_floor":[71,71,71,71,71,71,71,71,71,71,71,71,71,71,71,71,71,71,71,71,71,71],"card_choices":[{"not_picked":["Hologram","Stack"],"picked":"Doom and Gloom","floor":1},{"not_picked":["Beam Cell","Compile Driver"],"picked":"Go for the Eyes","floor":2},{"not_picked":["Force Field","White Noise","Hello World"],"picked":"SKIP","floor":5},{"not_picked":["Beam Cell","Gash"],"picked":"Doom and Gloom","floor":6},{"not_picked":["Leap","Go for the Eyes"],"picked":"Beam Cell","floor":11},{"not_picked":["Steam","Coolheaded"],"picked":"Echo Form","floor":12},{"not_picked":["Rainbow","Seek"],"picked":"Buffer","floor":16},{"not_picked":["Rebound+1","Tempest"],"picked":"Cold Snap+1","floor":18},{"not_picked":["Rip and Tear","Ball Lightning"],"picked":"Compile Driver+1","floor":19},{"not_picked":["Force Field","Heatsinks"],"picked":"Steam","floor":20}],"player_experience":1014875,"relics_obtained":[{"floor":6,"key":"Nunchaku"},{"floor":9,"key":"Regal Pillow"},{"floor":12,"key":"Potion Belt"}],"event_choices":[{"damage_healed":0,"gold_gain":75,"player_choice":"Gather Gold","damage_taken":11,"max_hp_gain":0,"max_hp_loss":0,"event_name":"World of Goop","floor":3,"gold_loss":0},{"damage_healed":0,"gold_gain":0,"player_choice":"Grow","damage_taken":0,"max_hp_gain":0,"max_hp_loss":0,"event_name":"Living Wall","floor":4,"gold_loss":0,"cards_upgraded":["Go for the Eyes"]},{"damage_healed":23,"gold_gain":0,"player_choice":"Banana","damage_taken":0,"max_hp_gain":0,"max_hp_loss":0,"event_name":"Big Fish","floor":8,"gold_loss":0},{"damage_healed":0,"gold_gain":0,"player_choice":"Forge","damage_taken":0,"max_hp_gain":0,"max_hp_loss":0,"event_name":"Accursed Blacksmith","floor":14,"gold_loss":0,"cards_upgraded":["Beam Cell"]}],"is_beta":false,"boss_relics":[{"not_picked":["Sozu","Snecko Eye"],"picked":"FrozenCore"}],"items_purged_floors":[],"is_endless":false,"potions_floor_spawned":[1,2,11,12,19],"killed_by":"Shelled Parasite and Fungi","ascension_level":15}}