{"host":"2qv44oxt58ptq59r","time":1607627651,"event":{"mods":["BaseMod","StSLib","AchievementEnabler","Colored Powertips","Highlight Path","Minty Spire (QoL Compilation)","Permanent Neow"],"gold_per_floor":[121,41,66,91,41,81,104,135,135,135,159,159,5,5,5,5,5],"floor_reached":16,"playtime":8534,"items_purged":[],"score":100,"play_id":"e1015bc1-6775-4c7b-ae19-e6382786a59a","local_time":"20201210191411","is_ascension_mode":false,"campfire_choices":[{"floor":10,"key":"REST"},{"data":"Body Slam","floor":15,"key":"SMITH"}],"circlet_count":0,"master_deck":["Strike_R","Strike_R","Strike_R","Strike_R","Defend_R","Defend_R","Defend_R","Defend_R","Bash","Heavy Blade","Shockwave","Twin Strike","Reaper","Body Slam+1","Twin Strike","Sword Boomerang","Blood for Blood+1","Pommel Strike"],"special_seed":0,"relics":["Burning Blood","CeramicFish","Bag of Preparation","Odd Mushroom","Blood Vial","Toxic Egg 2"],"acts_visited":["Exordium"],"potions_floor_usage":[6,7],"damage_taken":[{"damage":9,"enemies":"Small Slimes","floor":1,"turns":3},{"damage":3,"enemies":"Jaw Worm","floor":3,"turns":4},{"damage":0,"enemies":"2 Louse","floor":4,"turns":2},{"damage":40,"enemies":"Gremlin Nob","floor":6,"turns":6},{"damage":6,"enemies":"Blue Slaver","floor":7,"turns":4},{"damage":19,"enemies":"The Mushroom Lair","floor":8,"turns":5},{"damage":14,"enemies":"2 Fungi Beasts","floor":11,"turns":3},{"damage":92,"enemies":"Slime Boss","floor":16,"turns":11}],"seed_played":"8976910246681599673","potions_obtained":[{"floor":3,"key":"Block Potion"},{"floor":6,"key":"SpeedPotion"}],"is_trial":false,"path_per_floor":["M","$","M","M","?","E","M","?","T","R","M","?","$","T","R","B"],"character_chosen":"IRONCLAD","items_purchased":["Shockwave","Twin Strike","Blood Vial"],"campfire_rested":1,"item_purchase_floors":[2,2,13],"current_hp_per_floor":[77,77,80,80,80,46,46,45,45,69,73,73,73,73,73,0,0],"gold":5,"neow_bonus":"RANDOM_COMMON_RELIC","is_daily":false,"chose_seed":false,"campfire_upgraded":1,"win_rate":0,"timestamp":1607627651,"path_taken":["M","$","M","M","?","E","M","?","T","R","M","?","$","?","R","BOSS"],"build_version":"2020-11-30","purchased_purges":0,"victory":false,"max_hp_per_floor":[80,80,80,80,80,80,80,80,80,80,80,80,80,80,80,80,80],"card_choices":[{"not_picked":["True Grit","Headbutt"],"picked":"Heavy Blade","floor":1},{"not_picked":["Havoc","Anger"],"picked":"Reaper","floor":3},{"not_picked":["Clash","Battle Trance"],"picked":"Body Slam","floor":4},{"not_picked":["Perfected Strike","Havoc"],"picked":"Twin Strike","floor":6},{"not_picked":["Flex","Combust"],"picked":"Sword Boomerang","floor":7},{"not_picked":["Wild Strike","Juggernaut"],"picked":"Blood for Blood","floor":8},{"not_picked":["Heavy Blade","Perfected Strike"],"picked":"Pommel Strike","floor":11}],"player_experience":4877570,"relics_obtained":[{"floor":6,"key":"Bag of Preparation"},{"floor":8,"key":"Odd Mushroom"},{"floor":14,"key":"Toxic Egg 2"}],"event_choices":[{"cards_removed":["Strike_R"],"damage_healed":0,"gold_gain":0,"player_choice":"Card Removal","damage_taken":0,"max_hp_gain":0,"max_hp_loss":0,"event_name":"The Cleric","floor":5,"gold_loss":50},{"damage_healed":0,"gold_gain":0,"player_choice":"Fought Mushrooms","damage_taken":0,"max_hp_gain":0,"max_hp_loss":0,"event_name":"Mushrooms","floor":8,"gold_loss":0},{"damage_healed":0,"gold_gain":0,"player_choice":"Grow","damage_taken":0,"max_hp_gain":0,"max_hp_loss":0,"event_name":"Living Wall","floor":12,"gold_loss":0,"cards_upgraded":["Blood for Blood"]}],"is_beta":false,"boss_relics":[],"items_purged_floors":[],"is_endless":false,"potions_floor_spawned":[3,6],"killed_by":"Slime Boss","ascension_level":0}}