{"host":"ecaj4hn004xnnrw9","time":1607626509,"event":{"mods":["BaseMod","AchievementEnabler","StSLib","Hermit","Quick Restart","Minty Spire (QoL Compilation)","Replay The Spire","The Cursed"],"gold_per_floor":[116,116,136,150,150,186,186,186,186,186,186],"floor_reached":10,"playtime":272,"items_purged":[],"score":76,"play_id":"827901ad-de5f-4cf4-856b-89da50ed89af","local_time":"20201210185509","is_ascension_mode":true,"campfire_choices":[{"floor":9,"key":"REST"}],"circlet_count":0,"master_deck":["Strike_G","Strike_G","Strike_G","Strike_G","Strike_G","Defend_G","Defend_G","Defend_G","Defend_G","Defend_G","Survivor","Neutralize","Footwork","Sucker Punch","PiercingWail+1","Dagger Spray"],"relics":["Ring of the Snake","NeowsBlessing","Golden Idol","Tiny Chest"],"acts_visited":["Exordium"],"potions_floor_usage":[6,6],"damage_taken":[{"damage":0,"enemies":"2 Louse","floor":1,"turns":1},{"damage":0,"enemies":"Small Slimes","floor":3,"turns":1},{"damage":0,"enemies":"Jaw Worm","floor":4,"turns":1},{"damage":48,"enemies":"Gremlin Nob","floor":6,"turns":7},{"damage":27,"enemies":"3 Sentries","floor":10,"turns":8}],"seed_played":"-5278446675175035161","potions_obtained":[{"floor":1,"key":"DuplicationPotion"},{"floor":4,"key":"LifebloodPotion"}],"is_trial":false,"path_per_floor":["M","?","M","M","?","E","PTL","PTL","R","E"],"character_chosen":"THE_SILENT","items_purchased":[],"campfire_rested":1,"item_purchase_floors":[],"current_hp_per_floor":[70,53,53,53,53,5,5,5,26,0,0],"gold":186,"neow_bonus":"THREE_ENEMY_KILL","is_daily":false,"chose_seed":false,"campfire_upgraded":0,"win_rate":0,"timestamp":1607626509,"path_taken":["M","?","M","M","?","E","PTL","PTL","R","E"],"build_version":"2020-11-30","purchased_purges":0,"victory":false,"max_hp_per_floor":[70,70,70,70,70,70,70,70,70,70,70],"card_choices":[{"not_picked":["Cloak And Dagger","Sucker Punch"],"picked":"Footwork","floor":1},{"not_picked":["Cloak And Dagger","Slice"],"picked":"Sucker Punch","floor":3},{"not_picked":["Riddle With Holes","ReplayTheSpireMod:Exploit Weakness"],"picked":"PiercingWail","floor":4},{"not_picked":["Blade Dance","ReplayTheSpireMod:Exploit Weakness"],"picked":"Dagger Spray","floor":6}],"player_experience":149007,"relics_obtained":[{"floor":6,"key":"Tiny Chest"}],"event_choices":[{"damage_healed":0,"gold_gain":0,"player_choice":"Take Damage","damage_taken":17,"relics_obtained":["Golden Idol"],"max_hp_gain":0,"max_hp_loss":0,"event_name":"Golden Idol","floor":2,"gold_loss":0}],"is_beta":false,"boss_relics":[],"items_purged_floors":[],"is_endless":false,"potions_floor_spawned":[1,4],"killed_by":"3 Sentries","ascension_level":3}}