{"host":"ueef25wtkg2eer3h","time":1607592232,"event":{"gold_per_floor":[361,371,387,402,402,427,451,463,527,570,582,14,42,11,11,118,118,141,240,37,37,37,37,78,78,125,146,187,187,187],"floor_reached":29,"playtime":1121,"items_purged":["Strike_B","Defend_B"],"score":403,"play_id":"bdd9e634-d460-48a1-b677-d996e17eb4ef","local_time":"20201210102352","is_ascension_mode":true,"campfire_choices":[{"floor":8,"key":"REST"},{"floor":11,"key":"REST"},{"floor":15,"key":"REST"},{"floor":23,"key":"REST"},{"floor":25,"key":"REST"}],"neow_cost":"CURSE","seed_source_timestamp":39620093665300,"circlet_count":0,"master_deck":["Strike_B","Strike_B","Strike_B","Defend_B","Defend_B","Defend_B","Zap","Dualcast","Conserve Battery","Sweeping Beam","Sunder","Hologram","FTL","Streamline","Glacier","Chill","Conserve Battery","Barrage","Capacitor","Echo Form","Ball Lightning","Reinforced Body","Beam Cell","Turbo+1","Coolheaded+1","Doom and Gloom"],"relics":["Cracked Core","Spirit Poop","MawBank","Bronze Scales","Singing Bowl","CeramicFish","Kunai","SlaversCollar","Art of War","Regal Pillow","Tiny Chest"],"potions_floor_usage":[6,10,16,18,24,24],"damage_taken":[{"damage":4,"enemies":"Jaw Worm","floor":1,"turns":4},{"damage":1,"enemies":"Cultist","floor":2,"turns":3},{"damage":1,"enemies":"2 Louse","floor":3,"turns":3},{"damage":12,"enemies":"Looter","floor":4,"turns":3},{"damage":24,"enemies":"Gremlin Nob","floor":6,"turns":4},{"damage":15,"enemies":"Lots of Slimes","floor":7,"turns":3},{"damage":25,"enemies":"Lagavulin","floor":10,"turns":5},{"damage":1,"enemies":"Blue Slaver","floor":13,"turns":3},{"damage":23,"enemies":"Hexaghost","floor":16,"turns":10},{"damage":18,"enemies":"2 Thieves","floor":18,"turns":4},{"damage":18,"enemies":"Slavers","floor":24,"turns":6},{"damage":23,"enemies":"Spheric Guardian","floor":27,"turns":5},{"damage":12,"enemies":"Gremlin Leader","floor":28,"turns":6},{"damage":26,"enemies":"Centurion and Healer","floor":29,"turns":2}],"seed_played":"-2598413442655279290","potions_obtained":[{"floor":3,"key":"FearPotion"},{"floor":4,"key":"LiquidMemories"},{"floor":10,"key":"SkillPotion"},{"floor":16,"key":"Energy Potion"},{"floor":18,"key":"PotionOfCapacity"},{"floor":22,"key":"Block Potion"},{"floor":22,"key":"LiquidMemories"}],"is_trial":false,"path_per_floor":["M","M","M","M","?","E","M","R","T","E","R","$","M","$","R","B",null,"M","?","$","?","?","R","E","R","T","M","E","M"],"character_chosen":"DEFECT","items_purchased":["CeramicFish","Chill","Conserve Battery","Kunai","Capacitor","Reinforced Body","Beam Cell"],"campfire_rested":5,"item_purchase_floors":[12,12,12,12,14,20,20],"current_hp_per_floor":[64,63,62,50,50,26,11,32,32,7,28,28,27,27,48,25,60,42,42,42,29,29,52,34,57,57,34,22,0,0],"gold":187,"neow_bonus":"TWO_FIFTY_GOLD","is_prod":false,"is_daily":false,"chose_seed":false,"campfire_upgraded":0,"win_rate":0,"timestamp":1607592232,"path_taken":["M","M","M","M","?","E","M","R","T","E","R","$","M","?","R","BOSS","M","?","$","?","?","R","E","R","T","M","E","?"],"build_version":"2020-11-30","purchased_purges":2,"victory":false,"max_hp_per_floor":[75,75,75,75,72,72,72,72,72,72,72,72,72,72,72,72,72,72,72,72,77,77,77,77,77,77,77,77,77,77],"card_choices":[{"not_picked":["Gash","Skim"],"picked":"Conserve Battery","floor":1},{"not_picked":["Cold Snap","Steam Power"],"picked":"Sweeping Beam","floor":2},{"not_picked":["Chill","Hologram"],"picked":"Sunder","floor":3},{"not_picked":["Hello World","Steam"],"picked":"Hologram","floor":4},{"not_picked":["Darkness","Lockon"],"picked":"FTL","floor":6},{"not_picked":["Hologram","Sweeping Beam"],"picked":"Streamline","floor":7},{"not_picked":["Force Field","Coolheaded"],"picked":"Glacier","floor":10},{"not_picked":["Core Surge","Conserve Battery"],"picked":"Barrage","floor":13},{"not_picked":["Buffer","Meteor Strike"],"picked":"Echo Form","floor":16},{"not_picked":["Recycle","BootSequence"],"picked":"Ball Lightning","floor":18},{"not_picked":["Recycle","Cold Snap"],"picked":"Turbo+1","floor":24},{"not_picked":["Tempest","Sweeping Beam"],"picked":"Coolheaded+1","floor":27},{"not_picked":["Steam","Rip and Tear"],"picked":"Doom and Gloom","floor":28}],"player_experience":223042,"relics_obtained":[{"floor":6,"key":"MawBank"},{"floor":9,"key":"Bronze Scales"},{"floor":10,"key":"Singing Bowl"},{"floor":24,"key":"Art of War"},{"floor":26,"key":"Regal Pillow"},{"floor":28,"key":"Tiny Chest"}],"event_choices":[{"cards_removed":["Parasite"],"damage_healed":0,"gold_gain":0,"player_choice":"Offered Curse","damage_taken":0,"relics_obtained":["Spirit Poop"],"max_hp_gain":0,"max_hp_loss":0,"event_name":"Bonfire Elementals","floor":5,"gold_loss":0},{"damage_healed":0,"gold_gain":99,"player_choice":"Stole From Cult","damage_taken":0,"max_hp_gain":0,"max_hp_loss":0,"event_name":"Nest","floor":19,"gold_loss":0},{"damage_healed":0,"gold_gain":0,"player_choice":"Shed Blood","damage_taken":18,"max_hp_gain":5,"max_hp_loss":0,"event_name":"Forgotten Altar","floor":21,"gold_loss":0},{"damage_healed":0,"gold_gain":0,"player_choice":"Got Potions","damage_taken":0,"max_hp_gain":0,"max_hp_loss":0,"event_name":"Lab","floor":22,"gold_loss":0}],"is_beta":false,"boss_relics":[{"not_picked":["Astrolabe","Fusion Hammer"],"picked":"SlaversCollar"}],"items_purged_floors":[12,20],"is_endless":false,"potions_floor_spawned":[3,4,10,16,18],"killed_by":"Centurion and Healer","ascension_level":8}}