{"host":"9373kjg5yrouhim6","time":1607628178,"event":{"mods":["2.2 Compatiblity","BaseMod","AchievementEnabler","StSLib","Aspiration","Better Altar","Better Match","Better Note","Better Sensory Stone","Better Skull","Better Third Choice","Colored Map","Colored Powertips","Conspire","Highlight Path","Hubris","Infinite Spire","Mimic Mod","Minty Spire (QoL Compilation)","Replay The Spire","Shop Mod","Spicy Shops","vexMod"],"gold_per_floor":[110,110,129,129,1,1,34,46,46,46,60,60,79,89,89,184,184,199,30,30,30,41,41,41],"floor_reached":23,"playtime":1014,"items_purged":["Strike_B","Strike_B"],"score":260,"play_id":"0f5ad82c-99d7-40c4-b3db-612fc63fd7d8","local_time":"20201210142258","is_ascension_mode":true,"campfire_choices":[{"data":"Beam Cell","floor":6,"key":"SMITH"}],"circlet_count":0,"master_deck":["Strike_B","Strike_B","Defend_B","Defend_B","Defend_B","Defend_B","Zap","Dualcast","Replay:Bootleg Shield Generator","Beam Cell+1","Beam Cell","Beam Cell","Gash"],"relics":["PureWater","aspiration:Nostalgia","Burning Blood","Akabeko","aspiration:ArtOfWarUpgrade","infinitespire:Cubic Diamond","vexMod:BigBerry","PrismaticShard"],"acts_visited":["Exordium","TheCity"],"potions_floor_usage":[16,16,23,23],"damage_taken":[{"damage":1,"enemies":"Jaw Worm","floor":1,"turns":4},{"damage":2,"enemies":"conspire:RoseBush","floor":3,"turns":3},{"damage":39,"enemies":"Gremlin Nob","floor":7,"turns":5},{"damage":0,"enemies":"Small Slimes","floor":8,"turns":1},{"damage":3,"enemies":"Blue Slaver","floor":11,"turns":3},{"damage":0,"enemies":"3 Louse","floor":13,"turns":3},{"damage":1,"enemies":"Looter","floor":14,"turns":2},{"damage":71,"enemies":"Fading Forest","floor":16,"turns":11},{"damage":0,"enemies":"conspire:FuzzyDice","floor":18,"turns":9},{"damage":31,"enemies":"3 Byrds","floor":22,"turns":7},{"damage":80,"enemies":"conspire:SneckoGhost","floor":23,"turns":8}],"seed_played":"-5914216943091783612","potions_obtained":[{"floor":7,"key":"CultistPotion"},{"floor":8,"key":"Toxic Potion"},{"floor":13,"key":"PowerPotion"},{"floor":18,"key":"SpeedPotion"},{"floor":22,"key":"DistilledChaos"}],"is_trial":false,"path_per_floor":["M","?","M","?","$","R","E","M","T","?","M","R","M","M","R","B",null,"M","$","?","?","M","E"],"character_chosen":"DEFECT","items_purchased":["Beam Cell","Gash"],"campfire_rested":0,"item_purchase_floors":[5,19],"current_hp_per_floor":[75,75,75,75,75,75,42,48,48,48,51,51,57,62,62,21,105,105,105,97,97,72,0,0],"gold":41,"neow_bonus":"NOSTALGIA","is_daily":false,"chose_seed":false,"campfire_upgraded":1,"win_rate":0,"timestamp":1607628178,"path_taken":["M","?","M","?","$","R","E","M","T","?","M","R","M","M","R","BOSS","M","$","?","?","M","E"],"build_version":"2020-11-30","purchased_purges":2,"victory":false,"max_hp_per_floor":[75,75,75,75,75,75,75,75,75,75,75,75,75,75,75,75,105,105,105,105,105,105,105,105],"card_choices":[{"not_picked":["Lockon","Conserve Battery","Hologram"],"picked":"SKIP","floor":1},{"not_picked":["Leap","Panic Button","Conserve Battery"],"picked":"SKIP","floor":3},{"not_picked":["Chrysalis","ReplayTheSpireMod:Brewmster"],"picked":"Replay:Bootleg Shield Generator","floor":4},{"not_picked":["Blizzard","Rebound","Glacier"],"picked":"SKIP","floor":7},{"not_picked":["Sweeping Beam","Hologram","Turbo"],"picked":"SKIP","floor":8},{"not_picked":["Compile Driver","ReplaySort"],"picked":"Beam Cell","floor":11},{"not_picked":["ReplaySolidLightProjector","Skim","Rebound"],"picked":"SKIP","floor":13},{"not_picked":["conspire:SharedLibrary","Conserve Battery","Panic Button"],"picked":"SKIP","floor":14},{"not_picked":["Stack","Hologram"],"picked":"Beam Cell","floor":18},{"not_picked":["ReplayTheSpireMod:Strike From Hell","Barrage","Sweeping Beam+1"],"picked":"SKIP","floor":22}],"player_experience":228305,"relics_obtained":[{"floor":7,"key":"Akabeko"},{"floor":9,"key":"Art of War"},{"floor":20,"key":"PrismaticShard"}],"event_choices":[{"damage_healed":0,"gold_gain":0,"player_choice":"Leave","damage_taken":0,"max_hp_gain":0,"max_hp_loss":0,"event_name":"conspire:Investor","floor":2,"gold_loss":0},{"damage_healed":0,"gold_gain":1,"player_choice":"1","damage_taken":0,"max_hp_gain":0,"max_hp_loss":0,"event_name":"betterStone:BetterStone","floor":4,"gold_loss":0}],"is_beta":false,"boss_relics":[{"not_picked":["vexMod:EndlessSickness","Runic Pyramid"],"picked":"vexMod:BigBerry"}],"items_purged_floors":[5,19],"is_endless":false,"potions_floor_spawned":[7,8,13,14,18,22],"killed_by":"conspire:SneckoGhost","ascension_level":2}}