{"host":"pvf7uj918he10jir","time":1607577611,"event":{"gold_per_floor":[113,130,80,80,91,91,117,117,141,160,170,205,205,225,225,225,225],"floor_reached":16,"playtime":918,"items_purged":[],"score":129,"play_id":"b55ad746-6fde-4ce1-9bf3-3c0fa1b3fca9","local_time":"20201210002011","is_ascension_mode":true,"campfire_choices":[{"data":"Evolve","floor":6,"key":"SMITH"},{"data":"Wild Strike","floor":8,"key":"SMITH"},{"data":"Flame Barrier","floor":13,"key":"SMITH"},{"floor":15,"key":"REST"}],"neow_cost":"NONE","seed_source_timestamp":378515886092700,"circlet_count":0,"master_deck":["Strike_R","Strike_R","Strike_R","Defend_R","Defend_R","Defend_R","Defend_R","Bash+1","Wild Strike+1","Evolve+1","Cleave","Flame Barrier+1"],"relics":["Burning Blood","Nunchaku","Centennial Puzzle","Ancient Tea Set"],"potions_floor_usage":[12,14,14],"damage_taken":[{"damage":9,"enemies":"Jaw Worm","floor":1,"turns":5},{"damage":1,"enemies":"Small Slimes","floor":2,"turns":3},{"damage":1,"enemies":"Cultist","floor":5,"turns":4},{"damage":50,"enemies":"Lagavulin","floor":7,"turns":6},{"damage":27,"enemies":"Gremlin Gang","floor":10,"turns":6},{"damage":0,"enemies":"2 Fungi Beasts","floor":11,"turns":3},{"damage":17,"enemies":"3 Sentries","floor":12,"turns":7},{"damage":6,"enemies":"Exordium Wildlife","floor":14,"turns":3},{"damage":37,"enemies":"The Guardian","floor":16,"turns":10}],"seed_played":"905182436646994040","potions_obtained":[{"floor":2,"key":"BlessingOfTheForge"},{"floor":5,"key":"Swift Potion"},{"floor":11,"key":"ColorlessPotion"}],"is_trial":false,"path_per_floor":["M","M","?","?","M","R","E","R","T","M","M","E","R","M","R","B"],"character_chosen":"IRONCLAD","items_purchased":[],"campfire_rested":1,"item_purchase_floors":[],"current_hp_per_floor":[77,80,80,80,80,80,36,36,36,15,21,10,10,10,34,0,0],"gold":225,"neow_bonus":"UPGRADE_CARD","is_prod":false,"is_daily":false,"chose_seed":false,"campfire_upgraded":3,"win_rate":0,"timestamp":1607577611,"path_taken":["M","M","?","?","M","R","E","R","T","M","?","E","R","M","R","BOSS"],"build_version":"2020-11-30","purchased_purges":0,"victory":false,"max_hp_per_floor":[80,80,80,80,80,80,80,80,80,80,80,80,80,80,80,80,80],"relic_stats":{"Nunchaku":[3],"Centennial Puzzle":[12],"counters":[9,47],"obtain_stats":[{"Nunchaku":7,"Centennial Puzzle":9,"Ancient Tea Set":12,"Burning Blood":0},{"Nunchaku":4,"Centennial Puzzle":4,"Ancient Tea Set":7,"Burning Blood":0},{"Nunchaku":18,"Centennial Puzzle":18,"Ancient Tea Set":34,"Burning Blood":0}],"Burning Blood":41},"card_choices":[{"not_picked":["Heavy Blade","Combust","Thunderclap"],"picked":"SKIP","floor":1},{"not_picked":["Perfected Strike","Sword Boomerang"],"picked":"Wild Strike","floor":2},{"not_picked":["Body Slam","Heavy Blade"],"picked":"Evolve","floor":5},{"not_picked":["Disarm","Perfected Strike","Sever Soul"],"picked":"SKIP","floor":7},{"not_picked":["Pommel Strike","Seeing Red"],"picked":"Cleave","floor":10},{"not_picked":["Anger","Armaments"],"picked":"Flame Barrier","floor":11},{"not_picked":["Intimidate","Combust","Exhume"],"picked":"SKIP","floor":12},{"not_picked":["Searing Blow","Cleave","Anger"],"picked":"SKIP","floor":14}],"player_experience":88479,"relics_obtained":[{"floor":7,"key":"Nunchaku"},{"floor":9,"key":"Centennial Puzzle"},{"floor":12,"key":"Ancient Tea Set"}],"event_choices":[{"cards_removed":["Strike_R"],"damage_healed":0,"gold_gain":0,"player_choice":"Card Removal","damage_taken":0,"max_hp_gain":0,"max_hp_loss":0,"event_name":"The Cleric","floor":3,"gold_loss":50},{"cards_removed":["Strike_R"],"damage_healed":0,"gold_gain":0,"player_choice":"Card Removal","damage_taken":0,"max_hp_gain":0,"max_hp_loss":0,"event_name":"Wheel of Change","floor":4,"gold_loss":0}],"is_beta":false,"boss_relics":[],"items_purged_floors":[],"is_endless":false,"potions_floor_spawned":[2,5,11],"killed_by":"The Guardian","ascension_level":3}}