{"host":"6ko66ogg91i6g7xq","time":1607637851,"event":{"mods":["BaseMod","StSLib","Downfall","Hermit","Minty Spire (QoL Compilation)","Relic Stats","AchievementEnabler","Colored Powertips","The Jungle","Quick Restart","Act Like it!","everything is the same but u backflip on backflip","Colored Map"],"gold_per_floor":[119,130,61,61,61,61,107,107,107,138,156,181,221,30,30,151,151,166,166,186,39,63,63,103,103,103,103,119,119,119,119],"floor_reached":30,"playtime":758,"items_purged":[],"score":309,"play_id":"cfb8250d-5984-4545-9ef4-be5fc9d70a80","local_time":"20201210170411","is_ascension_mode":true,"campfire_choices":[{"floor":6,"key":"RECALL"},{"data":"Infinite Blades","floor":8,"key":"SMITH"},{"floor":15,"key":"REST"},{"data":"Phantasmal Killer","floor":23,"key":"SMITH"},{"floor":25,"key":"REST"},{"floor":27,"key":"REST"}],"circlet_count":0,"master_deck":["Strike_G","Strike_G","Strike_G","Strike_G","Strike_G","Defend_G","Defend_G","Defend_G","Defend_G","Defend_G","Survivor","Neutralize","Finisher","Infinite Blades+1","Blur","Dagger Spray","Phantasmal Killer+1","Die Die Die","Cloak And Dagger","Corpse Explosion","Dagger Spray+1","Caltrops","Finisher","Slice","Caltrops"],"relics":["Ring of the Snake","NeowsBlessing","Golden Idol","Bronze Scales","Smiling Mask","Pear","WristBlade","Nunchaku","Bottled Tornado","Gremlin Horn"],"acts_visited":["Exordium","TheCity"],"potions_floor_usage":[10,18,20,22,24],"damage_taken":[{"damage":0,"enemies":"Cultist","floor":1,"turns":1},{"damage":0,"enemies":"Jaw Worm","floor":2,"turns":1},{"damage":0,"enemies":"3 Sentries","floor":10,"turns":1},{"damage":6,"enemies":"2 Louse","floor":11,"turns":2},{"damage":11,"enemies":"Looter","floor":12,"turns":3},{"damage":15,"enemies":"Lagavulin","floor":13,"turns":6},{"damage":24,"enemies":"Slime Boss","floor":16,"turns":10},{"damage":0,"enemies":"3 Byrds","floor":18,"turns":1},{"damage":9,"enemies":"Shell Parasite","floor":20,"turns":4},{"damage":14,"enemies":"Centurion and Healer","floor":22,"turns":5},{"damage":44,"enemies":"Slavers","floor":24,"turns":4},{"damage":18,"enemies":"3 Cultists","floor":28,"turns":3},{"damage":43,"enemies":"Shelled Parasite and Fungi","floor":30,"turns":3}],"seed_played":"3172746475221719910","potions_obtained":[{"floor":1,"key":"Explosive Potion"},{"floor":2,"key":"Ancient Potion"},{"floor":11,"key":"LiquidBronze"},{"floor":16,"key":"DuplicationPotion"},{"floor":18,"key":"Energy Potion"},{"floor":22,"key":"Strength Potion"}],"is_trial":false,"path_per_floor":["M","M","$","?","?","R","T","R","T","E","M","M","E","$","R","B",null,"M","?","M","$","M","R","E","R","T","R","M","$","M"],"character_chosen":"THE_SILENT","items_purchased":["Infinite Blades","Die Die Die","Cloak And Dagger","Nunchaku"],"campfire_rested":3,"item_purchase_floors":[3,14,14,21],"current_hp_per_floor":[70,70,70,53,53,53,53,53,53,53,47,36,31,31,55,31,80,80,80,71,71,57,57,13,37,37,61,43,43,0,0],"gold":119,"neow_bonus":"THREE_ENEMY_KILL","is_daily":false,"chose_seed":false,"campfire_upgraded":2,"win_rate":0.0,"timestamp":1607637851,"path_taken":["M","M","$","?","?","R","?","R","T","E","M","?","E","?","R","BOSS","M","?","M","?","M","R","E","R","T","R","M","$","M"],"build_version":"2020-11-30","purchased_purges":0,"victory":false,"max_hp_per_floor":[70,70,70,70,70,70,70,70,70,70,70,70,80,80,80,80,80,80,80,80,80,80,80,80,80,80,80,80,80,80,80],"relic_stats":{"Nunchaku":[3],"Gremlin Horn":[1,1],"counters":[13,44],"Golden Idol":70,"Bronze Scales":[96],"Smiling Mask":0,"obtain_stats":[{"Nunchaku":21,"Pear":13,"NeowsBlessing":0,"WristBlade":17,"Gremlin Horn":26,"Golden Idol":4,"Bronze Scales":9,"Bottled Tornado":24,"Smiling Mask":10,"Ring of the Snake":0},{"Nunchaku":9,"Pear":6,"NeowsBlessing":0,"WristBlade":7,"Gremlin Horn":11,"Golden Idol":2,"Bronze Scales":2,"Bottled Tornado":11,"Smiling Mask":3,"Ring of the Snake":0},{"Nunchaku":29,"Pear":14,"NeowsBlessing":0,"WristBlade":24,"Gremlin Horn":38,"Golden Idol":2,"Bronze Scales":2,"Bottled Tornado":38,"Smiling Mask":3,"Ring of the Snake":0}],"Ring of the Snake":[26]},"card_choices":[{"not_picked":["Choke","Bane","Acrobatics"],"picked":"SKIP","floor":1},{"not_picked":["Dodge and Roll","PiercingWail"],"picked":"Finisher","floor":2},{"not_picked":["Bouncing Flask","Tactician"],"picked":"Blur","floor":10},{"not_picked":["PiercingWail","Masterful Stab"],"picked":"Dagger Spray","floor":11},{"not_picked":["Dodge and Roll","Tactician"],"picked":"Phantasmal Killer","floor":12},{"not_picked":["Outmaneuver","Dagger Throw","Deadly Poison"],"picked":"SKIP","floor":13},{"not_picked":["Envenom","Grand Finale"],"picked":"Corpse Explosion","floor":16},{"not_picked":["Flying Knee","Outmaneuver"],"picked":"Dagger Spray+1","floor":18},{"not_picked":["Poisoned Stab","Setup"],"picked":"Caltrops","floor":20},{"not_picked":["Dash+1","Expertise"],"picked":"Finisher","floor":22},{"not_picked":["Setup","Catalyst+1"],"picked":"Slice","floor":24},{"not_picked":["Acrobatics+1","PiercingWail"],"picked":"Caltrops","floor":28}],"player_experience":256023,"relics_obtained":[{"floor":9,"key":"Bronze Scales"},{"floor":10,"key":"Smiling Mask"},{"floor":13,"key":"Pear"},{"floor":24,"key":"Bottled Tornado"},{"floor":26,"key":"Gremlin Horn"}],"event_choices":[{"damage_healed":0,"gold_gain":0,"player_choice":"Take Damage","damage_taken":17,"relics_obtained":["Golden Idol"],"max_hp_gain":0,"max_hp_loss":0,"event_name":"Golden Idol","floor":4,"gold_loss":0},{"damage_healed":0,"gold_gain":0,"player_choice":"Leave","damage_taken":0,"max_hp_gain":0,"max_hp_loss":0,"event_name":"The Cleric","floor":5,"gold_loss":0},{"damage_healed":0,"gold_gain":0,"player_choice":"Bought 0 Potions","damage_taken":0,"max_hp_gain":0,"max_hp_loss":0,"event_name":"The Woman in Blue","floor":19,"gold_loss":0}],"is_beta":false,"boss_relics":[{"not_picked":["Snecko Eye","Astrolabe"],"picked":"WristBlade"}],"items_purged_floors":[],"is_endless":false,"potions_floor_spawned":[1,2,11,16,18,22],"killed_by":"Shelled Parasite and Fungi","ascension_level":2}}