{"host":"v1zz5dqrlq7zjvm7","time":1607617394,"event":{"mods":["BaseMod","StSLib","Colored Map","Colored Powertips","Friendly Minions","UnlockEverythingMod","Act Like it!","HololiveMod","Minty Spire (QoL Compilation)","Prisma Mod","The Servant 0.9.4","Waifu the Spire","Gensokyo"],"gold_per_floor":[86,86,86,106,126,126,154,169,169,200,217,217,248,262,262,348,348,372,391,413,427,446,446,469,479,549,588,588,601,601,601,601,695,695,717,733,748,760,1759,1759,1786,1786,1786,1786,1803,1666,1700,1723,1723,1725],"floor_reached":51,"playtime":2305,"items_purged":[],"score":1754,"play_id":"541fc32e-3818-46e8-996c-658e54789ef0","local_time":"20201211025314","is_ascension_mode":true,"campfire_choices":[{"data":"Hololive_CallTokinoSora","floor":6,"key":"SMITH"},{"data":"Hololive_CallSpadeEcho","floor":15,"key":"SMITH"},{"data":"Hololive_CallYuzukiChoco","floor":23,"key":"SMITH"},{"data":"Hololive_CallRoboco","floor":28,"key":"SMITH"},{"data":"Hololive_CallAZKi","floor":32,"key":"SMITH"},{"data":"Normality","floor":40,"key":"PURGE"},{"data":"Normality","floor":42,"key":"PURGE"},{"data":"Hololive_CallTsunomakiWatame","floor":44,"key":"SMITH"},{"data":"Hololive_CallFriendA","floor":49,"key":"SMITH"}],"circlet_count":0,"master_deck":["AscendersBane","Hololive_Strike","Hololive_OvertimeWork","Hololive_CallOkamiMio","Hololive_CallTokinoSora+1","Hololive_CallRoboco+1","Hololive_CallYuzukiChoco+1","Hololive_CallOkamiMio","Hololive_HighAtkLowDef","Hololive_CallShiranuiFlare","Hololive_Psychosis","Hololive_CallNatsuiroMatsuri","Hololive_DiamondStrike+1","Hololive_CocoNews+1","Hololive_CallShirakamiFubuki","Hololive_CallMurasakiShion","Hololive_CallSpadeEcho+1","Hololive_CallKiryuuCoco","Hololive_DDD","CurseOfTheBell","Hololive_CallInugamiKorone","Hololive_ASMR+1","Hololive_CallAmaneKanata","Hololive_CallCivia+1","Hololive_CocoNews+1","Hololive_CallRosalyn+1","Hololive_CallOzoraSubaru","Hololive_StarCraft","Hololive_CallAkaiHaato","Hololive_CallFriendA+1","Hololive_CallAZKi+1","Hololive_AWSL","Hololive_CallTsunomakiWatame+1","Hololive_CallTokoyamiTowa","Hololive_CallNekomataOkayu+1","Hololive_CallHoshimachiSuisei","Hololive_BringToTrial","Hololive_Yoholoon+1","Hololive_CallAZKi+1"],"relics":["Hololive_TheStar","Vajra","GremlinMask","Molten Egg 2","Pantograph","Singing Bowl","Smiling Mask","Mango","Calling Bell","Hololive_FriedShrimpLion","The Courier","FossilizedHelix","Peace Pipe","Runic Dome","Potion Belt","Letter Opener","Ginger"],"acts_visited":["Exordium","TheCity","TheBeyond"],"potions_floor_usage":[16,16,33,41,50,50],"damage_taken":[{"damage":0,"enemies":"Jaw Worm","floor":1,"turns":3},{"damage":0,"enemies":"Small Slimes","floor":4,"turns":3},{"damage":0,"enemies":"Cultist","floor":5,"turns":3},{"damage":0,"enemies":"Gremlin Nob","floor":7,"turns":4},{"damage":0,"enemies":"Exordium Wildlife","floor":8,"turns":4},{"damage":5,"enemies":"3 Sentries","floor":10,"turns":6},{"damage":7,"enemies":"Red Slaver","floor":11,"turns":2},{"damage":0,"enemies":"Gremlin Nob","floor":13,"turns":3},{"damage":7,"enemies":"Lots of Slimes","floor":14,"turns":4},{"damage":11,"enemies":"Hexaghost","floor":16,"turns":6},{"damage":0,"enemies":"Shell Parasite","floor":18,"turns":3},{"damage":5,"enemies":"2 Thieves","floor":19,"turns":4},{"damage":6,"enemies":"Chosen and Byrds","floor":20,"turns":5},{"damage":0,"enemies":"Cultist and Chosen","floor":21,"turns":3},{"damage":0,"enemies":"3 Cultists","floor":22,"turns":4},{"damage":0,"enemies":"Centurion and Healer","floor":24,"turns":4},{"damage":0,"enemies":"Snake Plant","floor":25,"turns":2},{"damage":0,"enemies":"Book of Stabbing","floor":27,"turns":3},{"damage":0,"enemies":"Cultist and Chosen","floor":29,"turns":4},{"damage":0,"enemies":"Champ","floor":33,"turns":7},{"damage":13,"enemies":"3 Shapes","floor":35,"turns":5},{"damage":0,"enemies":"Orb Walker","floor":36,"turns":3},{"damage":0,"enemies":"3 Darklings","floor":37,"turns":6},{"damage":0,"enemies":"4 Shapes","floor":38,"turns":4},{"damage":0,"enemies":"Reptomancer","floor":41,"turns":4},{"damage":0,"enemies":"Jaw Worm Horde","floor":45,"turns":3},{"damage":0,"enemies":"Giant Head","floor":47,"turns":5},{"damage":0,"enemies":"Maw","floor":48,"turns":4},{"damage":20,"enemies":"Donu and Deca","floor":50,"turns":10}],"seed_played":"2170883791358746305","potions_obtained":[{"floor":1,"key":"LiquidBronze"},{"floor":7,"key":"Regen Potion"},{"floor":20,"key":"PowerPotion"},{"floor":22,"key":"DuplicationPotion"},{"floor":27,"key":"DistilledChaos"},{"floor":33,"key":"Regen Potion"},{"floor":36,"key":"Block Potion"},{"floor":38,"key":"DistilledChaos"},{"floor":47,"key":"FairyPotion"}],"is_trial":false,"path_per_floor":["M","?","?","M","M","R","E","M","T","E","M","?","E","M","R","B",null,"M","M","M","M","M","R","M","M","T","E","R","M","?","?","R","B",null,"M","M","M","M","?","R","E","R","T","R","M","$","E","M","R","B",null],"character_chosen":"Hololive_HololiveCharacter","items_purchased":["EssenceOfSteel","PowerPotion","Hololive_BringToTrial"],"campfire_rested":0,"item_purchase_floors":[46,46,46],"current_hp_per_floor":[27,27,27,27,27,27,27,27,27,22,15,15,29,22,22,44,44,44,39,33,33,33,33,33,33,33,33,33,33,33,33,33,44,44,32,35,36,37,37,37,40,40,40,40,41,41,42,43,43,37],"gold":1725,"neow_bonus":"ONE_RANDOM_RARE_CARD","is_daily":false,"chose_seed":false,"campfire_upgraded":7,"win_rate":0,"timestamp":1607617394,"path_taken":["M","?","?","M","M","R","E","?","T","E","M","?","E","?","R","BOSS","M","M","M","M","M","R","?","M","T","E","R","M","?","?","R","BOSS","M","M","M","M","?","R","E","R","T","R","M","$","E","M","R","BOSS"],"build_version":"2020-11-30","purchased_purges":0,"victory":true,"max_hp_per_floor":[30,30,30,30,30,30,30,30,30,30,30,30,44,44,44,44,44,44,44,44,44,44,44,44,44,44,44,44,44,44,44,44,44,44,45,48,49,50,50,50,53,53,53,53,54,54,55,56,56,57],"card_choices":[{"not_picked":["Hololive_Psychosis","Hololive_FlyingPonyTail","Hololive_Sequa"],"picked":"Hololive_CallShiranuiFlare","floor":1},{"not_picked":["Hololive_LuckPotion","Hololive_HuntDinosaur","Hololive_Rebound"],"picked":"Hololive_Psychosis","floor":4},{"not_picked":["Hololive_RevenueBasedLive","Hololive_Trident","Hololive_SoulCatcher"],"picked":"Hololive_CallNatsuiroMatsuri","floor":5},{"not_picked":["Hololive_Psychosis+1","Hololive_RevenueBasedLive","Hololive_Rebound"],"picked":"Hololive_DiamondStrike+1","floor":7},{"not_picked":["Hololive_Psychosis+1","Hololive_HuntDinosaur","Hololive_RevenueBasedLive"],"picked":"Hololive_CocoNews+1","floor":8},{"not_picked":["Hololive_CallOzoraSubaru","Hololive_CallInugamiKorone","Hololive_CallRoboco"],"picked":"Hololive_CallShirakamiFubuki","floor":10},{"not_picked":["Hololive_OvertimeWork+1","Hololive_Trident+1","Hololive_CallSpadeEcho"],"picked":"Hololive_CallMurasakiShion","floor":11},{"not_picked":["Hololive_OvertimeWork+1","Hololive_Breathe","Hololive_CallYogiri"],"picked":"Hololive_CallSpadeEcho","floor":13},{"not_picked":["Hololive_LuckPotion","Hololive_Breathe","Hololive_HuntDinosaur"],"picked":"Hololive_CallKiryuuCoco","floor":14},{"not_picked":["Hololive_ScarfAndHalo+1","Hololive_Nanodesu+1","Hololive_HighAtkLowDef"],"picked":"Hololive_DDD","floor":16},{"not_picked":["Hololive_Psychosis+1","Hololive_Trident+1","Hololive_CallShirakamiFubuki"],"picked":"Hololive_CallInugamiKorone","floor":18},{"not_picked":["Hololive_Trident+1","Hololive_Drill+1","Hololive_OvertimeWork+1"],"picked":"Hololive_ASMR+1","floor":19},{"not_picked":["Hololive_CallTokinoSora","Hololive_Rebound","Hololive_CocoNews+1"],"picked":"Hololive_CallAmaneKanata","floor":20},{"not_picked":["Hololive_CallAkiRosenthal+1","Hololive_HuntDinosaur","Hololive_CallSakuraMiko"],"picked":"Hololive_CallCivia+1","floor":21},{"not_picked":["Hololive_Breathe+1","Hololive_Drill+1","Hololive_RevenueBasedLive"],"picked":"Hololive_CocoNews+1","floor":22},{"not_picked":["Hololive_CallShirakamiFubuki","Hololive_StrengthChampion+1","Hololive_Trident+1"],"picked":"Hololive_CallRosalyn+1","floor":24},{"not_picked":["Hololive_CallAkaiHaato","Hololive_CallAyundaRisu","Hololive_CallInugamiKorone"],"picked":"Hololive_CallOzoraSubaru","floor":25},{"not_picked":["Hololive_RevenueBasedLive","Hololive_Rebound","Hololive_HuntDinosaur"],"picked":"Hololive_StarCraft","floor":27},{"not_picked":["Hololive_OvertimeWork+1","Hololive_Yoholoon+1","Hololive_Sequa+1"],"picked":"Hololive_CallAkaiHaato","floor":29},{"not_picked":["Hololive_ScarfAndHalo+1","Hololive_WolfAndLamb","Hololive_Nanodesu+1"],"picked":"Hololive_AWSL","floor":33},{"not_picked":["Hololive_HuntDinosaur+1","Hololive_StrengthChampion+1","Hololive_OvertimeWork+1"],"picked":"Hololive_CallTsunomakiWatame","floor":35},{"not_picked":["Hololive_CocoNews+1","Hololive_Rebound","Hololive_FlyingPonyTail","Hololive_RevenueBasedLive+1"],"picked":"Singing Bowl","floor":36},{"not_picked":["Hololive_HuntDinosaur","Hololive_RevenueBasedLive","Hololive_OpenUp+1"],"picked":"Hololive_CallTokoyamiTowa","floor":37},{"not_picked":["Hololive_Breathe","Hololive_Psychosis+1","Hololive_RevenueBasedLive"],"picked":"Hololive_CallNekomataOkayu+1","floor":38},{"not_picked":["Hololive_OvertimeWork+1","Hololive_Psychosis+1","Hololive_Sequa+1","Hololive_HuntDinosaur"],"picked":"Singing Bowl","floor":41},{"not_picked":["Hololive_OvertimeWork+1","Hololive_CallNekomataOkayu+1","Hololive_LuckPotion"],"picked":"Hololive_CallHoshimachiSuisei","floor":45},{"not_picked":["Hololive_CallAZKi+1","Hololive_ILoveYou+1","Hololive_ASMR+1"],"picked":"Hololive_Yoholoon+1","floor":47},{"not_picked":["Hololive_Sequa+1","Hololive_Trident+1","Hololive_OvertimeWork+1"],"picked":"Hololive_CallAZKi+1","floor":48}],"player_experience":149922,"relics_obtained":[{"floor":7,"key":"Molten Egg 2"},{"floor":9,"key":"Pantograph"},{"floor":10,"key":"Singing Bowl"},{"floor":13,"key":"Mango"},{"floor":17,"key":"Hololive_FriedShrimpLion"},{"floor":17,"key":"The Courier"},{"floor":17,"key":"FossilizedHelix"},{"floor":27,"key":"Peace Pipe"},{"floor":41,"key":"Potion Belt"},{"floor":43,"key":"Letter Opener"},{"floor":47,"key":"Ginger"}],"event_choices":[{"damage_healed":0,"gold_gain":0,"player_choice":"Box","damage_taken":0,"relics_obtained":["Vajra"],"max_hp_gain":0,"max_hp_loss":0,"event_name":"Big Fish","floor":2,"gold_loss":0,"cards_obtained":["Regret"]},{"damage_healed":0,"gold_gain":0,"player_choice":"Trade","damage_taken":0,"relics_obtained":["GremlinMask"],"max_hp_gain":0,"max_hp_loss":0,"event_name":"FaceTrader","floor":3,"gold_loss":0},{"cards_removed":["Hololive_Defend"],"damage_healed":0,"gold_gain":0,"player_choice":"Gave Card","damage_taken":0,"relics_obtained":["Smiling Mask"],"max_hp_gain":0,"max_hp_loss":0,"event_name":"WeMeetAgain","floor":12,"gold_loss":0},{"cards_removed":["Regret"],"damage_healed":0,"gold_gain":0,"player_choice":"Elegance","damage_taken":0,"max_hp_gain":0,"max_hp_loss":0,"event_name":"Back to Basics","floor":30,"gold_loss":0},{"damage_healed":0,"gold_gain":0,"cards_transformed":["Hololive_Strike","Hololive_Defend"],"player_choice":"Became Test Subject","damage_taken":0,"max_hp_gain":0,"max_hp_loss":0,"event_name":"Drug Dealer","floor":31,"gold_loss":0,"cards_obtained":["Hololive_CallFriendA","Hololive_CallAZKi"]},{"damage_healed":0,"gold_gain":999,"player_choice":"Gold","damage_taken":0,"max_hp_gain":0,"max_hp_loss":0,"event_name":"MindBloom","floor":39,"gold_loss":0,"cards_obtained":["Normality","Normality"]}],"is_beta":false,"boss_relics":[{"not_picked":["Ectoplasm","Hololive_Finger"],"picked":"Calling Bell"},{"not_picked":["SacredBark","Empty Cage"],"picked":"Runic Dome"}],"items_purged_floors":[],"is_endless":false,"potions_floor_spawned":[1,7,11,13,20,22,27,33,36,38,47],"ascension_level":16}}