{"host":"3a1sbpq1iuwiesnh","time":1607601076,"event":{"gold_per_floor":[15,26,36,36,56,56,88,88,88,107,107,119,135,10,10,84,84,96,110,160,160,180,180,180,180,205,217,232,39,39,39,39],"floor_reached":31,"playtime":1033,"items_purged":["Strike_G","Strike_G"],"score":478,"play_id":"1801870b-7764-4390-bb04-41e5e044c462","local_time":"20201210205116","is_ascension_mode":true,"campfire_choices":[{"data":"Prepared","floor":6.0,"key":"SMITH"},{"data":"Eviscerate","floor":8.0,"key":"SMITH"},{"data":"Acrobatics","floor":15.0,"key":"SMITH"},{"floor":23.0,"key":"REST"},{"data":"Acrobatics","floor":25.0,"key":"SMITH"}],"neow_cost":"NO_GOLD","seed_source_timestamp":18797718496600,"circlet_count":0,"master_deck":["AscendersBane","Strike_G+1","Strike_G+1","Defend_G","Defend_G","Defend_G","Defend_G","Survivor","Neutralize","Quick Slash","Eviscerate+1","Tactician","Prepared+1","Dagger Throw","Quick Slash","Underhanded Strike","Acrobatics+1","Acrobatics+1","Reflex"],"special_seed":0,"relics":["Ring of the Snake","Incense Burner","Whetstone","Centennial Puzzle","Runic Dome","Oddly Smooth Stone"],"potions_floor_usage":[27,31],"damage_taken":[{"damage":17.0,"enemies":"Cultist","floor":1.0,"turns":6.0},{"damage":0.0,"enemies":"2 Louse","floor":2.0,"turns":3.0},{"damage":4.0,"enemies":"Jaw Worm","floor":3.0,"turns":5.0},{"damage":16.0,"enemies":"Large Slime","floor":5.0,"turns":7.0},{"damage":7.0,"enemies":"Gremlin Nob","floor":7.0,"turns":4.0},{"damage":0.0,"enemies":"Looter","floor":10.0,"turns":1.0},{"damage":2.0,"enemies":"3 Louse","floor":12.0,"turns":3.0},{"damage":1.0,"enemies":"Blue Slaver","floor":13.0,"turns":2.0},{"damage":18.0,"enemies":"The Guardian","floor":16.0,"turns":12.0},{"damage":19.0,"enemies":"Chosen","floor":18.0,"turns":4.0},{"damage":6.0,"enemies":"2 Thieves","floor":19.0,"turns":3.0},{"damage":9.0,"enemies":"Snake Plant","floor":22.0,"turns":3.0},{"damage":0,"enemies":"Sentry and Sphere","floor":27,"turns":3},{"damage":24,"enemies":"Cultist and Chosen","floor":28,"turns":4},{"damage":8,"enemies":"Snake Plant","floor":31,"turns":2}],"seed_played":"6528550619699694507","potions_obtained":[{"floor":3.0,"key":"PowerPotion"},{"floor":7.0,"key":"SkillPotion"},{"floor":10.0,"key":"BlessingOfTheForge"},{"floor":12.0,"key":"Energy Potion"},{"floor":22.0,"key":"Regen Potion"},{"floor":28,"key":"SkillPotion"}],"is_trial":false,"path_per_floor":["M","M","M","?","M","R","E","R","T","M","?","M","M","$","R","B",null,"M","M","?","?","M","R","?","R","T","M","M","$","?","M"],"character_chosen":"THE_SILENT","items_purchased":["Acrobatics","Reflex","Dexterity Potion"],"campfire_rested":1,"item_purchase_floors":[14,29,29],"current_hp_per_floor":[42,42,38,60,44,44,37,37,37,37,37,35,34,34,34,16,54,35,29,29,11,2,23,23,23,23,32,8,8,8,0,0],"gold":39,"neow_bonus":"ONE_RARE_RELIC","is_prod":false,"is_daily":false,"chose_seed":false,"campfire_upgraded":4,"win_rate":0,"timestamp":1607601076,"path_taken":["M","M","M","?","M","R","E","R","T","M","?","M","M","$","R","BOSS","M","?","?","?","M","R","?","R","T","M","M","$","?","M"],"build_version":"2020-11-30","purchased_purges":2,"victory":false,"max_hp_per_floor":[66,66,66,66,66,66,66,66,66,66,66,66,66,66,66,66,66,66,66,66,71,71,71,71,71,71,71,71,71,71,71,71],"relic_stats":{"Centennial Puzzle":[24],"counters":[15,62],"Whetstone":["Strike_G","Strike_G"],"obtain_stats":[{"Runic Dome":17,"Centennial Puzzle":9,"Oddly Smooth Stone":26,"Incense Burner":0,"Whetstone":7,"Ring of the Snake":0},{"Runic Dome":9,"Centennial Puzzle":5,"Oddly Smooth Stone":12,"Incense Burner":0,"Whetstone":5,"Ring of the Snake":0},{"Runic Dome":43,"Centennial Puzzle":25,"Oddly Smooth Stone":53,"Incense Burner":0,"Whetstone":25,"Ring of the Snake":0}],"Ring of the Snake":[30]},"card_choices":[{"not_picked":["PiercingWail","Finisher"],"picked":"Quick Slash","floor":1.0},{"not_picked":["Escape Plan","Dash"],"picked":"Eviscerate","floor":2.0},{"not_picked":["Dagger Throw","Flying Knee"],"picked":"Tactician","floor":3.0},{"not_picked":["Poisoned Stab","Backflip"],"picked":"Prepared","floor":5.0},{"not_picked":["Distraction","Endless Agony","Riddle With Holes"],"picked":"SKIP","floor":7.0},{"not_picked":["Bane","Sucker Punch"],"picked":"Dagger Throw","floor":10.0},{"not_picked":["Dodge and Roll","Setup","Outmaneuver"],"picked":"SKIP","floor":12.0},{"not_picked":["Blur","Deadly Poison"],"picked":"Underhanded Strike","floor":13.0},{"not_picked":["Deflect","Expertise"],"picked":"Acrobatics","floor":18.0},{"not_picked":["Deadly Poison","Underhanded Strike","Dagger Spray"],"picked":"SKIP","floor":19.0},{"not_picked":["Blade Dance","Concentrate","Cloak And Dagger"],"picked":"SKIP","floor":22.0},{"not_picked":["Bouncing Flask","Unload","Caltrops"],"picked":"SKIP","floor":27},{"not_picked":["Acrobatics","Caltrops","Poisoned Stab"],"picked":"SKIP","floor":28}],"player_experience":542285,"relics_obtained":[{"floor":7.0,"key":"Whetstone"},{"floor":9.0,"key":"Centennial Puzzle"},{"floor":26.0,"key":"Oddly Smooth Stone"}],"event_choices":[{"damage_healed":22.0,"max_hp_gain":0.0,"max_hp_loss":0.0,"gold_gain":0.0,"event_name":"Big Fish","player_choice":"Banana","floor":4.0,"gold_loss":0.0,"damage_taken":0.0},{"damage_healed":0.0,"max_hp_gain":0.0,"max_hp_loss":0.0,"gold_gain":0.0,"cards_transformed":["Strike_G"],"event_name":"Transmorgrifier","player_choice":"Transformed","floor":11.0,"gold_loss":0.0,"damage_taken":0.0,"cards_obtained":["Quick Slash"]},{"damage_healed":0.0,"max_hp_gain":0.0,"max_hp_loss":0.0,"gold_gain":50.0,"event_name":"Nest","player_choice":"Stole From Cult","floor":20.0,"gold_loss":0.0,"damage_taken":0.0},{"damage_healed":0.0,"max_hp_gain":5.0,"max_hp_loss":0.0,"gold_gain":0.0,"event_name":"Forgotten Altar","player_choice":"Shed Blood","floor":21.0,"gold_loss":0.0,"damage_taken":23.0},{"cards_removed":["Defend_G"],"damage_healed":0.0,"max_hp_gain":0.0,"max_hp_loss":0.0,"gold_gain":0.0,"event_name":"Back to Basics","player_choice":"Elegance","floor":24.0,"gold_loss":0.0,"damage_taken":0.0},{"damage_healed":0,"gold_gain":0,"player_choice":"Ignored","damage_taken":0,"max_hp_gain":0,"max_hp_loss":0,"event_name":"The Mausoleum","floor":30,"gold_loss":0}],"is_beta":false,"boss_relics":[{"not_picked":["Ectoplasm","Calling Bell"],"picked":"Runic Dome"}],"items_purged_floors":[14,29],"is_endless":false,"potions_floor_spawned":[3,7,10,12,22,28],"killed_by":"Snake Plant","ascension_level":20}}