{"host":"xpk7f5wncxr280f7","time":1607593041,"event":{"gold_per_floor":[111,111,111,61,77,111,136,150,150,150,167,186,186,206,206,311,311,325,325,345,363,381,381,416,416,416],"floor_reached":25,"playtime":1111,"items_purged":[],"score":248,"play_id":"df69d428-4fa0-4879-9c35-c1037e57a3e7","local_time":"20201210013721","is_ascension_mode":true,"campfire_choices":[{"floor":10.0,"key":"REST"},{"data":"Limit Break","floor":13,"key":"SMITH"},{"floor":15,"key":"REST"},{"floor":23,"key":"REST"}],"neow_cost":"NONE","seed_source_timestamp":488917315700,"circlet_count":0,"master_deck":["Strike_R","Strike_R","Strike_R","Defend_R","Defend_R","Defend_R","Defend_R","Bash","Thunderclap","Pommel Strike","theWildCard:Metatron","Sword Boomerang","Limit Break+1","Inflame","Disarm","Pummel","Headbutt","Sword Boomerang+1","Exhume","Iron Wave"],"special_seed":0,"relics":["Burning Blood","hubris:IronBody","hubris:Reverence","hubris:TerracottaHorce","FossilizedHelix"],"potions_floor_usage":[16,16,21,21],"damage_taken":[{"damage":1.0,"enemies":"Cultist","floor":1.0,"turns":4.0},{"damage":0.0,"enemies":"Small Slimes","floor":5.0,"turns":2.0},{"damage":62.0,"enemies":"Lagavulin","floor":6.0,"turns":7.0},{"damage":4.0,"enemies":"Jaw Worm","floor":8.0,"turns":5.0},{"damage":10.0,"enemies":"3 Louse","floor":11.0,"turns":3.0},{"damage":10,"enemies":"2 Fungi Beasts","floor":12,"turns":3},{"damage":13,"enemies":"Looter","floor":14,"turns":3},{"damage":3,"enemies":"Hexaghost","floor":16,"turns":11},{"damage":4,"enemies":"3 Byrds","floor":18,"turns":4},{"damage":0,"enemies":"Chosen","floor":20,"turns":4},{"damage":47,"enemies":"Shelled Parasite and Fungi","floor":21,"turns":5},{"damage":41,"enemies":"Snecko","floor":22,"turns":6},{"damage":30,"enemies":"Slavers","floor":24,"turns":2},{"damage":7,"enemies":"Cultist and Chosen","floor":25,"turns":4}],"seed_played":"-674922186270179628","potions_obtained":[{"floor":5.0,"key":"Fruit Juice"},{"floor":12,"key":"GamblersBrew"},{"floor":14,"key":"SpeedPotion"},{"floor":20,"key":"BlessingOfTheForge"},{"floor":22,"key":"SpeedPotion"}],"is_trial":false,"path_per_floor":["M","?","$","?","M","E","T","M","T","R","M","M","R","M","R","B",null,"M","?","M","M","M","R","E","M"],"character_chosen":"IRONCLAD","items_purchased":[],"campfire_rested":3,"item_purchase_floors":[],"current_hp_per_floor":[80,80,80,80,80,24,24,26,26,50,46,42,42,35,59,62,76,78,78,80,44,9,34,10,3,3],"gold":416,"neow_bonus":"TRANSFORM_CARD","is_prod":false,"is_daily":false,"chose_seed":false,"campfire_upgraded":1,"win_rate":0,"timestamp":1607593041,"path_taken":["M","?","$","?","M","E","?","M","T","R","M","M","R","M","R","BOSS","M","?","M","M","M","R","E","M"],"build_version":"2020-11-30","purchased_purges":0,"victory":false,"max_hp_per_floor":[80,80,80,80,80,80,80,80,80,80,80,80,80,80,80,80,80,80,80,80,85,85,85,85,85,85],"relic_stats":{"counters":[14,63],"obtain_stats":[{"hubris:IronBody":6,"Burning Blood":0,"FossilizedHelix":24,"hubris:Reverence":9,"hubris:TerracottaHorce":17},{"hubris:IronBody":3,"Burning Blood":0,"FossilizedHelix":13,"hubris:Reverence":4,"hubris:TerracottaHorce":8},{"hubris:IronBody":13,"Burning Blood":0,"FossilizedHelix":59,"hubris:Reverence":18,"hubris:TerracottaHorce":38}],"Burning Blood":63},"card_choices":[{"not_picked":["Anger","Headbutt"],"picked":"Pommel Strike","floor":1.0},{"not_picked":["Intimidate","Thunderclap"],"picked":"Sword Boomerang","floor":5.0},{"not_picked":["Sentinel","Thunderclap"],"picked":"Limit Break","floor":6.0},{"not_picked":["hubris:ReadiedAction","Seeing Red"],"picked":"Inflame","floor":8.0},{"not_picked":["Flex","Clash"],"picked":"Disarm","floor":11.0},{"not_picked":["Cleave","True Grit","Hemokinesis"],"picked":"SKIP","floor":12},{"not_picked":["Seeing Red","Twin Strike"],"picked":"Pummel","floor":14},{"not_picked":["Armaments+1","Sever Soul"],"picked":"Headbutt","floor":18},{"not_picked":["Power Through","Clothesline"],"picked":"Sword Boomerang+1","floor":20},{"not_picked":["hubris:ReadiedAction+1","Havoc","Combust"],"picked":"SKIP","floor":21},{"not_picked":["Sever Soul","Rupture"],"picked":"Exhume","floor":22},{"not_picked":["Body Slam+1","Flex"],"picked":"Iron Wave","floor":24}],"player_experience":355169,"relics_obtained":[{"floor":6.0,"key":"hubris:IronBody"},{"floor":9.0,"key":"hubris:Reverence"},{"floor":24,"key":"FossilizedHelix"}],"event_choices":[{"cards_removed":["Strike_R"],"damage_healed":0.0,"max_hp_gain":0.0,"max_hp_loss":0.0,"gold_gain":0.0,"event_name":"The Cleric","player_choice":"Card Removal","floor":4.0,"gold_loss":50.0,"damage_taken":0.0},{"damage_healed":0,"gold_gain":0,"player_choice":"Ignored","damage_taken":0,"max_hp_gain":0,"max_hp_loss":0,"event_name":"Cursed Tome","floor":19,"gold_loss":0}],"is_beta":false,"boss_relics":[{"not_picked":["hubris:GrandSneckoEye","Cursed Key"],"picked":"hubris:TerracottaHorce"}],"items_purged_floors":[],"is_endless":false,"potions_floor_spawned":[5,12,14,20,22],"killed_by":"Cultist and Chosen","ascension_level":2}}