{"host":"am0cr9xwekqmrere","time":1607569332,"event":{"gold_per_floor":[118,180,200,200,7,37,37,57,83,1,1,11,11,46,46,141,141,152,152,167,167,16,16,42,42,42,52,69,69,89,119,119,217,217,235,235,245,258,46,46,46],"floor_reached":40,"playtime":2095,"items_purged":[],"score":667,"play_id":"a952bb6b-558b-40bd-bce6-2d1cc88f508a","local_time":"20201209210212","is_ascension_mode":true,"campfire_choices":[{"data":"RobotSpaceExplorer:Fix","floor":7,"key":"SMITH"},{"floor":13,"key":"REST"},{"data":"RobotSpaceExplorer:MiniBoosters","floor":15,"key":"SMITH"},{"floor":23,"key":"REST"},{"floor":25,"key":"REST"},{"floor":32,"key":"REST"}],"neow_cost":"","seed_source_timestamp":54772194642300,"circlet_count":0,"master_deck":["RobotSpaceExplorer:Strike+1","RobotSpaceExplorer:Strike+1","RobotSpaceExplorer:Strike+1","RobotSpaceExplorer:Defend+1","RobotSpaceExplorer:Defend+1","RobotSpaceExplorer:Defend+1","RobotSpaceExplorer:Defend+1","RobotSpaceExplorer:Scan","RobotSpaceExplorer:MiniLasers","RobotSpaceExplorer:LaserBurst","RobotSpaceExplorer:RigExplosive+1","RobotSpaceExplorer:Blitz","RobotSpaceExplorer:Probe","RobotSpaceExplorer:SurgingShield","RobotSpaceExplorer:Pulsar","RobotSpaceExplorer:BigMissile","RobotSpaceExplorer:Pulsar","RobotSpaceExplorer:Fix+1","RobotSpaceExplorer:MiniBoosters+1","RobotSpaceExplorer:PowerCollector","RobotSpaceExplorer:SurgingStrike","RobotSpaceExplorer:GlueSpray","RobotSpaceExplorer:BigMissile","RobotSpaceExplorer:DualCore","RobotSpaceExplorer:ShockMissile","RobotSpaceExplorer:Ammunition","RobotSpaceExplorer:SurgingStrike","RobotSpaceExplorer:FreezeRay","RobotSpaceExplorer:SurgingShield","RobotSpaceExplorer:StunGrenade","RobotSpaceExplorer:GlueShot+1","RobotSpaceExplorer:PowerGlove","RobotSpaceExplorer:RigExplosive","infinitespire:Oblivion","infinitespire:Fortify","RobotSpaceExplorer:MiniDrones","RobotSpaceExplorer:GearShield","RobotSpaceExplorer:Exploration","RobotSpaceExplorer:FrostMissile","RobotSpaceExplorer:PowerGlove","RobotSpaceExplorer:PowerCollector","Injury"],"relics":["RobotSpaceExplorer:RoboCore","conspire:InfiniteJournal","Lee\u0027s Waffle","War Paint","Chemical X","Strawberry","Nunchaku","Meat on the Bone","SacredBark","Nilry\u0027s Codex","Orichalcum","RobotSpaceExplorer:ToughPlating","RobotSpaceExplorer:SearchSpecs","hubris:Reverence","Cursed Key","hubris:CuriousFeather","OrangePellets","ClockworkSouvenir"],"potions_floor_usage":[1,6,6,12,12,14,16,18,18,20,24,27,27,28,28,30,31,31,33,33,33,35,37,38],"damage_taken":[{"damage":0,"enemies":"Small Slimes","floor":1,"turns":2},{"damage":0,"enemies":"conspire:RoseBush","floor":3,"turns":3},{"damage":15,"enemies":"3 Sentries","floor":6,"turns":8},{"damage":0,"enemies":"infinitespire:Voidling","floor":8,"turns":4},{"damage":6,"enemies":"Lots of Slimes","floor":12,"turns":3},{"damage":14,"enemies":"Gremlin Nob","floor":14,"turns":3},{"damage":15,"enemies":"Hexaghost","floor":16,"turns":11},{"damage":7,"enemies":"conspire:FuzzyDice","floor":18,"turns":6},{"damage":10,"enemies":"Shell Parasite","floor":20,"turns":2},{"damage":54,"enemies":"Slavers","floor":24,"turns":7},{"damage":12,"enemies":"Shelled Parasite and Fungi","floor":27,"turns":6},{"damage":0,"enemies":"Snecko","floor":28,"turns":5},{"damage":21,"enemies":"Centurion and Healer","floor":30,"turns":7},{"damage":20,"enemies":"Gremlin Leader","floor":31,"turns":5},{"damage":21,"enemies":"hubris:MusketHawk","floor":33,"turns":8},{"damage":22,"enemies":"3 Shapes","floor":35,"turns":6},{"damage":0,"enemies":"Orb Walker","floor":37,"turns":2},{"damage":55,"enemies":"Transient","floor":38,"turns":5},{"damage":31,"enemies":"Nightmare","floor":40,"turns":5}],"seed_played":"136133757819327481","potions_obtained":[{"floor":3,"key":"RobotSpaceExplorer:RecyclePotion"},{"floor":8,"key":"Explosive Potion"},{"floor":16,"key":"Weak Potion"},{"floor":18,"key":"Weak Potion"},{"floor":24,"key":"BlessingOfTheForge"},{"floor":27,"key":"SkillPotion"},{"floor":31,"key":"BlessingOfTheForge"},{"floor":35,"key":"SteroidPotion"}],"is_trial":false,"path_per_floor":["M","?","M","?","$","E","R","M","T","$","?","M","R","E","R","B",null,"M","?","M","?","$","R","E","R","T","M","M","AVR","M","E","R","B",null,"M","AVR","M","M","$","NM"],"character_chosen":"RobotSpaceExplorer","items_purchased":["RobotSpaceExplorer:LaserBurst","RobotSpaceExplorer:RigExplosive","Lee\u0027s Waffle","RobotSpaceExplorer:Blitz","RobotSpaceExplorer:Probe","War Paint","RobotSpaceExplorer:SurgingShield","Chemical X","RobotSpaceExplorer:Pulsar","RobotSpaceExplorer:PowerCollector","RobotSpaceExplorer:SurgingStrike","RobotSpaceExplorer:FreezeRay","RobotSpaceExplorer:SurgingShield","RobotSpaceExplorer:StunGrenade","OrangePellets","ClockworkSouvenir"],"campfire_rested":4,"item_purchase_floors":[0,0,0,0,0,0,0,5,5,10,10,22,22,22,39,39],"current_hp_per_floor":[82,82,82,82,82,74,74,80,80,80,80,80,89,75,75,66,89,82,66,56,56,56,82,46,72,72,60,66,66,51,49,75,54,89,67,67,67,24,24,0,0],"gold":46,"neow_bonus":"","is_prod":false,"is_daily":false,"chose_seed":false,"campfire_upgraded":2,"win_rate":0,"timestamp":1607569332,"path_taken":["M","?","M","?","$","E","R","?","T","?","?","M","R","E","R","BOSS","M","?","M","?","?","R","E","R","T","M","M","AVR","M","E","R","BOSS","M","AVR","M","M","$","NM"],"build_version":"2020-11-30","purchased_purges":0,"victory":false,"max_hp_per_floor":[82,82,82,82,82,89,89,89,89,89,89,89,89,89,89,89,89,89,89,89,89,89,89,89,89,89,89,89,89,89,89,89,89,89,89,89,89,89,89,89,89],"card_choices":[{"not_picked":["RobotSpaceExplorer:Electropulse","RobotSpaceExplorer:SwiftStep"],"picked":"RobotSpaceExplorer:Pulsar","floor":1},{"not_picked":["RobotSpaceExplorer:SwiftStep","RobotSpaceExplorer:SlimeMissile"],"picked":"RobotSpaceExplorer:BigMissile","floor":3},{"not_picked":["RobotSpaceExplorer:SurgingShield","RobotSpaceExplorer:JunkDive"],"picked":"RobotSpaceExplorer:Fix","floor":6},{"not_picked":["RobotSpaceExplorer:PowerGlove","RobotSpaceExplorer:Blaster"],"picked":"RobotSpaceExplorer:MiniBoosters","floor":8},{"not_picked":["RobotSpaceExplorer:SelfCleaning","RobotSpaceExplorer:JunkDive"],"picked":"RobotSpaceExplorer:BigMissile","floor":12},{"not_picked":["RobotSpaceExplorer:SlimeMissile","RobotSpaceExplorer:Counterblock"],"picked":"RobotSpaceExplorer:DualCore","floor":14},{"not_picked":["RobotSpaceExplorer:Asteroid","RobotSpaceExplorer:Multitool"],"picked":"RobotSpaceExplorer:ShockMissile","floor":16},{"not_picked":["RobotSpaceExplorer:SurgingStrike","RobotSpaceExplorer:SwiftStep+1"],"picked":"RobotSpaceExplorer:Ammunition","floor":18},{"not_picked":["RobotSpaceExplorer:Probe","RobotSpaceExplorer:SlimeMissile"],"picked":"RobotSpaceExplorer:SurgingStrike","floor":20},{"not_picked":["RobotSpaceExplorer:Electropulse","RobotSpaceExplorer:StunGrenade"],"picked":"RobotSpaceExplorer:GlueShot+1","floor":24},{"not_picked":["RobotSpaceExplorer:HighVoltage","RobotSpaceExplorer:Electroshield"],"picked":"RobotSpaceExplorer:PowerGlove","floor":27},{"not_picked":["RobotSpaceExplorer:GearShield","RobotSpaceExplorer:Counterblock+1"],"picked":"RobotSpaceExplorer:RigExplosive","floor":28},{"not_picked":["RobotSpaceExplorer:Probe","RobotSpaceExplorer:TurboDodge"],"picked":"RobotSpaceExplorer:MiniDrones","floor":30},{"not_picked":["RobotSpaceExplorer:SlimeMissile","RobotSpaceExplorer:MiniBoosters"],"picked":"RobotSpaceExplorer:GearShield","floor":31},{"not_picked":["RobotSpaceExplorer:Blaster","RobotSpaceExplorer:ShockMissile"],"picked":"RobotSpaceExplorer:Exploration","floor":33},{"not_picked":["RobotSpaceExplorer:SelfCleaning+1","RobotSpaceExplorer:FranticSearch"],"picked":"RobotSpaceExplorer:FrostMissile","floor":35},{"not_picked":["RobotSpaceExplorer:BigMissile","RobotSpaceExplorer:SurgingShield"],"picked":"RobotSpaceExplorer:PowerGlove","floor":37},{"not_picked":["RobotSpaceExplorer:BigMissile+1","RobotSpaceExplorer:PowerGlove"],"picked":"RobotSpaceExplorer:PowerCollector","floor":38}],"player_experience":2339388,"relics_obtained":[{"floor":6,"key":"Strawberry"},{"floor":9,"key":"Nunchaku"},{"floor":14,"key":"Meat on the Bone"},{"floor":19,"key":"Nilry\u0027s Codex"},{"floor":24,"key":"Orichalcum"},{"floor":26,"key":"RobotSpaceExplorer:ToughPlating"},{"floor":31,"key":"hubris:Reverence"}],"event_choices":[{"damage_healed":0,"gold_gain":62,"player_choice":"Gained Gold","damage_taken":0,"max_hp_gain":0,"max_hp_loss":0,"event_name":"Golden Wing","floor":2,"gold_loss":0},{"cards_removed":["RobotSpaceExplorer:Strike"],"damage_healed":0,"gold_gain":0,"player_choice":"Offered Basic","damage_taken":0,"max_hp_gain":0,"max_hp_loss":0,"event_name":"Bonfire Elementals","floor":4,"gold_loss":0},{"damage_healed":0,"gold_gain":0,"player_choice":"Obtained Book","damage_taken":16,"max_hp_gain":0,"max_hp_loss":0,"event_name":"Cursed Tome","floor":19,"gold_loss":0},{"damage_healed":0,"gold_gain":0,"player_choice":"Simplicity","damage_taken":0,"max_hp_gain":0,"max_hp_loss":6,"event_name":"betterThird:BetterWriting","floor":21,"gold_loss":0}],"is_beta":false,"boss_relics":[{"not_picked":["Black Star","Runic Dome"],"picked":"SacredBark"},{"not_picked":["infinitespire:Cupcake","Snecko Eye"],"picked":"Cursed Key"}],"items_purged_floors":[],"is_endless":false,"potions_floor_spawned":[3,8,16,18,24,27,31,35],"killed_by":"Nightmare","ascension_level":2}}