{"host":"d8hh7rr4yzitjeuj","time":1607617017,"event":{"mods":["BaseMod","AchievementEnabler","StSLib","CapriCore","Colored Powertips","Highlight Path","Minty Spire (QoL Compilation)","Quick Restart","SuperFastMode","Keyboard Shortcuts","Permanent Neow","Colored Map","2.2 Compatiblity"],"gold_per_floor":[110,130,130,150,150,150,150,150],"floor_reached":7,"playtime":127,"items_purged":[],"score":82,"play_id":"45488536-5503-4095-9444-49af89b37225","local_time":"20201211011657","is_ascension_mode":true,"campfire_choices":[{"floor":6,"key":"REST"}],"circlet_count":0,"master_deck":["AscendersBane","Strike_B","Strike_B","Strike_B","Strike_B","Defend_B","Defend_B","Defend_B","Defend_B","Zap","Dualcast","Reinforced Body","Coolheaded+1","Barrage"],"relics":["Inserter","TungstenRod"],"acts_visited":["Exordium"],"potions_floor_usage":[2],"damage_taken":[{"damage":20,"enemies":"Small Slimes","floor":1,"turns":5},{"damage":12,"enemies":"Cultist","floor":2,"turns":4},{"damage":10,"enemies":"2 Louse","floor":4,"turns":4},{"damage":76,"enemies":"Gremlin Nob","floor":7,"turns":4}],"seed_played":"6652278389479217226","potions_obtained":[{"floor":2,"key":"Fruit Juice"},{"floor":4,"key":"DuplicationPotion"}],"is_trial":false,"path_per_floor":["M","M","?","M","?","R","E"],"character_chosen":"DEFECT","items_purchased":[],"campfire_rested":1,"item_purchase_floors":[],"current_hp_per_floor":[44,37,37,27,27,49,0,0],"gold":150,"neow_bonus":"BOSS_RELIC","is_daily":false,"chose_seed":false,"campfire_upgraded":0,"win_rate":0,"timestamp":1607617017,"path_taken":["M","M","?","?","?","R","E"],"build_version":"2020-11-30","purchased_purges":0,"victory":false,"max_hp_per_floor":[71,76,76,76,76,76,76,76],"card_choices":[{"not_picked":["Go for the Eyes","Hologram"],"picked":"Reinforced Body","floor":1},{"not_picked":["Leap","Skim"],"picked":"Coolheaded","floor":2},{"not_picked":["Loop","Rebound"],"picked":"Barrage","floor":4}],"player_experience":1317752,"relics_obtained":[],"event_choices":[{"damage_healed":0,"gold_gain":0,"player_choice":"Forge","damage_taken":0,"max_hp_gain":0,"max_hp_loss":0,"event_name":"Accursed Blacksmith","floor":3,"gold_loss":0,"cards_upgraded":["Coolheaded"]},{"damage_healed":0,"gold_gain":0,"player_choice":"Gave Potion","damage_taken":0,"relics_obtained":["TungstenRod"],"max_hp_gain":0,"max_hp_loss":0,"event_name":"WeMeetAgain","floor":5,"gold_loss":0}],"is_beta":false,"boss_relics":[],"items_purged_floors":[],"is_endless":false,"potions_floor_spawned":[2,4],"killed_by":"Gremlin Nob","ascension_level":20}}