{"host":"9vecvdjkx64cw9bo","time":1607611362,"event":{"mods":["BaseMod","StSLib","Custom Start","SuperFastMode","Keyboard Shortcuts","Minty Spire (QoL Compilation)","Quick Restart"],"gold_per_floor":[118,118,118,136,8,42,42,70,70,87,87,87,87,104,104,181,231,243,243,101,151,162,162,162,162],"floor_reached":24,"playtime":430,"items_purged":["Strike_R","Strike_R"],"score":454,"play_id":"ca2894ba-d1c0-47ce-82ed-89b4955a76bf","local_time":"20201210234242","is_ascension_mode":true,"campfire_choices":[{"data":"Second Wind","floor":7.0,"key":"SMITH"},{"data":"Dark Embrace","floor":11.0,"key":"SMITH"},{"data":"Bash","floor":13.0,"key":"SMITH"},{"data":"Demon Form","floor":15.0,"key":"SMITH"},{"data":"Feel No Pain","floor":23,"key":"SMITH"}],"circlet_count":0,"master_deck":["AscendersBane","Strike_R","Strike_R","Defend_R","Defend_R","Defend_R","Defend_R","Bash+1","Second Wind+1","Demon Form+1","Dropkick","Thunderclap","Dark Embrace+1","Shrug It Off","Corruption+1","Feel No Pain+1"],"special_seed":0,"relics":["Burning Blood","NeowsBlessing","Matryoshka","Potion Belt","White Beast Statue","Blood Vial","Darkstone Periapt","Tiny House","Enchiridion"],"acts_visited":["Exordium","TheCity"],"potions_floor_usage":[],"damage_taken":[{"damage":0.0,"enemies":"Jaw Worm","floor":1.0,"turns":1.0},{"damage":0.0,"enemies":"Cultist","floor":4.0,"turns":1.0},{"damage":0.0,"enemies":"Gremlin Nob","floor":6.0,"turns":1.0},{"damage":35.0,"enemies":"3 Sentries","floor":8.0,"turns":7.0},{"damage":3.0,"enemies":"2 Louse","floor":10.0,"turns":4.0},{"damage":3.0,"enemies":"Looter","floor":14.0,"turns":4.0},{"damage":50.0,"enemies":"Hexaghost","floor":16.0,"turns":8.0},{"damage":26.0,"enemies":"2 Thieves","floor":18.0,"turns":5.0},{"damage":4,"enemies":"Chosen","floor":22,"turns":8},{"damage":12,"enemies":"Shelled Parasite and Fungi","floor":24,"turns":3}],"seed_played":"-1199305176125378749","potions_obtained":[{"floor":6.0,"key":"SteroidPotion"},{"floor":10.0,"key":"ElixirPotion"},{"floor":14.0,"key":"Fire Potion"},{"floor":16.0,"key":"DuplicationPotion"},{"floor":18.0,"key":"Swift Potion"},{"floor":22,"key":"Regen Potion"}],"is_trial":false,"path_per_floor":["M","?","?","M","$","E","R","E","T","M","R","$","R","M","R","B",null,"M","?","$","?","M","R","M"],"character_chosen":"IRONCLAD","items_purchased":["Thunderclap","Feel No Pain"],"campfire_rested":0,"item_purchase_floors":[5,20],"current_hp_per_floor":[74,74,69,75,75,75,75,46,46,51,51,51,51,56,56,14,65,47,26,26,26,30,30,20,20],"gold":162,"neow_bonus":"THREE_ENEMY_KILL","is_daily":false,"chose_seed":false,"campfire_upgraded":5,"win_rate":0,"timestamp":1607611362,"path_taken":["M","?","?","M","?","E","R","E","T","M","R","$","R","M","R","BOSS","M","?","$","?","M","R","M"],"build_version":"2020-11-30","purchased_purges":2,"victory":false,"max_hp_per_floor":[75,75,75,75,75,75,75,75,75,75,75,75,75,75,75,75,80,80,80,80,80,80,80,80,80],"card_choices":[{"not_picked":["Warcry","True Grit"],"picked":"Second Wind","floor":1.0},{"not_picked":["Headbutt","Clothesline"],"picked":"Dropkick","floor":4.0},{"not_picked":["Second Wind","Warcry","Wild Strike"],"picked":"SKIP","floor":6.0},{"not_picked":["Entrench","Battle Trance"],"picked":"Dark Embrace","floor":8.0},{"not_picked":["Iron Wave","Hemokinesis"],"picked":"Shrug It Off","floor":10.0},{"not_picked":["Headbutt","Seeing Red","Wild Strike"],"picked":"SKIP","floor":14.0},{"not_picked":["Brutality","Barricade"],"picked":"Corruption","floor":16.0},{"not_picked":["Thunderclap","Sword Boomerang","Body Slam+1"],"picked":"SKIP","floor":18.0},{"not_picked":["Perfected Strike","Carnage","Heavy Blade"],"picked":"SKIP","floor":22}],"player_experience":775466,"relics_obtained":[{"floor":6.0,"key":"Potion Belt"},{"floor":8.0,"key":"White Beast Statue"},{"floor":9.0,"key":"Blood Vial"},{"floor":9.0,"key":"Darkstone Periapt"},{"floor":19.0,"key":"Enchiridion"}],"event_choices":[{"damage_healed":0.0,"max_hp_gain":0.0,"max_hp_loss":0.0,"gold_gain":0.0,"cards_transformed":["Strike_R"],"event_name":"Living Wall","player_choice":"Change","floor":2.0,"gold_loss":0.0,"damage_taken":0.0,"cards_obtained":["Demon Form"]},{"damage_healed":0.0,"max_hp_gain":0.0,"max_hp_loss":0.0,"gold_gain":0.0,"event_name":"Scrap Ooze","player_choice":"Success","floor":3.0,"gold_loss":0.0,"damage_taken":5.0,"relics_obtained":["Matryoshka"]},{"damage_healed":0.0,"max_hp_gain":0.0,"max_hp_loss":0.0,"gold_gain":0.0,"event_name":"Cursed Tome","player_choice":"Obtained Book","floor":19.0,"gold_loss":0.0,"damage_taken":21.0},{"damage_healed":0.0,"max_hp_gain":0.0,"max_hp_loss":0.0,"gold_gain":50.0,"event_name":"Nest","player_choice":"Stole From Cult","floor":21.0,"gold_loss":0.0,"damage_taken":0.0}],"is_beta":false,"boss_relics":[{"not_picked":["Sozu","Ectoplasm"],"picked":"Tiny House"}],"items_purged_floors":[5,20],"is_endless":false,"potions_floor_spawned":[6,10,14,16,18,22],"killed_by":"Shelled Parasite and Fungi","ascension_level":20}}