{"host":"1bqbj1s4pyvm9utn","time":1607582074,"event":{"gold_per_floor":[118,10,10,29,46,76,76,87,113,123,223,234,234,268,268,368,368,385,400,16,31,51,51,51,51,51],"floor_reached":24,"playtime":3649,"items_purged":["Gatherer:Strike_Gatherer"],"score":210,"play_id":"9878f2ce-ff1c-463a-aace-61d58725efd7","local_time":"20201209223434","is_ascension_mode":false,"metric_token":3473,"campfire_choices":[{"floor":13,"key":"REST"},{"floor":15,"key":"REST"},{"floor":23,"key":"REST"}],"neow_cost":"NONE","seed_source_timestamp":22056703310400,"circlet_count":0,"master_deck":["Gatherer:Strike_Gatherer","Gatherer:Strike_Gatherer","Gatherer:Strike_Gatherer","Gatherer:Strike_Gatherer","Gatherer:Defend_Gatherer","Gatherer:Defend_Gatherer","Gatherer:Defend_Gatherer","Gatherer:Defend_Gatherer","Gatherer:Defend_Gatherer","Gatherer:Centralize","Gatherer:FlowerWhip","Gatherer:BalancedGrowth","Infinite Blades","Gatherer:GlowingPlant","Gatherer:Shadow","Gatherer:Light","Gatherer:BambuSword","Gatherer:SpareBottle","Gatherer:CollectorsShot","Slice","Gatherer:FlowerBeam","Gatherer:Uplift","Gatherer:HeartToFruit","Gatherer:BambuSword","Gatherer:Misfortune+1","Gatherer:BalancedGrowth","Gatherer:Duplicator+1"],"relics":["Gatherer:AlchemyBag","aspiration:Nostalgia","m_TsuchinokoRing","ReplayTheSpireMod:Lightbulb","Counterbalance","conspire:SpecialSausage","Snack Pack"],"potions_floor_usage":[6,12,12,12,16,16,18,24],"damage_taken":[{"damage":0,"enemies":"Jaw Worm","floor":1,"turns":7},{"damage":9,"enemies":"Cultist","floor":4,"turns":4},{"damage":0,"enemies":"2 Louse","floor":5,"turns":2},{"damage":24,"enemies":"Lagavulin","floor":6,"turns":5},{"damage":4,"enemies":"Exordium Thugs","floor":8,"turns":5},{"damage":1,"enemies":"2 Fungi Beasts","floor":10,"turns":4},{"damage":10,"enemies":"Large Slime","floor":12,"turns":6},{"damage":8,"enemies":"Replay:BlueRogue","floor":14,"turns":5},{"damage":57,"enemies":"Slime Boss","floor":16,"turns":14},{"damage":7,"enemies":"3 Byrds","floor":18,"turns":4},{"damage":15,"enemies":"Shell Parasite","floor":19,"turns":6},{"damage":23,"enemies":"Shelled Parasite and Fungi","floor":21,"turns":5},{"damage":33,"enemies":"Snecko","floor":22,"turns":5},{"damage":40,"enemies":"Book of Stabbing","floor":24,"turns":5}],"seed_played":"-6283802139147128569","potions_obtained":[{"floor":4,"key":"Strength Potion"},{"floor":6,"key":"Ancient Potion"},{"floor":8,"key":"EntropicBrew"},{"floor":16,"key":"sneckomod:MuddlingPotion"},{"floor":22,"key":"Guardian:BlockOnCardUsePotion"}],"is_trial":false,"path_per_floor":["M","$","?","M","M","E","?","M","T","M","?","M","R","E","R","B",null,"M","M","$","M","M","R","E"],"character_chosen":"THE_GATHERER","items_purchased":["Infinite Blades","Snack Pack","Gatherer:Misfortune+1"],"campfire_rested":3,"item_purchase_floors":[2,20,20],"current_hp_per_floor":[72,72,72,63,63,39,39,35,35,34,34,24,45,37,58,1,72,68,57,57,40,14,38,0,0,0],"gold":51,"neow_bonus":"NOSTALGIA","is_prod":false,"is_daily":false,"chose_seed":false,"campfire_upgraded":0,"win_rate":0.0,"timestamp":1607582074,"path_taken":["M","$","?","M","?","E","?","M","T","?","?","?","R","E","R","BOSS","M","M","$","M","M","R","E"],"build_version":"2020-11-30","purchased_purges":1,"victory":false,"max_hp_per_floor":[72,72,72,72,72,72,72,72,72,72,72,72,72,72,72,72,72,75,79,79,79,82,82,82,82,82],"card_choices":[{"not_picked":["Calculated Gamble","Gatherer:FragileHammer"],"picked":"Gatherer:BalancedGrowth","floor":1},{"not_picked":["Outmaneuver","Gatherer:GatherMaterial"],"picked":"Gatherer:GlowingPlant","floor":4},{"not_picked":["Finisher","Gatherer:QuickSynthesis"],"picked":"Gatherer:BambuSword","floor":5},{"not_picked":["Gatherer:CarefulStrike","Gatherer:StoneFence"],"picked":"Gatherer:Misfortune","floor":6},{"not_picked":["Gatherer:Nutrients","Gatherer:Frenzy"],"picked":"Gatherer:CollectorsShot","floor":8},{"not_picked":["Gatherer:EchoOfNature","Gatherer:AromaProtection"],"picked":"Slice","floor":10},{"not_picked":["Gatherer:ScrollOfWall","Gatherer:AcidicSpray"],"picked":"Gatherer:FlowerBeam","floor":12},{"not_picked":["Flying Knee","Gatherer:FruitForce"],"picked":"Gatherer:Uplift","floor":14},{"not_picked":["Gatherer:FlamingBottle","Phantasmal Killer"],"picked":"Gatherer:HeartToFruit","floor":16},{"not_picked":["Gatherer:FlowerShield","Gatherer:Polymorphism"],"picked":"Gatherer:BambuSword","floor":18},{"not_picked":["Gatherer:CollectorsShot","Gatherer:TreeGrowth","Gatherer:WoolGloves"],"picked":"SKIP","floor":19},{"not_picked":["Gatherer:VenomBarrier","Gatherer:GatherMaterial"],"picked":"Gatherer:BalancedGrowth","floor":21},{"not_picked":["Gatherer:Enchant","Gatherer:TacticalStrike+1"],"picked":"Gatherer:Duplicator+1","floor":22}],"player_experience":751307,"relics_obtained":[{"floor":6,"key":"ReplayTheSpireMod:Lightbulb"},{"floor":14,"key":"Counterbalance"}],"event_choices":[{"cards_removed":["Gatherer:Strike_Gatherer"],"damage_healed":0,"gold_gain":0,"player_choice":"Give","damage_taken":0,"max_hp_gain":0,"max_hp_loss":0,"event_name":"betterNote:BetterNote","floor":3,"gold_loss":0,"cards_obtained":["vexMod:UltimateCard"]},{"cards_removed":["Gatherer:Misfortune"],"damage_healed":0,"gold_gain":0,"player_choice":"Got a Spare Bottle","damage_taken":0,"max_hp_gain":0,"max_hp_loss":0,"event_name":"Gatherer:BottleCollector","floor":7,"gold_loss":0,"cards_obtained":["Gatherer:SpareBottle"]},{"damage_healed":0,"gold_gain":100,"player_choice":"Pray","damage_taken":0,"max_hp_gain":0,"max_hp_loss":0,"event_name":"Golden Shrine","floor":11,"gold_loss":0}],"is_beta":false,"boss_relics":[{"not_picked":["Ectoplasm","aspiration:PoetsPen_weak"],"picked":"conspire:SpecialSausage"}],"items_purged_floors":[20],"is_endless":false,"potions_floor_spawned":[4,6,8,16,22],"killed_by":"Book of Stabbing","ascension_level":0}}