{"host":"svwqvw2il1zfkkg0","time":1607639516,"event":{"mods":["BaseMod","Colored Map","StSLib","Infinite Spire","Replay The Spire","SuperFastMode","BetterRewards","Highlight Path","Custom Start","AchievementEnabler","Colored Powertips","Downfall","GifTheSpireLib","Hubris","Quick Restart","Shop Mod","Minty Spire (QoL Compilation)"],"gold_per_floor":[113,113,113,124,134,168,168,168,168,168,203,0,20,31,31,129,129,140,140,152,164,180,180,180],"floor_reached":23,"playtime":1853,"items_purged":[],"score":203,"play_id":"4c622e86-547a-46ba-b054-157dccb97750","local_time":"20201210143156","is_ascension_mode":false,"campfire_choices":[{"floor":8,"key":"REST"},{"floor":10,"key":"REST"},{"floor":15,"key":"REST"}],"circlet_count":0,"master_deck":["Strike_G","Strike_G+1","Strike_G","Strike_G","Strike_G","Defend_G","Defend_G","Defend_G","Defend_G","Defend_G","Survivor","Neutralize","Dagger Spray","Bane","Flying Knee","Quick Slash","Blade Dance","Blade Dance","Cloak And Dagger","Atom Bomb","Deadly Poison+1","Heel Hook","Dagger Throw+1","Bane+1"],"relics":["Ring of the Snake","The Courier","Ancient Tea Set","Juzu Bracelet","Paper Crane","Busted Crown"],"acts_visited":["Exordium","TheCity"],"potions_floor_usage":[6,16,16,16,21,22],"damage_taken":[{"damage":5,"enemies":"2 Louse","floor":1,"turns":3},{"damage":0,"enemies":"Small Slimes","floor":4,"turns":2},{"damage":1,"enemies":"Cultist","floor":5,"turns":3},{"damage":40,"enemies":"Lagavulin","floor":6,"turns":7},{"damage":15,"enemies":"Replay:BlueRogue","floor":11,"turns":5},{"damage":0,"enemies":"2 Fungi Beasts","floor":13,"turns":2},{"damage":2,"enemies":"Blue Slaver","floor":14,"turns":3},{"damage":27,"enemies":"The Guardian","floor":16,"turns":9},{"damage":25,"enemies":"2 Thieves","floor":18,"turns":4},{"damage":0,"enemies":"3 Byrds","floor":20,"turns":3},{"damage":12,"enemies":"Centurion and Healer","floor":21,"turns":3},{"damage":17,"enemies":"Shelled Parasite and Fungi","floor":22,"turns":3},{"damage":34,"enemies":"Book of Stabbing","floor":23,"turns":4}],"seed_played":"1700379032159658959","potions_obtained":[{"floor":1,"key":"PowerPotion"},{"floor":6,"key":"Elixir"},{"floor":11,"key":"LifebloodPotion"},{"floor":13,"key":"sneckomod:MuddlingPotion"},{"floor":14,"key":"PowerPotion"},{"floor":20,"key":"Flashbang"},{"floor":22,"key":"Fruit Juice"}],"is_trial":false,"path_per_floor":["M","?","?","M","M","E","?","R","T","R","E","$","M","M","R","B",null,"M","?","M","M","M","E"],"character_chosen":"THE_SILENT","items_purchased":["Paper Crane"],"campfire_rested":3,"item_purchase_floors":[12],"current_hp_per_floor":[72,72,65,65,64,24,24,47,47,70,55,55,55,53,76,49,77,52,52,52,40,28,0,0],"gold":180,"neow_bonus":"TEN_PERCENT_HP_BONUS","is_daily":false,"chose_seed":false,"campfire_upgraded":0,"win_rate":0,"timestamp":1607639516,"path_taken":["M","?","?","M","?","E","?","R","T","R","E","$","M","M","R","BOSS","M","?","M","M","M","E"],"build_version":"2020-11-30","purchased_purges":0,"victory":false,"max_hp_per_floor":[77,77,77,77,77,77,77,77,77,77,77,77,77,77,77,77,77,77,77,77,77,82,82,82],"card_choices":[{"not_picked":["Blur","Dodge and Roll"],"picked":"Dagger Spray","floor":1},{"not_picked":["hubris:SlightOfHand","Slice"],"picked":"Bane","floor":4},{"not_picked":["Endless Agony","hubris:SlightOfHand"],"picked":"Flying Knee","floor":5},{"not_picked":["Hidden Blade","Wraith Form v2"],"picked":"Quick Slash","floor":6},{"not_picked":["Outmaneuver","Flechettes"],"picked":"Blade Dance","floor":11},{"not_picked":["Dagger Throw","PiercingWail"],"picked":"Blade Dance","floor":13},{"not_picked":["Outmaneuver","Dagger Throw"],"picked":"Cloak And Dagger","floor":14},{"not_picked":["Doppelganger","Storm of Steel"],"picked":"Atom Bomb","floor":16},{"not_picked":[],"picked":"Deadly Poison+1","floor":18},{"not_picked":[],"picked":"Heel Hook","floor":20},{"not_picked":[],"picked":"Dagger Throw+1","floor":21},{"not_picked":[],"picked":"Bane+1","floor":22}],"player_experience":357386,"relics_obtained":[{"floor":6,"key":"The Courier"},{"floor":9,"key":"Ancient Tea Set"},{"floor":11,"key":"Juzu Bracelet"}],"event_choices":[{"damage_healed":0,"gold_gain":0,"player_choice":"Damaged","damage_taken":7,"max_hp_gain":0,"max_hp_loss":0,"event_name":"Wheel of Change","floor":3,"gold_loss":0},{"damage_healed":0,"gold_gain":0,"player_choice":"Ignored","damage_taken":0,"max_hp_gain":0,"max_hp_loss":0,"event_name":"Golden Wing","floor":7,"gold_loss":0}],"is_beta":false,"boss_relics":[{"not_picked":["Ring of Chaos","hubris:GrandSneckoEye"],"picked":"Busted Crown"}],"items_purged_floors":[],"is_endless":false,"potions_floor_spawned":[1,6,11,13,14,20,22],"killed_by":"Book of Stabbing","ascension_level":0}}