{"host":"xlym84sm70vbagf3","time":1607596857,"event":{"gold_per_floor":[114,189,203,214,224,257,269,269,340,371,130,130,140,154,154,257,257,269,269,368,278,292,292,325,325,377,377,391,408,408,408],"floor_reached":30,"playtime":1974,"items_purged":["Defend_G"],"score":313,"play_id":"cce5f8d3-d3af-4805-b5f7-782c04a7a88f","local_time":"20201210194057","is_ascension_mode":true,"campfire_choices":[{"data":"Footwork","floor":8,"key":"SMITH"},{"data":"Thinking Ahead","floor":12,"key":"SMITH"},{"data":"Poisoned Stab","floor":15,"key":"SMITH"},{"data":"Bouncing Flask","floor":23,"key":"SMITH"},{"floor":27,"key":"REST"}],"neow_cost":"NONE","seed_source_timestamp":16853849571399,"circlet_count":0,"master_deck":["Strike_G+1","Strike_G","Strike_G","Strike_G","Defend_G","Defend_G","Defend_G","Survivor","Neutralize","Backflip","Prepared","Deflect","Footwork+1","Poisoned Stab+1","Thinking Ahead+1","Bouncing Flask+1"],"special_seed":0,"relics":["Ring of the Snake","Orichalcum","Singing Bowl","Thread and Needle","Philosopher\u0027s Stone","Nilry\u0027s Codex","Blood Vial"],"potions_floor_usage":[6,16,16,24,24,28,30],"damage_taken":[{"damage":2.0,"enemies":"Cultist","floor":1.0,"turns":4.0},{"damage":1,"enemies":"Small Slimes","floor":3,"turns":6},{"damage":4,"enemies":"Jaw Worm","floor":4,"turns":4},{"damage":0,"enemies":"3 Louse","floor":5,"turns":5},{"damage":21,"enemies":"3 Sentries","floor":6,"turns":17},{"damage":11,"enemies":"Lots of Slimes","floor":7,"turns":5},{"damage":61,"enemies":"Gremlin Nob","floor":10,"turns":7},{"damage":0,"enemies":"Looter","floor":13,"turns":4},{"damage":0,"enemies":"Exordium Thugs","floor":14,"turns":7},{"damage":15,"enemies":"Slime Boss","floor":16,"turns":23},{"damage":1,"enemies":"Shell Parasite","floor":18,"turns":8},{"damage":0,"enemies":"3 Byrds","floor":22,"turns":5},{"damage":47,"enemies":"Gremlin Leader","floor":24,"turns":10},{"damage":16,"enemies":"Cultist and Chosen","floor":28,"turns":7},{"damage":12,"enemies":"Shelled Parasite and Fungi","floor":29,"turns":6},{"damage":33,"enemies":"Slavers","floor":30,"turns":3}],"seed_played":"-4207754952820693066","potions_obtained":[{"floor":3,"key":"FairyPotion"},{"floor":4,"key":"EntropicBrew"},{"floor":5,"key":"LiquidMemories"},{"floor":13,"key":"Weak Potion"},{"floor":16,"key":"Block Potion"},{"floor":29,"key":"EssenceOfSteel"}],"is_trial":false,"path_per_floor":["M","?","M","M","M","E","M","R","T","E","$","R","M","M","R","B",null,"M","?","?","?","M","R","E","?","T","R","M","M","E"],"character_chosen":"THE_SILENT","items_purchased":["Thinking Ahead"],"campfire_rested":1,"item_purchase_floors":[11],"current_hp_per_floor":[75,68,67,63,63,42,31,31,31,23,23,23,25,27,27,14,83,82,66,66,66,68,68,23,23,23,49,37,29,0,0],"gold":408,"neow_bonus":"TEN_PERCENT_HP_BONUS","is_prod":false,"is_daily":false,"chose_seed":false,"campfire_upgraded":4,"win_rate":0,"timestamp":1607596857,"path_taken":["M","?","M","M","?","E","M","R","T","E","$","R","?","M","R","BOSS","M","?","?","?","?","R","E","?","T","R","M","M","E"],"build_version":"2020-11-30","purchased_purges":1,"victory":false,"max_hp_per_floor":[77,77,77,77,77,77,77,77,77,77,77,77,79,81,81,83,83,83,83,83,83,85,85,87,87,87,87,89,91,91,91],"card_choices":[{"not_picked":["Acrobatics","Cloak And Dagger"],"picked":"Backflip","floor":1.0},{"not_picked":["Bane","Backflip"],"picked":"Prepared","floor":3},{"not_picked":["Backstab","Skewer","Riddle With Holes"],"picked":"SKIP","floor":4},{"not_picked":["Cloak And Dagger","Dodge and Roll"],"picked":"Deflect","floor":5},{"not_picked":["Concentrate","Quick Slash"],"picked":"Footwork","floor":6},{"not_picked":["Night Terror","All Out Attack","Cloak And Dagger"],"picked":"SKIP","floor":7},{"not_picked":["Acrobatics","Deflect"],"picked":"Poisoned Stab","floor":10},{"not_picked":["Poisoned Stab","Skewer","Acrobatics"],"picked":"Singing Bowl","floor":13},{"not_picked":["Distraction","Acrobatics","Bane"],"picked":"Singing Bowl","floor":14},{"not_picked":["Bullet Time","Malaise","Doppelganger"],"picked":"Singing Bowl","floor":16},{"not_picked":["Deflect","Masterful Stab"],"picked":"Bouncing Flask","floor":18},{"not_picked":["Quick Slash","Underhanded Strike","Dodge and Roll"],"picked":"Singing Bowl","floor":22},{"not_picked":["Dagger Throw+1","Concentrate+1","Infinite Blades"],"picked":"Singing Bowl","floor":24},{"not_picked":["Setup","Slice+1","PiercingWail"],"picked":"Singing Bowl","floor":28},{"not_picked":["PiercingWail+1","Bane+1","Endless Agony"],"picked":"Singing Bowl","floor":29}],"player_experience":649216,"relics_obtained":[{"floor":6,"key":"Orichalcum"},{"floor":9,"key":"Singing Bowl"},{"floor":10,"key":"Thread and Needle"},{"floor":19,"key":"Nilry\u0027s Codex"},{"floor":24,"key":"Blood Vial"}],"event_choices":[{"damage_healed":0,"gold_gain":75,"player_choice":"Touch","damage_taken":7,"max_hp_gain":0,"max_hp_loss":0,"event_name":"FaceTrader","floor":2,"gold_loss":0},{"damage_healed":0,"gold_gain":0,"player_choice":"Obtained Book","damage_taken":16,"max_hp_gain":0,"max_hp_loss":0,"event_name":"Cursed Tome","floor":19,"gold_loss":0},{"damage_healed":0,"gold_gain":99,"player_choice":"Stole From Cult","damage_taken":0,"max_hp_gain":0,"max_hp_loss":0,"event_name":"Nest","floor":20,"gold_loss":0},{"cards_removed":["Defend_G"],"damage_healed":0,"gold_gain":0,"player_choice":"Upgrade and Remove","damage_taken":0,"max_hp_gain":0,"max_hp_loss":0,"event_name":"Designer","floor":21,"gold_loss":90,"cards_upgraded":["Strike_G"]},{"cards_removed":["Strike_G"],"damage_healed":0,"gold_gain":0,"player_choice":"Offered Basic","damage_taken":0,"max_hp_gain":0,"max_hp_loss":0,"event_name":"Bonfire Elementals","floor":25,"gold_loss":0}],"is_beta":false,"boss_relics":[{"not_picked":["Velvet Choker","Tiny House"],"picked":"Philosopher\u0027s Stone"}],"items_purged_floors":[11],"is_endless":false,"potions_floor_spawned":[3,4,5,13,16,22,29],"killed_by":"Slavers","ascension_level":2}}