{"host":"0xoib765171ofkym","time":1607578259,"event":{"gold_per_floor":[117,133,153,165,12,37,37,56,136,136,166,182,182,207,207,305,305,321,51,51,71,83,110,110,139,163,163,196,196,0,0,0,98,98,111,460,460,480,31,31,60,60,60,79,111,129,148,98,98,98,98,98,1,26,26],"floor_reached":56,"playtime":1966,"items_purged":["Strike_G","Strike_G","Strike_G","Strike_G","Defend_G"],"score":1789,"play_id":"d63fe739-51c4-4aea-8926-c8fa37612e35","local_time":"20201210143059","is_ascension_mode":true,"campfire_choices":[{"data":"Catalyst","floor":7,"key":"SMITH"},{"data":"Noxious Fumes","floor":15,"key":"SMITH"},{"data":"Survivor","floor":24,"key":"SMITH"},{"data":"Deadly Poison","floor":27,"key":"SMITH"},{"data":"Neutralize","floor":32,"key":"SMITH"},{"floor":40,"key":"RECALL"},{"floor":42,"key":"REST"},{"floor":49,"key":"REST"},{"floor":52,"key":"REST"}],"neow_cost":"NONE","seed_source_timestamp":0,"circlet_count":0,"master_deck":["Defend_G","Defend_G","Defend_G","Defend_G","Neutralize+1","Deadly Poison+1","Noxious Fumes+1","Catalyst+1","Bullet Time+1","Calculated Gamble+1","Burst+1","Adrenaline+1","Catalyst+1","Blur+1","Escape Plan+1","Deadly Poison+1","Crippling Poison+1","Escape Plan+1","Catalyst+1","Terror+1","Reflex+1"],"special_seed":0,"relics":["Snake Skull","Paper Crane","Tough Bandages","Tingsha","The Specimen","Ring of the Serpent","HoveringKite","WristBlade","TwistedFunnel","Ninja Scroll","Smiling Mask","Toxic Egg 2","Unceasing Top","Dream Catcher","SacredBark","Omamori","Mummified Hand","Bottled Tornado","Pen Nib","Juzu Bracelet","Red Mask","Akabeko","Cursed Key","Old Coin","Ninja Scroll","Lee\u0027s Waffle","Pear","Potion Belt","Oddly Smooth Stone"],"potions_floor_usage":[6,23,55,55,55,55,55],"damage_taken":[{"damage":0,"enemies":"2 Louse","floor":1,"turns":2},{"damage":0,"enemies":"Cultist","floor":2,"turns":3},{"damage":0,"enemies":"Jaw Worm","floor":3,"turns":2},{"damage":0,"enemies":"Looter","floor":4,"turns":1},{"damage":5,"enemies":"Lagavulin","floor":6,"turns":4},{"damage":0,"enemies":"Large Slime","floor":8,"turns":3},{"damage":5,"enemies":"Gremlin Nob","floor":11,"turns":3},{"damage":0,"enemies":"3 Louse","floor":12,"turns":1},{"damage":0,"enemies":"Lagavulin","floor":14,"turns":3},{"damage":12,"enemies":"Slime Boss","floor":16,"turns":4},{"damage":3,"enemies":"3 Byrds","floor":18,"turns":3},{"damage":0,"enemies":"Spheric Guardian","floor":21,"turns":3},{"damage":0,"enemies":"Centurion and Healer","floor":22,"turns":4},{"damage":13,"enemies":"Slavers","floor":23,"turns":3},{"damage":13,"enemies":"Gremlin Leader","floor":25,"turns":3},{"damage":0,"enemies":"Masked Bandits","floor":28,"turns":2},{"damage":17,"enemies":"Champ","floor":33,"turns":7},{"damage":0,"enemies":"3 Shapes","floor":35,"turns":2},{"damage":0,"enemies":"2 Orb Walkers","floor":36,"turns":3},{"damage":2,"enemies":"Orb Walker","floor":38,"turns":2},{"damage":0,"enemies":"Reptomancer","floor":41,"turns":2},{"damage":2,"enemies":"Jaw Worm Horde","floor":44,"turns":3},{"damage":2,"enemies":"Giant Head","floor":45,"turns":2},{"damage":0,"enemies":"Transient","floor":46,"turns":4},{"damage":0,"enemies":"3 Darklings","floor":47,"turns":2},{"damage":15,"enemies":"Time Eater","floor":50,"turns":3},{"damage":16,"enemies":"Shield and Spear","floor":54,"turns":3},{"damage":18,"enemies":"The Heart","floor":55,"turns":4}],"seed_played":"5982266074522478152","potions_obtained":[{"floor":2,"key":"FearPotion"},{"floor":11,"key":"PowerPotion"},{"floor":12,"key":"GamblersBrew"},{"floor":14,"key":"Weak Potion"},{"floor":23,"key":"Poison Potion"},{"floor":28,"key":"Poison Potion"},{"floor":36,"key":"Regen Potion"},{"floor":46,"key":"Strength Potion"},{"floor":47,"key":"SpeedPotion"}],"is_trial":false,"path_per_floor":["M","M","M","M","$","E","R","M","T","?","E","M","?","E","R","B",null,"M","$","?","M","M","E","R","E","T","R","?","?","$","?","R","B",null,"M","?","?","M","$","R","E","R","T","M","E","M","M","$","R","B",null,"R","$","E","B",null],"character_chosen":"THE_SILENT","items_purchased":["Noxious Fumes","Blur+1","Omamori","Akabeko","Ninja Scroll","Lee\u0027s Waffle","GhostInAJar"],"campfire_rested":3,"item_purchase_floors":[5,19,19,30,39,39,53],"current_hp_per_floor":[70,70,70,70,70,65,65,65,65,58,53,53,58,58,58,46,75,72,72,72,72,72,59,59,46,46,46,46,46,46,71,71,54,75,75,75,75,73,82,82,92,92,92,90,88,88,88,88,92,77,92,92,92,76,89],"gold":26,"neow_bonus":"REMOVE_CARD","is_prod":false,"is_daily":false,"chose_seed":false,"campfire_upgraded":5,"win_rate":0,"timestamp":1607578259,"path_taken":["M","M","M","M","$","E","R","M","T","?","E","?","?","E","R","BOSS","M","$","?","M","M","E","R","E","T","R","?","?","$","?","R","BOSS","M","?","?","M","$","R","E","R","T","M","E","M","M","?","R","BOSS","R","$","E","BOSS"],"build_version":"2020-11-30","purchased_purges":5,"victory":true,"max_hp_per_floor":[70,70,70,70,70,70,70,70,70,70,70,70,75,75,75,75,75,75,75,75,75,75,75,75,75,75,75,75,75,75,75,75,75,75,75,75,75,75,82,82,92,92,92,92,92,92,92,92,92,92,92,92,92,92,92],"card_choices":[{"not_picked":["Prepared","Sucker Punch","Underhanded Strike"],"picked":"SKIP","floor":1},{"not_picked":["Quick Slash","Acrobatics"],"picked":"Deadly Poison","floor":2},{"not_picked":["Flechettes","Riddle With Holes","Blade Dance"],"picked":"SKIP","floor":3},{"not_picked":["Deadly Poison","Eviscerate","Riddle With Holes"],"picked":"SKIP","floor":4},{"not_picked":["Leg Sweep","PiercingWail"],"picked":"Catalyst","floor":6},{"not_picked":["Sucker Punch","PiercingWail","Dodge and Roll"],"picked":"SKIP","floor":8},{"not_picked":["Prepared+1","Slice"],"picked":"Bullet Time+1","floor":11},{"not_picked":["Tactician+1","Eviscerate"],"picked":"Calculated Gamble+1","floor":12},{"not_picked":["Escape Plan+1","Flying Knee"],"picked":"Burst+1","floor":14},{"not_picked":["Doppelganger+1","Night Terror+1"],"picked":"Adrenaline+1","floor":16},{"not_picked":["Endless Agony","Backstab"],"picked":"Catalyst+1","floor":18},{"not_picked":["Poisoned Stab+1","Flying Knee","Setup+1"],"picked":"SKIP","floor":21},{"not_picked":["Deflect+1","Eviscerate"],"picked":"Escape Plan+1","floor":22},{"not_picked":["Dagger Spray","Deflect+1"],"picked":"Deadly Poison+1","floor":23},{"not_picked":["Deflect+1","Dash","Outmaneuver+1"],"picked":"SKIP","floor":25},{"not_picked":["Distraction+1","Backflip+1","Prepared+1"],"picked":"SKIP","floor":35},{"not_picked":["Poisoned Stab","Dagger Throw"],"picked":"Crippling Poison+1","floor":38},{"not_picked":["Flying Knee+1","Outmaneuver+1","Predator+1"],"picked":"SKIP","floor":41},{"not_picked":["Sucker Punch","Blur+1"],"picked":"Escape Plan+1","floor":42},{"not_picked":["Skewer","All Out Attack+1"],"picked":"Catalyst+1","floor":44},{"not_picked":["Burst+1","Backflip+1","Flying Knee+1"],"picked":"SKIP","floor":45},{"not_picked":["Calculated Gamble+1","Blade Dance+1","Prepared+1"],"picked":"SKIP","floor":46},{"not_picked":["Poisoned Stab","Underhanded Strike","Flying Knee+1"],"picked":"SKIP","floor":47},{"not_picked":["Slice","Riddle With Holes"],"picked":"Terror+1","floor":49},{"not_picked":["Sucker Punch","Deadly Poison+1"],"picked":"Reflex+1","floor":52},{"not_picked":["Bane","Expertise+1","Dash"],"picked":"SKIP","floor":54}],"player_experience":256617,"relics_obtained":[{"floor":6,"key":"Smiling Mask"},{"floor":9,"key":"Toxic Egg 2"},{"floor":11,"key":"Unceasing Top"},{"floor":14,"key":"Dream Catcher"},{"floor":23,"key":"Bottled Tornado"},{"floor":25,"key":"Pen Nib"},{"floor":26,"key":"Juzu Bracelet"},{"floor":28,"key":"Red Mask"},{"floor":36,"key":"Old Coin"},{"floor":41,"key":"Pear"},{"floor":45,"key":"Potion Belt"},{"floor":54,"key":"Oddly Smooth Stone"}],"event_choices":[{"damage_healed":0,"gold_gain":0,"player_choice":"Damaged","damage_taken":7,"max_hp_gain":0,"max_hp_loss":0,"event_name":"Wheel of Change","floor":10,"gold_loss":0},{"damage_healed":0,"gold_gain":0,"player_choice":"Donut","damage_taken":0,"max_hp_gain":5,"max_hp_loss":0,"event_name":"Big Fish","floor":13,"gold_loss":0},{"damage_healed":0,"gold_gain":0,"player_choice":"Opened","damage_taken":0,"relics_obtained":["Mummified Hand"],"max_hp_gain":0,"max_hp_loss":0,"event_name":"The Mausoleum","floor":20,"gold_loss":0,"cards_obtained":["Writhe"]},{"damage_healed":0,"gold_gain":0,"player_choice":"Fought Bandits","damage_taken":0,"max_hp_gain":0,"max_hp_loss":0,"event_name":"Masked Bandits","floor":28,"gold_loss":0},{"damage_healed":0,"gold_gain":0,"player_choice":"Ignored","damage_taken":0,"max_hp_gain":0,"max_hp_loss":0,"event_name":"Ghosts","floor":29,"gold_loss":0},{"damage_healed":25,"gold_gain":0,"player_choice":"Heal","damage_taken":0,"max_hp_gain":0,"max_hp_loss":0,"event_name":"The Library","floor":31,"gold_loss":0},{"damage_healed":0,"gold_gain":0,"player_choice":"Fight","damage_taken":0,"max_hp_gain":0,"max_hp_loss":0,"event_name":"Mysterious Sphere","floor":36,"gold_loss":0},{"cards_removed":["Survivor"],"damage_healed":0,"gold_gain":0,"player_choice":"Removed Skill","damage_taken":0,"max_hp_gain":0,"max_hp_loss":0,"event_name":"Falling","floor":37,"gold_loss":0}],"is_beta":false,"boss_relics":[{"not_picked":["HoveringKite","Velvet Choker"],"picked":"SacredBark"},{"not_picked":["Sozu","Snecko Eye"],"picked":"Cursed Key"}],"items_purged_floors":[5,19,30,39,48],"is_endless":false,"potions_floor_spawned":[2,11,12,14,16,18,23,28,33,36,38,46,47,54],"ascension_level":2}}