{"host":"3ywfvwr1aolovtha","time":1607601059,"event":{"gold_per_floor":[999,1022,1095,1095,1095,1110,1110,1149,1169,1193,1193,1236,1254,92,134,134,249,249,259,534,66,81,100,100,11,11,11,11,41,55,72,89,104,104,114,114],"floor_reached":85,"playtime":1724,"items_purged":["SnafuTest:DefaultCommonSkill","Regret","Regret"],"score":571,"play_id":"b43fb54e-de60-4aff-bbe7-b70b3fececad","local_time":"20201210195059","is_ascension_mode":true,"campfire_choices":[{"data":"Apotheosis","floor":57,"key":"SMITH"},{"data":"SnafuTest:AssassinOfKings","floor":61,"key":"SMITH"},{"floor":66,"key":"REST"},{"data":"SnafuTest:LeadingCharge","floor":74,"key":"SMITH"},{"data":"SnafuTest:AssassinOfKings","floor":76,"key":"SMITH"},{"data":"SnafuTest:BombSamum","floor":78,"key":"SMITH"},{"data":"SnafuTest:PowerEquilibrium","floor":84,"key":"SMITH"}],"neow_cost":"NONE","seed_source_timestamp":5685193795759,"circlet_count":0,"master_deck":["SnafuTest:DefaultCommonAttack","SnafuTest:DefaultCommonAttack","SnafuTest:DefaultCommonAttack","SnafuTest:BountyHunt","SnafuTest:DefaultCommonSkill","SnafuTest:DefaultCommonSkill","SnafuTest:SignAard","Apotheosis+1","SnafuTest:SignIgni","SnafuTest:BombSamum+1","SnafuTest:AssassinOfKings+1","SnafuTest:MercilessReaper","SnafuTest:SpellLifeDrain","SnafuTest:BombSamum","REME_ShortnessOfBreath","SnafuTest:BombDancingStar","SnafuTest:LeadingCharge+1","CurseOfTheBell","SnafuTest:UnpredictablePuncture","SnafuTest:BombDancingStar","SnafuTest:WitchHunt","SnafuTest:AssassinOfKings+1","SnafuTest:BattleCry","SnafuTest:UnpredictablePuncture","SnafuTest:SpellTortoise","SnafuTest:BombDevilsPuffball","SnafuTest:PowerEquilibrium+1"],"relics":["SnafuTest:PlaceholderRelic","REME_ComplimentaryCards","REME_PuzzleBoxRelic","Centennial Puzzle","Dota2Spire:PhaseBoots","Dota2Spire:MagicBottle","DemoMod:ClearGuonStone","DemoMod:MonsterBlood","Dota2Spire:EtherealBlade","Bottled Lightning","Dota2Spire:PowerTreads","Lantern","Medical Kit","Calling Bell","Dota2Spire:Vanguard","Pear","Dota2Spire:Satanic","Bag of Preparation","Membership Card","SnafuTest:CatRelic"],"potions_floor_usage":[],"damage_taken":[{"damage":2,"enemies":"Small Slimes","floor":52,"turns":5},{"damage":15,"enemies":"Lagavulin Event","floor":53,"turns":5},{"damage":9,"enemies":"Jaw Worm","floor":56,"turns":3},{"damage":28,"enemies":"Gremlin Nob","floor":58,"turns":5},{"damage":0,"enemies":"2 Louse","floor":59,"turns":2},{"damage":6,"enemies":"3 Sentries","floor":62,"turns":3},{"damage":0,"enemies":"Gremlin Gang","floor":63,"turns":2},{"damage":4,"enemies":"Red Slaver","floor":65,"turns":2},{"damage":24,"enemies":"Hexaghost","floor":67,"turns":6},{"damage":5,"enemies":"Chosen","floor":69,"turns":2},{"damage":5,"enemies":"Shell Parasite","floor":72,"turns":2},{"damage":0,"enemies":"Snake Plant","floor":73,"turns":2},{"damage":0,"enemies":"DemoMod:4_Bullet_Kins_with_one_veteran","floor":79,"turns":2},{"damage":0,"enemies":"DemoMod:Veteran_shot_gun_kin_and_red_shotgun_kin","floor":80,"turns":1},{"damage":10,"enemies":"DemoMod:Veteran_shot_gun_kin_and_blue_shotgun_kin","floor":81,"turns":2},{"damage":0,"enemies":"DemoMod:Red_and_blue_shotgun_kin_with_gunsinger","floor":82,"turns":1},{"damage":17,"enemies":"DemoMod:Veteran_shot_gun_kin_and_blue_shotgun_kin_with_gunsinger","floor":83,"turns":3},{"damage":12,"enemies":"DemoMod:ResourcefulRat","floor":85,"turns":4}],"seed_played":"5383570101183702918","potions_obtained":[{"floor":53,"key":"Energy Potion"},{"floor":56,"key":"ColorlessPotion"},{"floor":81,"key":"BlessingOfTheForge"}],"is_trial":false,"path_per_floor":["M","?","T","?","M","R","E","M","T","R","E","M","$","M","R","B",null,"M","?","$","M","M","R","$","R","T","R","M","M","M","M","M","R","B"],"character_chosen":"THE_WITCHER","items_purchased":["SnafuTest:GetPaid","Dota2Spire:EtherealBlade","Bottled Lightning","Dota2Spire:PowerTreads","Lantern","DemoMod:GnawedKey","Medical Kit","REME_ShortnessOfBreath","SnafuTest:BombDancingStar","Bag of Preparation","Membership Card","SnafuTest:CatRelic","SnafuTest:BattleCry"],"campfire_rested":1,"item_purchase_floors":[64,64,64,64,64,64,64,64,71,71,71,71,75],"current_hp_per_floor":[84,82,67,67,67,58,58,30,30,30,30,31,31,31,27,60,36,121,116,116,116,111,111,111,111,111,121,121,121,121,111,111,94,94,82,82],"gold":114,"neow_bonus":"TEN_PERCENT_HP_BONUS","is_prod":false,"is_daily":false,"chose_seed":false,"campfire_upgraded":6,"win_rate":0.0,"timestamp":1607601059,"path_taken":["M","?","?","?","M","R","E","M","T","R","E","M","$","M","R","BOSS","M","?","$","?","M","R","?","R","T","R","M","M","M","M","M","R","BOSS"],"build_version":"2020-11-30","purchased_purges":3,"victory":false,"max_hp_per_floor":[104,104,104,104,104,104,104,104,104,104,104,111,111,111,111,111,111,121,121,121,121,121,121,121,121,121,121,121,121,121,121,121,121,121,121,121],"relic_stats":{"Centennial Puzzle":[27],"counters":[18,50],"Bag of Preparation":[16],"Medical Kit":[5],"obtain_stats":[{"SnafuTest:PlaceholderRelic":0,"Dota2Spire:PowerTreads":64,"Lantern":64,"Pear":68,"DemoMod:GlassGuonStoneRelic":56,"Dota2Spire:Vanguard":68,"Bag of Preparation":71,"Dota2Spire:EtherealBlade":64,"Medical Kit":64,"Dota2Spire:MagicBottle":58,"Calling Bell":68,"Dota2Spire:Satanic":68,"SnafuTest:CatRelic":71,"Centennial Puzzle":54,"DemoMod:MonsterBlood":62,"DemoMod:GnawedKey":64,"Bottled Lightning":64,"Membership Card":71,"REME_PuzzleBoxRelic":53,"DemoMod:ClearGuonStone":60,"REME_ComplimentaryCards":0,"Dota2Spire:PhaseBoots":55},{"SnafuTest:PlaceholderRelic":0,"Dota2Spire:PowerTreads":7,"Lantern":7,"Pear":9,"DemoMod:GlassGuonStoneRelic":3,"Dota2Spire:Vanguard":9,"Bag of Preparation":10,"Dota2Spire:EtherealBlade":7,"Medical Kit":7,"Dota2Spire:MagicBottle":4,"Calling Bell":9,"Dota2Spire:Satanic":9,"SnafuTest:CatRelic":10,"Centennial Puzzle":2,"DemoMod:MonsterBlood":6,"DemoMod:GnawedKey":7,"Bottled Lightning":7,"Membership Card":10,"REME_PuzzleBoxRelic":1,"DemoMod:ClearGuonStone":5,"REME_ComplimentaryCards":0,"Dota2Spire:PhaseBoots":2},{"SnafuTest:PlaceholderRelic":0,"Dota2Spire:PowerTreads":24,"Lantern":24,"Pear":31,"DemoMod:GlassGuonStoneRelic":13,"Dota2Spire:Vanguard":31,"Bag of Preparation":33,"Dota2Spire:EtherealBlade":24,"Medical Kit":24,"Dota2Spire:MagicBottle":18,"Calling Bell":31,"Dota2Spire:Satanic":31,"SnafuTest:CatRelic":33,"Centennial Puzzle":10,"DemoMod:MonsterBlood":23,"DemoMod:GnawedKey":24,"Bottled Lightning":24,"Membership Card":33,"REME_PuzzleBoxRelic":5,"DemoMod:ClearGuonStone":20,"REME_ComplimentaryCards":0,"Dota2Spire:PhaseBoots":10}]},"card_choices":[{"not_picked":["SnafuTest:SpellIncendiaryShower","SnafuTest:SpellTelekinesis"],"picked":"SnafuTest:SignIgni","floor":52},{"not_picked":["SnafuTest:PayWeaponSmith","SnafuTest:FirstAid"],"picked":"SnafuTest:BombSamum","floor":56},{"not_picked":["SnafuTest:SpellLivingArmor","SnafuTest:Portal"],"picked":"SnafuTest:AssassinOfKings","floor":58},{"not_picked":["SnafuTest:SpellBlindFury","SnafuTest:MCMockAndRun"],"picked":"SnafuTest:MercilessReaper","floor":59},{"not_picked":["SnafuTest:SignYrden","SnafuTest:PaySmithWorkshop"],"picked":"SnafuTest:SpellLifeDrain","floor":62},{"not_picked":["SnafuTest:PayArmorSmith","SnafuTest:BombMoonDust"],"picked":"SnafuTest:BombSamum","floor":63},{"not_picked":["SnafuTest:PowerTrialOfGrasses","SnafuTest:Portal"],"picked":"SnafuTest:BombDancingStar","floor":65},{"not_picked":["SnafuTest:OtherWorld","SnafuTest:AssassinOfKings"],"picked":"SnafuTest:LeadingCharge","floor":67},{"not_picked":["SnafuTest:FirstAid+1","SnafuTest:PowerHangmenTree"],"picked":"SnafuTest:UnpredictablePuncture","floor":69},{"not_picked":["SnafuTest:UndefeatedNarcissism","SnafuTest:GetPaid"],"picked":"SnafuTest:WitchHunt","floor":72},{"not_picked":["SnafuTest:BombDevilsPuffball","SnafuTest:RecklessBlow"],"picked":"SnafuTest:AssassinOfKings","floor":73},{"not_picked":["SnafuTest:MCPlayGwent+1","SnafuTest:CareTaker","SnafuTest:PowerVainGlory"],"picked":"SKIP","floor":79},{"not_picked":["SnafuTest:ShieldUp+1","SnafuTest:NoPass+1"],"picked":"SnafuTest:UnpredictablePuncture","floor":80},{"not_picked":["SnafuTest:DesperateRemediation","SnafuTest:PowerTrialOfGrasses+1"],"picked":"SnafuTest:SpellTortoise","floor":81},{"not_picked":["SnafuTest:FirstAid+1","SnafuTest:MCMockAndRun"],"picked":"SnafuTest:BombDevilsPuffball","floor":82},{"not_picked":["SnafuTest:SpellIncendiaryShower+1","SnafuTest:WitchHunt"],"picked":"SnafuTest:PowerEquilibrium","floor":83}],"player_experience":68335,"relics_obtained":[{"floor":54,"key":"Centennial Puzzle"},{"floor":58,"key":"Dota2Spire:MagicBottle"},{"floor":60,"key":"DemoMod:ClearGuonStone"},{"floor":62,"key":"DemoMod:MonsterBlood"},{"floor":68,"key":"Dota2Spire:Vanguard"},{"floor":68,"key":"Pear"},{"floor":68,"key":"Dota2Spire:Satanic"}],"event_choices":[{"damage_healed":0,"gold_gain":0,"player_choice":"Searched \u00273\u0027 times","damage_taken":0,"relics_obtained":["REME_PuzzleBoxRelic"],"max_hp_gain":0,"max_hp_loss":0,"event_name":"Dead Adventurer","floor":53,"gold_loss":0},{"damage_healed":0,"gold_gain":0,"player_choice":"Box","damage_taken":0,"relics_obtained":["Dota2Spire:PhaseBoots"],"max_hp_gain":0,"max_hp_loss":0,"event_name":"Big Fish","floor":55,"gold_loss":0,"cards_obtained":["Regret"]},{"damage_healed":0,"gold_gain":275,"player_choice":"Desecrate","damage_taken":0,"max_hp_gain":0,"max_hp_loss":0,"event_name":"Golden Shrine","floor":70,"gold_loss":0,"cards_obtained":["Regret"]}],"is_beta":false,"boss_relics":[{"not_picked":["Busted Crown","Sozu"],"picked":"Calling Bell"}],"items_purged_floors":[64,71,75],"is_endless":false,"potions_floor_spawned":[53,56,59,63,72,73,79,81,83],"killed_by":"DemoMod:ResourcefulRat","ascension_level":0}}