{"host":"33rkmso4kk0bs68s","time":1607596164,"event":{"gold_per_floor":[118,133,149,74,74,74,74,74,74,2,2,35,35,63,63,63,63],"floor_reached":16,"playtime":480,"items_purged":["Strike_G"],"score":133,"play_id":"eeefdfc0-22e3-4e07-b2b4-30d6db2467d6","local_time":"20201210182924","is_ascension_mode":true,"campfire_choices":[{"data":"Zap","floor":6.0,"key":"SMITH"},{"data":"Loop","floor":8.0,"key":"SMITH"},{"data":"Dualcast","floor":11.0,"key":"SMITH"},{"data":"Regret","floor":15.0,"key":"PURGE"}],"neow_cost":"BASIC_CARDS","seed_source_timestamp":865110626400,"circlet_count":0,"master_deck":["Strike_B","Strike_B","Strike_B","Strike_B","Defend_B","Defend_B","Defend_B","Defend_B","Zap+1","Dualcast+1","Reboot","Loop+1","Hologram","Hologram","Storm","Heatsinks","Pot Of Greed","Pot Of Greed","Beam Cell","Fission"],"special_seed":0,"relics":["Cracked Core","HushsDoor","MoneyPower","Bottled Tornado","Grinning Jar","Solar Panel","SharpPlug"],"potions_floor_usage":[16],"damage_taken":[{"damage":1.0,"enemies":"Cultist","floor":1.0,"turns":3.0},{"damage":4.0,"enemies":"Jaw Worm","floor":2.0,"turns":4.0},{"damage":7.0,"enemies":"2 Louse","floor":3.0,"turns":3.0},{"damage":32.0,"enemies":"3 Sentries","floor":12.0,"turns":6.0},{"damage":26.0,"enemies":"Replay:BlueRogue","floor":14.0,"turns":4.0},{"damage":5,"enemies":"The Guardian","floor":16,"turns":4}],"seed_played":"5107422493940833974","potions_obtained":[{"floor":2.0,"key":"Energy Potion"},{"floor":3.0,"key":"Dexterity Potion"},{"floor":12.0,"key":"Swift Potion"}],"is_trial":false,"path_per_floor":["M","M","M","$","?","R","$","R","T","$","R","E","?","E","R","B"],"character_chosen":"DEFECT","items_purchased":["Heatsinks"],"campfire_rested":0,"item_purchase_floors":[10],"current_hp_per_floor":[74,70,63,63,63,63,63,63,63,63,63,31,31,11,11,6,6],"gold":63,"neow_bonus":"THREE_RARE_CARDS","is_prod":false,"is_daily":false,"chose_seed":false,"campfire_upgraded":3,"win_rate":0,"timestamp":1607596164,"path_taken":["M","M","?","$","?","R","?","R","T","$","R","E","?","E","R","BOSS"],"build_version":"2020-11-30","purchased_purges":1,"victory":false,"max_hp_per_floor":[75,75,75,75,75,75,75,75,75,75,75,75,75,75,75,75,75],"card_choices":[{"not_picked":["ReplayTheSpireMod:Fabricate Wheel","Hyperbeam"],"picked":"Reboot","floor":0.0},{"not_picked":["Leap","Skim"],"picked":"Loop","floor":1.0},{"not_picked":["Pulse","Streamline"],"picked":"Hologram","floor":2.0},{"not_picked":["Cancel","Compile Driver"],"picked":"Hologram","floor":3.0},{"not_picked":["ReplayTheSpireMod:Calculation Training","Genetic Algorithm"],"picked":"Beam Cell","floor":12.0},{"not_picked":["Redo","Darkness"],"picked":"Fission","floor":14.0}],"player_experience":92259,"relics_obtained":[{"floor":9.0,"key":"Bottled Tornado"},{"floor":12.0,"key":"Grinning Jar"},{"floor":14.0,"key":"SharpPlug"}],"event_choices":[{"damage_healed":0.0,"max_hp_gain":0.0,"max_hp_loss":0.0,"gold_gain":0.0,"cards_transformed":["Strike_R"],"event_name":"Living Wall","player_choice":"Change","floor":5.0,"gold_loss":0.0,"damage_taken":0.0,"cards_obtained":["Storm"]},{"damage_healed":0.0,"max_hp_gain":0.0,"max_hp_loss":0.0,"gold_gain":0.0,"event_name":"Big Fish","player_choice":"Box","floor":13.0,"gold_loss":0.0,"damage_taken":0.0,"relics_obtained":["Solar Panel"],"cards_obtained":["Regret"]}],"is_beta":false,"boss_relics":[],"items_purged_floors":[4],"is_endless":false,"potions_floor_spawned":[2,3,12],"killed_by":"The Guardian","ascension_level":5}}