{"host":"6jcxerjfmuawfds2","time":1607606951,"event":{"gold_per_floor":[118,68,144,144,144,144,159,188,188,222,232,40,59,77,77,181,181,194,194,205,57,67,67,80,98,98,114,214,14,32,32,32,32,32],"floor_reached":33,"playtime":1316,"items_purged":["Strike_G"],"score":312,"play_id":"cd24c4ed-16ae-4341-a5e6-1c86fc731331","local_time":"20201210222911","is_ascension_mode":true,"campfire_choices":[{"data":"Neutralize","floor":6,"key":"SMITH"},{"data":"After Image","floor":15,"key":"SMITH"},{"data":"Noxious Fumes","floor":23,"key":"SMITH"},{"floor":32,"key":"REST"}],"neow_cost":"NONE","seed_source_timestamp":43277444119800,"circlet_count":0,"master_deck":["Strike_G","Strike_G","Defend_G","Defend_G","Defend_G","Defend_G","Defend_G","Survivor","Neutralize+1","Noxious Fumes+1","After Image+1","Noxious Fumes+1","Noxious Fumes","Dagger Spray+1","Sucker Punch+1","Tools of the Trade","PiercingWail+1","Well Laid Plans","Backflip","PiercingWail","After Image"],"relics":["Ring of the Snake","NeowsBlessing","Bottled Tornado","Molten Egg 2","TungstenRod","Incense Burner","Omamori","Mercury Hourglass","Prayer Wheel","Mummified Hand","Sling"],"potions_floor_usage":[16,22,28,28,28,30,33],"damage_taken":[{"damage":0,"enemies":"Jaw Worm","floor":1,"turns":1},{"damage":6,"enemies":"2 Louse","floor":7,"turns":2},{"damage":0,"enemies":"Gremlin Nob","floor":8,"turns":1},{"damage":8,"enemies":"3 Sentries","floor":10,"turns":8},{"damage":0,"enemies":"Cultist","floor":11,"turns":4},{"damage":7,"enemies":"Blue Slaver","floor":13,"turns":4},{"damage":14,"enemies":"Exordium Wildlife","floor":14,"turns":5},{"damage":22,"enemies":"Slime Boss","floor":16,"turns":7},{"damage":8,"enemies":"Chosen","floor":18,"turns":5},{"damage":1,"enemies":"3 Byrds","floor":20,"turns":4},{"damage":10,"enemies":"Snecko","floor":22,"turns":6},{"damage":4,"enemies":"Centurion and Healer","floor":24,"turns":6},{"damage":8,"enemies":"3 Cultists","floor":25,"turns":4},{"damage":2,"enemies":"Snake Plant","floor":27,"turns":5},{"damage":18,"enemies":"Colosseum Slavers","floor":28,"turns":6},{"damage":13,"enemies":"Colosseum Nobs","floor":28,"turns":5},{"damage":6,"enemies":"Sentry and Sphere","floor":30,"turns":5},{"damage":27,"enemies":"Champ","floor":33,"turns":10}],"seed_played":"-4602769088410787949","potions_obtained":[{"floor":8,"key":"SteroidPotion"},{"floor":13,"key":"GamblersBrew"},{"floor":16,"key":"Dexterity Potion"},{"floor":18,"key":"GamblersBrew"},{"floor":20,"key":"BlessingOfTheForge"},{"floor":24,"key":"Swift Potion"},{"floor":28,"key":"FearPotion"}],"is_trial":false,"path_per_floor":["M","?","T","?","?","R","M","E","T","E","M","$","M","M","R","B",null,"M","?","M","$","M","R","M","M","T","M","?","$","M","$","R","B"],"character_chosen":"THE_SILENT","items_purchased":["Noxious Fumes","Omamori","Well Laid Plans","Sling","AttackPotion"],"campfire_rested":1,"item_purchase_floors":[12,12,21,29,29],"current_hp_per_floor":[70,70,70,70,75,75,69,69,69,61,61,61,54,40,40,18,75,67,67,66,66,56,56,52,44,44,42,11,11,5,5,27,0,0],"gold":32,"neow_bonus":"THREE_ENEMY_KILL","is_prod":false,"is_daily":false,"chose_seed":false,"campfire_upgraded":3,"win_rate":0,"timestamp":1607606951,"path_taken":["M","?","?","?","?","R","M","E","T","E","M","?","M","?","R","BOSS","M","?","?","$","M","R","M","M","T","M","?","$","M","?","R","BOSS"],"build_version":"2020-11-30","purchased_purges":1,"victory":false,"max_hp_per_floor":[70,70,70,70,75,75,75,75,75,75,75,75,75,75,75,75,75,75,75,75,75,75,75,75,75,75,75,75,75,75,75,75,75,75],"card_choices":[{"not_picked":["Cloak And Dagger","Flechettes"],"picked":"Noxious Fumes","floor":1},{"not_picked":["Dodge and Roll","Dagger Throw","Dash"],"picked":"SKIP","floor":7},{"not_picked":["Cloak And Dagger","Dagger Throw+1"],"picked":"After Image","floor":8},{"not_picked":["Dash+1","Skewer+1"],"picked":"Noxious Fumes","floor":10},{"not_picked":["Footwork","Outmaneuver","Flechettes+1"],"picked":"SKIP","floor":11},{"not_picked":["Sucker Punch+1","Dagger Throw+1"],"picked":"Dagger Spray+1","floor":13},{"not_picked":["Blade Dance","Poisoned Stab+1"],"picked":"Sucker Punch+1","floor":14},{"not_picked":["Malaise","Doppelganger"],"picked":"Tools of the Trade","floor":16},{"not_picked":["Masterful Stab+1","Slice+1"],"picked":"PiercingWail+1","floor":18},{"not_picked":["Outmaneuver+1","Deadly Poison+1","Unload+1"],"picked":"SKIP","floor":20},{"not_picked":["Calculated Gamble","Expertise"],"picked":"Backflip","floor":22},{"not_picked":["Concentrate","Backflip+1","Accuracy"],"picked":"SKIP","floor":24},{"not_picked":["Deflect+1","Distraction"],"picked":"PiercingWail","floor":25},{"not_picked":["PiercingWail","Outmaneuver+1"],"picked":"After Image","floor":27},{"not_picked":["Dagger Throw+1","Deadly Poison","Cloak And Dagger"],"picked":"SKIP","floor":30},{"not_picked":["Deadly Poison","Catalyst","Choke+1"],"picked":"SKIP","floor":30}],"player_experience":120034,"relics_obtained":[{"floor":3,"key":"Bottled Tornado"},{"floor":8,"key":"Molten Egg 2"},{"floor":9,"key":"TungstenRod"},{"floor":10,"key":"Incense Burner"},{"floor":26,"key":"Mercury Hourglass"},{"floor":28,"key":"Prayer Wheel"},{"floor":28,"key":"Mummified Hand"}],"event_choices":[{"cards_removed":["Strike_G"],"damage_healed":0,"gold_gain":0,"player_choice":"Card Removal","damage_taken":0,"max_hp_gain":0,"max_hp_loss":0,"event_name":"The Cleric","floor":2,"gold_loss":50},{"damage_healed":0,"gold_gain":0,"player_choice":"Grow","damage_taken":0,"max_hp_gain":0,"max_hp_loss":0,"event_name":"Living Wall","floor":4,"gold_loss":0,"cards_upgraded":["Noxious Fumes"]},{"damage_healed":0,"gold_gain":0,"player_choice":"Donut","damage_taken":0,"max_hp_gain":5,"max_hp_loss":0,"event_name":"Big Fish","floor":5,"gold_loss":0},{"cards_removed":["Strike_G"],"damage_healed":0,"gold_gain":0,"player_choice":"Purged","damage_taken":0,"max_hp_gain":0,"max_hp_loss":0,"event_name":"Purifier","floor":19,"gold_loss":0},{"damage_healed":0,"gold_gain":0,"player_choice":"Fight","damage_taken":0,"max_hp_gain":0,"max_hp_loss":0,"event_name":"Colosseum","floor":28,"gold_loss":0},{"damage_healed":0,"gold_gain":0,"player_choice":"Fought Nobs","damage_taken":0,"max_hp_gain":0,"max_hp_loss":0,"event_name":"Colosseum","floor":28,"gold_loss":0}],"is_beta":false,"boss_relics":[{"not_picked":["Ectoplasm","Runic Dome","Philosopher\u0027s Stone"]}],"items_purged_floors":[21],"is_endless":false,"potions_floor_spawned":[8,13,16,18,20,24,28,28],"killed_by":"Champ","ascension_level":2}}