{"host":"gx04ak8ofzo346nl","time":1607613034,"event":{"mods":["BaseMod","Colored Map","StSLib","Downfall","Googly Eyes","Minty Spire (QoL Compilation)","The Animator","The Cursed","The Servant 0.9.4","Duelist Mod","Friendly Minions","Replay The Spire","The Construct","The Disciple","The Necromancer"],"gold_per_floor":[114,128,145,156,166,166,177,177,177,20,20,20,20,30,30,49,49,144,144,164,176,176,176,187,218,218,230,230,230,230],"floor_reached":29,"playtime":1437,"items_purged":[],"score":264,"play_id":"6a585b36-974b-4ac6-9434-8ff88185beee","local_time":"20201210071034","is_ascension_mode":false,"campfire_choices":[{"floor":6,"key":"RECALL"},{"data":"Slay_Living","floor":8,"key":"SMITH"},{"data":"Finger_Of_Death","floor":11,"key":"SMITH"},{"floor":17,"key":"DIG"},{"data":"Chill_Blood","floor":26,"key":"SMITH"}],"circlet_count":0,"master_deck":["Strike_W","Strike_W","Strike_W","Strike_W","Defend_W","Defend_W","Defend_W","Defend_W","Negative_Energy_Arrows","Bone_Wall","Finger_Of_Death+1","Spectral_Walk","Slay_Living+1","Negative_Energy_Sphere","Negative_Energy_Javelin","Bone_Bullets","Acid_Javelin","Negative_Energy_Arrows","Spectral_Armor","Blood_Is_Power","Hellfire","Negative_Energy_Javelin","Summon_Undead_Army+1","Chill_Blood+1","Scare+1","Negative_Energy_Burst"],"relics":["Vampire_Amulet","Strawberry","Black Star","Nloth\u0027s Gift","ReplayFunnel","Sundial","StoneCalendar"],"acts_visited":["Exordium","TheCity"],"potions_floor_usage":[18,18,18],"damage_taken":[{"damage":0,"enemies":"2 Louse","floor":1,"turns":3},{"damage":1,"enemies":"Cultist","floor":2,"turns":4},{"damage":1,"enemies":"Small Slimes","floor":3,"turns":4},{"damage":10,"enemies":"3 Louse","floor":4,"turns":6},{"damage":7,"enemies":"Red Slaver","floor":5,"turns":5},{"damage":4,"enemies":"Lots of Slimes","floor":7,"turns":2},{"damage":10,"enemies":"Blue Slaver","floor":14,"turns":2},{"damage":5,"enemies":"2 Fungi Beasts","floor":16,"turns":3},{"damage":43,"enemies":"The Guardian","floor":18,"turns":12},{"damage":10,"enemies":"Spheric Guardian","floor":20,"turns":4},{"damage":2,"enemies":"Chosen","floor":21,"turns":3},{"damage":22,"enemies":"Snake Plant","floor":24,"turns":4},{"damage":8,"enemies":"theDuelist:KaibaA2","floor":25,"turns":7},{"damage":35,"enemies":"Shelled Parasite and Fungi","floor":27,"turns":6},{"damage":21,"enemies":"3 Cultists","floor":29,"turns":4}],"seed_played":"-3357548030420054925","potions_obtained":[{"floor":3,"key":"hexamod:EctoCoolerPotion"},{"floor":4,"key":"ColorlessPotion"},{"floor":5,"key":"EssenceOfSteel"},{"floor":21,"key":"Cursed Concoction"}],"is_trial":false,"path_per_floor":["M","M","M","M","M","R","M","R","T","$","R","PTL","PTL","M","?","M","R_BF","B",null,"M","M","?","$","M","E","R","M","T","M"],"character_chosen":"NECROMANCER","items_purchased":["Strawberry"],"campfire_rested":0,"item_purchase_floors":[10],"current_hp_per_floor":[82,82,82,78,73,73,79,79,79,86,86,86,86,78,78,77,77,36,89,81,81,81,81,61,55,55,24,24,5,5],"gold":230,"neow_bonus":"TEN_PERCENT_HP_BONUS","is_daily":false,"chose_seed":false,"campfire_upgraded":3,"win_rate":0.0,"timestamp":1607613034,"path_taken":["M","M","M","M","M","R","M","R","T","$","R","PTL","PTL","M","?","M","R_BF","BOSS","M","M","?","$","M","E","R","?","T","?"],"build_version":"2020-11-30","purchased_purges":0,"victory":false,"max_hp_per_floor":[82,82,82,82,82,82,82,82,82,89,89,89,89,89,89,89,89,89,89,89,89,89,89,89,89,89,89,89,89,89],"card_choices":[{"not_picked":["Bone_Shift","Negative_Energy_Sphere"],"picked":"Finger_Of_Death","floor":1},{"not_picked":["Death_Coil","Strike_from_Beyond"],"picked":"Spectral_Walk","floor":2},{"not_picked":["Toxic_Smoke_Screen","Summon_Vampire_Lady"],"picked":"Slay_Living","floor":3},{"not_picked":["Blood_Whip","Consume_Illness"],"picked":"Negative_Energy_Sphere","floor":4},{"not_picked":["Bone_Spikes","Spectral_Armor"],"picked":"Negative_Energy_Javelin","floor":5},{"not_picked":["Exploit","Blood_for_Blood"],"picked":"Bone_Bullets","floor":7},{"not_picked":["Death_Coil","Death_Knell"],"picked":"Acid_Javelin","floor":14},{"not_picked":["Acid_Javelin","Necromantic_Selection"],"picked":"Blood_Is_Power","floor":16},{"not_picked":["Requiem","Negative_Energy_Bomb"],"picked":"Hellfire","floor":18},{"not_picked":["Shackles_Of_Pain+1","Death_Coil"],"picked":"Negative_Energy_Javelin","floor":20},{"not_picked":["Exploit","Whirlwind_of_Bones"],"picked":"Summon_Undead_Army+1","floor":21},{"not_picked":["Finger_Of_Death+1","Blood_for_Blood"],"picked":"Chill_Blood","floor":24},{"not_picked":["Requiem","Negative_Energy_Javelin"],"picked":"Scare+1","floor":25},{"not_picked":["Shackles_Of_Pain","Chill_Blood"],"picked":"Negative_Energy_Burst","floor":27}],"player_experience":154446,"relics_obtained":[{"floor":17,"key":"Juzu Bracelet"},{"floor":25,"key":"ReplayFunnel"},{"floor":25,"key":"Sundial"},{"floor":28,"key":"StoneCalendar"}],"event_choices":[{"damage_healed":0,"gold_gain":0,"player_choice":"2 cards matched","damage_taken":0,"max_hp_gain":0,"max_hp_loss":0,"event_name":"Match and Keep!","floor":15,"gold_loss":0,"cards_obtained":["Negative_Energy_Arrows","Spectral_Armor"]},{"damage_healed":0,"gold_gain":0,"player_choice":"Traded Relic","damage_taken":0,"relics_obtained":["Nloth\u0027s Gift"],"max_hp_gain":0,"max_hp_loss":0,"event_name":"N\u0027loth","floor":22,"relics_lost":["Juzu Bracelet"],"gold_loss":0}],"is_beta":false,"boss_relics":[{"not_picked":["ReplayTheSpireMod:DimensionalGlitch","Runic Pyramid"],"picked":"Black Star"}],"items_purged_floors":[],"is_endless":false,"potions_floor_spawned":[3,4,5,21],"killed_by":"3 Cultists","ascension_level":0}}