{"host":"krw8blyxua7at9ak","time":1607631885,"event":{"mods":["BaseMod","Highlight Path","Minty Spire (QoL Compilation)","ojb\u0027s Info Mod"],"gold_per_floor":[112,188,21,40,60,60,94,94,94,113,124,158,158,183,183,183,183],"floor_reached":16,"playtime":756,"items_purged":[],"score":240,"play_id":"0151563a-9c5d-4500-a2bf-d0b2c7405bd6","local_time":"20201210212445","is_ascension_mode":true,"campfire_choices":[{"data":"Footwork","floor":6,"key":"SMITH"},{"floor":8,"key":"REST"},{"data":"Neutralize","floor":13,"key":"SMITH"},{"data":"Bouncing Flask","floor":15,"key":"SMITH"}],"circlet_count":0,"master_deck":["AscendersBane","Strike_G","Strike_G","Strike_G","Strike_G","Strike_G","Defend_G","Defend_G","Defend_G","Defend_G","Defend_G","Survivor","Neutralize+1","All Out Attack","Footwork+1","Dagger Throw","Tools of the Trade","Underhanded Strike","Underhanded Strike","Bouncing Flask+1","Blade Dance"],"relics":["Ring of the Snake","Omamori","Sling","Bottled Flame","Boot","TungstenRod","White Beast Statue"],"acts_visited":["Exordium"],"potions_floor_usage":[4,14,16],"damage_taken":[{"damage":2,"enemies":"2 Louse","floor":1,"turns":5},{"damage":8,"enemies":"Jaw Worm","floor":4,"turns":6},{"damage":0,"enemies":"Small Slimes","floor":5,"turns":5},{"damage":31,"enemies":"Gremlin Nob","floor":7,"turns":4},{"damage":7,"enemies":"3 Louse","floor":10,"turns":4},{"damage":3,"enemies":"Red Slaver","floor":11,"turns":3},{"damage":1,"enemies":"Lagavulin","floor":12,"turns":6},{"damage":14,"enemies":"3 Sentries","floor":14,"turns":6},{"damage":34,"enemies":"Slime Boss","floor":16,"turns":8}],"seed_played":"8697767768821411131","potions_obtained":[{"floor":1,"key":"Swift Potion"},{"floor":5,"key":"SmokeBomb"},{"floor":10,"key":"EssenceOfSteel"},{"floor":12,"key":"Regen Potion"},{"floor":14,"key":"Ancient Potion"}],"is_trial":false,"path_per_floor":["M","?","$","M","M","R","E","R","T","M","M","E","R","E","R","B"],"character_chosen":"THE_SILENT","items_purchased":["Sling"],"campfire_rested":1,"item_purchase_floors":[3],"current_hp_per_floor":[57,57,57,49,49,49,18,37,37,30,27,26,26,27,27,0,0],"gold":183,"neow_bonus":"RANDOM_COMMON_RELIC","is_daily":false,"chose_seed":false,"campfire_upgraded":3,"win_rate":0,"timestamp":1607631885,"path_taken":["M","?","$","M","M","R","E","R","T","M","M","E","R","E","R","BOSS"],"build_version":"2020-11-30","purchased_purges":0,"victory":false,"max_hp_per_floor":[66,66,66,66,66,66,66,66,66,66,66,66,66,66,66,66,66],"card_choices":[{"not_picked":["Deadly Poison","Dagger Throw"],"picked":"All Out Attack","floor":1},{"not_picked":["Dagger Spray","Infinite Blades"],"picked":"Footwork","floor":4},{"not_picked":["Deadly Poison","Heel Hook"],"picked":"Dagger Throw","floor":5},{"not_picked":["Acrobatics","Deflect"],"picked":"Tools of the Trade","floor":7},{"not_picked":["Skewer","Leg Sweep"],"picked":"Underhanded Strike","floor":10},{"not_picked":["Dagger Spray","Deflect"],"picked":"Underhanded Strike","floor":11},{"not_picked":["Heel Hook","Backflip"],"picked":"Bouncing Flask","floor":12},{"not_picked":["Flechettes","Infinite Blades"],"picked":"Blade Dance","floor":14}],"player_experience":325137,"relics_obtained":[{"floor":7,"key":"Bottled Flame"},{"floor":9,"key":"Boot"},{"floor":12,"key":"TungstenRod"},{"floor":14,"key":"White Beast Statue"}],"event_choices":[{"damage_healed":0,"gold_gain":76,"player_choice":"Gained Gold","damage_taken":0,"max_hp_gain":0,"max_hp_loss":0,"event_name":"Golden Wing","floor":2,"gold_loss":0}],"is_beta":false,"boss_relics":[],"items_purged_floors":[],"is_endless":false,"potions_floor_spawned":[1,5,10,12,14],"killed_by":"Slime Boss","ascension_level":20}}