{"host":"98h4g33y3ss2ktsr","time":1607565525,"event":{"gold_per_floor":[99,99,119,44,22,22,77,103,28,61,61,73,93,108,126,126,126],"floor_reached":16,"playtime":783,"items_purged":[],"score":110,"play_id":"b03bd079-5042-41f8-a997-bafefbf6eb89","local_time":"20201209205845","is_ascension_mode":false,"campfire_choices":[{"floor":1,"key":"RECALL"},{"data":"hexamod:HeatMetal","floor":4,"key":"SMITH"},{"data":"hexamod:GhostflameInferno","floor":6,"key":"SMITH"},{"data":"hexamod:Float","floor":9,"key":"SMITH"}],"neow_cost":"NONE","seed_source_timestamp":78808295506300,"circlet_count":0,"master_deck":["hexamod:Strike","hexamod:Strike","hexamod:Strike","hexamod:Strike","hexamod:Defend","hexamod:Defend","hexamod:Defend","hexamod:Defend","hexamod:Sear","hexamod:Float+1","Injury","hexamod:HeatMetal+1","hexamod:GhostflameInferno+1","hexamod:SoulSteal","hexamod:ParanormalForm+1","Regret","hexamod:ChargedBarrage","hexamod:ThermalTransfer","hexamod:RecurringNightmare","hexamod:Hexaguard"],"relics":["hexamod:SpiritBrand","Replay:Mystery Machine","Frozen Egg 2","downfall:HeartBlessingRed","Bag of Marbles","downfall:HeartBlessingBlue","halation:AfternoonTea","StuffTheSpire:RedRose"],"potions_floor_usage":[14],"damage_taken":[{"damage":10,"enemies":"Jaw Worm","floor":3,"turns":5},{"damage":0,"enemies":"downfall:FleeingMerchant","floor":5,"turns":4},{"damage":19,"enemies":"3 Sentries","floor":8,"turns":9},{"damage":14,"enemies":"Lagavulin","floor":10,"turns":5},{"damage":0,"enemies":"2 Louse","floor":12,"turns":2},{"damage":8,"enemies":"Small Slimes","floor":13,"turns":4},{"damage":11,"enemies":"3 Louse","floor":14,"turns":3},{"damage":2,"enemies":"2 Fungi Beasts","floor":15,"turns":3},{"damage":26,"enemies":"downfall:CharBossDefect","floor":16,"turns":5}],"seed_played":"2837803389009237337","potions_obtained":[{"floor":8,"key":"Languid Potion"},{"floor":10,"key":"Elixir"},{"floor":12,"key":"hexamod:InfernoChargePotion"},{"floor":14,"key":"Elixir"}],"is_trial":false,"path_per_floor":["R","?","M","R","$","R","T","E","R","E","?","M","M","M","M","B"],"character_chosen":"THE_SPIRIT","items_purchased":["hexamod:GhostflameInferno"],"campfire_rested":0,"item_purchase_floors":[5],"current_hp_per_floor":[70,70,60,60,60,60,60,41,51,37,37,37,29,18,16,0,0],"gold":126,"neow_bonus":"RANDOM_COMMON_RELIC","is_prod":false,"is_daily":false,"chose_seed":false,"campfire_upgraded":3,"win_rate":0.0,"timestamp":1607565525,"path_taken":["R","?","M","R","$","R","T","E","R","E","?","M","M","?","M","BOSS"],"build_version":"2020-11-30","purchased_purges":0,"victory":false,"max_hp_per_floor":[70,70,70,70,70,70,70,70,80,80,80,80,80,80,80,80,80],"card_choices":[{"not_picked":["hexamod:BurningTouch","hexamod:GhostShield"],"picked":"hexamod:HeatMetal","floor":3},{"not_picked":["hexamod:StepThrough","hexamod:AdvancingGuard"],"picked":"hexamod:SoulSteal","floor":8},{"not_picked":["hexamod:InspiringFlames","hexamod:HauntingEcho"],"picked":"hexamod:ParanormalForm+1","floor":10},{"not_picked":["hexamod:SpectersWail","hexamod:RainOfEmbers"],"picked":"hexamod:ChargedBarrage","floor":12},{"not_picked":["hexamod:BurningTouch","hexamod:BacktrackSmack"],"picked":"hexamod:ThermalTransfer","floor":13},{"not_picked":["hexamod:HauntingEcho","hexamod:NightmareStrike"],"picked":"hexamod:RecurringNightmare","floor":14},{"not_picked":["hexamod:BacktrackSmack","hexamod:GhostOfSpirePresent+1"],"picked":"hexamod:Hexaguard","floor":15}],"player_experience":89740,"relics_obtained":[{"floor":8,"key":"Bag of Marbles"},{"floor":10,"key":"halation:AfternoonTea"}],"event_choices":[],"is_beta":false,"boss_relics":[],"items_purged_floors":[],"is_endless":false,"potions_floor_spawned":[8,10,12,14],"killed_by":"downfall:CharBossDefect","ascension_level":0}}