{"host":"BK","time":1607574299,"event":{"gold_per_floor":[109,109,22,32,32,32,32,58,83,101,101,121,121,144,144,218,218,230,245,279,229,240,240,270,270,270,303,319,103,0,19,19,19,19],"floor_reached":33,"playtime":1343,"items_purged":["Strike_R","Strike_R"],"score":566,"play_id":"12c1f1b1-bb85-45bd-bbd1-ce7f97339a26","local_time":"20201209212459","is_ascension_mode":true,"campfire_choices":[{"data":"Uppercut","floor":6.0,"key":"SMITH"},{"data":"Immolate","floor":11.0,"key":"SMITH"},{"data":"Impervious","floor":15.0,"key":"SMITH"},{"floor":23.0,"key":"REST"},{"floor":25.0,"key":"REST"},{"floor":32.0,"key":"REST"}],"neow_cost":"NONE","seed_source_timestamp":16101777060000,"circlet_count":0,"master_deck":["AscendersBane","Strike_R","Strike_R","Strike_R","Defend_R+1","Defend_R","Defend_R+1","Defend_R","Bash","Pommel Strike+1","Immolate+1","Uppercut+1","Impervious+1","Disarm","Reaper","Shrug It Off","Feed","True Grit+1","Spot Weakness","Armaments","Metallicize"],"special_seed":0,"relics":["Velvet Choker","Omamori","War Paint","Smiling Mask","Odd Mushroom","SlaversCollar","Red Mask","Sundial","Orichalcum","Orrery"],"potions_floor_usage":[33],"damage_taken":[{"damage":3.0,"enemies":"Small Slimes","floor":1.0,"turns":4.0},{"damage":7.0,"enemies":"Jaw Worm","floor":4.0,"turns":2.0},{"damage":15.0,"enemies":"3 Sentries","floor":8.0,"turns":5.0},{"damage":0.0,"enemies":"2 Louse","floor":10.0,"turns":1.0},{"damage":1.0,"enemies":"Blue Slaver","floor":12.0,"turns":2.0},{"damage":0.0,"enemies":"The Mushroom Lair","floor":14.0,"turns":2.0},{"damage":35.0,"enemies":"Slime Boss","floor":16.0,"turns":10.0},{"damage":11.0,"enemies":"2 Thieves","floor":18.0,"turns":3.0},{"damage":11.0,"enemies":"Spheric Guardian","floor":19.0,"turns":3.0},{"damage":0.0,"enemies":"Masked Bandits","floor":20.0,"turns":2.0},{"damage":30.0,"enemies":"Snecko","floor":22.0,"turns":8.0},{"damage":49.0,"enemies":"Slavers","floor":24.0,"turns":12.0},{"damage":13.0,"enemies":"Book of Stabbing","floor":27.0,"turns":4.0},{"damage":18.0,"enemies":"Centurion and Healer","floor":28.0,"turns":8.0},{"damage":17.0,"enemies":"Cultist and Chosen","floor":31.0,"turns":8.0},{"damage":84,"enemies":"Champ","floor":33,"turns":15}],"seed_played":"2407319584098054085","potions_obtained":[{"floor":1.0,"key":"EssenceOfSteel"},{"floor":4.0,"key":"SpeedPotion"},{"floor":16.0,"key":"AttackPotion"},{"floor":19.0,"key":"Strength Potion"},{"floor":22.0,"key":"HeartOfIron"},{"floor":24.0,"key":"PowerPotion"}],"is_trial":false,"path_per_floor":["M","?","$","M","?","R","?","E","T","M","R","M","?","?","R","B",null,"M","M","?","?","M","R","E","R","T","E","M","$","$","M","R","B"],"character_chosen":"IRONCLAD","items_purchased":["Immolate","Orrery","Strength Potion"],"campfire_rested":3,"item_purchase_floors":[3,29,30],"current_hp_per_floor":[65,70,70,63,63,63,58,43,43,43,43,42,42,42,42,7,62,51,40,49,49,25,49,12,36,36,41,36,36,36,23,49,0,0],"gold":19,"neow_bonus":"BOSS_RELIC","is_prod":false,"is_daily":false,"chose_seed":false,"campfire_upgraded":3,"win_rate":0,"timestamp":1607574299,"path_taken":["M","?","$","M","?","R","?","E","T","?","R","M","?","?","R","BOSS","M","M","?","?","M","R","E","R","T","E","?","?","$","M","R","BOSS"],"build_version":"2020-12-07","purchased_purges":2,"victory":false,"max_hp_per_floor":[75,80,80,80,80,80,80,80,80,80,80,80,80,80,80,80,80,80,80,83,83,83,83,83,83,83,86,89,89,89,89,89,89,89],"card_choices":[{"not_picked":["Metallicize","Feel No Pain"],"picked":"Pommel Strike","floor":1.0},{"not_picked":["Headbutt","Bloodletting"],"picked":"Uppercut","floor":4.0},{"not_picked":["Iron Wave","Perfected Strike"],"picked":"Impervious","floor":8.0},{"not_picked":["Clash","Anger","Searing Blow"],"picked":"SKIP","floor":10.0},{"not_picked":["Twin Strike","Hemokinesis","Iron Wave"],"picked":"SKIP","floor":12.0},{"not_picked":["Clash","Clothesline"],"picked":"Disarm","floor":14.0},{"not_picked":["Juggernaut","Limit Break"],"picked":"Reaper","floor":16.0},{"not_picked":["Headbutt","True Grit"],"picked":"Shrug It Off","floor":18.0},{"not_picked":["Body Slam","Headbutt"],"picked":"Feed","floor":19.0},{"not_picked":["Pommel Strike","True Grit","Warcry"],"picked":"SKIP","floor":22.0},{"not_picked":["Perfected Strike+1","Clash","Heavy Blade"],"picked":"SKIP","floor":24.0},{"not_picked":["Uppercut","True Grit","Fire Breathing"],"picked":"SKIP","floor":27.0},{"not_picked":["Impervious","Warcry"],"picked":"True Grit+1","floor":28.0},{"not_picked":["Havoc","Headbutt"],"picked":"Spot Weakness","floor":29.0},{"not_picked":["Entrench","Twin Strike+1"],"picked":"Armaments","floor":29.0},{"not_picked":["Armaments","Combust"],"picked":"Metallicize","floor":31.0}],"player_experience":2341625,"relics_obtained":[{"floor":8.0,"key":"War Paint"},{"floor":9.0,"key":"Smiling Mask"},{"floor":14.0,"key":"Odd Mushroom"},{"floor":20.0,"key":"Red Mask"},{"floor":24.0,"key":"Sundial"},{"floor":27.0,"key":"Orichalcum"}],"event_choices":[{"damage_healed":0.0,"max_hp_gain":5.0,"max_hp_loss":0.0,"gold_gain":0.0,"event_name":"Big Fish","player_choice":"Donut","floor":2.0,"gold_loss":0.0,"damage_taken":0.0},{"damage_healed":0.0,"max_hp_gain":0.0,"max_hp_loss":0.0,"gold_gain":0.0,"event_name":"Liars Game","player_choice":"Ignored","floor":5.0,"gold_loss":0.0,"damage_taken":0.0},{"damage_healed":0.0,"max_hp_gain":0.0,"max_hp_loss":0.0,"gold_gain":0.0,"event_name":"Scrap Ooze","player_choice":"Success","floor":7.0,"gold_loss":0.0,"damage_taken":5.0,"relics_obtained":["Omamori"]},{"damage_healed":0.0,"max_hp_gain":0.0,"max_hp_loss":0.0,"gold_gain":0.0,"event_name":"Living Wall","player_choice":"Grow","floor":13.0,"gold_loss":0.0,"damage_taken":0.0,"cards_upgraded":["Pommel Strike"]},{"damage_healed":0.0,"max_hp_gain":0.0,"max_hp_loss":0.0,"gold_gain":0.0,"event_name":"Mushrooms","player_choice":"Fought Mushrooms","floor":14.0,"gold_loss":0.0,"damage_taken":0.0},{"damage_healed":0.0,"max_hp_gain":0.0,"max_hp_loss":0.0,"gold_gain":0.0,"event_name":"Masked Bandits","player_choice":"Fought Bandits","floor":20.0,"gold_loss":0.0,"damage_taken":0.0},{"damage_healed":0.0,"max_hp_gain":0.0,"max_hp_loss":0.0,"gold_gain":0.0,"event_name":"The Joust","player_choice":"Bet on Murderer","floor":21.0,"gold_loss":50.0,"damage_taken":0.0}],"is_beta":true,"boss_relics":[{"not_picked":["Pandora\u0027s Box","Runic Cube"],"picked":"SlaversCollar"}],"items_purged_floors":[29,30],"is_endless":false,"potions_floor_spawned":[1,4,12,16,18,19,22,24],"killed_by":"Champ","ascension_level":20}}