{"host":"x7u3amoxy3d4heu5","time":1607577489,"event":{"gold_per_floor":[117,117,117,117,137,166,179,213,213,245,245,245,257,275,275,372,372,388,400,400,400,400,400,579,579,579,643,716,731,745,383,383,530,530,591,591,608,708,983,983,1017,1037,1092,1123,1141,703,761,761,761,776],"floor_reached":51,"playtime":4048,"items_purged":["Languid"],"score":981,"play_id":"102f9565-165c-4eb6-bb67-4d9acce165b1","local_time":"20201209221809","is_ascension_mode":true,"campfire_choices":[{"data":"theWildCard:Arsene","floor":23,"key":"SMITH"},{"data":"Ghostly","floor":25,"key":"SMITH"},{"data":"Replay:LoomingThreat","floor":32,"key":"SMITH"},{"data":"Devotion","floor":40,"key":"SMITH"},{"data":"Eruption","floor":49,"key":"SMITH"}],"neow_cost":"NONE","seed_source_timestamp":58240777053900,"circlet_count":1,"master_deck":["Strike_P+1","Strike_P+1","Strike_P+1","Defend_P+1","Defend_P+1","Defend_P+1","Defend_P+1","Eruption+1","Vigilance","Evaluate","Replay:Cycle","BowlingBash+1","BattleHymn+1","Replay:ManipulateFuture","CutThroughFate","Prostrate","theWildCard:Arsene+1","JustLucky","ThirdEye","Alpha","Pray","JustLucky+1","Ghostly+1","Ghostly","Ghostly","Ghostly","Ghostly","Replay:LoomingThreat+1","WaveOfTheHand","BattleHymn","FlurryOfBlows+1","MentalFortress","MentalFortress","Weave","Devotion+1","Perseverance+1","Crescendo+1","Regret","Conclude+1","JustLucky","FlyingSleeves","Replay:LoomingThreat+1","MasterReality+1","Madness","Madness"],"special_seed":0,"relics":["PureWater","NeowsBlessing","Ring of Misfortune","ReplayTheSpireMod:Ring of Challenge","Incense Burner","Sundial","infinitespire:Lychee Nut","Damaru","hubris:Icosahedron","Ring of Chaos","hubris:BottledHeart","Replay:Mystery Machine","hubris:CuriousFeather","Oddly Smooth Stone","Whetstone","Ornamental Fan","Replay:Bronze Core","Circlet","MealTicket","Replay:Wanted Poster","Bag of Preparation","hubris:TenFootPole","Meat on the Bone","Replay:Wax Seal","infinitespire:Satchel","DollysMirror"],"potions_floor_usage":[10,19,50,50,50],"damage_taken":[{"damage":0,"enemies":"Jaw Worm","floor":1,"turns":1},{"damage":0,"enemies":"2 Louse","floor":5,"turns":1},{"damage":0,"enemies":"3 Sentries","floor":6,"turns":2},{"damage":0,"enemies":"Cultist","floor":7,"turns":4},{"damage":0,"enemies":"Gremlin Nob","floor":8,"turns":3},{"damage":0,"enemies":"3 Sentries","floor":10,"turns":7},{"damage":1,"enemies":"Large Slime","floor":13,"turns":4},{"damage":3,"enemies":"Exordium Wildlife","floor":14,"turns":2},{"damage":9,"enemies":"The Guardian","floor":16,"turns":10},{"damage":2,"enemies":"Chosen","floor":18,"turns":4},{"damage":16,"enemies":"2 Thieves","floor":19,"turns":3},{"damage":0,"enemies":"Book of Stabbing","floor":24,"turns":8},{"damage":0,"enemies":"Snake Plant","floor":27,"turns":5},{"damage":0,"enemies":"Gremlin Leader","floor":28,"turns":5},{"damage":0,"enemies":"Centurion and Healer","floor":29,"turns":4},{"damage":0,"enemies":"Cultist and Chosen","floor":30,"turns":6},{"damage":0,"enemies":"Automaton","floor":33,"turns":8},{"damage":0,"enemies":"3 Darklings","floor":35,"turns":5},{"damage":0,"enemies":"Orb Walker","floor":37,"turns":3},{"damage":0,"enemies":"Giant Head","floor":41,"turns":5},{"damage":0,"enemies":"3 Darklings","floor":42,"turns":2},{"damage":0,"enemies":"Reptomancer","floor":44,"turns":4},{"damage":0,"enemies":"Jaw Worm Horde","floor":45,"turns":2},{"damage":0,"enemies":"Sphere and 2 Shapes","floor":47,"turns":2},{"damage":0,"enemies":"Replay:Hell Engine","floor":50,"turns":5}],"seed_played":"6891964061727750588","potions_obtained":[{"floor":6,"key":"Adrenaline Potion"},{"floor":7,"key":"Languid Potion"},{"floor":10,"key":"PowerPotion"},{"floor":14,"key":"ColorlessPotion"},{"floor":19,"key":"Strength Potion"},{"floor":41,"key":"LiquidBronze"}],"is_trial":false,"path_per_floor":["M","?","?","?","M","E","M","E","T","E","?","?","M","M","R_BF","B",null,"M","M","?","?","?","R","E","R","T","M","E","M","M","$","R","B",null,"M","?","M","AVR","?","R","E","M","T","E","M","$","M","?","R","B",null],"character_chosen":"WATCHER","items_purchased":["MentalFortress","Weave","Whetstone","Replay:Wax Seal","infinitespire:Satchel","DollysMirror","MasterReality+1"],"campfire_rested":0,"item_purchase_floors":[31,31,31,46,46,46,46],"current_hp_per_floor":[72,72,72,72,72,72,72,72,54,54,54,54,54,51,51,46,54,54,40,40,1,1,1,1,1,1,1,1,1,1,1,1,1,1,1,1,1,1,1,1,1,1,1,1,1,1,1,1,1,1],"gold":776,"neow_bonus":"THREE_ENEMY_KILL","is_prod":false,"is_daily":false,"chose_seed":false,"campfire_upgraded":5,"win_rate":1,"timestamp":1607577489,"path_taken":["M","?","?","?","?","E","M","E","T","E","?","?","?","M","R_BF","BOSS","M","M","?","?","?","R","E","R","T","M","E","M","M","$","R","BOSS","M","?","M","AVR","?","R","E","?","T","E","M","$","M","?","R","BOSS"],"build_version":"2020-11-30","purchased_purges":1,"victory":true,"max_hp_per_floor":[72,72,72,72,72,72,72,72,54,54,54,54,54,54,54,54,54,54,54,54,1,1,1,1,1,1,1,1,1,1,1,1,1,1,1,1,1,1,1,1,1,1,1,1,1,1,1,1,1,1],"card_choices":[{"not_picked":["Replay:Vibes","EmptyBody"],"picked":"Evaluate","floor":1},{"not_picked":["ReachHeaven","Swivel"],"picked":"BowlingBash","floor":5},{"not_picked":["Alpha","Fasting2"],"picked":"BattleHymn","floor":6},{"not_picked":["Replay:Anticipation","Evaluate"],"picked":"Replay:ManipulateFuture","floor":7},{"not_picked":["Vault","Replay:ManipulateFuture"],"picked":"CutThroughFate","floor":8},{"not_picked":["Replay:ManipulateFuture","Evaluate"],"picked":"Prostrate","floor":10},{"not_picked":["Halt","CutThroughFate"],"picked":"JustLucky","floor":13},{"not_picked":["Replay:Anticipation","TalkToTheHand"],"picked":"ThirdEye","floor":14},{"not_picked":["LessonLearned","Replay:AllIn"],"picked":"Alpha","floor":16},{"not_picked":["JustLucky","Crescendo+1"],"picked":"Pray","floor":18},{"not_picked":["LikeWater","ThirdEye"],"picked":"JustLucky","floor":19},{"not_picked":["BowlingBash+1","Tantrum+1"],"picked":"Replay:LoomingThreat","floor":24},{"not_picked":["CarveReality","Fasting2+1"],"picked":"WaveOfTheHand","floor":27},{"not_picked":["LikeWater+1","Replay:Hum"],"picked":"BattleHymn","floor":28},{"not_picked":["PathToVictory+1","BowlingBash","FlyingSleeves"],"picked":"SKIP","floor":29},{"not_picked":["JustLucky","ClearTheMind"],"picked":"FlurryOfBlows+1","floor":30},{"not_picked":["Replay:AllIn","Omniscience"],"picked":"Devotion","floor":33},{"not_picked":["Replay:Battleflow","FollowUp+1"],"picked":"Perseverance+1","floor":35},{"not_picked":["Halt+1","EmptyMind"],"picked":"Crescendo+1","floor":37},{"not_picked":["WreathOfFlame","CutThroughFate"],"picked":"Conclude+1","floor":41},{"not_picked":["Replay:Anticipation","FollowUp"],"picked":"JustLucky","floor":42},{"not_picked":["InnerPeace+1","FlurryOfBlows+1","BattleHymn+1"],"picked":"SKIP","floor":44},{"not_picked":["Perseverance","EmptyFist"],"picked":"FlyingSleeves","floor":45},{"not_picked":["EmptyFist+1","FlurryOfBlows","PathToVictory"],"picked":"SKIP","floor":47}],"player_experience":508803,"relics_obtained":[{"floor":3,"key":"Ring of Misfortune"},{"floor":3,"key":"ReplayTheSpireMod:Ring of Challenge"},{"floor":6,"key":"Incense Burner"},{"floor":8,"key":"Sundial"},{"floor":9,"key":"infinitespire:Lychee Nut"},{"floor":10,"key":"Damaru"},{"floor":24,"key":"Replay:Mystery Machine"},{"floor":26,"key":"hubris:CuriousFeather"},{"floor":28,"key":"Oddly Smooth Stone"},{"floor":33,"key":"Ornamental Fan"},{"floor":41,"key":"Bag of Preparation"},{"floor":43,"key":"hubris:TenFootPole"},{"floor":44,"key":"Meat on the Bone"}],"event_choices":[{"cards_removed":["Strike_P"],"damage_healed":0,"gold_gain":0,"player_choice":"Offered Basic","damage_taken":0,"max_hp_gain":0,"max_hp_loss":0,"event_name":"Bonfire Elementals","floor":4,"gold_loss":0},{"damage_healed":0,"gold_gain":0,"player_choice":"Grow","damage_taken":0,"max_hp_gain":0,"max_hp_loss":0,"event_name":"Living Wall","floor":12,"gold_loss":0,"cards_upgraded":["BattleHymn"]},{"damage_healed":0,"gold_gain":0,"player_choice":"Simplicity","damage_taken":0,"max_hp_gain":0,"max_hp_loss":0,"event_name":"Back to Basics","floor":20,"gold_loss":0,"cards_upgraded":["Strike_P","Strike_P","Strike_P","Defend_P","Defend_P","Defend_P","Defend_P"]},{"damage_healed":0,"gold_gain":0,"player_choice":"Became a Ghost","damage_taken":0,"max_hp_gain":0,"max_hp_loss":0,"event_name":"Ghosts","floor":22,"gold_loss":0,"cards_obtained":["Ghostly","Ghostly","Ghostly","Ghostly","Ghostly"]},{"damage_healed":0,"gold_gain":275,"player_choice":"Desecrate","damage_taken":0,"max_hp_gain":0,"max_hp_loss":0,"event_name":"Golden Shrine","floor":39,"gold_loss":0,"cards_obtained":["Regret"]},{"damage_healed":0,"gold_gain":0,"player_choice":"Embrace Madness","damage_taken":0,"max_hp_gain":0,"max_hp_loss":0,"event_name":"Winding Halls","floor":48,"gold_loss":0,"cards_obtained":["Madness","Madness"]}],"is_beta":false,"boss_relics":[{"not_picked":["Black Star","Empty Cage"],"picked":"Ring of Chaos"},{"not_picked":["Coffee Dripper","Replay:Ancient Bell"],"picked":"Replay:Bronze Core"}],"items_purged_floors":[31],"is_endless":false,"potions_floor_spawned":[6,7,8,10,14,19,29,33,37,41,42],"ascension_level":1}}