{"host":"1hv1kueuvc4r3rdp","time":1607636183,"event":{"mods":["BaseMod","StSLib","Highlight Path","Minty Spire (QoL Compilation)","Permanent Neow","DeckTracker","AchievementEnabler"],"gold_per_floor":[119,131,149,165,165,165,194,194,244,258,290,302,302,322,322,427,427,468,468,513,549,81,81,92,117,162,187,187,201,214,229,229,330,330,345,345,345,245,255,255,283,283,283,310,329,329,339,351,351,351],"floor_reached":51,"playtime":3087,"items_purged":["Defend_P","Strike_P"],"score":1483,"play_id":"e1120010-59e7-4ef9-afb6-2d317ac23090","local_time":"20201210153623","is_ascension_mode":true,"campfire_choices":[{"data":"Vigilance","floor":6,"key":"SMITH"},{"data":"DevaForm","floor":8,"key":"SMITH"},{"data":"WheelKick","floor":15,"key":"SMITH"},{"data":"Fasting2","floor":23,"key":"SMITH"},{"data":"Wish","floor":28,"key":"SMITH"},{"data":"WheelKick","floor":32,"key":"SMITH"},{"data":"Strike_P","floor":40,"key":"SMITH"},{"data":"Strike_P","floor":42,"key":"SMITH"},{"data":"Strike_P","floor":46,"key":"SMITH"},{"data":"Defend_P","floor":49,"key":"SMITH"}],"circlet_count":0,"master_deck":["AscendersBane","Strike_P+1","Strike_P+1","Strike_P+1","Defend_P+1","Defend_P","Eruption","Vigilance+1","SandsOfTime+1","DevaForm+1","Fasting2+1","Protect+1","WheelKick+1","Wish+1","CurseOfTheBell","WheelKick+1","Swivel+1"],"relics":["Snecko Eye","InkBottle","Orichalcum","MealTicket","Odd Mushroom","Calling Bell","Bag of Marbles","Eternal Feather","FossilizedHelix","Mummified Hand","ClockworkSouvenir","Regal Pillow","Tiny Chest","Happy Flower","Busted Crown","Letter Opener","Shuriken","Lantern"],"acts_visited":["Exordium","TheCity","TheBeyond"],"potions_floor_usage":[14,16,16,25],"damage_taken":[{"damage":0,"enemies":"Small Slimes","floor":1,"turns":4},{"damage":0,"enemies":"Cultist","floor":2,"turns":3},{"damage":0,"enemies":"2 Louse","floor":3,"turns":3},{"damage":6,"enemies":"Looter","floor":4,"turns":2},{"damage":5,"enemies":"3 Sentries","floor":7,"turns":5},{"damage":4,"enemies":"3 Louse","floor":10,"turns":4},{"damage":0,"enemies":"Gremlin Nob","floor":11,"turns":2},{"damage":0,"enemies":"Exordium Wildlife","floor":12,"turns":3},{"damage":11,"enemies":"The Mushroom Lair","floor":14,"turns":6},{"damage":0,"enemies":"Hexaghost","floor":16,"turns":5},{"damage":3,"enemies":"3 Byrds","floor":18,"turns":5},{"damage":0,"enemies":"Spheric Guardian","floor":20,"turns":2},{"damage":0,"enemies":"3 Cultists","floor":21,"turns":3},{"damage":0,"enemies":"Centurion and Healer","floor":24,"turns":3},{"damage":8,"enemies":"Book of Stabbing","floor":25,"turns":5},{"damage":3,"enemies":"Shelled Parasite and Fungi","floor":29,"turns":3},{"damage":0,"enemies":"Sentry and Sphere","floor":30,"turns":2},{"damage":0,"enemies":"Snake Plant","floor":31,"turns":1},{"damage":0,"enemies":"Champ","floor":33,"turns":5},{"damage":0,"enemies":"3 Darklings","floor":35,"turns":3},{"damage":0,"enemies":"3 Shapes","floor":39,"turns":3},{"damage":0,"enemies":"Nemesis","floor":41,"turns":5},{"damage":0,"enemies":"Spire Growth","floor":45,"turns":3},{"damage":11,"enemies":"Jaw Worm Horde","floor":47,"turns":4},{"damage":0,"enemies":"4 Shapes","floor":48,"turns":2},{"damage":0,"enemies":"Awakened One","floor":50,"turns":6}],"seed_played":"4686490682693229496","potions_obtained":[{"floor":1,"key":"Regen Potion"},{"floor":3,"key":"SpeedPotion"},{"floor":12,"key":"Energy Potion"},{"floor":14,"key":"BottledMiracle"},{"floor":16,"key":"SteroidPotion"},{"floor":21,"key":"Ambrosia"},{"floor":25,"key":"FearPotion"},{"floor":35,"key":"PowerPotion"}],"is_trial":false,"path_per_floor":["M","M","M","M","?","R","E","R","T","M","E","M","?","?","R","B",null,"M","?","M","M","$","R","M","E","T","T","R","M","M","M","R","B",null,"M","?","?","$","M","R","E","R","T","T","M","R","M","M","R","B",null],"character_chosen":"WATCHER","items_purchased":["Mummified Hand","ClockworkSouvenir"],"campfire_rested":0,"item_purchase_floors":[22,22],"current_hp_per_floor":[65,65,65,59,59,59,54,54,54,50,50,50,43,47,47,47,66,63,63,63,63,72,72,72,64,64,64,72,69,69,69,72,72,72,72,68,68,68,68,68,68,68,68,68,68,68,57,57,66,66],"gold":351,"neow_bonus":"BOSS_RELIC","is_daily":false,"chose_seed":false,"campfire_upgraded":10,"win_rate":0,"timestamp":1607636183,"path_taken":["M","M","M","M","?","R","E","R","T","M","E","?","?","?","R","BOSS","M","?","M","M","$","R","M","E","T","?","R","M","M","M","R","BOSS","M","?","?","$","M","R","E","R","T","?","?","R","M","M","R","BOSS"],"build_version":"2020-11-30","purchased_purges":2,"victory":true,"max_hp_per_floor":[72,72,72,72,72,72,72,72,72,72,72,72,72,72,72,72,72,72,72,72,72,72,72,72,72,72,72,72,72,72,72,72,72,72,72,68,68,68,68,68,68,68,68,68,68,68,68,68,68,68],"card_choices":[{"not_picked":["EmptyMind","ThirdEye","Wireheading"],"picked":"SKIP","floor":1},{"not_picked":["ClearTheMind","Prostrate","Halt"],"picked":"SKIP","floor":2},{"not_picked":["JustLucky","ThirdEye"],"picked":"SandsOfTime","floor":3},{"not_picked":["FollowUp","Indignation","Prostrate"],"picked":"SKIP","floor":4},{"not_picked":["WreathOfFlame","InnerPeace"],"picked":"DevaForm","floor":7},{"not_picked":["Weave","CutThroughFate"],"picked":"Fasting2","floor":10},{"not_picked":["Nirvana","CrushJoints","Adaptation"],"picked":"SKIP","floor":11},{"not_picked":["EmptyBody","EmptyMind"],"picked":"Protect","floor":12},{"not_picked":["WreathOfFlame","Nirvana"],"picked":"WheelKick","floor":14},{"not_picked":["Ragnarok","Scrawl"],"picked":"Wish","floor":16},{"not_picked":["WreathOfFlame","SandsOfTime","BattleHymn"],"picked":"SKIP","floor":18},{"not_picked":["CrushJoints","Halt","JustLucky"],"picked":"SKIP","floor":20},{"not_picked":["FlyingSleeves","Halt","WheelKick"],"picked":"SKIP","floor":21},{"not_picked":["Meditate","BowlingBash","FlurryOfBlows"],"picked":"SKIP","floor":24},{"not_picked":["Weave","Sanctity"],"picked":"Swivel+1","floor":25},{"not_picked":["CutThroughFate","CrushJoints","Adaptation"],"picked":"SKIP","floor":29},{"not_picked":["Pray","JustLucky+1","WindmillStrike"],"picked":"SKIP","floor":30},{"not_picked":["BowlingBash","WheelKick","CarveReality+1"],"picked":"SKIP","floor":31},{"not_picked":["Evaluate"],"picked":"SKIP","floor":35},{"not_picked":["Protect"],"picked":"SKIP","floor":39},{"not_picked":["DeceiveReality+1"],"picked":"SKIP","floor":41},{"not_picked":["FlurryOfBlows"],"picked":"SKIP","floor":45},{"not_picked":["JustLucky"],"picked":"SKIP","floor":47},{"not_picked":["Prostrate+1"],"picked":"SKIP","floor":48}],"player_experience":946607,"relics_obtained":[{"floor":7,"key":"InkBottle"},{"floor":9,"key":"Orichalcum"},{"floor":11,"key":"MealTicket"},{"floor":14,"key":"Odd Mushroom"},{"floor":17,"key":"Bag of Marbles"},{"floor":17,"key":"Eternal Feather"},{"floor":17,"key":"FossilizedHelix"},{"floor":25,"key":"Regal Pillow"},{"floor":26,"key":"Tiny Chest"},{"floor":27,"key":"Happy Flower"},{"floor":41,"key":"Letter Opener"},{"floor":43,"key":"Shuriken"},{"floor":44,"key":"Lantern"}],"event_choices":[{"damage_healed":0,"gold_gain":0,"player_choice":"Upgraded","damage_taken":0,"max_hp_gain":0,"max_hp_loss":0,"event_name":"Upgrade Shrine","floor":5,"gold_loss":0,"cards_upgraded":["SandsOfTime"]},{"cards_removed":["Defend_P"],"damage_healed":0,"gold_gain":0,"player_choice":"Card Removal","damage_taken":7,"max_hp_gain":0,"max_hp_loss":0,"event_name":"Golden Wing","floor":13,"gold_loss":0},{"damage_healed":0,"gold_gain":0,"player_choice":"Fought Mushrooms","damage_taken":0,"max_hp_gain":0,"max_hp_loss":0,"event_name":"Mushrooms","floor":14,"gold_loss":0},{"damage_healed":0,"gold_gain":0,"player_choice":"Read","damage_taken":0,"max_hp_gain":0,"max_hp_loss":0,"event_name":"The Library","floor":19,"gold_loss":0,"cards_obtained":["WheelKick"]},{"damage_healed":0,"gold_gain":0,"player_choice":"Max HP","damage_taken":0,"max_hp_gain":0,"max_hp_loss":4,"event_name":"Winding Halls","floor":36,"gold_loss":0},{"damage_healed":0,"gold_gain":0,"player_choice":"Forge","damage_taken":0,"max_hp_gain":0,"max_hp_loss":0,"event_name":"Accursed Blacksmith","floor":37,"gold_loss":0,"cards_upgraded":["Protect"]}],"is_beta":false,"boss_relics":[{"not_picked":["Fusion Hammer","SacredBark"],"picked":"Calling Bell"},{"not_picked":["Velvet Choker","Pandora\u0027s Box"],"picked":"Busted Crown"}],"items_purged_floors":[22,38],"is_endless":false,"potions_floor_spawned":[1,3,12,14,16,21,24,25,33,35,48],"ascension_level":12}}