{"host":"e4hse1vg61zltgzv","time":1607604254,"event":{"gold_per_floor":[13,33,51,61,76,110,138,164,191,221,233,253,266,293,293,368,368,382,400,418,433,483,517,537,537,618,618,598,629,646,681,681,752,802,819,819,438,452,502,537,537,234,234,249,249,264,290,0,0,0,0,0,0,87,117,117],"floor_reached":57,"playtime":974,"items_purged":["Entrench+1"],"score":4012,"play_id":"46ea3f27-a286-40b3-9dcc-c07ed58ae550","local_time":"20201210214414","is_ascension_mode":true,"campfire_choices":[{"floor":15,"key":"RECALL"},{"floor":25,"key":"DIG"},{"floor":27,"key":"DIG"},{"floor":32,"key":"DIG"},{"floor":41,"key":"DIG"},{"floor":49,"key":"DIG"},{"floor":53,"key":"DIG"}],"neow_cost":"NO_GOLD","seed_source_timestamp":146416886804600,"circlet_count":0,"master_deck":["Calculated Gamble+1","Reflex+1","Body Slam+1","Terror+1","Entrench+1"],"relics":["Ring of the Snake","Sundial","Black Star","Shovel","Singing Bowl","TheAbacus","Ginger","Pen Nib","Calipers","Odd Mushroom","Ancient Tea Set","Toy Ornithopter","Anchor","Tough Bandages","Dream Catcher","Art of War","Busted Crown","Centennial Puzzle","Tingsha","Orichalcum","Snake Skull","Unceasing Top","Frozen Egg 2","Blood Vial","Juzu Bracelet","FossilizedHelix","Tiny House","Membership Card","Strawberry","Akabeko","StoneCalendar","CeramicFish","Regal Pillow","MealTicket","Paper Crane","DollysMirror","War Paint","Bag of Preparation","Boot","Kunai","Red Mask","Nunchaku","Blue Candle","The Courier","Bag of Marbles","Pantograph","Shuriken","Ornamental Fan","Oddly Smooth Stone","Mummified Hand","Happy Flower","Pocketwatch","Lantern","Vajra","Whetstone"],"potions_floor_usage":[56,56],"damage_taken":[{"damage":0,"enemies":"Jaw Worm","floor":1,"turns":1},{"damage":0,"enemies":"2 Louse","floor":2,"turns":1},{"damage":0,"enemies":"Cultist","floor":3,"turns":1},{"damage":0,"enemies":"Blue Slaver","floor":4,"turns":1},{"damage":0,"enemies":"2 Fungi Beasts","floor":5,"turns":1},{"damage":0,"enemies":"3 Sentries","floor":6,"turns":1},{"damage":0,"enemies":"The Mushroom Lair","floor":7,"turns":1},{"damage":0,"enemies":"Lagavulin","floor":8,"turns":1},{"damage":0,"enemies":"3 Sentries","floor":10,"turns":1},{"damage":0,"enemies":"Looter","floor":11,"turns":1},{"damage":0,"enemies":"Large Slime","floor":12,"turns":1},{"damage":0,"enemies":"Lots of Slimes","floor":13,"turns":1},{"damage":0,"enemies":"Gremlin Nob","floor":14,"turns":1},{"damage":0,"enemies":"Slime Boss","floor":16,"turns":1},{"damage":0,"enemies":"2 Thieves","floor":18,"turns":1},{"damage":0,"enemies":"Chosen","floor":19,"turns":1},{"damage":0,"enemies":"Sentry and Sphere","floor":20,"turns":1},{"damage":0,"enemies":"3 Cultists","floor":21,"turns":1},{"damage":0,"enemies":"Slavers","floor":23,"turns":1},{"damage":0,"enemies":"Shelled Parasite and Fungi","floor":24,"turns":1},{"damage":0,"enemies":"Gremlin Leader","floor":29,"turns":1},{"damage":0,"enemies":"Centurion and Healer","floor":30,"turns":1},{"damage":0,"enemies":"Slavers","floor":31,"turns":1},{"damage":0,"enemies":"Automaton","floor":33,"turns":1},{"damage":0,"enemies":"Orb Walker","floor":35,"turns":1},{"damage":0,"enemies":"3 Shapes","floor":38,"turns":1},{"damage":0,"enemies":"2 Orb Walkers","floor":39,"turns":1},{"damage":0,"enemies":"Nemesis","floor":40,"turns":1},{"damage":0,"enemies":"Transient","floor":44,"turns":2},{"damage":0,"enemies":"4 Shapes","floor":46,"turns":3},{"damage":0,"enemies":"Reptomancer","floor":47,"turns":1},{"damage":0,"enemies":"Donu and Deca","floor":50,"turns":1},{"damage":0,"enemies":"Awakened One","floor":51,"turns":2},{"damage":0,"enemies":"Shield and Spear","floor":55,"turns":1},{"damage":0,"enemies":"The Heart","floor":56,"turns":5}],"seed_played":"-5433441990206404228","potions_obtained":[{"floor":1,"key":"FearPotion"},{"floor":2,"key":"SteroidPotion"},{"floor":28,"key":"GamblersBrew"}],"is_trial":false,"path_per_floor":["M","M","M","M","M","E","?","E","T","E","M","M","M","E","R","B",null,"M","M","M","M","?","E","M","R","T","R","?","E","M","E","R","B",null,"M","?","$","M","?","E","R","$","T","M","?","M","E","?","R","B","B",null,"R","$","E","B",null],"character_chosen":"THE_SILENT","items_purchased":["Membership Card","Strawberry","Akabeko","Terror","Paper Crane","DollysMirror","War Paint","Bag of Marbles","Pantograph","Shuriken","Ornamental Fan","Oddly Smooth Stone","Mummified Hand","Happy Flower","Pocketwatch","Lantern","Dexterity Potion","Block Potion"],"campfire_rested":0,"item_purchase_floors":[37,37,37,37,42,42,42,54,54,54,54,54,54,54,54,54,54,54],"current_hp_per_floor":[61,63,65,67,69,71,73,75,75,77,79,81,83,85,85,87,92,94,96,98,100,100,102,104,104,104,104,104,106,108,110,110,114,121,123,117,124,126,128,130,130,130,130,132,132,134,136,136,136,136,136,136,136,136,138,138],"gold":117,"neow_bonus":"ONE_RARE_RELIC","is_prod":false,"is_daily":false,"chose_seed":false,"campfire_upgraded":0,"win_rate":0,"timestamp":1607604254,"path_taken":["M","M","M","M","M","E","?","E","T","E","M","M","M","E","R","BOSS","M","M","M","M","?","E","M","R","T","R","?","E","M","E","R","BOSS","M","?","$","M","?","E","R","$","T","M","?","M","E","?","R","BOSS","BOSS","R","$","E","BOSS"],"build_version":"2020-11-30","purchased_purges":1,"victory":true,"max_hp_per_floor":[68,70,72,74,76,78,80,82,82,84,86,88,90,92,92,94,94,96,98,100,102,102,104,106,106,106,106,106,108,110,112,112,114,121,123,117,124,126,128,130,130,130,130,132,132,134,136,136,136,136,136,136,136,136,138,138],"card_choices":[{"not_picked":["Eviscerate","Skewer","Reflex"],"picked":"Singing Bowl","floor":1},{"not_picked":["Underhanded Strike","Eviscerate","Dodge and Roll"],"picked":"Singing Bowl","floor":2},{"not_picked":["Quick Slash","Distraction","Predator"],"picked":"Singing Bowl","floor":3},{"not_picked":["Well Laid Plans","Distraction","Deflect"],"picked":"Singing Bowl","floor":4},{"not_picked":["Escape Plan","Dagger Spray","Quick Slash"],"picked":"Singing Bowl","floor":5},{"not_picked":["Reflex","Acrobatics","Backflip"],"picked":"Singing Bowl","floor":6},{"not_picked":["Bane","Backflip","Finisher"],"picked":"Singing Bowl","floor":7},{"not_picked":["Accuracy","Dagger Spray","Blur"],"picked":"Singing Bowl","floor":8},{"not_picked":["Crippling Poison","Deflect","Blade Dance"],"picked":"Singing Bowl","floor":10},{"not_picked":["Skewer","Sucker Punch","Terror"],"picked":"Singing Bowl","floor":11},{"not_picked":["Tools of the Trade","Poisoned Stab","Slice"],"picked":"Singing Bowl","floor":12},{"not_picked":["Dagger Spray","Quick Slash","Dagger Throw"],"picked":"Singing Bowl","floor":13},{"not_picked":["Flying Knee","Sucker Punch","Reflex"],"picked":"Singing Bowl","floor":14},{"not_picked":["Burst","Envenom","Grand Finale"],"picked":"Singing Bowl","floor":16},{"not_picked":["Dodge and Roll"],"picked":"Singing Bowl","floor":18},{"not_picked":["Poisoned Stab"],"picked":"Singing Bowl","floor":19},{"not_picked":["Prepared"],"picked":"Singing Bowl","floor":20},{"not_picked":["Flechettes"],"picked":"Singing Bowl","floor":21},{"not_picked":["Burst"],"picked":"Singing Bowl","floor":23},{"not_picked":["Concentrate"],"picked":"Singing Bowl","floor":24},{"not_picked":["Outmaneuver+1"],"picked":"Singing Bowl","floor":29},{"not_picked":["Catalyst"],"picked":"Singing Bowl","floor":30},{"not_picked":["Deadly Poison"],"picked":"Singing Bowl","floor":31},{"not_picked":["Grand Finale"],"picked":"Singing Bowl","floor":33},{"not_picked":["Underhanded Strike+1"],"picked":"Singing Bowl","floor":34},{"not_picked":["Underhanded Strike+1"],"picked":"Singing Bowl","floor":35},{"not_picked":["Infinite Blades+1"],"picked":"Singing Bowl","floor":38},{"not_picked":["Catalyst"],"picked":"Singing Bowl","floor":39},{"not_picked":["Sucker Punch+1"],"picked":"Singing Bowl","floor":40},{"not_picked":["Dagger Spray"],"picked":"Singing Bowl","floor":44},{"not_picked":["Outmaneuver+1"],"picked":"Singing Bowl","floor":46},{"not_picked":["Acrobatics"],"picked":"Singing Bowl","floor":47},{"not_picked":["Blade Dance"],"picked":"Singing Bowl","floor":55}],"player_experience":718700,"relics_obtained":[{"floor":6,"key":"Pen Nib"},{"floor":6,"key":"Calipers"},{"floor":7,"key":"Odd Mushroom"},{"floor":8,"key":"Ancient Tea Set"},{"floor":8,"key":"Toy Ornithopter"},{"floor":9,"key":"Anchor"},{"floor":10,"key":"Tough Bandages"},{"floor":10,"key":"Dream Catcher"},{"floor":14,"key":"Art of War"},{"floor":23,"key":"Centennial Puzzle"},{"floor":23,"key":"Tingsha"},{"floor":25,"key":"Orichalcum"},{"floor":27,"key":"Snake Skull"},{"floor":29,"key":"Unceasing Top"},{"floor":29,"key":"Frozen Egg 2"},{"floor":31,"key":"Blood Vial"},{"floor":31,"key":"Juzu Bracelet"},{"floor":32,"key":"FossilizedHelix"},{"floor":39,"key":"StoneCalendar"},{"floor":40,"key":"CeramicFish"},{"floor":40,"key":"Regal Pillow"},{"floor":41,"key":"MealTicket"},{"floor":43,"key":"Bag of Preparation"},{"floor":47,"key":"Boot"},{"floor":47,"key":"Kunai"},{"floor":49,"key":"Nunchaku"},{"floor":53,"key":"Blue Candle"},{"floor":55,"key":"Vajra"},{"floor":55,"key":"Whetstone"}],"event_choices":[{"damage_healed":0,"gold_gain":0,"player_choice":"Fought Mushrooms","damage_taken":0,"max_hp_gain":0,"max_hp_loss":0,"event_name":"Mushrooms","floor":7,"gold_loss":0},{"damage_healed":0,"gold_gain":50,"player_choice":"Stole From Cult","damage_taken":0,"max_hp_gain":0,"max_hp_loss":0,"event_name":"Nest","floor":22,"gold_loss":0},{"damage_healed":0,"gold_gain":0,"player_choice":"Bought 1 Potion","damage_taken":0,"max_hp_gain":0,"max_hp_loss":0,"event_name":"The Woman in Blue","floor":28,"gold_loss":0},{"damage_healed":0,"gold_gain":0,"player_choice":"Max HP","damage_taken":0,"max_hp_gain":0,"max_hp_loss":6,"event_name":"Winding Halls","floor":36,"gold_loss":0},{"damage_healed":0,"gold_gain":0,"player_choice":"Fight","damage_taken":0,"max_hp_gain":0,"max_hp_loss":0,"event_name":"Mysterious Sphere","floor":39,"gold_loss":0},{"cards_removed":["Well Laid Plans"],"damage_healed":0,"gold_gain":0,"player_choice":"Removed Power","damage_taken":0,"max_hp_gain":0,"max_hp_loss":0,"event_name":"Falling","floor":45,"gold_loss":0},{"damage_healed":0,"gold_gain":0,"player_choice":"Paid","damage_taken":0,"relics_obtained":["Red Mask"],"max_hp_gain":0,"max_hp_loss":0,"event_name":"Tomb of Lord Red Mask","floor":48,"gold_loss":290}],"is_beta":false,"boss_relics":[{"not_picked":["Pandora\u0027s Box","WristBlade"],"picked":"Busted Crown"},{"not_picked":["HoveringKite","Astrolabe"],"picked":"Tiny House"}],"items_purged_floors":[54],"is_endless":false,"potions_floor_spawned":[1,2,7,8,12,13,16,20,21,29,30,33,35,39,46,55],"ascension_level":20}}