{"host":"fqid566djxhwi0rl","time":1607621334,"event":{"mods":["BaseMod","AchievementEnabler","GifTheSpireLib","StSLib","Aspiration","Downfall","Energized Spire","Faster Ascension Climbing","Jorbs\u0027s Wanderer Trilogy","Minty Spire (QoL Compilation)","The Blackbeard","The Cursed","Trackpad","Yuri Mod","Replay The Spire","The Dragon Tamer","2.2 Compatiblity","The Gatherer"],"gold_per_floor":[113,113,38,58,78,111,9,38,38,72,72,107,107,7,7,109,109,126,126,126,138,153,153,178,196,196,216,247,247,258,290,290,290,290,290],"floor_reached":33,"playtime":2027,"items_purged":["Gatherer:Strike_Gatherer","Gatherer:Strike_Gatherer"],"score":483,"play_id":"be947ea3-546a-4458-b9ce-9c5952168950","local_time":"20201210192854","is_ascension_mode":true,"metric_token":1169,"campfire_choices":[{"floor":11,"key":"REST"},{"floor":13,"key":"REST"},{"floor":15,"key":"REST"},{"floor":23,"key":"REST"},{"data":"Gatherer:GrowBook","floor":29,"key":"SMITH"},{"data":"Gatherer:FlowerFalling","floor":32,"key":"SMITH"}],"circlet_count":0,"master_deck":["Gatherer:Strike_Gatherer","Gatherer:Strike_Gatherer","Gatherer:Strike_Gatherer","Gatherer:Defend_Gatherer+1","Gatherer:Defend_Gatherer","Gatherer:Defend_Gatherer","Gatherer:Defend_Gatherer","Gatherer:Defend_Gatherer+1","Gatherer:Centralize+1","Gatherer:FlowerWhip","Gatherer:Transmute+1","Gatherer:WoolGloves","Gatherer:TacticalStrike","Gatherer:Uplift+1","Gatherer:GatherMaterial","Gatherer:FlowerFalling+1","Gatherer:FlowerBeam+1","Gatherer:GrowBook+1","Gatherer:QuickSynthesis","expansioncontent:FaceSlap","Gatherer:VenomBarrier+1","Gatherer:FlamingBottle"],"relics":["Gatherer:AlchemyBag","aspiration:DSix","Gatherer:Leftovers","Gremlin Food","Sundial","trackpad:SneckoScepter","energizedSpire:DeadBattery","yuri:PortableGlitches","Replay:WaspNest","Prayer Wheel","aspiration:ChemicalBlood"],"acts_visited":["Exordium","TheCity"],"potions_floor_usage":[8,10,16,24,24,31,33],"damage_taken":[{"damage":0,"enemies":"Jaw Worm","floor":1,"turns":5},{"damage":9,"enemies":"Cultist","floor":4,"turns":5},{"damage":0,"enemies":"Small Slimes","floor":5,"turns":4},{"damage":31,"enemies":"Lagavulin","floor":6,"turns":11},{"damage":6,"enemies":"3 Sentries","floor":8,"turns":9},{"damage":17,"enemies":"Lagavulin","floor":10,"turns":7},{"damage":21,"enemies":"Gremlin Nob","floor":12,"turns":4},{"damage":25,"enemies":"Hexaghost","floor":16,"turns":10},{"damage":0,"enemies":"3 Byrds","floor":18,"turns":5},{"damage":0,"enemies":"Chosen","floor":21,"turns":3},{"damage":0,"enemies":"Centurion and Healer","floor":22,"turns":3},{"damage":2,"enemies":"Book of Stabbing","floor":24,"turns":3},{"damage":6,"enemies":"Shelled Parasite and Fungi","floor":25,"turns":3},{"damage":0,"enemies":"Snecko","floor":27,"turns":3},{"damage":9,"enemies":"Slavers","floor":28,"turns":4},{"damage":2,"enemies":"Cultist and Chosen","floor":30,"turns":5},{"damage":5,"enemies":"Book of Stabbing","floor":31,"turns":4},{"damage":46,"enemies":"Pondfish","floor":33,"turns":6}],"seed_played":"8381741343841689762","potions_obtained":[{"floor":4,"key":"BottledMiracle"},{"floor":8,"key":"Weak Potion"},{"floor":12,"key":"ColorlessPotion"},{"floor":18,"key":"Adrenaline Potion"},{"floor":21,"key":"Doom Potion"},{"floor":24,"key":"Ancient Potion"},{"floor":28,"key":"BlessingOfTheForge"},{"floor":30,"key":"CultistPotion"}],"is_trial":false,"path_per_floor":["M","?","$","M","M","E","$","E","T","E","R","E","R","$","R","B",null,"M","?","?","M","M","R","E","M","T","M","E","R","M","E","R","B"],"character_chosen":"THE_GATHERER","items_purchased":["Gatherer:Uplift+1","Fire Potion"],"campfire_rested":4,"item_purchase_floors":[7,7],"current_hp_per_floor":[65,65,65,56,56,25,25,19,19,2,23,2,23,23,44,19,59,59,59,47,47,47,68,66,60,60,60,51,51,49,44,44,0,0,0],"gold":290,"neow_bonus":"DSIX","is_daily":false,"chose_seed":false,"campfire_upgraded":2,"win_rate":0,"timestamp":1607621334,"path_taken":["M","?","?","?","M","E","$","E","T","E","R","E","R","?","R","BOSS","M","?","?","?","M","R","E","M","T","M","E","R","M","E","R","BOSS"],"build_version":"2020-11-30","purchased_purges":2,"victory":false,"max_hp_per_floor":[72,72,72,72,72,72,72,72,72,72,72,72,72,72,72,72,72,72,72,72,72,72,72,72,72,72,72,72,72,72,72,72,72,72,72],"card_choices":[{"not_picked":["Gatherer:Snatch","Gatherer:Duality"],"picked":"Gatherer:Transmute","floor":1},{"not_picked":["Gatherer:CarefulStrike","Gatherer:Snatch"],"picked":"Gatherer:WoolGloves","floor":4},{"not_picked":["Gatherer:Enchant","Gatherer:OddSpoils","Gatherer:AromaProtection"],"picked":"SKIP","floor":5},{"not_picked":["Gatherer:Frenzy","Gatherer:VenomBarrier"],"picked":"Gatherer:TacticalStrike","floor":6},{"not_picked":["Gatherer:BambuSword","Gatherer:TacticalStrike"],"picked":"Gatherer:GatherMaterial","floor":8},{"not_picked":["Gatherer:UpgradeBag","Gatherer:PotentialSlash"],"picked":"Gatherer:FlowerFalling","floor":10},{"not_picked":["Gatherer:Solidify","Gatherer:VenomBarrier"],"picked":"Gatherer:FlowerBeam","floor":12},{"not_picked":["Gatherer:PoisonMastery","Gatherer:MindSearch"],"picked":"Gatherer:GrowBook","floor":16},{"not_picked":["Gatherer:SaveValuables","Gatherer:ScherryThrow"],"picked":"Gatherer:QuickSynthesis","floor":18},{"not_picked":["Gatherer:WoolGloves","Gatherer:BambuSword+1","Gatherer:RecipeChange"],"picked":"SKIP","floor":21},{"not_picked":["Gatherer:SaveValuables+1","Gatherer:ScrollOfWall","Gatherer:Snatch"],"picked":"SKIP","floor":22},{"not_picked":["Gatherer:BigPouch+1","Gatherer:Misfortune","Gatherer:TreeGrowth"],"picked":"SKIP","floor":24},{"not_picked":["Gatherer:CollectorsShot","Gatherer:Frenzy"],"picked":"Gatherer:VenomBarrier+1","floor":25},{"not_picked":["Gatherer:SaveValuables+1","Gatherer:Liquidism"],"picked":"Gatherer:FlamingBottle","floor":27},{"not_picked":["Gatherer:Liquidism","Gatherer:FeelingFine","Gatherer:Enchant"],"picked":"SKIP","floor":28},{"not_picked":["Gatherer:FragileHammer","Gatherer:Convert","Gatherer:DrugPower+1"],"picked":"SKIP","floor":30},{"not_picked":["Gatherer:TreeGrowth","Gatherer:GlowingPlant","Gatherer:CarefulStrike+1"],"picked":"SKIP","floor":30},{"not_picked":["Gatherer:CarefulStrike+1","Gatherer:ScherryThrow","Gatherer:FlowerFalling"],"picked":"SKIP","floor":31}],"player_experience":687396,"relics_obtained":[{"floor":6,"key":"Gatherer:Leftovers"},{"floor":8,"key":"Gremlin Food"},{"floor":10,"key":"Sundial"},{"floor":12,"key":"trackpad:SneckoScepter"},{"floor":24,"key":"yuri:PortableGlitches"},{"floor":26,"key":"Replay:WaspNest"},{"floor":28,"key":"Prayer Wheel"},{"floor":31,"key":"aspiration:ChemicalBlood"}],"event_choices":[{"damage_healed":0,"gold_gain":0,"player_choice":"Upgraded","damage_taken":0,"max_hp_gain":0,"max_hp_loss":0,"event_name":"Upgrade Shrine","floor":2,"gold_loss":0,"cards_upgraded":["Gatherer:Transmute"]},{"damage_healed":0,"gold_gain":0,"player_choice":"Ignored","damage_taken":0,"max_hp_gain":0,"max_hp_loss":0,"event_name":"Vampires","floor":19,"gold_loss":0},{"damage_healed":0,"gold_gain":0,"player_choice":"CARD ","damage_taken":12,"max_hp_gain":0,"max_hp_loss":0,"event_name":"Knowing Skull","floor":20,"potions_obtained":[],"gold_loss":0,"cards_obtained":["expansioncontent:FaceSlap"]},{"damage_healed":0,"gold_gain":0,"player_choice":"CARD ","damage_taken":12,"max_hp_gain":0,"max_hp_loss":0,"event_name":"Knowing Skull","floor":20,"potions_obtained":[],"gold_loss":0,"cards_obtained":["expansioncontent:FaceSlap"]}],"is_beta":false,"boss_relics":[{"not_picked":["energizedSpire:EnergizedDie","Replay:Grab Bag"],"picked":"energizedSpire:DeadBattery"}],"items_purged_floors":[3,14],"is_endless":false,"potions_floor_spawned":[4,8,12,18,21,24,28,30],"killed_by":"Pondfish","ascension_level":9}}