{"host":"msmkw03x1o7nq45i","time":1607621083,"event":{"mods":["BaseMod","GifTheSpireLib","StSLib","Bestiary","Colored Powertips","Highlight Path","Minty Spire (QoL Compilation)","Random Character Button","everything is the same but u backflip on backflip"],"gold_per_floor":[15,31,45,45,55,82,82,113,113,63,63,91,105,32,32,133,133,161,181,202,75,84,84,124,124,151,177,177,221,231,259,259,373,373,388,433,86,101,118,148,148,148,175,203,216,236,236,269,269,269,269,269,15,47,47],"floor_reached":56,"playtime":4864,"items_purged":["Strike_R","Strike_R"],"score":1925,"play_id":"1b35477f-7c63-4b31-b558-d1464597daf6","local_time":"20201210192443","is_ascension_mode":true,"campfire_choices":[{"data":"Immolate","floor":7.0,"key":"SMITH"},{"data":"Battle Trance","floor":11.0,"key":"SMITH"},{"data":"Warcry","floor":15.0,"key":"SMITH"},{"data":"Armaments","floor":23,"key":"SMITH"},{"floor":25,"key":"DIG"},{"floor":28,"key":"DIG"},{"floor":32,"key":"DIG"},{"floor":41,"key":"DIG"},{"floor":47,"key":"RECALL"},{"data":"Evolve","floor":49,"key":"SMITH"},{"data":"Feel No Pain","floor":52,"key":"SMITH"}],"circlet_count":0,"master_deck":["AscendersBane","Defend_R","Defend_R","Defend_R","Defend_R","Bash","Immolate+1","Power Through","Impervious","Battle Trance+1","Warcry+1","Fire Breathing","Corruption","CurseOfTheBell","Shockwave","Body Slam","Armaments+1","Feel No Pain+1","Disarm","Fire Breathing","Shrug It Off","Headbutt","Evolve+1","Flame Barrier+1","Fiend Fire","Dark Embrace","Shockwave+1","Power Through+1","Metallicize","Warcry+1"],"special_seed":0,"relics":["Burning Blood","Orichalcum","Bottled Flame","Incense Burner","Lizard Tail","Calling Bell","CeramicFish","Self Forming Clay","Shovel","Meat on the Bone","Bronze Scales","Ancient Tea Set","Toxic Egg 2","Mummified Hand","Gremlin Horn","Busted Crown","Turnip","Anchor","Blood Vial","Pen Nib","Vajra","Lantern","Bag of Preparation"],"acts_visited":["Exordium","TheCity","TheBeyond","TheEnding"],"potions_floor_usage":[24,29,55],"damage_taken":[{"damage":5.0,"enemies":"2 Louse","floor":1.0,"turns":3.0},{"damage":0.0,"enemies":"Small Slimes","floor":2.0,"turns":2.0},{"damage":0.0,"enemies":"Cultist","floor":3.0,"turns":3.0},{"damage":15.0,"enemies":"Blue Slaver","floor":5.0,"turns":5.0},{"damage":23.0,"enemies":"Gremlin Nob","floor":6.0,"turns":5.0},{"damage":15.0,"enemies":"Lagavulin","floor":8.0,"turns":6.0},{"damage":5.0,"enemies":"3 Sentries","floor":12.0,"turns":4.0},{"damage":0.0,"enemies":"Exordium Wildlife","floor":13.0,"turns":1.0},{"damage":20.0,"enemies":"Slime Boss","floor":16.0,"turns":7.0},{"damage":12,"enemies":"Shell Parasite","floor":18,"turns":6},{"damage":6,"enemies":"Chosen","floor":19,"turns":4},{"damage":20,"enemies":"3 Cultists","floor":20,"turns":6},{"damage":38,"enemies":"Gremlin Leader","floor":24,"turns":7},{"damage":5,"enemies":"Snecko","floor":27,"turns":5},{"damage":12,"enemies":"Slavers","floor":29,"turns":4},{"damage":1,"enemies":"Chosen and Byrds","floor":30,"turns":6},{"damage":14,"enemies":"Centurion and Healer","floor":31,"turns":4},{"damage":39,"enemies":"Automaton","floor":33,"turns":11},{"damage":8,"enemies":"Orb Walker","floor":35,"turns":4},{"damage":27,"enemies":"2 Orb Walkers","floor":36,"turns":4},{"damage":0,"enemies":"3 Shapes","floor":38,"turns":4},{"damage":0,"enemies":"3 Darklings","floor":39,"turns":2},{"damage":0,"enemies":"Reptomancer","floor":40,"turns":4},{"damage":34,"enemies":"Giant Head","floor":44,"turns":9},{"damage":1,"enemies":"Jaw Worm Horde","floor":45,"turns":3},{"damage":0,"enemies":"4 Shapes","floor":46,"turns":2},{"damage":0,"enemies":"Reptomancer","floor":48,"turns":4},{"damage":58,"enemies":"Awakened One","floor":50,"turns":10},{"damage":34,"enemies":"Shield and Spear","floor":54,"turns":6},{"damage":44,"enemies":"The Heart","floor":55,"turns":8}],"seed_played":"518666130492294818","potions_obtained":[{"floor":2.0,"key":"BloodPotion"},{"floor":5.0,"key":"Weak Potion"},{"floor":8.0,"key":"EssenceOfSteel"},{"floor":13.0,"key":"Weak Potion"},{"floor":24,"key":"Strength Potion"},{"floor":27,"key":"DuplicationPotion"},{"floor":30,"key":"PowerPotion"},{"floor":46,"key":"AttackPotion"}],"is_trial":false,"path_per_floor":["M","M","M","?","M","E","R","E","T","?","R","E","M","$","R","B",null,"M","M","M","$","?","R","E","R","T","M","R","E","M","M","R","B",null,"M","?","$","M","M","E","R","?","T","E","M","M","R","E","R","B",null,"R","$","E","B",null],"character_chosen":"IRONCLAD","items_purchased":["Fire Breathing","Feel No Pain","Disarm","Anchor","Dark Embrace","Shockwave+1","Metallicize","Warcry+1","LiquidMemories"],"campfire_rested":0,"item_purchase_floors":[14,21,21,37,37,37,53,53,53],"current_hp_per_floor":[73,79,80,73,64,47,47,38,38,38,38,39,61,61,61,47,72,66,66,52,52,52,52,20,20,20,33,33,39,56,48,48,27,67,65,56,56,62,68,74,74,74,74,48,55,63,63,71,71,33,68,68,68,54,30],"gold":47,"neow_bonus":"THREE_RARE_CARDS","is_daily":false,"chose_seed":false,"campfire_upgraded":6,"win_rate":0,"timestamp":1607621083,"path_taken":["M","M","M","?","M","E","R","E","T","?","R","E","M","$","R","BOSS","M","M","M","$","?","R","E","R","T","?","R","E","M","M","R","BOSS","M","?","$","M","M","E","R","?","T","E","M","M","R","E","R","BOSS","R","$","E","BOSS"],"build_version":"2020-11-30","purchased_purges":2,"victory":true,"max_hp_per_floor":[80,80,80,80,80,80,80,80,80,80,80,80,80,80,80,80,80,80,80,80,80,80,80,80,80,80,80,80,80,80,80,80,80,80,80,80,80,80,80,80,80,80,80,80,80,80,80,80,80,80,80,80,80,80,80],"card_choices":[{"not_picked":["Impervious","Fiend Fire"],"picked":"Immolate","floor":0.0},{"not_picked":["Twin Strike","Heavy Blade"],"picked":"Power Through","floor":1.0},{"not_picked":["Clash","Reckless Charge"],"picked":"Sword Boomerang","floor":2.0},{"not_picked":["Clash","Sever Soul","Clothesline"],"picked":"SKIP","floor":3.0},{"not_picked":["Entrench","Dual Wield","Armaments"],"picked":"SKIP","floor":5.0},{"not_picked":["Havoc","Cleave"],"picked":"Impervious","floor":6.0},{"not_picked":["Blood for Blood","Dual Wield"],"picked":"Battle Trance","floor":8.0},{"not_picked":["Rampage","Searing Blow","Thunderclap"],"picked":"SKIP","floor":12.0},{"not_picked":["Hemokinesis","Havoc"],"picked":"Warcry","floor":13.0},{"not_picked":["Bludgeon","Limit Break"],"picked":"Corruption","floor":16.0},{"not_picked":["Pummel","Rage"],"picked":"Shockwave","floor":18},{"not_picked":["Rampage","Whirlwind"],"picked":"Body Slam","floor":19},{"not_picked":["Whirlwind","Carnage"],"picked":"Armaments","floor":20},{"not_picked":["Thunderclap","Anger"],"picked":"Shrug It Off","floor":24},{"not_picked":["Shockwave","Double Tap"],"picked":"Headbutt","floor":27},{"not_picked":["Limit Break+1","Disarm+1"],"picked":"Evolve","floor":29},{"not_picked":["Perfected Strike","Clothesline","Iron Wave"],"picked":"SKIP","floor":30},{"not_picked":["Combust","Havoc+1"],"picked":"Flame Barrier+1","floor":31},{"not_picked":["Reaper","Double Tap+1"],"picked":"Fiend Fire","floor":33},{"not_picked":["Havoc+1"],"picked":"SKIP","floor":35},{"not_picked":["Cleave"],"picked":"SKIP","floor":38},{"not_picked":["Twin Strike"],"picked":"SKIP","floor":39},{"not_picked":["Havoc+1"],"picked":"SKIP","floor":40},{"not_picked":["Twin Strike"],"picked":"SKIP","floor":44},{"not_picked":["Wild Strike"],"picked":"SKIP","floor":45},{"not_picked":[],"picked":"Power Through+1","floor":46},{"not_picked":["Havoc+1"],"picked":"SKIP","floor":48},{"not_picked":["Clothesline+1"],"picked":"SKIP","floor":54}],"player_experience":243431,"relics_obtained":[{"floor":6.0,"key":"Orichalcum"},{"floor":8.0,"key":"Bottled Flame"},{"floor":9.0,"key":"Incense Burner"},{"floor":12.0,"key":"Lizard Tail"},{"floor":17,"key":"CeramicFish"},{"floor":17,"key":"Self Forming Clay"},{"floor":17,"key":"Shovel"},{"floor":24,"key":"Meat on the Bone"},{"floor":25,"key":"Bronze Scales"},{"floor":26,"key":"Ancient Tea Set"},{"floor":28,"key":"Toxic Egg 2"},{"floor":29,"key":"Mummified Hand"},{"floor":32,"key":"Gremlin Horn"},{"floor":36,"key":"Turnip"},{"floor":40,"key":"Blood Vial"},{"floor":41,"key":"Pen Nib"},{"floor":44,"key":"Vajra"},{"floor":48,"key":"Lantern"},{"floor":54,"key":"Bag of Preparation"}],"event_choices":[{"cards_removed":["Strike_R"],"damage_healed":0.0,"max_hp_gain":0.0,"max_hp_loss":0.0,"gold_gain":0.0,"event_name":"Golden Wing","player_choice":"Card Removal","floor":4.0,"gold_loss":0.0,"damage_taken":7.0},{"cards_removed":["Strike_R"],"damage_healed":0.0,"max_hp_gain":0.0,"max_hp_loss":0.0,"gold_gain":0.0,"event_name":"The Cleric","player_choice":"Card Removal","floor":10.0,"gold_loss":50.0,"damage_taken":0.0},{"damage_healed":0,"gold_gain":0,"cards_transformed":["Strike_R"],"player_choice":"Transformed","damage_taken":0,"max_hp_gain":0,"max_hp_loss":0,"event_name":"Transmorgrifier","floor":22,"gold_loss":0,"cards_obtained":["Fire Breathing"]},{"damage_healed":0,"gold_gain":0,"player_choice":"Fight","damage_taken":0,"max_hp_gain":0,"max_hp_loss":0,"event_name":"Mysterious Sphere","floor":36,"gold_loss":0},{"cards_removed":["Sword Boomerang"],"damage_healed":0,"gold_gain":0,"player_choice":"Removed Attack","damage_taken":0,"max_hp_gain":0,"max_hp_loss":0,"event_name":"Falling","floor":42,"gold_loss":0}],"is_beta":false,"boss_relics":[{"not_picked":["Empty Cage","SacredBark"],"picked":"Calling Bell"},{"not_picked":["Runic Cube","Velvet Choker"],"picked":"Busted Crown"}],"items_purged_floors":[37,53],"is_endless":false,"potions_floor_spawned":[2,5,8,13,24,27,30,31,33,36,44,46,48],"ascension_level":12}}