{"host":"g3js2eermvvpeiqn","time":1607581885,"event":{"gold_per_floor":[115,115,115,125,151,151,151,151,151,151,164,164,203,226,226,322,322,342,342,367,282,282,282,306,177,223,246,246,262,277,293,293,388,388,409,409,424,455,455,499,523,523,523,559,578,598,391,412,412,412,412,412,412,123,156,156],"floor_reached":57,"playtime":11132,"items_purged":["Strike_R","Defend_R","Feed+1"],"score":3249,"play_id":"fb7ac1ca-7df4-431e-a03c-520d1a8d3616","local_time":"20201210003125","is_ascension_mode":true,"campfire_choices":[{"floor":6.0,"key":"REST"},{"floor":8.0,"key":"REST"},{"data":"Rampage","floor":10.0,"key":"SMITH"},{"data":"Feed","floor":15.0,"key":"SMITH"},{"data":"Writhe","floor":23.0,"key":"PURGE"},{"data":"Armaments","floor":28.0,"key":"SMITH"},{"data":"Strike_R","floor":32.0,"key":"PURGE"},{"floor":42.0,"key":"RECALL"},{"data":"Dual Wield","floor":49.0,"key":"SMITH"},{"data":"Defend_R","floor":53.0,"key":"PURGE"}],"neow_cost":"NONE","seed_source_timestamp":0,"circlet_count":0,"master_deck":["AscendersBane","Defend_R+1","Bash","Demon Form+1","Rampage+1","Battle Trance+1","Double Tap","Armaments+1","Necronomicurse","Clothesline","Reaper","Dual Wield+1","Blood for Blood+1","Heavy Blade+1","Disarm+1","Uppercut","Demon Form+1","Shockwave+1","Limit Break"],"special_seed":0,"relics":["Burning Blood","Guardian:GemstoneGun","Guardian:PocketSentry","Blue Candle","Golden Idol","MealTicket","Snecko Eye","Red Skull","Peace Pipe","Necronomicon","Bag of Marbles","Vajra","Astrolabe","Torii","Thread and Needle","Bag of Preparation","Membership Card","Bronze Scales","Happy Flower","Shuriken"],"potions_floor_usage":[56,56],"damage_taken":[{"damage":8.0,"enemies":"2 Louse","floor":1.0,"turns":4.0},{"damage":7.0,"enemies":"Jaw Worm","floor":4.0,"turns":3.0},{"damage":0.0,"enemies":"Small Slimes","floor":11.0,"turns":2.0},{"damage":7.0,"enemies":"Lagavulin","floor":13.0,"turns":4.0},{"damage":4.0,"enemies":"Blue Slaver","floor":14.0,"turns":3.0},{"damage":28.0,"enemies":"Slime Boss","floor":16.0,"turns":7.0},{"damage":26.0,"enemies":"3 Byrds","floor":18.0,"turns":6.0},{"damage":0.0,"enemies":"Spheric Guardian","floor":20.0,"turns":3.0},{"damage":7.0,"enemies":"3 Cultists","floor":27.0,"turns":4.0},{"damage":35.0,"enemies":"Cultist and Chosen","floor":29.0,"turns":5.0},{"damage":0.0,"enemies":"Shelled Parasite and Fungi","floor":30.0,"turns":1.0},{"damage":0.0,"enemies":"Snake Plant","floor":31.0,"turns":2.0},{"damage":49.0,"enemies":"Automaton","floor":33.0,"turns":6.0},{"damage":7.0,"enemies":"Orb Walker","floor":35.0,"turns":2.0},{"damage":17.0,"enemies":"3 Darklings","floor":37.0,"turns":3.0},{"damage":0.0,"enemies":"Mind Bloom Boss Battle","floor":38.0,"turns":5.0},{"damage":52.0,"enemies":"Giant Head","floor":40.0,"turns":6.0},{"damage":28.0,"enemies":"Writhing Mass","floor":41.0,"turns":4.0},{"damage":6.0,"enemies":"Reptomancer","floor":44.0,"turns":2.0},{"damage":30.0,"enemies":"Jaw Worm Horde","floor":45.0,"turns":4.0},{"damage":18.0,"enemies":"Maw","floor":46.0,"turns":4.0},{"damage":13.0,"enemies":"Transient","floor":48.0,"turns":6.0},{"damage":101.0,"enemies":"Awakened One","floor":50.0,"turns":6.0},{"damage":50.0,"enemies":"Donu and Deca","floor":51.0,"turns":6.0},{"damage":80.0,"enemies":"Shield and Spear","floor":55.0,"turns":6.0},{"damage":133,"enemies":"The Heart","floor":56,"turns":6}],"seed_played":"-303751111335045402","potions_obtained":[{"floor":1.0,"key":"BlessingOfTheForge"},{"floor":4.0,"key":"Fire Potion"},{"floor":16.0,"key":"Swift Potion"},{"floor":18.0,"key":"sneckomod:MuddlingPotion"},{"floor":29.0,"key":"GamblersBrew"},{"floor":31.0,"key":"Regen Potion"},{"floor":37.0,"key":"BlessingOfTheForge"},{"floor":45.0,"key":"Block Potion"}],"is_trial":false,"path_per_floor":["M","?","?","M","T","R","?","R","T","R","M","?","E","M","R","B",null,"M","?","M","?","?","R","T","$","T","M","R","M","M","M","R","B",null,"M","?","M","?","?","E","M","R","T","E","M","M","$","M","R","B","B",null,"R","$","E","B",null],"character_chosen":"IRONCLAD","items_purchased":["Clothesline","Membership Card","Dexterity Potion","BloodPotion","Bronze Scales","Happy Flower"],"campfire_rested":2,"item_purchase_floors":[25,47,54,54,54,54],"current_hp_per_floor":[66,21,21,20,20,42,19,41,41,41,47,47,46,51,51,33,65,49,49,59,59,38,38,38,53,53,56,56,27,72,91,91,91,91,94,94,87,97,97,51,45,45,45,107,107,99,114,115,115,69,25,96,96,111,104,81],"gold":156,"neow_bonus":"ONE_RANDOM_RARE_CARD","is_prod":false,"is_daily":false,"chose_seed":false,"campfire_upgraded":4,"win_rate":0,"timestamp":1607581885,"path_taken":["M","?","?","?","?","R","?","R","T","R","M","?","E","M","R","BOSS","M","?","M","?","?","R","?","$","T","M","R","M","?","M","R","BOSS","M","?","M","?","?","E","M","R","T","E","?","M","$","M","R","BOSS","BOSS","R","$","E","BOSS"],"build_version":"2020-11-30","purchased_purges":3,"victory":true,"max_hp_per_floor":[75,75,75,75,75,75,75,75,75,75,75,68,68,71,71,75,75,79,79,83,83,83,83,83,83,83,87,87,87,87,91,91,91,91,95,95,99,103,103,103,107,107,107,107,111,115,115,115,115,119,119,119,119,119,119,119],"card_choices":[{"not_picked":["Fire Breathing","Hemokinesis"],"picked":"Rampage","floor":1.0},{"not_picked":["True Grit","Carnage"],"picked":"Battle Trance","floor":4.0},{"not_picked":["Twin Strike","Entrench","Thunderclap"],"picked":"SKIP","floor":11.0},{"not_picked":["Wild Strike","Uppercut"],"picked":"Feed","floor":13.0},{"not_picked":["Sever Soul","Infernal Blade","Iron Wave"],"picked":"SKIP","floor":14.0},{"not_picked":["Bludgeon","Corruption"],"picked":"Double Tap","floor":16.0},{"not_picked":["Iron Wave+1","Thunderclap"],"picked":"Armaments","floor":18.0},{"not_picked":["Dark Embrace","Wild Strike","Evolve+1"],"picked":"SKIP","floor":20.0},{"not_picked":["Perfected Strike","Havoc","Wild Strike"],"picked":"SKIP","floor":27.0},{"not_picked":["Twin Strike","Body Slam"],"picked":"Reaper","floor":29.0},{"not_picked":["Second Wind","Twin Strike"],"picked":"Dual Wield","floor":30.0},{"not_picked":["Pommel Strike+1","Burning Pact","Cleave+1"],"picked":"SKIP","floor":31.0},{"not_picked":["Armaments","Anger","Warcry"],"picked":"SKIP","floor":35.0},{"not_picked":["Ghostly Armor+1","Heavy Blade","Entrench"],"picked":"SKIP","floor":37.0},{"not_picked":["Sword Boomerang+1","Carnage+1"],"picked":"Uppercut","floor":38.0},{"not_picked":["Entrench","Shrug It Off"],"picked":"Shockwave+1","floor":40.0},{"not_picked":["Flex","Carnage","Evolve"],"picked":"SKIP","floor":41.0},{"not_picked":["Dark Embrace","Heavy Blade","Havoc+1"],"picked":"SKIP","floor":44.0},{"not_picked":["Dark Embrace","Heavy Blade","Havoc+1"],"picked":"SKIP","floor":44.0},{"not_picked":["Headbutt+1","Flex","Twin Strike"],"picked":"SKIP","floor":45.0},{"not_picked":["Shrug It Off","Cleave","Whirlwind"],"picked":"SKIP","floor":46.0},{"not_picked":["Shrug It Off","Combust","Twin Strike"],"picked":"SKIP","floor":48.0},{"not_picked":["Combust","Entrench+1"],"picked":"Limit Break","floor":55.0}],"player_experience":1421001,"relics_obtained":[{"floor":5.0,"key":"Guardian:PocketSentry"},{"floor":9.0,"key":"Blue Candle"},{"floor":13.0,"key":"MealTicket"},{"floor":22.0,"key":"Necronomicon"},{"floor":24.0,"key":"Bag of Marbles"},{"floor":26.0,"key":"Vajra"},{"floor":38.0,"key":"Torii"},{"floor":40.0,"key":"Thread and Needle"},{"floor":44.0,"key":"Bag of Preparation"},{"floor":55.0,"key":"Shuriken"}],"event_choices":[{"damage_healed":0.0,"max_hp_gain":0.0,"max_hp_loss":0.0,"gold_gain":0.0,"event_name":"Scrap Ooze","player_choice":"Success","floor":2.0,"gold_loss":0.0,"damage_taken":45.0,"relics_obtained":["Guardian:GemstoneGun"]},{"damage_healed":0.0,"max_hp_gain":0.0,"max_hp_loss":0.0,"gold_gain":0.0,"event_name":"Living Wall","player_choice":"Grow","floor":3.0,"gold_loss":0.0,"damage_taken":0.0,"cards_upgraded":["Demon Form"]},{"damage_healed":0.0,"max_hp_gain":0.0,"max_hp_loss":0.0,"gold_gain":0.0,"event_name":"Shining Light","player_choice":"Entered Light","floor":7.0,"gold_loss":0.0,"damage_taken":23.0,"cards_upgraded":["Defend_R","Battle Trance"]},{"damage_healed":0.0,"max_hp_gain":0.0,"max_hp_loss":7.0,"gold_gain":0.0,"event_name":"Golden Idol","player_choice":"Lose Max HP","floor":12.0,"gold_loss":0.0,"damage_taken":0.0,"relics_obtained":["Golden Idol"]},{"damage_healed":0.0,"max_hp_gain":0.0,"max_hp_loss":0.0,"gold_gain":0.0,"event_name":"The Mausoleum","player_choice":"Opened","floor":19.0,"gold_loss":0.0,"damage_taken":0.0,"relics_obtained":["Red Skull"],"cards_obtained":["Writhe"]},{"damage_healed":0.0,"max_hp_gain":0.0,"max_hp_loss":0.0,"gold_gain":0.0,"event_name":"Addict","player_choice":"Obtained Relic","floor":21.0,"gold_loss":85.0,"damage_taken":0.0,"relics_obtained":["Peace Pipe"]},{"damage_healed":0.0,"max_hp_gain":0.0,"max_hp_loss":0.0,"gold_gain":0.0,"event_name":"Cursed Tome","player_choice":"Obtained Book","floor":22.0,"gold_loss":0.0,"damage_taken":21.0},{"cards_removed":["Defend_R"],"damage_healed":0.0,"max_hp_gain":0.0,"max_hp_loss":0.0,"gold_gain":0.0,"event_name":"Falling","player_choice":"Removed Skill","floor":36.0,"gold_loss":0.0,"damage_taken":0.0},{"damage_healed":0.0,"max_hp_gain":0.0,"max_hp_loss":0.0,"gold_gain":0.0,"event_name":"MindBloom","player_choice":"Fight","floor":38.0,"gold_loss":0.0,"damage_taken":0.0},{"damage_healed":0.0,"max_hp_gain":0.0,"max_hp_loss":0.0,"gold_gain":0.0,"event_name":"Duplicator","player_choice":"Copied","floor":39.0,"gold_loss":0.0,"damage_taken":0.0,"cards_obtained":["Demon Form"]}],"is_beta":false,"boss_relics":[{"not_picked":["Ectoplasm","Coffee Dripper"],"picked":"Snecko Eye"},{"not_picked":["Black Blood","Busted Crown"],"picked":"Astrolabe"}],"items_purged_floors":[25,47,54],"is_endless":false,"potions_floor_spawned":[1,4,16,18,29,31,37,38,40,45],"ascension_level":20}}