{"host":"zkqorkqsr6o67e8b","time":1607564525,"event":{"gold_per_floor":[18,18,34,48,58,89,89,124,124,152,180,180,180,221,221,310,310,340,255,284,102,128,128,171,197,197,240,240,240,269,269,269],"floor_reached":31,"playtime":1538,"items_purged":["Strike_MRS"],"score":644,"play_id":"e36ca8d4-35a9-4d12-bff3-f3b717f0a4d1","local_time":"20201210094205","is_ascension_mode":true,"campfire_choices":[{"data":"Acceleration","floor":7.0,"key":"SMITH"},{"data":"PowerUp","floor":12.0,"key":"SMITH"},{"data":"MeteoricShower","floor":15.0,"key":"SMITH"},{"data":"EscapeVelocity","floor":23.0,"key":"SMITH"},{"data":"RitualDagger","floor":29,"key":"SMITH"}],"neow_cost":"NO_GOLD","seed_source_timestamp":2708377302900,"circlet_count":0,"master_deck":["AscendersBane","Strike_MRS","Defend_MRS","Defend_MRS","Defend_MRS","Defend_MRS","MasterSpark","UpSweep","Fiend Fire+1","PowerUp+1","6A","6A","Acceleration+1","WitchOfGreed","MeteoricShower+1","EscapeVelocity+1","ShootTheMoon","REME_FirmDetermination","SprinkleStarSeal","RitualDagger+1","DarkMatter"],"special_seed":0,"relics":["MiniHakkero","REME_ComplimentaryCards","Mummified Hand","Potion Belt","Calipers","MealTicket","Cursed Key","Mercury Hourglass","Strawberry","Bronze Scales"],"potions_floor_usage":[27,30,31,31],"damage_taken":[{"damage":19.0,"enemies":"Jaw Worm","floor":1.0,"turns":4.0},{"damage":0.0,"enemies":"Cultist","floor":3.0,"turns":2.0},{"damage":0.0,"enemies":"Small Slimes","floor":4.0,"turns":3.0},{"damage":5.0,"enemies":"Exordium Thugs","floor":5.0,"turns":3.0},{"damage":10.0,"enemies":"3 Sentries","floor":6.0,"turns":7.0},{"damage":0.0,"enemies":"Gremlin Nob","floor":8.0,"turns":3.0},{"damage":9.0,"enemies":"Exordium Wildlife","floor":10.0,"turns":3.0},{"damage":7.0,"enemies":"Red Slaver","floor":11.0,"turns":5.0},{"damage":30.0,"enemies":"3 Sentries","floor":14.0,"turns":8.0},{"damage":5.0,"enemies":"Hexaghost","floor":16.0,"turns":8.0},{"damage":13.0,"enemies":"3 Byrds","floor":18.0,"turns":2.0},{"damage":6.0,"enemies":"Shell Parasite","floor":20.0,"turns":3.0},{"damage":4.0,"enemies":"Centurion and Healer","floor":22.0,"turns":4.0},{"damage":7.0,"enemies":"REME_1_Revenger","floor":24.0,"turns":3.0},{"damage":14.0,"enemies":"Snake Plant","floor":25.0,"turns":4.0},{"damage":8,"enemies":"Gremlin Leader","floor":27,"turns":4},{"damage":16,"enemies":"Sentry and Sphere","floor":30,"turns":4},{"damage":0,"enemies":"Cultist and Chosen","floor":31,"turns":3}],"seed_played":"7661153937751223874","potions_obtained":[{"floor":1.0,"key":"Swift Potion"},{"floor":4.0,"key":"Fruit Juice"},{"floor":5.0,"key":"Fire Potion"},{"floor":10.0,"key":"Weak Potion"},{"floor":10.0,"key":"FairyPotion"},{"floor":11.0,"key":"Dexterity Potion"},{"floor":14.0,"key":"LiquidBronze"},{"floor":16.0,"key":"Swift Potion"},{"floor":16.0,"key":"LiquidBronze"},{"floor":18.0,"key":"LiquidBronze"},{"floor":20.0,"key":"Explosive Potion"},{"floor":22.0,"key":"BottledSpark"},{"floor":22.0,"key":"AttackPotion"},{"floor":24.0,"key":"AttackPotion"},{"floor":25.0,"key":"Block Potion"},{"floor":27,"key":"Swift Potion"}],"is_trial":false,"path_per_floor":["M","?","M","M","M","E","R","E","T","M","M","R","?","E","R","B",null,"M","?","M","$","M","R","E","M","T","E","?","R","M","M"],"character_chosen":"MARISA","items_purchased":["REME_FirmDetermination"],"campfire_rested":0,"item_purchase_floors":[21],"current_hp_per_floor":[44,44,44,49,44,34,34,34,34,25,18,18,18,12,12,7,58,45,45,39,54,50,50,50,36,36,28,22,22,6,6,6],"gold":269,"neow_bonus":"REMOVE_TWO","is_prod":false,"is_daily":false,"chose_seed":false,"campfire_upgraded":5,"win_rate":0,"timestamp":1607564525,"path_taken":["M","?","M","?","M","E","R","E","T","?","M","R","?","E","R","BOSS","M","?","M","$","M","R","E","M","T","E","?","R","M","M"],"build_version":"2020-11-30","purchased_purges":1,"victory":false,"max_hp_per_floor":[70,70,70,75,75,75,75,75,75,75,75,75,75,75,75,75,75,75,75,75,75,75,75,82,82,82,82,82,82,82,82,82],"card_choices":[{"not_picked":["DarkSpark","GalacticHalo"],"picked":"PowerUp","floor":1.0},{"not_picked":["EnergyRecoil","GasGiant"],"picked":"6A","floor":3.0},{"not_picked":["BlazeAway","6A","MysteriousBeam"],"picked":"SKIP","floor":4.0},{"not_picked":["BlazeAway","6A","MysteriousBeam"],"picked":"SKIP","floor":4.0},{"not_picked":["BlazeAway","MysteriousBeam"],"picked":"6A","floor":4.0},{"not_picked":["FairyDestructionRay","6A"],"picked":"Acceleration","floor":5.0},{"not_picked":["6A","SprinkleStarSeal"],"picked":"WitchOfGreed","floor":6.0},{"not_picked":["MysteriousBeam","BinaryStars"],"picked":"MeteoricShower","floor":8.0},{"not_picked":["6A","AsteroidBelt","MilkyWay"],"picked":"SKIP","floor":10.0},{"not_picked":["LuminesStrike","Acceleration","GrandCross"],"picked":"SKIP","floor":11.0},{"not_picked":["PowerUp","WitchOfGreed","MilkyWay"],"picked":"SKIP","floor":14.0},{"not_picked":["UltimateShortwave","AbsoluteMagnitude"],"picked":"EscapeVelocity","floor":16.0},{"not_picked":["LuminesStrike","DoubleSpark+1"],"picked":"ShootTheMoon","floor":18.0},{"not_picked":["EnergyFlow","LuminesStrike","GravityBeat"],"picked":"SKIP","floor":20.0},{"not_picked":["GalacticHalo","LuminesStrike","NonDirectionalLaser+1"],"picked":"SKIP","floor":22.0},{"not_picked":["WitchLeyline+1","GravityBeat","PropBag"],"picked":"SKIP","floor":24.0},{"not_picked":["MilkyWay+1","WitchLeyline","GravityBeat"],"picked":"SKIP","floor":25.0},{"not_picked":["UnstableBomb","ShootingEcho+1"],"picked":"SprinkleStarSeal","floor":27},{"not_picked":["WitchOfGreed","DeepEcoloBomb"],"picked":"DarkMatter","floor":30}],"player_experience":597915,"relics_obtained":[{"floor":6.0,"key":"Mummified Hand"},{"floor":8.0,"key":"Potion Belt"},{"floor":14.0,"key":"MealTicket"},{"floor":24.0,"key":"Strawberry"},{"floor":27,"key":"Bronze Scales"}],"event_choices":[{"damage_healed":0.0,"max_hp_gain":0.0,"max_hp_loss":0.0,"gold_gain":0.0,"event_name":"Upgrade Shrine","player_choice":"Upgraded","floor":2.0,"gold_loss":0.0,"damage_taken":0.0,"cards_upgraded":["Fiend Fire"]},{"damage_healed":0.0,"max_hp_gain":0.0,"max_hp_loss":0.0,"gold_gain":0.0,"event_name":"Dead Adventurer","player_choice":"Searched \u00272\u0027 times","floor":13.0,"gold_loss":0.0,"damage_taken":0.0,"relics_obtained":["Calipers"]},{"damage_healed":0.0,"max_hp_gain":0.0,"max_hp_loss":0.0,"gold_gain":0.0,"event_name":"Addict","player_choice":"Obtained Relic","floor":19.0,"gold_loss":85.0,"damage_taken":0.0,"relics_obtained":["Mercury Hourglass"]},{"damage_healed":0,"gold_gain":0,"player_choice":"Joined the Cult","damage_taken":6,"max_hp_gain":0,"max_hp_loss":0,"event_name":"Nest","floor":28,"gold_loss":0,"cards_obtained":["RitualDagger"]}],"is_beta":false,"boss_relics":[{"not_picked":["Black Star","Ectoplasm"],"picked":"Cursed Key"}],"items_purged_floors":[21],"is_endless":false,"potions_floor_spawned":[1,4,5,10,16,22],"killed_by":"Cultist and Chosen","ascension_level":20}}