{"host":"dntw6kil9p09eemm","time":1607635438,"event":{"mods":["BaseMod","StSLib","Minty Spire (QoL Compilation)","Shop Mod","Colored Powertips","Act Like it!","Gensokyo"],"gold_per_floor":[114,114,131,131,143,143,176,195,195,221,231,247,92,92,92,194,194,212,212,315,315,328,328,328],"floor_reached":51,"playtime":648,"items_purged":["Defend_B"],"score":716,"play_id":"08e4d05d-8d33-493d-a3ab-037dcfd52163","local_time":"20201211062358","is_ascension_mode":false,"campfire_choices":[{"data":"Zap","floor":6,"key":"SMITH"},{"floor":15,"key":"REST"},{"data":"Dualcast","floor":32,"key":"SMITH"},{"data":"Defragment","floor":49,"key":"SMITH"}],"circlet_count":0,"master_deck":["Strike_B","Strike_B","Strike_B","Defend_B","Defend_B","Defend_B","Zap+1","Dualcast+1","Defragment+1","Rip and Tear","Rebound","Rebound","Beam Cell","Sweeping Beam","Turbo","Core Surge","Buffer","Streamline","Streamline"],"relics":["Cracked Core","Ornamental Fan","Kunai","Bottled Flame","Gensokyo:PortableGap","Inserter","Black Star"],"acts_visited":["Exordium","Gensokyo:Gensokyo","TheBeyond"],"potions_floor_usage":[16],"damage_taken":[{"damage":0,"enemies":"Gensokyo:Python","floor":1,"turns":1},{"damage":0,"enemies":"Gensokyo:3_Fairies","floor":3,"turns":2},{"damage":0,"enemies":"Gensokyo:Gryphon","floor":5,"turns":1},{"damage":21,"enemies":"Gensokyo:Cirno","floor":7,"turns":6},{"damage":0,"enemies":"Gensokyo:LivingMonolith","floor":8,"turns":1},{"damage":12,"enemies":"Gensokyo:Mamizou","floor":10,"turns":5},{"damage":0,"enemies":"Gensokyo:2_Rabbits","floor":11,"turns":1},{"damage":0,"enemies":"Gensokyo:Gryphon_and_Rabbit","floor":12,"turns":1},{"damage":36,"enemies":"Gensokyo:Kokoro","floor":16,"turns":9},{"damage":0,"enemies":"Gensokyo:Chomper","floor":18,"turns":1},{"damage":53,"enemies":"Gensokyo:Kaguya","floor":33,"turns":6},{"damage":0,"enemies":"Orb Walker","floor":35,"turns":1},{"damage":0,"enemies":"Time Eater","floor":50,"turns":1}],"seed_played":"-1819073888657444915","potions_obtained":[{"floor":7,"key":"BlessingOfTheForge"},{"floor":10,"key":"Explosive Potion"},{"floor":11,"key":"CultistPotion"},{"floor":16,"key":"SteroidPotion"}],"is_trial":false,"path_per_floor":["M","?","M","?","M","R","E","M","T","E","M","M","$","?","R","B",null,"M","R","B",null,"M","R","B",null],"character_chosen":"DEFECT","items_purchased":["Core Surge"],"campfire_rested":1,"item_purchase_floors":[13],"current_hp_per_floor":[75,75,75,75,75,75,54,54,54,42,42,42,42,42,62,26,68,65,65,12,65,62,62,62],"gold":328,"neow_bonus":"REMOVE_CARD","is_daily":false,"chose_seed":false,"campfire_upgraded":3,"win_rate":0,"timestamp":1607635438,"path_taken":["M","?","M","?","M","R","E","M","T","E","M","M","$","?","R","BOSS","M","R","BOSS","M","R","BOSS"],"build_version":"2020-11-30","purchased_purges":1,"victory":true,"max_hp_per_floor":[75,75,75,75,75,75,75,75,75,75,75,75,75,68,68,68,68,65,65,65,65,62,62,62],"card_choices":[{"not_picked":["Gash","Go for the Eyes"],"picked":"Defragment","floor":1},{"not_picked":["Hologram","Stack"],"picked":"Rip and Tear","floor":3},{"not_picked":["White Noise","Chaos"],"picked":"Rebound","floor":5},{"not_picked":["Genetic Algorithm","Compile Driver","Cold Snap"],"picked":"SKIP","floor":7},{"not_picked":["Steam","Fusion"],"picked":"Rebound","floor":8},{"not_picked":["Gash","Reinforced Body"],"picked":"Beam Cell","floor":10},{"not_picked":["Streamline","Darkness"],"picked":"Sweeping Beam","floor":11},{"not_picked":["Chaos","Skim"],"picked":"Turbo","floor":12},{"not_picked":["Machine Learning","Thunder Strike"],"picked":"Buffer","floor":16},{"not_picked":["Capacitor","Steam"],"picked":"Streamline","floor":18},{"not_picked":["Rebound","Go for the Eyes"],"picked":"Streamline","floor":35}],"player_experience":97224,"relics_obtained":[{"floor":7,"key":"Ornamental Fan"},{"floor":9,"key":"Kunai"},{"floor":10,"key":"Bottled Flame"}],"event_choices":[],"is_beta":false,"boss_relics":[{"not_picked":["Coffee Dripper","Snecko Eye"],"picked":"Inserter"},{"not_picked":["Fusion Hammer","Nuclear Battery"],"picked":"Black Star"}],"items_purged_floors":[13],"is_endless":false,"potions_floor_spawned":[7,10,11,12,16],"ascension_level":0}}