{"host":"3ek78t4i81ecmdy1","time":1607588963,"event":{"gold_per_floor":[218,1,1,1,1,1,59,75,75,175,217,229,245,280,280,407,407,418,418,418],"floor_reached":19,"playtime":431,"items_purged":[],"score":169,"play_id":"7dba7dd0-4249-492e-b18b-64ecbd178c20","local_time":"20201210172923","is_ascension_mode":false,"campfire_choices":[{"data":"HandOfGreed","floor":6,"key":"SMITH"},{"data":"Infernal Blade","floor":15,"key":"SMITH"}],"neow_cost":"NONE","seed_source_timestamp":-3086349944979969376,"circlet_count":0,"master_deck":["Strike_R","Strike_R","Strike_R+1","Strike_R+1","Strike_R","Defend_R","Defend_R","Defend_R","Defend_R","Bash","Havoc","HandOfGreed+1","Warcry","Pommel Strike","Infernal Blade+1","Cleave","Clothesline","Shrug It Off","Ghostly Armor","Impervious"],"relics":["Burning Blood","Unceasing Top","Red Skull","Bird Faced Urn","SlaversCollar"],"potions_floor_usage":[16],"damage_taken":[{"damage":2,"enemies":"Small Slimes","floor":1,"turns":4},{"damage":54,"enemies":"Lagavulin","floor":7,"turns":7},{"damage":6,"enemies":"Jaw Worm","floor":8,"turns":2},{"damage":0,"enemies":"Cultist","floor":11,"turns":2},{"damage":0,"enemies":"Lots of Slimes","floor":12,"turns":1},{"damage":7,"enemies":"Looter","floor":13,"turns":2},{"damage":6,"enemies":"3 Louse","floor":14,"turns":3},{"damage":42,"enemies":"Slime Boss","floor":16,"turns":12},{"damage":20,"enemies":"2 Thieves","floor":18,"turns":4},{"damage":0,"enemies":"3 Byrds","floor":19,"turns":2}],"seed_played":"1984857670886771276","potions_obtained":[{"floor":7,"key":"SteroidPotion"},{"floor":8,"key":"Dexterity Potion"},{"floor":12,"key":"Energy Potion"},{"floor":18,"key":"Block Potion"}],"is_trial":false,"path_per_floor":["M","$","?","?","?","R","E","M","T","?","M","M","M","M","R","B",null,"M","M"],"character_chosen":"IRONCLAD","items_purchased":["HandOfGreed","Warcry"],"campfire_rested":0,"item_purchase_floors":[2,2],"current_hp_per_floor":[80,80,64,61,80,80,32,32,32,32,38,44,43,43,43,7,80,66,66,66],"gold":418,"neow_bonus":"HUNDRED_GOLD","is_prod":false,"is_daily":false,"chose_seed":false,"campfire_upgraded":2,"win_rate":0.0,"timestamp":1607588963,"path_taken":["M","$","?","?","?","R","E","M","T","?","M","M","M","?","R","BOSS","M","M"],"build_version":"2020-11-30","purchased_purges":0,"victory":false,"max_hp_per_floor":[80,80,80,80,80,80,80,80,80,80,80,80,80,80,80,80,80,80,80,80],"card_choices":[{"not_picked":["Dark Embrace","Headbutt"],"picked":"Havoc","floor":1},{"not_picked":["Perfected Strike","Clash"],"picked":"Pommel Strike","floor":7},{"not_picked":["Anger","Clothesline"],"picked":"Infernal Blade","floor":8},{"not_picked":["Headbutt","Flex"],"picked":"Cleave","floor":11},{"not_picked":["Warcry","Heavy Blade"],"picked":"Clothesline","floor":12},{"not_picked":["Clothesline","Cleave"],"picked":"Shrug It Off","floor":13},{"not_picked":["Cleave","Flex"],"picked":"Ghostly Armor","floor":14},{"not_picked":["Exhume","Demon Form"],"picked":"Impervious","floor":16},{"not_picked":["Wild Strike+1","Shrug It Off","Flex"],"picked":"SKIP","floor":18}],"player_experience":128733,"relics_obtained":[{"floor":7,"key":"Red Skull"},{"floor":9,"key":"Bird Faced Urn"}],"event_choices":[{"damage_healed":0,"gold_gain":0,"player_choice":"Entered Light","damage_taken":16,"max_hp_gain":0,"max_hp_loss":0,"event_name":"Shining Light","floor":3,"gold_loss":0,"cards_upgraded":["Strike_R","Strike_R"]},{"damage_healed":0,"gold_gain":0,"player_choice":"Success","damage_taken":3,"relics_obtained":["Unceasing Top"],"max_hp_gain":0,"max_hp_loss":0,"event_name":"Scrap Ooze","floor":4,"gold_loss":0},{"damage_healed":26,"gold_gain":0,"player_choice":"Banana","damage_taken":0,"max_hp_gain":0,"max_hp_loss":0,"event_name":"Big Fish","floor":5,"gold_loss":0},{"damage_healed":0,"gold_gain":100,"player_choice":"Pray","damage_taken":0,"max_hp_gain":0,"max_hp_loss":0,"event_name":"Golden Shrine","floor":10,"gold_loss":0}],"is_beta":false,"boss_relics":[{"not_picked":["Cursed Key","Coffee Dripper"],"picked":"SlaversCollar"}],"items_purged_floors":[],"is_endless":false,"potions_floor_spawned":[7,8,12,14,18],"killed_by":"3 Byrds","ascension_level":0}}