{"host":"ly20tmf9be7b85hl","time":1607596282,"event":{"gold_per_floor":[119,119,136,61,61,93,109,109,109,109,128,128,128,138,138,216,216,229,229,129,148,148,176,192,224,274,292,292,392,166,176,176,250,250,264,278,290,10,30,30,355,383,432,432,52,70,70,7,7,7,7,7,7,7,35,35],"floor_reached":57,"playtime":3051,"items_purged":["Strike_R","Strike_R"],"score":3190,"play_id":"d588a77c-100a-4b15-a3d9-008f36c49c65","local_time":"20201210193122","is_ascension_mode":true,"campfire_choices":[{"data":"Body Slam","floor":8.0,"key":"SMITH"},{"data":"Bash","floor":10.0,"key":"SMITH"},{"data":"Sword Boomerang","floor":15.0,"key":"SMITH"},{"floor":28.0,"key":"REST"},{"floor":32.0,"key":"RECALL"},{"floor":40,"key":"REST"},{"floor":44,"key":"REST"},{"floor":49,"key":"REST"},{"floor":53,"key":"REST"}],"neow_cost":"TEN_PERCENT_HP_LOSS","seed_source_timestamp":96102404361299,"circlet_count":0,"master_deck":["AscendersBane","Strike_R+1","Strike_R+1","Defend_R","Defend_R","Defend_R","Defend_R","Bash+1","Pommel Strike","Body Slam+1","Warcry","Sword Boomerang+1","Offering","Flame Barrier","Evolve","Dark Embrace","Warcry","Corruption+1","CurseOfTheBell","Armaments","Sentinel","Second Wind","Exhume","Burning Pact","Shrug It Off","Entrench+1","True Grit","Ghostly Armor","Warcry","Shrug It Off","True Grit","Havoc","Havoc","Bloodletting","Corruption","Exhume"],"special_seed":0,"relics":["Burning Blood","Dead Branch","White Beast Statue","Ancient Tea Set","CaptainsWheel","Fusion Hammer","Mango","HornCleat","PreservedInsect","Magic Flower","Pear","Pen Nib","Calling Bell","Omamori","The Courier","FossilizedHelix","Old Coin","Bag of Marbles","Nunchaku"],"potions_floor_usage":[33,33,37,42,42,51,51],"damage_taken":[{"damage":11.0,"enemies":"Small Slimes","floor":1.0,"turns":3.0},{"damage":7.0,"enemies":"Cultist","floor":3.0,"turns":4.0},{"damage":12.0,"enemies":"3 Sentries","floor":6.0,"turns":6.0},{"damage":12.0,"enemies":"Jaw Worm","floor":7.0,"turns":2.0},{"damage":10.0,"enemies":"Red Slaver","floor":11.0,"turns":3.0},{"damage":7.0,"enemies":"Looter","floor":14.0,"turns":3.0},{"damage":16.0,"enemies":"Slime Boss","floor":16.0,"turns":5.0},{"damage":19.0,"enemies":"Shell Parasite","floor":18.0,"turns":3.0},{"damage":12.0,"enemies":"2 Thieves","floor":21.0,"turns":4.0},{"damage":28.0,"enemies":"Slavers","floor":23.0,"turns":2.0},{"damage":19.0,"enemies":"3 Cultists","floor":24.0,"turns":4.0},{"damage":11.0,"enemies":"Gremlin Leader","floor":25.0,"turns":5.0},{"damage":14.0,"enemies":"Snake Plant","floor":27.0,"turns":4.0},{"damage":18.0,"enemies":"Colosseum Slavers","floor":29.0,"turns":4.0},{"damage":8.0,"enemies":"Colosseum Nobs","floor":29.0,"turns":3.0},{"damage":4.0,"enemies":"Snecko","floor":31.0,"turns":5.0},{"damage":12,"enemies":"Collector","floor":33,"turns":3},{"damage":0,"enemies":"3 Shapes","floor":35,"turns":4},{"damage":9,"enemies":"Orb Walker","floor":36,"turns":2},{"damage":8,"enemies":"3 Darklings","floor":37,"turns":4},{"damage":15,"enemies":"Maw","floor":39,"turns":6},{"damage":2,"enemies":"Mind Bloom Boss Battle","floor":41,"turns":5},{"damage":6,"enemies":"Reptomancer","floor":42,"turns":1},{"damage":6,"enemies":"Sphere and 2 Shapes","floor":46,"turns":2},{"damage":25,"enemies":"Awakened One","floor":50,"turns":10},{"damage":28,"enemies":"Time Eater","floor":51,"turns":7},{"damage":42,"enemies":"Shield and Spear","floor":55,"turns":5},{"damage":29,"enemies":"The Heart","floor":56,"turns":6}],"seed_played":"-3664361610959209027","potions_obtained":[{"floor":1.0,"key":"BlessingOfTheForge"},{"floor":3.0,"key":"BloodPotion"},{"floor":7.0,"key":"FearPotion"},{"floor":11.0,"key":"FairyPotion"},{"floor":14.0,"key":"PowerPotion"},{"floor":16.0,"key":"Weak Potion"},{"floor":18.0,"key":"Strength Potion"},{"floor":23.0,"key":"EssenceOfSteel"},{"floor":24.0,"key":"Strength Potion"},{"floor":25.0,"key":"GamblersBrew"},{"floor":27.0,"key":"Energy Potion"},{"floor":29.0,"key":"ElixirPotion"},{"floor":31.0,"key":"SteroidPotion"},{"floor":33,"key":"SkillPotion"},{"floor":35,"key":"LiquidBronze"},{"floor":36,"key":"EntropicBrew"},{"floor":37,"key":"AttackPotion"},{"floor":39,"key":"Energy Potion"},{"floor":42,"key":"Fruit Juice"},{"floor":46,"key":"PowerPotion"},{"floor":55,"key":"ColorlessPotion"}],"is_trial":false,"path_per_floor":["M","?","M","$","?","E","M","R","T","R","M","?","?","M","R","B",null,"M","?","$","M","?","E","M","E","T","M","R","?","$","M","R","B",null,"M","M","M","$","M","R","?","E","T","R","$","M","?","$","R","B","B",null,"R","$","E","B",null],"character_chosen":"IRONCLAD","items_purchased":["Pen Nib","Warcry","Second Wind","Exhume","Burning Pact","Shrug It Off","True Grit","Ghostly Armor","Warcry","Shrug It Off","True Grit","Havoc","Havoc","Bloodletting","Corruption"],"campfire_rested":5,"item_purchase_floors":[30,30,38,38,38,38,45,45,45,45,45,45,45,45,48],"current_hp_per_floor":[63,63,62,62,62,56,50,50,50,50,46,35,15,27,27,17,55,42,23,23,17,17,41,28,23,23,15,41,37,37,42,42,39,83,92,92,93,93,87,97,97,102,102,102,102,102,102,102,102,86,67,93,102,102,69,49],"gold":35,"neow_bonus":"ONE_RARE_RELIC","is_prod":false,"is_daily":false,"chose_seed":false,"campfire_upgraded":3,"win_rate":0,"timestamp":1607596282,"path_taken":["M","?","M","?","?","E","?","R","T","R","M","?","?","M","R","BOSS","M","?","$","M","?","E","M","E","T","M","R","?","$","M","R","BOSS","M","M","M","$","M","R","?","E","T","R","$","M","?","$","R","BOSS","BOSS","R","$","E","BOSS"],"build_version":"2020-11-30","purchased_purges":2,"victory":true,"max_hp_per_floor":[68,68,68,68,68,68,68,68,68,68,68,68,68,68,68,68,68,68,73,73,73,73,87,87,87,87,87,87,97,97,97,97,97,97,97,97,97,97,97,97,97,102,102,102,102,102,102,102,102,102,102,102,102,102,102,102],"card_choices":[{"not_picked":["Searing Blow","Sword Boomerang"],"picked":"Pommel Strike","floor":1.0},{"not_picked":["Infernal Blade","Hemokinesis"],"picked":"Body Slam","floor":3.0},{"not_picked":["Thunderclap","True Grit"],"picked":"Warcry","floor":6.0},{"not_picked":["Immolate","Cleave"],"picked":"Sword Boomerang","floor":7.0},{"not_picked":["Body Slam","Anger","Carnage"],"picked":"SKIP","floor":11.0},{"not_picked":["Pummel","Body Slam","Double Tap"],"picked":"SKIP","floor":14.0},{"not_picked":["Immolate","Reaper"],"picked":"Offering","floor":16.0},{"not_picked":["Pommel Strike","Bloodletting"],"picked":"Flame Barrier","floor":18.0},{"not_picked":["Body Slam+1","Clothesline","Brutality"],"picked":"SKIP","floor":21.0},{"not_picked":["Anger","Havoc+1"],"picked":"Evolve","floor":23.0},{"not_picked":["Flex","Sword Boomerang","Fire Breathing"],"picked":"SKIP","floor":24.0},{"not_picked":["Feed","True Grit","Blood for Blood"],"picked":"SKIP","floor":25.0},{"not_picked":["Sword Boomerang","Rage"],"picked":"Dark Embrace","floor":27.0},{"not_picked":["Rampage","True Grit","Searing Blow"],"picked":"SKIP","floor":31.0},{"not_picked":["Barricade","Berserk"],"picked":"Corruption","floor":33},{"not_picked":["Clash+1","Headbutt"],"picked":"Armaments","floor":35},{"not_picked":["Evolve","Pommel Strike+1"],"picked":"Sentinel","floor":36},{"not_picked":["Fire Breathing","Heavy Blade","Clash"],"picked":"SKIP","floor":37},{"not_picked":["Cleave","Armaments"],"picked":"Entrench+1","floor":39},{"not_picked":["Fire Breathing","Blood for Blood","Hemokinesis"],"picked":"SKIP","floor":42},{"not_picked":["Cleave+1","Wild Strike+1","Heavy Blade"],"picked":"SKIP","floor":46},{"not_picked":["Double Tap","Clothesline"],"picked":"Exhume","floor":55}],"player_experience":835145,"relics_obtained":[{"floor":6.0,"key":"White Beast Statue"},{"floor":9.0,"key":"Ancient Tea Set"},{"floor":23.0,"key":"Mango"},{"floor":25.0,"key":"HornCleat"},{"floor":26.0,"key":"PreservedInsect"},{"floor":29.0,"key":"Magic Flower"},{"floor":29.0,"key":"Pear"},{"floor":34,"key":"Omamori"},{"floor":34,"key":"The Courier"},{"floor":34,"key":"FossilizedHelix"},{"floor":41,"key":"Old Coin"},{"floor":42,"key":"Bag of Marbles"},{"floor":55,"key":"Nunchaku"}],"event_choices":[{"damage_healed":0.0,"max_hp_gain":0.0,"max_hp_loss":0.0,"gold_gain":0.0,"event_name":"Match and Keep!","player_choice":"0 cards matched","floor":2.0,"gold_loss":0.0,"damage_taken":0.0,"cards_obtained":[]},{"cards_removed":["Strike_R"],"damage_healed":0.0,"max_hp_gain":0.0,"max_hp_loss":0.0,"gold_gain":0.0,"event_name":"Bonfire Elementals","player_choice":"Offered Basic","floor":5.0,"gold_loss":0.0,"damage_taken":0.0},{"damage_healed":0.0,"max_hp_gain":0.0,"max_hp_loss":0.0,"gold_gain":0.0,"event_name":"Scrap Ooze","player_choice":"Success","floor":12.0,"gold_loss":0.0,"damage_taken":11.0,"relics_obtained":["CaptainsWheel"]},{"damage_healed":0.0,"max_hp_gain":0.0,"max_hp_loss":0.0,"gold_gain":0.0,"event_name":"Shining Light","player_choice":"Entered Light","floor":13.0,"gold_loss":0.0,"damage_taken":20.0,"cards_upgraded":["Strike_R","Strike_R"]},{"damage_healed":0.0,"max_hp_gain":5.0,"max_hp_loss":0.0,"gold_gain":0.0,"event_name":"Forgotten Altar","player_choice":"Shed Blood","floor":19.0,"gold_loss":0.0,"damage_taken":24.0},{"damage_healed":0.0,"max_hp_gain":0.0,"max_hp_loss":0.0,"gold_gain":0.0,"event_name":"The Mausoleum","player_choice":"Ignored","floor":22.0,"gold_loss":0.0,"damage_taken":0.0},{"damage_healed":0.0,"max_hp_gain":0.0,"max_hp_loss":0.0,"gold_gain":0.0,"event_name":"Colosseum","player_choice":"Fight","floor":29.0,"gold_loss":0.0,"damage_taken":0.0},{"damage_healed":0.0,"max_hp_gain":0.0,"max_hp_loss":0.0,"gold_gain":0.0,"event_name":"Colosseum","player_choice":"Fought Nobs","floor":29.0,"gold_loss":0.0,"damage_taken":0.0},{"damage_healed":0,"gold_gain":0,"player_choice":"Fight","damage_taken":0,"max_hp_gain":0,"max_hp_loss":0,"event_name":"MindBloom","floor":41,"gold_loss":0},{"damage_healed":0,"gold_gain":0,"player_choice":"Forge","damage_taken":0,"max_hp_gain":0,"max_hp_loss":0,"event_name":"Accursed Blacksmith","floor":47,"gold_loss":0,"cards_upgraded":["Corruption"]}],"is_beta":false,"boss_relics":[{"not_picked":["Sozu","Busted Crown"],"picked":"Fusion Hammer"},{"not_picked":["Philosopher\u0027s Stone","Coffee Dripper"],"picked":"Calling Bell"}],"items_purged_floors":[4,20],"is_endless":false,"potions_floor_spawned":[1,3,7,11,14,16,18,21,23,24,25,27,29,29,31,33,35,36,37,39,41,42,46,55],"ascension_level":20}}