{"host":"6csbbk4539itd1k2","time":1607621464,"event":{"mods":["BaseMod","StSLib","Colored Powertips","Hermit","Minty Spire (QoL Compilation)","The Cursed","The Servant 0.9.4","Googly Eyes","Replay The Spire","SuperFastMode","The Bug Knight","The Hierophant","The Necromancer"],"gold_per_floor":[110,124,144,144,160,160,260,260,260,270,302,319,334,347,347,452,452,468,106,119,135,135,170,194,206,218,247,276,319,350,381,393,509,521,543,430,455,455,505,540,557,557,557,573,573,600,600,612,612,199,199,199],"floor_reached":53,"playtime":4954,"items_purged":["HollowMod:QuickDashStart","HollowMod:NailStrikeStart","Languid"],"score":1088,"play_id":"f2853297-afb2-46fd-bdab-8e273900239b","local_time":"20201210183104","is_ascension_mode":false,"campfire_choices":[{"data":"HollowMod:DoubleDash","floor":6,"key":"SMITH"},{"data":"HollowMod:DashSlash","floor":8,"key":"SMITH"},{"floor":15,"key":"DIG"},{"floor":25,"key":"REST"},{"data":"Looming Evil","floor":32,"key":"PURGE"},{"data":"HollowMod:ShadowDash","floor":47,"key":"SMITH"},{"data":"HollowMod:SiblingsSouls","floor":49,"key":"SMITH"}],"circlet_count":0,"master_deck":["HollowMod:NailStrikeStart","HollowMod:NailStrikeStart","HollowMod:QuickDashStart","HollowMod:QuickDashStart","HollowMod:QuickDashStart","HollowMod:PogoStrike+1","HollowMod:DashSlash+1","HollowMod:DoubleDash+1","HollowMod:CloakDash","HollowMod:WraithStrike","HollowMod:DescendingDark","HollowMod:BlackTendrils","HollowMod:DashSlash","HollowMod:WraithStrike","HollowMod:BlackTendrils","HollowMod:SiblingsSouls+1","HollowMod:CloakDash","HollowMod:DescendingDark","HollowMod:AbyssShriek","HollowMod:SiblingsShadow+1","HollowMod:ShadowDash+1","HollowMod:VengefulVoid","HollowMod:SoulMaster+1","CurseOfTheBell","HollowMod:AbyssShriek+1","HollowMod:ShadowDash+1","CommonCold","HollowMod:SiblingsSouls","HollowMod:CloakDash","HollowMod:WraithStrike+1","HollowMod:AwokenDreamNail+1"],"relics":["HollowMod:VesselMask","Pocketwatch","Replay:Bottled Steam","HollowMod:PaleOreRelic","Gambling Chip","Sozu","Ancient Tea Set","ReplayTheSpireMod:Ring of Challenge","Replay:Baseball","MawBank","Replay:Bottled Flurry","Golden Egg","Replay:Grab Bag","ReplayTheSpireMod:Onyx Gauntlets","Cursed Key","Runic Pyramid","Calling Bell","Blood Vial","Gremlin Horn","FossilizedHelix","Replay:Rubber Ducky","Torii","ReplayTheSpireMod:Ninjato","Counterbalance","Simple Rune","ReplayFunnel","Anchor"],"acts_visited":["Exordium","TheCity","TheBeyond"],"potions_floor_usage":[16],"damage_taken":[{"damage":3,"enemies":"2 Louse","floor":1,"turns":2},{"damage":0,"enemies":"Jaw Worm","floor":2,"turns":5},{"damage":0,"enemies":"Cultist","floor":3,"turns":3},{"damage":6,"enemies":"Gremlin Gang","floor":5,"turns":11},{"damage":0,"enemies":"3 Louse","floor":10,"turns":4},{"damage":14,"enemies":"Lagavulin","floor":11,"turns":9},{"damage":0,"enemies":"Exordium Wildlife","floor":12,"turns":2},{"damage":6,"enemies":"Lots of Slimes","floor":13,"turns":2},{"damage":0,"enemies":"Looter","floor":14,"turns":3},{"damage":13,"enemies":"Hexaghost","floor":16,"turns":10},{"damage":2,"enemies":"3 Byrds","floor":18,"turns":4},{"damage":0,"enemies":"Spheric Guardian","floor":20,"turns":2},{"damage":10,"enemies":"Cultist and Chosen","floor":21,"turns":5},{"damage":41,"enemies":"Book of Stabbing","floor":23,"turns":5},{"damage":0,"enemies":"3 Cultists","floor":27,"turns":2},{"damage":21,"enemies":"Centurion and Healer","floor":28,"turns":4},{"damage":9,"enemies":"Gremlin Leader","floor":29,"turns":5},{"damage":2,"enemies":"Snecko","floor":30,"turns":4},{"damage":0,"enemies":"Cultist and Chosen","floor":31,"turns":3},{"damage":22,"enemies":"Pondfish","floor":33,"turns":8},{"damage":0,"enemies":"Orb Walker","floor":35,"turns":2},{"damage":0,"enemies":"Mind Bloom Boss Battle","floor":39,"turns":3},{"damage":0,"enemies":"Giant Head","floor":40,"turns":4},{"damage":0,"enemies":"3 Darklings","floor":41,"turns":2},{"damage":0,"enemies":"Jaw Worm Horde","floor":44,"turns":1},{"damage":0,"enemies":"Reptomancer","floor":46,"turns":2},{"damage":0,"enemies":"Sphere and 2 Shapes","floor":48,"turns":3},{"damage":0,"enemies":"Awakened One","floor":52,"turns":4}],"seed_played":"6527813378892444697","potions_obtained":[{"floor":3,"key":"FearPotion"},{"floor":10,"key":"PowerPotion"},{"floor":11,"key":"Weak Potion"},{"floor":14,"key":"Swift Potion"},{"floor":16,"key":"Explosive Potion"}],"is_trial":false,"path_per_floor":["M","M","M","?","M","R","?","R","T","M","E","M","M","M","R","B",null,"M","$","M","M","?","E","T","R","T","M","M","E","M","M","R","B",null,"M","$","T","?","?","E","M","PTL","PTL","M","T","E","R","M","R","$","R","B",null],"character_chosen":"THE_BUGKNIGHT","items_purchased":["HollowMod:WraithStrike","HollowMod:BlackTendrils","HollowMod:SiblingsSouls","Ancient Tea Set","HollowMod:ShadowDash","ReplayFunnel","Anchor"],"campfire_rested":1,"item_purchase_floors":[19,19,19,19,36,50,50],"current_hp_per_floor":[75,75,75,57,63,63,63,63,63,73,69,69,63,63,63,54,75,73,73,75,68,68,37,37,59,59,59,46,56,58,63,63,49,75,75,75,75,75,75,75,75,75,75,75,75,75,75,75,75,75,75,75],"gold":199,"neow_bonus":"REMOVE_CARD","is_daily":false,"chose_seed":false,"campfire_upgraded":4,"win_rate":0,"timestamp":1607621464,"path_taken":["M","M","M","?","M","R","?","R","T","M","E","M","?","M","R","BOSS","M","$","?","M","?","E","?","R","T","M","M","E","M","M","R","BOSS","M","$","?","?","?","E","?","PTL","PTL","M","T","E","R","M","R","$","R","BOSS"],"build_version":"2020-11-30","purchased_purges":3,"victory":true,"max_hp_per_floor":[75,75,75,75,75,75,75,75,75,75,75,75,75,75,75,75,75,75,75,75,75,75,75,75,75,75,75,75,75,75,75,75,75,75,75,75,75,75,75,75,75,75,75,75,75,75,75,75,75,75,75,75],"card_choices":[{"not_picked":["HollowMod:RecoilStrike","HollowMod:PureNailStrike"],"picked":"HollowMod:DashSlash","floor":1},{"not_picked":["HollowMod:ChannelNail","HollowMod:SoulSplash","HollowMod:FallenFury"],"picked":"SKIP","floor":2},{"not_picked":["HollowMod:CycloneSlash","HollowMod:CornifersMapStart"],"picked":"HollowMod:DoubleDash","floor":3},{"not_picked":["HollowMod:PureNailStrike","HollowMod:HornetsHelp"],"picked":"HollowMod:CloakDash","floor":5},{"not_picked":["HollowMod:SoulVessel","HollowMod:InfectedCysts"],"picked":"HollowMod:WraithStrike","floor":10},{"not_picked":["HollowMod:LifebloodCocoon","HollowMod:Hiveblood","HollowMod:SharpenedNail"],"picked":"SKIP","floor":11},{"not_picked":["HollowMod:CloakDash","HollowMod:DungDefenderAura"],"picked":"HollowMod:DescendingDark","floor":12},{"not_picked":["HollowMod:SoulVessel","HollowMod:SharpenedNail"],"picked":"HollowMod:BlackTendrils","floor":13},{"not_picked":["HollowMod:GoodIntentions","HollowMod:SoulSplash","HollowMod:ChannelNail"],"picked":"SKIP","floor":14},{"not_picked":["HollowMod:ChannelNail","HollowMod:SharpenedNail"],"picked":"HollowMod:DashSlash","floor":18},{"not_picked":["HollowMod:DashSlash","HollowMod:SharpenedNail"],"picked":"HollowMod:CloakDash","floor":20},{"not_picked":["HollowMod:HowlingWraiths","HollowMod:CloakDash"],"picked":"HollowMod:DescendingDark","floor":21},{"not_picked":["HollowMod:DoubleDash","HollowMod:MantisMark"],"picked":"HollowMod:AbyssShriek","floor":23},{"not_picked":["HollowMod:PerfectDash","HollowMod:ZotesMagnificence"],"picked":"HollowMod:SiblingsShadow+1","floor":27},{"not_picked":["HollowMod:TaintedHusks","HollowMod:NewGlowingWomb+1"],"picked":"HollowMod:ShadowDash","floor":28},{"not_picked":["HollowMod:Weaversong","HollowMod:SoulVessel","HollowMod:Hiveblood"],"picked":"SKIP","floor":29},{"not_picked":["HollowMod:CycloneSlash+1","HollowMod:LifebloodCocoon","HollowMod:SoulSplash+1"],"picked":"SKIP","floor":30},{"not_picked":["HollowMod:DungDefenderAura+1","HollowMod:ChannelNail"],"picked":"HollowMod:VengefulVoid","floor":31},{"not_picked":["HollowMod:MidwifesHunger","HollowMod:PureVessel"],"picked":"HollowMod:SoulMaster","floor":33},{"not_picked":["HollowMod:BaldurShell","HollowMod:DescendingDark"],"picked":"HollowMod:AbyssShriek+1","floor":35},{"not_picked":["HollowMod:NewGlowingWomb+1","HollowMod:TaintedHusks+1"],"picked":"HollowMod:SiblingsSouls","floor":39},{"not_picked":["HollowMod:LifebloodCocoon+1","HollowMod:NewLittleFool"],"picked":"HollowMod:CloakDash","floor":40},{"not_picked":["HollowMod:CloakDash","HollowMod:SoulVessel","HollowMod:theNailsmith"],"picked":"SKIP","floor":41},{"not_picked":["HollowMod:CornifersMapStart+1","HollowMod:CloakDash","HollowMod:SoulSplash"],"picked":"SKIP","floor":44},{"not_picked":["HollowMod:LifebloodCocoon+1","HollowMod:SharpenedShadows","HollowMod:CycloneSlash"],"picked":"SKIP","floor":46},{"not_picked":["HollowMod:RecoilStrike","HollowMod:DoubleDash+1"],"picked":"HollowMod:WraithStrike+1","floor":48}],"player_experience":106804,"relics_obtained":[{"floor":9,"key":"Replay:Bottled Steam"},{"floor":11,"key":"HollowMod:PaleOreRelic"},{"floor":15,"key":"Gambling Chip"},{"floor":22,"key":"ReplayTheSpireMod:Ring of Challenge"},{"floor":23,"key":"Replay:Baseball"},{"floor":24,"key":"MawBank"},{"floor":26,"key":"Replay:Bottled Flurry"},{"floor":29,"key":"Golden Egg"},{"floor":34,"key":"Blood Vial"},{"floor":34,"key":"Gremlin Horn"},{"floor":34,"key":"FossilizedHelix"},{"floor":37,"key":"Replay:Rubber Ducky"},{"floor":39,"key":"Torii"},{"floor":40,"key":"ReplayTheSpireMod:Ninjato"},{"floor":45,"key":"Counterbalance"},{"floor":46,"key":"Simple Rune"}],"event_choices":[{"damage_healed":0,"gold_gain":0,"player_choice":"Success","damage_taken":18,"relics_obtained":["Pocketwatch"],"max_hp_gain":0,"max_hp_loss":0,"event_name":"Scrap Ooze","floor":4,"gold_loss":0},{"damage_healed":0,"gold_gain":100,"player_choice":"Pray","damage_taken":0,"max_hp_gain":0,"max_hp_loss":0,"event_name":"Golden Shrine","floor":7,"gold_loss":0},{"damage_healed":0,"gold_gain":0,"player_choice":"Ignored","damage_taken":0,"max_hp_gain":0,"max_hp_loss":0,"event_name":"Tomb of Lord Red Mask","floor":38,"gold_loss":0},{"damage_healed":0,"gold_gain":0,"player_choice":"Fight","damage_taken":0,"max_hp_gain":0,"max_hp_loss":0,"event_name":"MindBloom","floor":39,"gold_loss":0}],"is_beta":false,"boss_relics":[{"not_picked":["Replay:Wanted Poster","Empty Cage"],"picked":"Sozu"},{"not_picked":["SlaversCollar","Black Star"],"picked":"Replay:Grab Bag"},{"not_picked":["ChewingGum","Painkiller Herb"],"picked":"ReplayTheSpireMod:Onyx Gauntlets"},{"not_picked":["Fusion Hammer","ReplayTheSpireMod:DimensionalGlitch"],"picked":"Cursed Key"},{"not_picked":["Ring of Chaos","SacredBark"],"picked":"Runic Pyramid"},{"not_picked":["Snecko Eye","Kintsugi"],"picked":"Calling Bell"}],"items_purged_floors":[19,36,50],"is_endless":false,"potions_floor_spawned":[3,10,11,14,16,27,28,29,30,31,39,40,44],"ascension_level":0}}