{"host":"uxq2rly8rxtwffuf","time":1607580859,"event":{"gold_per_floor":[116,66,77,77,97,97,125,140,140,140,160,175,195,2,2,102,102,117,136,10,20,36,36,75,9,33,33,33],"floor_reached":27,"playtime":1264,"items_purged":["Strike_G","Strike_G"],"score":379,"play_id":"3e341af5-ee56-4864-9b1c-062ff0e41735","local_time":"20201210091419","is_ascension_mode":true,"campfire_choices":[{"data":"Dagger Throw","floor":6,"key":"SMITH"},{"data":"Cloak And Dagger","floor":10,"key":"SMITH"},{"floor":15,"key":"RECALL"},{"data":"Footwork","floor":23,"key":"SMITH"}],"neow_cost":"NONE","seed_source_timestamp":1182380859368094,"circlet_count":0,"master_deck":["AscendersBane","Strike_G","Defend_G","Defend_G","Defend_G","Defend_G","Survivor","Neutralize","Dagger Throw+1","Blade Dance","Infinite Blades","Noxious Fumes","Cloak And Dagger+1","Footwork+1","Dodge and Roll","Accuracy","Doppelganger","Finisher","Escape Plan","Accuracy","Backstab","Poisoned Stab","Dodge and Roll","Adrenaline","Accuracy","Bandage Up"],"relics":["Ring of the Snake","Mummified Hand","Membership Card","Black Star","Juzu Bracelet","CeramicFish","Art of War"],"potions_floor_usage":[7,13,16,21,24],"damage_taken":[{"damage":0,"enemies":"Jaw Worm","floor":1,"turns":4},{"damage":0,"enemies":"2 Louse","floor":3,"turns":2},{"damage":0,"enemies":"Cultist","floor":5,"turns":3},{"damage":14,"enemies":"Lagavulin","floor":7,"turns":5},{"damage":3,"enemies":"3 Louse","floor":8,"turns":3},{"damage":0,"enemies":"2 Fungi Beasts","floor":11,"turns":3},{"damage":0,"enemies":"Blue Slaver","floor":12,"turns":3},{"damage":3,"enemies":"Looter","floor":13,"turns":3},{"damage":11,"enemies":"Hexaghost","floor":16,"turns":6},{"damage":15,"enemies":"2 Thieves","floor":18,"turns":4},{"damage":1,"enemies":"Spheric Guardian","floor":19,"turns":3},{"damage":10,"enemies":"Centurion and Healer","floor":21,"turns":3},{"damage":0,"enemies":"3 Cultists","floor":22,"turns":5},{"damage":28,"enemies":"Book of Stabbing","floor":24,"turns":5},{"damage":41,"enemies":"Shelled Parasite and Fungi","floor":27,"turns":3}],"seed_played":"5692990533604446753","potions_obtained":[{"floor":3,"key":"PowerPotion"},{"floor":5,"key":"Swift Potion"},{"floor":8,"key":"CultistPotion"},{"floor":19,"key":"LiquidMemories"},{"floor":21,"key":"SteroidPotion"}],"is_trial":false,"path_per_floor":["M","?","M","?","M","R","E","M","T","R","M","M","M","$","R","B",null,"M","M","$","M","M","R","E","$","T","M"],"character_chosen":"THE_SILENT","items_purchased":["Membership Card","Accuracy","Backstab","Accuracy","Bandage Up"],"campfire_rested":0,"item_purchase_floors":[14,20,20,25,25],"current_hp_per_floor":[63,63,63,63,63,63,49,46,46,46,46,46,43,43,43,32,61,46,45,45,35,35,35,7,7,7,0,0],"gold":33,"neow_bonus":"REMOVE_CARD","is_prod":false,"is_daily":false,"chose_seed":false,"campfire_upgraded":3,"win_rate":0,"timestamp":1607580859,"path_taken":["M","?","M","?","M","R","E","M","T","R","M","M","M","$","R","BOSS","M","M","$","M","M","R","E","?","T","M"],"build_version":"2020-11-30","purchased_purges":2,"victory":false,"max_hp_per_floor":[70,70,70,70,70,70,70,70,70,70,70,70,70,70,70,70,70,70,70,70,70,70,70,70,70,70,70,70],"card_choices":[{"not_picked":["Flying Knee","Choke"],"picked":"Dagger Throw","floor":1},{"not_picked":["PiercingWail","Deadly Poison"],"picked":"Blade Dance","floor":3},{"not_picked":["Slice","Cloak And Dagger"],"picked":"Infinite Blades","floor":5},{"not_picked":["Deadly Poison","Quick Slash"],"picked":"Noxious Fumes","floor":7},{"not_picked":["Escape Plan","Dagger Throw"],"picked":"Cloak And Dagger","floor":8},{"not_picked":["Reflex","Quick Slash"],"picked":"Footwork","floor":11},{"not_picked":["Terror","Quick Slash"],"picked":"Dodge and Roll","floor":12},{"not_picked":["Reflex","Deflect"],"picked":"Accuracy","floor":13},{"not_picked":["Glass Knife","Tools of the Trade"],"picked":"Doppelganger","floor":16},{"not_picked":["Dagger Throw","Dagger Spray"],"picked":"Finisher","floor":18},{"not_picked":["Concentrate","Bane"],"picked":"Escape Plan","floor":19},{"not_picked":["Heel Hook","Quick Slash"],"picked":"Poisoned Stab","floor":21},{"not_picked":["Flechettes","Reflex"],"picked":"Dodge and Roll","floor":22},{"not_picked":["PiercingWail","Eviscerate"],"picked":"Adrenaline","floor":24}],"player_experience":1322546,"relics_obtained":[{"floor":7,"key":"Mummified Hand"},{"floor":24,"key":"Juzu Bracelet"},{"floor":24,"key":"CeramicFish"},{"floor":26,"key":"Art of War"}],"event_choices":[{"cards_removed":["Strike_G"],"damage_healed":0,"gold_gain":0,"player_choice":"Card Removal","damage_taken":0,"max_hp_gain":0,"max_hp_loss":0,"event_name":"The Cleric","floor":2,"gold_loss":50},{"cards_removed":["Strike_G"],"damage_healed":0,"gold_gain":0,"player_choice":"Card Removal","damage_taken":0,"max_hp_gain":0,"max_hp_loss":0,"event_name":"Wheel of Change","floor":4,"gold_loss":0}],"is_beta":false,"boss_relics":[{"not_picked":["Astrolabe","Busted Crown"],"picked":"Black Star"}],"items_purged_floors":[14,20],"is_endless":false,"potions_floor_spawned":[3,5,8,19,21],"killed_by":"Shelled Parasite and Fungi","ascension_level":12}}