{"host":"rby9tmzevanrudcg","time":1607609712,"event":{"gold_per_floor":[117,292,305,305,380,420,420,59,59,78,78,78,78,117,117,246,246,262,162,178,194,214,257,273,286,286,317,317,213,213,244,244,363,363,387,387,403,678,699,730,770,770,838,308,351,375,395,433,433,433],"floor_reached":51,"playtime":3654,"items_purged":["Doubt","alterego_mod:Impale","Regret"],"score":1027,"play_id":"3de1cead-5936-4e13-a452-b147ea91e688","local_time":"20201210221512","is_ascension_mode":true,"campfire_choices":[{"data":"alterego_mod:IndependentAction","floor":12.0,"key":"SMITH"},{"data":"alterego_mod:TrashNCrash","floor":15.0,"key":"SMITH"},{"data":"alterego_mod:GIGAMILK","floor":32,"key":"SMITH"},{"data":"alterego_mod:Cushion","floor":42,"key":"SMITH"},{"data":"alterego_mod:Cushion","floor":49,"key":"SMITH"}],"neow_cost":"NONE","seed_source_timestamp":1256255939674000,"circlet_count":0,"master_deck":["alterego_mod:Defend","alterego_mod:Defend","alterego_mod:Defend","alterego_mod:Defend","alterego_mod:BigMeatyClaws","alterego_mod:BrynhildrsRune","alterego_mod:MagicResistance","alterego_mod:Cushion+1","alterego_mod:TrashNCrash+1","alterego_mod:Cushion+1","alterego_mod:Birthday","alterego_mod:IndependentAction+1","alterego_mod:ClassAdvantage","alterego_mod:Valentines","alterego_mod:MagicResistance","alterego_mod:SakuraLabyrinth+1","alterego_mod:GIGAMILK+1","alterego_mod:SakuraFive+1","alterego_mod:GachaTicket","Bite+1","Bite+1","Bite+1","Bite+1","Bite+1","alterego_mod:Birthday+1","CurseOfTheBell","alterego_mod:Birthday","alterego_mod:BusterCard+1","alterego_mod:Tantrum+1","alterego_mod:Clones+1","alterego_mod:BusterCard+1"],"special_seed":0,"relics":["Runic Pyramid","Golden Idol","Boot","Molten Egg 2","alterego_mod:SistersRibbon","Shuriken","CultistMask","Ginger","Black Star","Darkstone Periapt","StoneCalendar","Dream Catcher","Bag of Marbles","WingedGreaves","Bag of Preparation","Calling Bell","Nunchaku","Blue Candle","Girya","Meat on the Bone","Lantern","Toxic Egg 2","Ice Cream","Frozen Egg 2","Bottled Flame","Toolbox","TungstenRod","Blood Vial","Unceasing Top","Bronze Scales"],"potions_floor_usage":[50,50],"damage_taken":[{"damage":1.0,"enemies":"Jaw Worm","floor":1.0,"turns":4.0},{"damage":3.0,"enemies":"2 Louse","floor":3.0,"turns":3.0},{"damage":21.0,"enemies":"Lagavulin","floor":6.0,"turns":7.0},{"damage":1.0,"enemies":"Small Slimes","floor":10.0,"turns":4.0},{"damage":0.0,"enemies":"3 Sentries","floor":14.0,"turns":12.0},{"damage":0.0,"enemies":"Slime Boss","floor":16.0,"turns":9.0},{"damage":10.0,"enemies":"Chosen","floor":18.0,"turns":6.0},{"damage":12.0,"enemies":"Shell Parasite","floor":20.0,"turns":5.0},{"damage":12.0,"enemies":"Centurion and Healer","floor":21.0,"turns":6.0},{"damage":3.0,"enemies":"Snake Plant","floor":22.0,"turns":5.0},{"damage":34.0,"enemies":"Gremlin Leader","floor":23.0,"turns":11.0},{"damage":6.0,"enemies":"Snecko","floor":24.0,"turns":6.0},{"damage":25.0,"enemies":"Shelled Parasite and Fungi","floor":25.0,"turns":7.0},{"damage":59.0,"enemies":"Slavers","floor":27.0,"turns":8.0},{"damage":41,"enemies":"Gremlin Leader","floor":31,"turns":6},{"damage":42,"enemies":"Collector","floor":33,"turns":6},{"damage":20,"enemies":"3 Darklings","floor":35,"turns":5},{"damage":36,"enemies":"3 Shapes","floor":37,"turns":3},{"damage":28,"enemies":"Maw","floor":39,"turns":5},{"damage":32,"enemies":"Giant Head","floor":40,"turns":7},{"damage":15,"enemies":"Reptomancer","floor":41,"turns":4},{"damage":13,"enemies":"Giant Head","floor":45,"turns":5},{"damage":0,"enemies":"Sphere and 2 Shapes","floor":46,"turns":4},{"damage":0,"enemies":"Transient","floor":47,"turns":5},{"damage":0,"enemies":"Reptomancer","floor":48,"turns":5},{"damage":46,"enemies":"Time Eater","floor":50,"turns":6}],"seed_played":"4235787157621264091","potions_obtained":[{"floor":3.0,"key":"EssenceOfSteel"},{"floor":16.0,"key":"PowerPotion"},{"floor":22.0,"key":"Fire Potion"},{"floor":25.0,"key":"SmokeBomb"},{"floor":31,"key":"DistilledChaos"},{"floor":35,"key":"PowerPotion"}],"is_trial":false,"path_per_floor":["M","?","M","?","?","E","T","$","T","M","?","R","$","E","R","B",null,"M","$","M","M","M","E","M","M","T","E","?","$","?","E","R","B",null,"M","?","M","?","M","E","E","R","T","$","E","M","M","E","R","B",null],"character_chosen":"The_Alterego","items_purchased":["alterego_mod:SistersRibbon","alterego_mod:Cushion","alterego_mod:Birthday","alterego_mod:SakuraFive+1","alterego_mod:GachaTicket","Bottled Flame","Toolbox"],"campfire_rested":0,"item_purchase_floors":[8,8,8,29,29,44,44],"current_hp_per_floor":[69,69,66,49,38,17,17,17,17,34,34,34,34,43,43,70,70,69,69,66,63,69,70,70,61,61,25,25,25,25,41,41,40,55,47,47,20,26,41,61,61,61,61,61,61,61,61,61,61,49],"gold":433,"neow_bonus":"BOSS_RELIC","is_prod":false,"is_daily":false,"chose_seed":false,"campfire_upgraded":5,"win_rate":0,"timestamp":1607609712,"path_taken":["M","?","M","?","?","E","?","?","T","?","?","R","$","E","R","BOSS","M","?","?","M","M","E","M","M","T","E","?","$","?","E","R","BOSS","M","?","M","?","M","E","E","R","T","$","E","?","M","E","R","BOSS"],"build_version":"2020-11-30","purchased_purges":3,"victory":true,"max_hp_per_floor":[70,70,70,70,70,70,70,70,70,70,70,70,70,70,70,70,70,70,70,70,70,70,70,70,70,70,70,70,70,49,49,49,49,55,55,55,55,61,61,61,61,61,61,61,61,61,61,61,61,61],"card_choices":[{"not_picked":["alterego_mod:Mirror","alterego_mod:PerceptionDisorder"],"picked":"alterego_mod:MagicResistance","floor":1.0},{"not_picked":["alterego_mod:Mirror","alterego_mod:SakuraPetals"],"picked":"alterego_mod:Cushion","floor":3.0},{"not_picked":["alterego_mod:Pet","alterego_mod:DustData"],"picked":"alterego_mod:TrashNCrash","floor":6.0},{"not_picked":["alterego_mod:Pet","alterego_mod:PurpleHair"],"picked":"alterego_mod:IndependentAction","floor":10.0},{"not_picked":["alterego_mod:DeftHands+1","alterego_mod:HighServant","alterego_mod:DiscoLights"],"picked":"SKIP","floor":14.0},{"not_picked":["alterego_mod:Vow","alterego_mod:VirginLaserPalladion+1"],"picked":"alterego_mod:ClassAdvantage","floor":16.0},{"not_picked":["alterego_mod:Cooking+1","alterego_mod:DeftHands+1","alterego_mod:Bounce+1"],"picked":"SKIP","floor":18.0},{"not_picked":["alterego_mod:PerceptionDisorder+1","alterego_mod:Jiggle"],"picked":"alterego_mod:Valentines","floor":20.0},{"not_picked":["alterego_mod:1TonWallop+1","alterego_mod:Undulate"],"picked":"alterego_mod:MagicResistance","floor":21.0},{"not_picked":["alterego_mod:Table","alterego_mod:Complex+1","alterego_mod:Support"],"picked":"SKIP","floor":22.0},{"not_picked":["alterego_mod:Bounce+1","alterego_mod:TrickOrTreatment","alterego_mod:DiscoLights"],"picked":"SKIP","floor":23.0},{"not_picked":["alterego_mod:Bounce+1","alterego_mod:TrickOrTreatment","alterego_mod:DiscoLights"],"picked":"SKIP","floor":23.0},{"not_picked":["alterego_mod:Collar+1","alterego_mod:PerceptionDisorder","alterego_mod:Punishment"],"picked":"SKIP","floor":24.0},{"not_picked":["alterego_mod:Undulate","alterego_mod:Maid+1","alterego_mod:1TonWallop+1"],"picked":"SKIP","floor":25.0},{"not_picked":["alterego_mod:DiscoLights","alterego_mod:Cycle"],"picked":"alterego_mod:SakuraLabyrinth+1","floor":27.0},{"not_picked":["alterego_mod:Cooking","alterego_mod:PainIsPleasure"],"picked":"alterego_mod:Birthday+1","floor":31},{"not_picked":["alterego_mod:GoddessCore+1","alterego_mod:Maid+1"],"picked":"alterego_mod:Birthday","floor":35},{"not_picked":["alterego_mod:DiscoLights+1","alterego_mod:PurpleHair","alterego_mod:Complex+1"],"picked":"SKIP","floor":37},{"not_picked":["alterego_mod:Mirror+1","alterego_mod:Cooking"],"picked":"alterego_mod:BusterCard+1","floor":39},{"not_picked":["alterego_mod:PresenceConcealment+1","alterego_mod:Cycle+1","alterego_mod:Mirror+1"],"picked":"SKIP","floor":40},{"not_picked":["alterego_mod:RocketPunch+1","alterego_mod:Belts+1","alterego_mod:GoddessCore+1"],"picked":"SKIP","floor":41},{"not_picked":["alterego_mod:BustOut+1","alterego_mod:HighServant+1"],"picked":"alterego_mod:Tantrum+1","floor":45},{"not_picked":["alterego_mod:BoobPocket+1","alterego_mod:SuperDuperMasochism+1","alterego_mod:Cycle+1"],"picked":"SKIP","floor":46},{"not_picked":["alterego_mod:Punishment+1","alterego_mod:SakuraLabyrinth+1"],"picked":"alterego_mod:Clones+1","floor":47},{"not_picked":["alterego_mod:Complex+1","alterego_mod:Cooking+1"],"picked":"alterego_mod:BusterCard+1","floor":48}],"player_experience":121254,"relics_obtained":[{"floor":6.0,"key":"Boot"},{"floor":7.0,"key":"Molten Egg 2"},{"floor":9.0,"key":"Shuriken"},{"floor":14.0,"key":"Ginger"},{"floor":23.0,"key":"Darkstone Periapt"},{"floor":23.0,"key":"StoneCalendar"},{"floor":27.0,"key":"Dream Catcher"},{"floor":27.0,"key":"Bag of Marbles"},{"floor":31,"key":"WingedGreaves"},{"floor":31,"key":"Bag of Preparation"},{"floor":34,"key":"Nunchaku"},{"floor":34,"key":"Blue Candle"},{"floor":34,"key":"Girya"},{"floor":40,"key":"Meat on the Bone"},{"floor":40,"key":"Lantern"},{"floor":41,"key":"Toxic Egg 2"},{"floor":41,"key":"Ice Cream"},{"floor":43,"key":"Frozen Egg 2"},{"floor":45,"key":"TungstenRod"},{"floor":45,"key":"Blood Vial"},{"floor":48,"key":"Unceasing Top"},{"floor":48,"key":"Bronze Scales"}],"event_choices":[{"damage_healed":0.0,"max_hp_gain":0.0,"max_hp_loss":0.0,"gold_gain":175.0,"event_name":"Liars Game","player_choice":"AGREE","floor":2.0,"gold_loss":0.0,"damage_taken":0.0,"cards_obtained":["Doubt"]},{"damage_healed":0.0,"max_hp_gain":0.0,"max_hp_loss":0.0,"gold_gain":0.0,"event_name":"Golden Idol","player_choice":"Take Damage","floor":4.0,"gold_loss":0.0,"damage_taken":17.0,"relics_obtained":["Golden Idol"]},{"damage_healed":0.0,"max_hp_gain":0.0,"max_hp_loss":0.0,"gold_gain":75.0,"event_name":"World of Goop","player_choice":"Gather Gold","floor":5.0,"gold_loss":0.0,"damage_taken":11.0},{"damage_healed":0.0,"max_hp_gain":0.0,"max_hp_loss":0.0,"gold_gain":0.0,"event_name":"FaceTrader","player_choice":"Trade","floor":11.0,"gold_loss":0.0,"damage_taken":0.0,"relics_obtained":["CultistMask"]},{"damage_healed":0.0,"max_hp_gain":0.0,"max_hp_loss":0.0,"gold_gain":0.0,"event_name":"The Library","player_choice":"Read","floor":28.0,"gold_loss":0.0,"damage_taken":0.0,"cards_obtained":["alterego_mod:GIGAMILK"]},{"damage_healed":0.0,"max_hp_gain":0.0,"max_hp_loss":21.0,"gold_gain":0.0,"event_name":"Vampires","player_choice":"Became a vampire","floor":30.0,"gold_loss":0.0,"damage_taken":0.0,"cards_obtained":["Bite","Bite","Bite","Bite","Bite"]},{"damage_healed":0,"gold_gain":0,"player_choice":"Ignored","damage_taken":0,"max_hp_gain":0,"max_hp_loss":0,"event_name":"The Moai Head","floor":36,"gold_loss":0},{"damage_healed":0,"gold_gain":275,"player_choice":"Desecrate","damage_taken":0,"max_hp_gain":0,"max_hp_loss":0,"event_name":"Golden Shrine","floor":38,"gold_loss":0,"cards_obtained":["Regret"]}],"is_beta":false,"boss_relics":[{"not_picked":["Pandora\u0027s Box","Astrolabe"],"picked":"Black Star"},{"not_picked":["Velvet Choker","Empty Cage"],"picked":"Calling Bell"}],"items_purged_floors":[8,19,44],"is_endless":false,"potions_floor_spawned":[3,16,22,25,31,35,37,39,46,47],"ascension_level":1}}