{"host":"dntw6kil9p09eemm","time":1607591605,"event":{"gold_per_floor":[99,99,99,114,114,126,136,146,173,184,184,210,210,97,114,132,147,147,242,292,304,266,278,210,210,210,222,132,132,132,151,162,174,174,174,174,174],"floor_reached":36,"playtime":1606,"items_purged":["Defend_B"],"score":318,"play_id":"111bd51d-a93d-422d-99e7-9477326d2a36","local_time":"20201210181325","is_ascension_mode":false,"campfire_choices":[{"floor":11,"key":"REST"},{"data":"Zap","floor":13,"key":"SMITH"},{"floor":18,"key":"REST"},{"data":"Hologram","floor":26,"key":"SMITH"},{"floor":30,"key":"REST"},{"floor":35,"key":"REST"}],"neow_cost":"NONE","seed_source_timestamp":0,"circlet_count":0,"master_deck":["Strike_B","Strike_B","Strike_B","Defend_B","Defend_B","Defend_B","Zap+1","Dualcast+1","Rip and Tear","Leap","Sweeping Beam","Leap","Rebound","Loop","Melter","Buffer","Beam Cell","Core Surge","Hologram+1","Redo","Defragment","FTL","Leap","Conserve Battery","Ball Lightning+1","Ball Lightning+1"],"special_seed":0,"relics":["Cracked Core","Bronze Scales","MerchantsRug","Incense Burner"],"potions_floor_usage":[9,34,34,34,34,36,36],"damage_taken":[{"damage":0,"enemies":"3 Shapes","floor":4,"turns":1},{"damage":0,"enemies":"Cultist","floor":6,"turns":3},{"damage":1,"enemies":"Jaw Worm","floor":7,"turns":2},{"damage":4,"enemies":"Large Slime","floor":8,"turns":6},{"damage":31,"enemies":"Lagavulin","floor":9,"turns":6},{"damage":17,"enemies":"Exordium Thugs","floor":10,"turns":6},{"damage":7,"enemies":"Blue Slaver","floor":15,"turns":2},{"damage":2,"enemies":"Looter","floor":16,"turns":3},{"damage":2,"enemies":"Large Slime","floor":17,"turns":4},{"damage":49,"enemies":"Hexaghost","floor":19,"turns":8},{"damage":5,"enemies":"Spheric Guardian","floor":21,"turns":3},{"damage":6,"enemies":"3 Byrds","floor":23,"turns":2},{"damage":20,"enemies":"Shelled Parasite and Fungi","floor":27,"turns":5},{"damage":17,"enemies":"Centurion and Healer","floor":31,"turns":6},{"damage":18,"enemies":"3 Cultists","floor":32,"turns":4},{"damage":0,"enemies":"Snake Plant","floor":33,"turns":4},{"damage":24,"enemies":"Colosseum Slavers","floor":34,"turns":4},{"damage":39,"enemies":"Champ","floor":36,"turns":5}],"seed_played":"-6054896538705095720","potions_obtained":[{"floor":4,"key":"FearPotion"},{"floor":9,"key":"Swift Potion"},{"floor":16,"key":"PotionOfCapacity"},{"floor":20,"key":"Ancient Potion"},{"floor":27,"key":"DuplicationPotion"},{"floor":33,"key":"EntropicBrew"}],"is_trial":false,"path_per_floor":["M","M","M","M","?","M","M","M","E","M","R","T","R","$","M","M","M","R","B",null,"M","$","M","$","?","R","M","$","T","R","M","M","M","?","R","B"],"character_chosen":"DEFECT","items_purchased":["Loop","Defragment","FTL","MerchantsRug","Conserve Battery"],"campfire_rested":4,"item_purchase_floors":[14,22,24,28,28],"current_hp_per_floor":[82,82,82,82,82,82,81,77,46,29,53,53,53,53,46,44,42,66,17,87,82,82,76,76,59,59,39,39,39,66,49,31,31,7,34,0,0],"gold":174,"neow_bonus":"TEN_PERCENT_HP_BONUS","is_prod":false,"is_daily":false,"chose_seed":false,"campfire_upgraded":2,"win_rate":0,"timestamp":1607591605,"path_taken":["M","?","M","M","?","E","M","R","T","R","$","M","M","M","R","BOSS","M","$","M","$","?","R","M","$","T","R","M","M","M","?","R","BOSS"],"build_version":"2020-11-30","purchased_purges":1,"victory":false,"max_hp_per_floor":[82,82,82,82,82,82,82,82,82,82,82,82,82,82,82,82,82,82,82,87,87,87,87,87,92,92,92,92,92,92,92,92,92,92,92,92,92],"card_choices":[{"not_picked":["Loop","Leap"],"picked":"Rip and Tear","floor":4},{"not_picked":["Stack","Go for the Eyes","Steam"],"picked":"SKIP","floor":6},{"not_picked":["Rebound","Stack"],"picked":"Leap","floor":7},{"not_picked":["Beam Cell","Rebound"],"picked":"Sweeping Beam","floor":8},{"not_picked":["Gash","Compile Driver"],"picked":"Leap","floor":9},{"not_picked":["Sweeping Beam","Leap"],"picked":"Rebound","floor":10},{"not_picked":["Chaos","Stack"],"picked":"Melter","floor":15},{"not_picked":["Self Repair","Coolheaded"],"picked":"Buffer","floor":16},{"not_picked":["Stack","Steam Power"],"picked":"Beam Cell","floor":17},{"not_picked":["All For One","Multi-Cast"],"picked":"Core Surge","floor":19},{"not_picked":["Go for the Eyes","Rebound"],"picked":"Hologram","floor":20},{"not_picked":["Reinforced Body+1","Rip and Tear"],"picked":"Redo","floor":21},{"not_picked":["Heatsinks","Chaos","Scrape"],"picked":"SKIP","floor":23},{"not_picked":["Auto Shields","Loop+1"],"picked":"Leap","floor":27},{"not_picked":["Static Discharge","Turbo"],"picked":"Ball Lightning+1","floor":31},{"not_picked":["Cold Snap","Biased Cognition","Go for the Eyes+1"],"picked":"SKIP","floor":32},{"not_picked":["Conserve Battery","Hologram"],"picked":"Ball Lightning+1","floor":33}],"player_experience":90345,"relics_obtained":[{"floor":9,"key":"Sundial"},{"floor":12,"key":"Bronze Scales"},{"floor":29,"key":"Incense Burner"}],"event_choices":[{"cards_removed":["Strike_B"],"damage_healed":0,"gold_gain":0,"player_choice":"Offered Basic","damage_taken":0,"max_hp_gain":0,"max_hp_loss":0,"event_name":"Bonfire Elementals","floor":5,"gold_loss":0},{"damage_healed":0,"gold_gain":0,"player_choice":"Shed Blood","damage_taken":22,"max_hp_gain":5,"max_hp_loss":0,"event_name":"Forgotten Altar","floor":25,"gold_loss":0},{"damage_healed":0,"gold_gain":0,"player_choice":"Fight","damage_taken":0,"max_hp_gain":0,"max_hp_loss":0,"event_name":"Colosseum","floor":34,"gold_loss":0},{"damage_healed":0,"gold_gain":0,"player_choice":"Fled From Nobs","damage_taken":0,"max_hp_gain":0,"max_hp_loss":0,"event_name":"Colosseum","floor":34,"gold_loss":0}],"is_beta":false,"boss_relics":[{"not_picked":["FrozenCore","Ectoplasm"],"picked":"Tiny House"}],"items_purged_floors":[14],"is_endless":false,"potions_floor_spawned":[4,9,16,27,33],"killed_by":"Champ","ascension_level":0}}