{"host":"6fbjdsiu9jij34p7","time":1607559252,"event":{"gold_per_floor":[112,128,147,167,183,183,358,358,358],"floor_reached":8,"playtime":191,"items_purged":[],"score":85,"play_id":"0b461cbd-b73d-4bd6-8363-6573b6ade977","local_time":"20201210091412","is_ascension_mode":true,"campfire_choices":[{"floor":6,"key":"REST"}],"neow_cost":"NONE","seed_source_timestamp":763903898431600,"circlet_count":0,"master_deck":["AscendersBane","Strike_B","Strike_B","Strike_B","Strike_B","Defend_B","Defend_B","Defend_B","Defend_B","Zap","Dualcast","Leap","Hologram","Compile Driver","Genetic Algorithm","Beam Cell","Doubt"],"special_seed":0,"relics":["Cracked Core","NeowsBlessing"],"potions_floor_usage":[4,8,8],"damage_taken":[{"damage":0,"enemies":"Cultist","floor":1,"turns":1},{"damage":0,"enemies":"Small Slimes","floor":2,"turns":1},{"damage":0,"enemies":"2 Louse","floor":3,"turns":1},{"damage":18,"enemies":"Exordium Thugs","floor":4,"turns":4},{"damage":17,"enemies":"3 Louse","floor":5,"turns":4},{"damage":66,"enemies":"Lagavulin","floor":8,"turns":9}],"seed_played":"-5138698067256620127","potions_obtained":[{"floor":1,"key":"SpeedPotion"},{"floor":2,"key":"SkillPotion"},{"floor":5,"key":"DistilledChaos"}],"is_trial":false,"path_per_floor":["M","M","M","M","M","R","?","E"],"character_chosen":"DEFECT","items_purchased":[],"campfire_rested":1,"item_purchase_floors":[],"current_hp_per_floor":[64,64,64,46,29,50,50,0,0],"gold":358,"neow_bonus":"THREE_ENEMY_KILL","is_prod":false,"is_daily":false,"chose_seed":false,"campfire_upgraded":0,"win_rate":0,"timestamp":1607559252,"path_taken":["M","?","M","?","M","R","?","E"],"build_version":"2020-11-30","purchased_purges":0,"victory":false,"max_hp_per_floor":[71,71,71,71,71,71,71,71,71],"card_choices":[{"not_picked":["Tempest","Recycle"],"picked":"Leap","floor":1},{"not_picked":["Stack","Ball Lightning"],"picked":"Hologram","floor":2},{"not_picked":["Conserve Battery","Turbo"],"picked":"Compile Driver","floor":3},{"not_picked":["Consume","Compile Driver"],"picked":"Genetic Algorithm","floor":4},{"not_picked":["Cold Snap","Compile Driver"],"picked":"Beam Cell","floor":5}],"player_experience":215940,"relics_obtained":[],"event_choices":[{"damage_healed":0,"gold_gain":175,"player_choice":"AGREE","damage_taken":0,"max_hp_gain":0,"max_hp_loss":0,"event_name":"Liars Game","floor":7,"gold_loss":0,"cards_obtained":["Doubt"]}],"is_beta":false,"boss_relics":[],"items_purged_floors":[],"is_endless":false,"potions_floor_spawned":[1,2,5],"killed_by":"Lagavulin","ascension_level":14}}