{"host":"J","time":1607626464,"event":{"mods":["BaseMod","AchievementEnabler","Block Reminder","Minty Spire (QoL Compilation)","UnlockEverythingMod","Permanent Neow","Relic Stats","Highlight Path","Quick Restart"],"gold_per_floor":[113,123,123,5,15,32,32,32],"floor_reached":7,"playtime":1048,"items_purged":[],"score":86,"play_id":"8a28c287-1d4e-4f32-b75f-ab0e4ca7aee3","local_time":"20201210195424","is_ascension_mode":true,"campfire_choices":[],"circlet_count":0,"master_deck":["AscendersBane","Zap","Dualcast","Creative AI","Buffer","Rainbow","Redo","Multi-Cast","Machine Learning","Go for the Eyes","Reinforced Body","Coolheaded","Barrage","Heatsinks","Capacitor","Compile Driver"],"relics":["Pandora\u0027s Box"],"acts_visited":["Exordium"],"potions_floor_usage":[],"damage_taken":[{"damage":0,"enemies":"Small Slimes","floor":1,"turns":4},{"damage":2,"enemies":"Cultist","floor":2,"turns":6},{"damage":2,"enemies":"Jaw Worm","floor":5,"turns":5},{"damage":21,"enemies":"Exordium Wildlife","floor":6,"turns":5},{"damage":0,"enemies":"Gremlin Nob","floor":7,"turns":2}],"seed_played":"-8810049535517383861","potions_obtained":[{"floor":2,"key":"EssenceOfSteel"}],"is_trial":false,"path_per_floor":["M","M","?","$","M","M","E"],"character_chosen":"DEFECT","items_purchased":["Heatsinks","LiquidMemories"],"campfire_rested":0,"item_purchase_floors":[4,4],"current_hp_per_floor":[64,62,71,71,69,48,48,48],"gold":32,"neow_bonus":"BOSS_RELIC","is_daily":false,"chose_seed":false,"campfire_upgraded":0,"win_rate":0.0,"timestamp":1607626464,"path_taken":["M","M","?","?","M","M","E"],"build_version":"2020-12-07","purchased_purges":0,"victory":false,"max_hp_per_floor":[71,71,71,71,71,71,71,71],"relic_stats":{"counters":[5,22],"Pandora\u0027s Box":["Creative AI","Buffer","Rainbow","Redo","Multi-Cast","Machine Learning","Go for the Eyes","Reinforced Body"],"obtain_stats":[{"Pandora\u0027s Box":0,"Cracked Core":0},{"Pandora\u0027s Box":0,"Cracked Core":0},{"Pandora\u0027s Box":0,"Cracked Core":0}]},"card_choices":[{"not_picked":["Stack","Streamline"],"picked":"Coolheaded","floor":1},{"not_picked":["Melter","Steam"],"picked":"Barrage","floor":2},{"not_picked":["Turbo","Chaos"],"picked":"Capacitor","floor":5},{"not_picked":["Conserve Battery","Streamline"],"picked":"Compile Driver","floor":6}],"player_experience":219454,"relics_obtained":[],"event_choices":[{"damage_healed":9,"gold_gain":0,"player_choice":"Full Heal","damage_taken":0,"max_hp_gain":0,"max_hp_loss":0,"event_name":"Wheel of Change","floor":3,"gold_loss":0}],"is_beta":true,"boss_relics":[],"items_purged_floors":[],"is_endless":false,"potions_floor_spawned":[2,6],"killed_by":"Gremlin Nob","ascension_level":20}}