{"host":"ecaj4hn004xnnrw9","time":1607636593,"event":{"mods":["BaseMod","AchievementEnabler","StSLib","Hermit","Quick Restart","Minty Spire (QoL Compilation)","Replay The Spire","The Cursed"],"gold_per_floor":[117,117,44,55,55,90,90,90,115,153,168,212,212,212,212,331,331,346,346,270,369,448,448,486,486,512,427,448,448,448],"floor_reached":29,"playtime":523,"items_purged":["Strike_P"],"score":381,"play_id":"60bf42af-bcdd-4f93-ad30-4fdc26202d41","local_time":"20201210214313","is_ascension_mode":true,"campfire_choices":[{"data":"Eruption","floor":7,"key":"SMITH"},{"data":"Wallop","floor":13,"key":"SMITH"},{"data":"Vault","floor":23,"key":"SMITH"},{"data":"Wallop","floor":25,"key":"SMITH"}],"circlet_count":0,"master_deck":["Strike_P","Strike_P","Strike_P+1","Defend_P","Defend_P","Defend_P","Defend_P","Eruption+1","Vigilance","TalkToTheHand+1","Wallop+1","FearNoEvil+1","ReachHeaven","Vault+1","WheelKick","Wallop+1"],"relics":["PureWater","NeowsBlessing","Golden Idol","BranchBurnRelic","ReplayTheSpireMod:Lightbulb","Frozen Egg 2","Bag of Preparation","ReplayTheSpireMod:Ring of Exchange","ReplayTheSpireMod:Ring of Challenge","Membership Card","Iron Hammer","Blood Vial","Blue Doll","Oddly Smooth Stone"],"acts_visited":["Exordium","TheCity"],"potions_floor_usage":[12,16,24],"damage_taken":[{"damage":0,"enemies":"Jaw Worm","floor":1,"turns":1},{"damage":0,"enemies":"Small Slimes","floor":4,"turns":1},{"damage":0,"enemies":"Lagavulin","floor":6,"turns":1},{"damage":7,"enemies":"Gremlin Nob","floor":10,"turns":3},{"damage":7,"enemies":"2 Louse","floor":11,"turns":2},{"damage":0,"enemies":"Lagavulin","floor":12,"turns":4},{"damage":36,"enemies":"Hexaghost","floor":16,"turns":7},{"damage":0,"enemies":"Spheric Guardian","floor":18,"turns":2},{"damage":57,"enemies":"Gremlin Leader","floor":24,"turns":6},{"damage":15,"enemies":"Shell Parasite","floor":28,"turns":3},{"damage":0,"enemies":"Snake Plant","floor":29,"turns":1}],"seed_played":"-4739900936925171114","potions_obtained":[{"floor":1,"key":"Flashbang"},{"floor":10,"key":"Elixir"},{"floor":12,"key":"DistilledChaos"},{"floor":16,"key":"CultistPotion"},{"floor":18,"key":"DuplicationPotion"},{"floor":28,"key":"SteroidPotion"}],"is_trial":false,"path_per_floor":["M","?","$","M","?","E","R","?","T","E","M","E","R","?","R","B",null,"M","?","$","?","T","R","E","R","T","?","M","M"],"character_chosen":"WATCHER","items_purchased":["Wallop","WheelKick"],"campfire_rested":0,"item_purchase_floors":[3,20],"current_hp_per_floor":[72,72,72,72,54,54,54,54,54,56,49,49,49,49,70,42,65,65,65,65,65,65,65,18,18,18,18,14,16,16],"gold":448,"neow_bonus":"THREE_ENEMY_KILL","is_daily":false,"chose_seed":false,"campfire_upgraded":4,"win_rate":0,"timestamp":1607636593,"path_taken":["M","?","$","M","?","E","R","?","T","E","?","E","R","?","R","BOSS","M","?","$","?","?","R","E","R","T","?","M","M"],"build_version":"2020-11-30","purchased_purges":1,"victory":false,"max_hp_per_floor":[72,72,72,72,72,72,72,72,72,72,72,72,72,72,72,72,72,72,72,72,72,72,72,72,72,72,72,72,72,72],"card_choices":[{"not_picked":["SignatureMove","Replay:DivineShield"],"picked":"TalkToTheHand","floor":1},{"not_picked":["EmptyBody","Prostrate","SandsOfTime"],"picked":"SKIP","floor":4},{"not_picked":["CrushJoints","Sanctity"],"picked":"FearNoEvil","floor":6},{"not_picked":["Swivel","Perseverance","ConjureBlade"],"picked":"SKIP","floor":10},{"not_picked":["ClearTheMind","Vengeance","Crescendo"],"picked":"SKIP","floor":11},{"not_picked":["EmptyMind","Establishment+1"],"picked":"ReachHeaven","floor":12},{"not_picked":["Alpha","MasterReality+1"],"picked":"Vault","floor":16},{"not_picked":["ForeignInfluence","CutThroughFate","Prostrate"],"picked":"SKIP","floor":18},{"not_picked":["Protect","ReachHeaven+1"],"picked":"Wallop","floor":24},{"not_picked":["WheelKick","ClearTheMind+1","Prostrate"],"picked":"SKIP","floor":28}],"player_experience":160981,"relics_obtained":[{"floor":6,"key":"Dead Branch"},{"floor":9,"key":"ReplayTheSpireMod:Lightbulb"},{"floor":10,"key":"Frozen Egg 2"},{"floor":12,"key":"Bag of Preparation"},{"floor":14,"key":"ReplayTheSpireMod:Ring of Exchange"},{"floor":14,"key":"ReplayTheSpireMod:Ring of Challenge"},{"floor":22,"key":"Iron Hammer"},{"floor":24,"key":"Blood Vial"},{"floor":26,"key":"Blue Doll"}],"event_choices":[{"damage_healed":0,"gold_gain":0,"player_choice":"Take Damage","damage_taken":18,"relics_obtained":["Golden Idol"],"max_hp_gain":0,"max_hp_loss":0,"event_name":"Golden Idol","floor":5,"gold_loss":0},{"damage_healed":0,"gold_gain":0,"player_choice":"Upgraded","damage_taken":0,"max_hp_gain":0,"max_hp_loss":0,"event_name":"Upgrade Shrine","floor":8,"gold_loss":0,"cards_upgraded":["TalkToTheHand"]},{"damage_healed":0,"gold_gain":0,"player_choice":"Ignored","damage_taken":0,"max_hp_gain":0,"max_hp_loss":0,"event_name":"Ghosts","floor":19,"gold_loss":0},{"damage_healed":0,"gold_gain":99,"player_choice":"Stole From Cult","damage_taken":0,"max_hp_gain":0,"max_hp_loss":0,"event_name":"Nest","floor":21,"gold_loss":0},{"damage_healed":0,"gold_gain":0,"player_choice":"Obtained Relic","damage_taken":0,"relics_obtained":["Oddly Smooth Stone"],"max_hp_gain":0,"max_hp_loss":0,"event_name":"Addict","floor":27,"gold_loss":85}],"is_beta":false,"boss_relics":[{"not_picked":["Replay:Ancient Bell","TheAbacus"],"picked":"Membership Card"}],"items_purged_floors":[20],"is_endless":false,"potions_floor_spawned":[1,10,12,16,18,28],"killed_by":"Snake Plant","ascension_level":5}}