{"host":"vhkb6vx6yafo1fpa","time":1607576225,"event":{"gold_per_floor":[113,113,132,152,152,152,152,152,177,102,115,133,133,163,163,235,235,251,251,263,163,226,226,259,274,274,292,292,302,70,120,120,120,120],"floor_reached":33,"playtime":966,"items_purged":["Defend_B","Strike_B","Strike_B"],"score":454,"play_id":"20049f27-1df3-4fe4-b358-230cb401b81c","local_time":"20201210135705","is_ascension_mode":true,"campfire_choices":[{"data":"Defragment","floor":6.0,"key":"SMITH"},{"data":"Defragment","floor":8.0,"key":"SMITH"},{"data":"Reinforced Body","floor":13.0,"key":"SMITH"},{"data":"Zap","floor":15.0,"key":"SMITH"},{"floor":23.0,"key":"REST"},{"floor":28.0,"key":"REST"},{"data":"Writhe","floor":32,"key":"PURGE"}],"neow_cost":"NONE","seed_source_timestamp":0,"circlet_count":0,"master_deck":["AscendersBane","Defend_B","Defend_B","Zap+1","Dualcast","Cold Snap","Meteor Strike","Defragment+1","Defragment+1","Reinforced Body+1","Chill","Barrage+1","Coolheaded","Hologram","Ball Lightning","Tempest"],"special_seed":0,"relics":["Cracked Core","NeowsBlessing","DataDisk","Bottled Lightning","Empty Cage","SsserpentHead","Peace Pipe","Du-Vu Doll","Strawberry"],"potions_floor_usage":[29],"damage_taken":[{"damage":0.0,"enemies":"2 Louse","floor":1.0,"turns":1.0},{"damage":0.0,"enemies":"Cultist","floor":3.0,"turns":1.0},{"damage":0.0,"enemies":"Jaw Worm","floor":4.0,"turns":1.0},{"damage":8.0,"enemies":"2 Fungi Beasts","floor":11.0,"turns":3.0},{"damage":5.0,"enemies":"Lots of Slimes","floor":12.0,"turns":2.0},{"damage":12.0,"enemies":"Gremlin Nob","floor":14.0,"turns":4.0},{"damage":17.0,"enemies":"The Guardian","floor":16.0,"turns":13.0},{"damage":20.0,"enemies":"3 Byrds","floor":18.0,"turns":6.0},{"damage":0.0,"enemies":"Spheric Guardian","floor":20.0,"turns":4.0},{"damage":0.0,"enemies":"Centurion and Healer","floor":22.0,"turns":8.0},{"damage":34.0,"enemies":"Book of Stabbing","floor":24.0,"turns":5.0},{"damage":9.0,"enemies":"Cultist and Chosen","floor":25.0,"turns":7.0},{"damage":4.0,"enemies":"Snake Plant","floor":27.0,"turns":6.0},{"damage":0,"enemies":"3 Cultists","floor":29,"turns":4},{"damage":59,"enemies":"Champ","floor":33,"turns":10}],"seed_played":"-3381826765518653472","potions_obtained":[{"floor":3.0,"key":"Dexterity Potion"},{"floor":4.0,"key":"DistilledChaos"},{"floor":7.0,"key":"Explosive Potion"},{"floor":12.0,"key":"Weak Potion"},{"floor":16.0,"key":"PowerPotion"},{"floor":24.0,"key":"ColorlessPotion"}],"is_trial":false,"path_per_floor":["M","?","M","M","?","R","?","R","T","$","M","M","R","E","R","B",null,"M","?","M","$","M","R","E","M","T","M","R","M","$","?","R","B"],"character_chosen":"DEFECT","items_purchased":["Ball Lightning","Tempest"],"campfire_rested":2,"item_purchase_floors":[30,30],"current_hp_per_floor":[64,64,64,64,64,64,64,64,64,64,56,51,51,39,39,22,59,39,39,39,39,39,60,26,17,17,13,34,34,34,41,41,0,0],"gold":120,"neow_bonus":"THREE_ENEMY_KILL","is_prod":false,"is_daily":false,"chose_seed":false,"campfire_upgraded":4,"win_rate":0,"timestamp":1607576225,"path_taken":["M","?","M","?","?","R","?","R","T","$","M","?","R","E","R","BOSS","M","?","M","$","?","R","E","M","T","M","R","M","$","?","R","BOSS"],"build_version":"2020-11-30","purchased_purges":3,"victory":false,"max_hp_per_floor":[71,71,71,71,71,71,71,71,71,71,71,71,71,71,71,71,71,71,71,71,71,71,71,71,71,71,71,71,71,71,78,78,78,78],"card_choices":[{"not_picked":["Skim","Blizzard"],"picked":"Cold Snap","floor":1.0},{"not_picked":["White Noise","Conserve Battery"],"picked":"Defragment","floor":3.0},{"not_picked":["Go for the Eyes","Lockon"],"picked":"Defragment","floor":4.0},{"not_picked":["Conserve Battery","Stack","Compile Driver"],"picked":"SKIP","floor":11.0},{"not_picked":["BootSequence","Beam Cell"],"picked":"Reinforced Body","floor":12.0},{"not_picked":["Hologram","Scrape"],"picked":"Chill","floor":14.0},{"not_picked":["Auto Shields","Redo","Turbo"],"picked":"SKIP","floor":18.0},{"not_picked":["Heatsinks+1","Gash"],"picked":"Barrage+1","floor":20.0},{"not_picked":["Reprogram+1","Redo","Steam"],"picked":"SKIP","floor":22.0},{"not_picked":["Streamline","Genetic Algorithm"],"picked":"Coolheaded","floor":24.0},{"not_picked":["Ball Lightning","Steam","Auto Shields"],"picked":"SKIP","floor":25.0},{"not_picked":["Lockon","Redo"],"picked":"Hologram","floor":27.0},{"not_picked":["Hello World","Heatsinks","Genetic Algorithm"],"picked":"SKIP","floor":29}],"player_experience":320928,"relics_obtained":[{"floor":9.0,"key":"DataDisk"},{"floor":14.0,"key":"Bottled Lightning"},{"floor":24.0,"key":"Peace Pipe"},{"floor":26.0,"key":"Du-Vu Doll"}],"event_choices":[{"damage_healed":0.0,"max_hp_gain":0.0,"max_hp_loss":0.0,"gold_gain":0.0,"cards_transformed":["Strike_B"],"event_name":"Transmorgrifier","player_choice":"Transformed","floor":2.0,"gold_loss":0.0,"damage_taken":0.0,"cards_obtained":["Meteor Strike"]},{"damage_healed":0.0,"max_hp_gain":0.0,"max_hp_loss":0.0,"gold_gain":0.0,"event_name":"Liars Game","player_choice":"Ignored","floor":5.0,"gold_loss":0.0,"damage_taken":0.0},{"damage_healed":0.0,"max_hp_gain":0.0,"max_hp_loss":0.0,"gold_gain":0.0,"event_name":"Lab","player_choice":"Got Potions","floor":7.0,"gold_loss":0.0,"damage_taken":0.0},{"damage_healed":0.0,"max_hp_gain":0.0,"max_hp_loss":0.0,"gold_gain":0.0,"event_name":"FaceTrader","player_choice":"Trade","floor":19.0,"gold_loss":0.0,"damage_taken":0.0,"relics_obtained":["SsserpentHead"]},{"damage_healed":0,"gold_gain":0,"player_choice":"Opened","damage_taken":0,"relics_obtained":["Strawberry"],"max_hp_gain":0,"max_hp_loss":0,"event_name":"The Mausoleum","floor":31,"gold_loss":0,"cards_obtained":["Writhe"]}],"is_beta":false,"boss_relics":[{"not_picked":["Fusion Hammer","Tiny House"],"picked":"Empty Cage"}],"items_purged_floors":[10,21,30],"is_endless":false,"potions_floor_spawned":[3,4,12,16,22,24],"killed_by":"Champ","ascension_level":14}}