{"host":"ecaj4hn004xnnrw9","time":1607625884,"event":{"mods":["BaseMod","AchievementEnabler","StSLib","Hermit","Quick Restart","Minty Spire (QoL Compilation)","Replay The Spire","The Cursed"],"gold_per_floor":[119,119,119,138,150,182,182,192,192,36,36,36,49,92,92,211,211,235,248,248,272,20,20,20,20,45,45,45,45,45,63,63,83,83,83,83],"floor_reached":35,"playtime":1724,"items_purged":["Strike_G","Dagger Spray"],"score":305,"play_id":"bba470e7-94bb-4fa8-bd89-c6297e23eb34","local_time":"20201210184444","is_ascension_mode":true,"campfire_choices":[{"data":"Bouncing Flask","floor":7,"key":"SMITH"},{"data":"Neutralize","floor":12,"key":"SMITH"},{"data":"Noxious Fumes","floor":23,"key":"SMITH"},{"data":"Noxious Fumes","floor":24,"key":"SMITH"},{"floor":25,"key":"REST"},{"floor":30,"key":"REST"},{"floor":32,"key":"REST"}],"circlet_count":0,"master_deck":["Strike_G","Defend_G","Defend_G","Defend_G","Defend_G","Survivor","Neutralize+1","Skewer+1","Replay:Bag of Tricks+1","Bouncing Flask+1","Acrobatics","Replay:Poison Smokescreen","Noxious Fumes+1","Noxious Fumes+1","Corpse Explosion","Deadly Poison+1","PiercingWail+1","Noxious Fumes"],"relics":["Ring of the Snake","NeowsBlessing","Art of War","Matryoshka","Golden Idol","WingedGreaves","Empty Cage","TwistedFunnel","Tiny Chest","MealTicket"],"acts_visited":["Exordium","TheCity"],"potions_floor_usage":[6,6,14,16,33,35,35,35,35],"damage_taken":[{"damage":0,"enemies":"2 Louse","floor":1,"turns":1},{"damage":0,"enemies":"Jaw Worm","floor":4,"turns":1},{"damage":0,"enemies":"Small Slimes","floor":5,"turns":1},{"damage":6,"enemies":"Gremlin Nob","floor":6,"turns":3},{"damage":9,"enemies":"Blue Slaver","floor":8,"turns":3},{"damage":6,"enemies":"Exordium Wildlife","floor":13,"turns":2},{"damage":17,"enemies":"Lagavulin","floor":14,"turns":4},{"damage":20,"enemies":"Fading Forest","floor":16,"turns":11},{"damage":16,"enemies":"Chosen","floor":18,"turns":5},{"damage":17,"enemies":"Shell Parasite","floor":19,"turns":5},{"damage":22,"enemies":"Snake Plant","floor":21,"turns":4},{"damage":18,"enemies":"Colosseum Slavers","floor":27,"turns":4},{"damage":16,"enemies":"Sentry and Sphere","floor":31,"turns":4},{"damage":13,"enemies":"Shelled Parasite and Fungi","floor":33,"turns":4},{"damage":27,"enemies":"Collector","floor":35,"turns":3}],"seed_played":"5286762822283394095","potions_obtained":[{"floor":4,"key":"Adrenaline Potion"},{"floor":5,"key":"Poison Potion"},{"floor":8,"key":"LiquidMemories"},{"floor":13,"key":"ColorlessPotion"},{"floor":31,"key":"Fire Potion"},{"floor":33,"key":"ColorlessPotion"},{"floor":34,"key":"EntropicBrew"},{"floor":34,"key":"Toxic Potion"}],"is_trial":false,"path_per_floor":["M","?","?","M","M","E","R","M","T","$","?","R","M","E","R","B",null,"M","M","?","M","$","R","R","R","T","?","PTL","PTL","R","M","R","M","R","B"],"character_chosen":"THE_SILENT","items_purchased":["Replay:Poison Smokescreen","TwistedFunnel"],"campfire_rested":3,"item_purchase_floors":[10,22],"current_hp_per_floor":[70,70,70,70,70,64,64,55,55,55,55,55,49,32,32,12,65,49,32,32,10,10,10,10,29,29,11,11,11,30,14,33,20,20,0,0],"gold":83,"neow_bonus":"THREE_ENEMY_KILL","is_daily":false,"chose_seed":false,"campfire_upgraded":4,"win_rate":0,"timestamp":1607625884,"path_taken":["M","?","?","M","M","E","R","M","T","?","?","R","M","E","R","BOSS","M","M","?","M","$","R","R","R","T","?","PTL","PTL","R","M","R","M","R","BOSS"],"build_version":"2020-11-30","purchased_purges":2,"victory":false,"max_hp_per_floor":[70,70,70,70,70,70,70,70,70,70,65,65,65,65,65,65,65,65,65,65,65,65,65,65,65,65,65,65,65,65,65,65,65,65,65,65],"card_choices":[{"not_picked":["Outmaneuver","Sneak Up"],"picked":"Skewer","floor":1},{"not_picked":["Backstab","Hidden Blade"],"picked":"Dagger Spray","floor":4},{"not_picked":["Dagger Spray","Flying Knee"],"picked":"Bouncing Flask","floor":5},{"not_picked":["Phantasmal Killer","Backflip"],"picked":"Acrobatics","floor":6},{"not_picked":["Slice","Dodge and Roll","Eviscerate"],"picked":"SKIP","floor":8},{"not_picked":["Poisoned Stab","Backstab"],"picked":"Noxious Fumes","floor":13},{"not_picked":["Reflex","Prepared","Sucker Punch"],"picked":"SKIP","floor":14},{"not_picked":["Bullet Time","Malaise"],"picked":"Corpse Explosion","floor":16},{"not_picked":["Infinite Blades","Blade Dance"],"picked":"Deadly Poison+1","floor":18},{"not_picked":["Bouncing Flask","Acrobatics","Deflect+1"],"picked":"SKIP","floor":19},{"not_picked":["Dagger Throw","Cloak And Dagger"],"picked":"PiercingWail+1","floor":21},{"not_picked":["Sucker Punch","Backstab+1","Draining Mist+1"],"picked":"SKIP","floor":31},{"not_picked":["Flying Knee","Poisoned Stab"],"picked":"Noxious Fumes","floor":33}],"player_experience":149007,"relics_obtained":[{"floor":6,"key":"Art of War"},{"floor":9,"key":"Matryoshka"},{"floor":14,"key":"WingedGreaves"},{"floor":26,"key":"Tiny Chest"},{"floor":26,"key":"MealTicket"}],"event_choices":[{"damage_healed":0,"gold_gain":0,"player_choice":"Grow","damage_taken":0,"max_hp_gain":0,"max_hp_loss":0,"event_name":"Living Wall","floor":2,"gold_loss":0,"cards_upgraded":["Skewer"]},{"damage_healed":0,"gold_gain":0,"player_choice":"Lose Max HP","damage_taken":0,"relics_obtained":["Golden Idol"],"max_hp_gain":0,"max_hp_loss":5,"event_name":"Golden Idol","floor":11,"gold_loss":0},{"damage_healed":0,"gold_gain":0,"player_choice":"Ignored","damage_taken":0,"max_hp_gain":0,"max_hp_loss":0,"event_name":"Ghosts","floor":20,"gold_loss":0},{"damage_healed":0,"gold_gain":0,"player_choice":"Fight","damage_taken":0,"max_hp_gain":0,"max_hp_loss":0,"event_name":"Colosseum","floor":27,"gold_loss":0},{"damage_healed":0,"gold_gain":0,"player_choice":"Fled From Nobs","damage_taken":0,"max_hp_gain":0,"max_hp_loss":0,"event_name":"Colosseum","floor":27,"gold_loss":0}],"is_beta":false,"boss_relics":[{"not_picked":["Philosopher\u0027s Stone","Cursed Key"],"picked":"Empty Cage"}],"items_purged_floors":[10,22],"is_endless":false,"potions_floor_spawned":[4,5,8,13,31,33],"killed_by":"Collector","ascension_level":3}}