{"host":"m7puq4mk16tgc6yn","time":1607590067,"event":{"gold_per_floor":[113,63,73,73,86,120,1,63,63,95,95,109,109,124,124,224,224,237,250,250,266,279,279,279,293,317,147,147,147,147],"floor_reached":29,"playtime":1027,"items_purged":["Strike_G"],"score":328,"play_id":"816fda7f-0ba7-4e50-9620-81e84626102f","local_time":"20201210004747","is_ascension_mode":true,"campfire_choices":[{"data":"Poisoned Stab","floor":11,"key":"SMITH"},{"data":"Catalyst","floor":13,"key":"SMITH"},{"data":"Dash","floor":15,"key":"SMITH"},{"data":"Footwork","floor":23,"key":"SMITH"}],"neow_cost":"NONE","seed_source_timestamp":0,"circlet_count":0,"master_deck":["Strike_G","Strike_G","Strike_G","Defend_G","Defend_G","Defend_G","Defend_G","Defend_G","Survivor","Neutralize","Deflect","Cloak And Dagger","Poisoned Stab+1","Predator","Footwork+1","Dash+1","Deadly Poison","Dodge and Roll","Catalyst+1","Noxious Fumes","Burst","Poisoned Stab","Catalyst+1","Noxious Fumes","Finesse"],"special_seed":0,"relics":["Runic Dome","Bird Faced Urn","Toy Ornithopter","Lantern","Mercury Hourglass","Ginger","SlaversCollar","Matryoshka","Bottled Lightning","NlothsMask"],"potions_floor_usage":[8,8,21],"damage_taken":[{"damage":0,"enemies":"2 Louse","floor":1,"turns":3},{"damage":0,"enemies":"Jaw Worm","floor":3,"turns":7},{"damage":0,"enemies":"Small Slimes","floor":5,"turns":4},{"damage":34,"enemies":"Lagavulin","floor":6,"turns":13},{"damage":0,"enemies":"3 Sentries","floor":8,"turns":7},{"damage":20,"enemies":"3 Sentries","floor":10,"turns":5},{"damage":0,"enemies":"2 Fungi Beasts","floor":12,"turns":3},{"damage":2,"enemies":"Lots of Slimes","floor":14,"turns":2},{"damage":0,"enemies":"The Guardian","floor":16,"turns":8},{"damage":8,"enemies":"Shell Parasite","floor":18,"turns":4},{"damage":15,"enemies":"Chosen","floor":19,"turns":6},{"damage":19,"enemies":"Centurion and Healer","floor":21,"turns":4},{"damage":18,"enemies":"Chosen and Byrds","floor":22,"turns":6},{"damage":4,"enemies":"Sentry and Sphere","floor":25,"turns":7},{"damage":37,"enemies":"Gremlin Leader","floor":29,"turns":6}],"seed_played":"580982921044589867","potions_obtained":[{"floor":3,"key":"SkillPotion"},{"floor":6,"key":"PowerPotion"},{"floor":12,"key":"Swift Potion"},{"floor":14,"key":"Ancient Potion"},{"floor":16,"key":"SteroidPotion"},{"floor":19,"key":"CunningPotion"}],"is_trial":false,"path_per_floor":["M","?","M","?","M","E","$","?","T","E","R","M","R","M","R","B",null,"M","M","?","M","M","R","T","M","T","$","?","E"],"character_chosen":"THE_SILENT","items_purchased":["Footwork","Dash","Finesse"],"campfire_rested":0,"item_purchase_floors":[7,7,27],"current_hp_per_floor":[70,70,70,58,58,24,24,38,38,18,18,18,18,18,18,22,70,62,51,51,41,27,27,27,29,29,29,29,0,0],"gold":147,"neow_bonus":"BOSS_RELIC","is_prod":false,"is_daily":false,"chose_seed":false,"campfire_upgraded":4,"win_rate":0,"timestamp":1607590067,"path_taken":["M","?","M","?","M","E","?","?","T","E","R","M","R","M","R","BOSS","M","M","?","M","?","R","?","M","T","$","?","E"],"build_version":"2020-11-30","purchased_purges":1,"victory":false,"max_hp_per_floor":[70,70,70,70,70,70,70,70,70,70,70,70,70,70,70,70,70,70,70,70,70,70,70,70,70,70,70,70,70,70],"relic_stats":{"counters":[15,84],"Bird Faced Urn":[34],"Ginger":[5],"obtain_stats":[{"Runic Dome":0,"SlaversCollar":17,"Lantern":8,"Matryoshka":24,"Bird Faced Urn":4,"Ginger":10,"Bottled Lightning":26,"Toy Ornithopter":6,"Ring of the Snake":0,"Mercury Hourglass":9,"NlothsMask":28},{"Runic Dome":0,"SlaversCollar":9,"Lantern":5,"Matryoshka":13,"Bird Faced Urn":2,"Ginger":6,"Bottled Lightning":14,"Toy Ornithopter":4,"Ring of the Snake":0,"Mercury Hourglass":5,"NlothsMask":14},{"Runic Dome":0,"SlaversCollar":52,"Lantern":34,"Matryoshka":71,"Bird Faced Urn":10,"Ginger":39,"Bottled Lightning":78,"Toy Ornithopter":27,"Ring of the Snake":0,"Mercury Hourglass":34,"NlothsMask":78}],"Toy Ornithopter":15,"Mercury Hourglass":[203]},"card_choices":[{"not_picked":["Accuracy","Acrobatics"],"picked":"Deflect","floor":1},{"not_picked":["PiercingWail","Flying Knee"],"picked":"Cloak And Dagger","floor":3},{"not_picked":["Underhanded Strike","Accuracy"],"picked":"Poisoned Stab","floor":5},{"not_picked":["Flying Knee","Eviscerate"],"picked":"Predator","floor":6},{"not_picked":["Flechettes","Flying Knee"],"picked":"Deadly Poison","floor":8},{"not_picked":["Prepared","Escape Plan"],"picked":"Dodge and Roll","floor":10},{"not_picked":["Poisoned Stab","Outmaneuver"],"picked":"Catalyst","floor":12},{"not_picked":["Outmaneuver","Deadly Poison"],"picked":"Noxious Fumes","floor":14},{"not_picked":["Storm of Steel","After Image"],"picked":"Burst","floor":16},{"not_picked":["Prepared","Riddle With Holes","Endless Agony+1"],"picked":"SKIP","floor":18},{"not_picked":["Dash","Backflip"],"picked":"Poisoned Stab","floor":19},{"not_picked":["Blade Dance","Riddle With Holes"],"picked":"Noxious Fumes","floor":21},{"not_picked":["Dagger Throw","Flying Knee","Prepared"],"picked":"SKIP","floor":22},{"not_picked":["Deadly Poison","Slice","Tools of the Trade"],"picked":"SKIP","floor":25}],"player_experience":47215,"relics_obtained":[{"floor":6,"key":"Toy Ornithopter"},{"floor":8,"key":"Lantern"},{"floor":9,"key":"Mercury Hourglass"},{"floor":10,"key":"Ginger"},{"floor":24,"key":"Matryoshka"},{"floor":26,"key":"Bottled Lightning"}],"event_choices":[{"cards_removed":["Strike_G"],"damage_healed":0,"gold_gain":0,"player_choice":"Card Removal","damage_taken":0,"max_hp_gain":0,"max_hp_loss":0,"event_name":"The Cleric","floor":2,"gold_loss":50},{"damage_healed":0,"gold_gain":0,"player_choice":"Success","damage_taken":12,"relics_obtained":["Bird Faced Urn"],"max_hp_gain":0,"max_hp_loss":0,"event_name":"Scrap Ooze","floor":4,"gold_loss":0},{"damage_healed":0,"gold_gain":0,"player_choice":"Searched \u00272\u0027 times","damage_taken":0,"max_hp_gain":0,"max_hp_loss":0,"event_name":"Dead Adventurer","floor":8,"gold_loss":0},{"damage_healed":0,"gold_gain":0,"player_choice":"Copied","damage_taken":0,"max_hp_gain":0,"max_hp_loss":0,"event_name":"Duplicator","floor":20,"gold_loss":0,"cards_obtained":["Catalyst"]},{"damage_healed":0,"gold_gain":0,"player_choice":"Trade","damage_taken":0,"relics_obtained":["NlothsMask"],"max_hp_gain":0,"max_hp_loss":0,"event_name":"FaceTrader","floor":28,"gold_loss":0}],"is_beta":false,"boss_relics":[{"not_picked":["Sozu","Pandora\u0027s Box"],"picked":"SlaversCollar"}],"items_purged_floors":[27],"is_endless":false,"potions_floor_spawned":[3,6,12,14,16,19],"killed_by":"Gremlin Leader","ascension_level":3}}