{"host":"0azimyi6n3ugndj4","time":1607600899,"event":{"gold_per_floor":[99,99,99,99,153,255,255,348,348,402,402,402,504,540,540,540,540],"floor_reached":16,"playtime":216,"items_purged":[],"score":632,"play_id":"3d503f87-0437-4b50-984e-d6cf298d42a4","local_time":"20201210204819","daily_mods":["Draft","Hoarder","Insanity","Chimera","Specialized","Vintage","ControlledChaos","Allstar","Diverse","Colorless Cards","Heirloom","Time Dilation","Flight","DeadlyEvents","Cursed Run","Elite Swarm","Lethality","Midas","Night Terrors","Binary"],"is_ascension_mode":true,"campfire_choices":[{"floor":12,"key":"REST"},{"floor":15,"key":"REST"}],"neow_cost":"NONE","seed_source_timestamp":0,"circlet_count":0,"master_deck":["Demon Form","Wraith Form v2","Echo Form","DevaForm","AscendersBane","Bash","Survivor","Zap","Eruption","Strike_R","Strike_G","Strike_B","Defend_R","Defend_G","Defend_P","Dropkick","Replay:Undeath\u0027s Touch","White Noise","Wild Strike","Quick Slash","Warcry","SashWhip","True Grit","Armaments","Sweeping Beam","Masterful Stab","ClearTheMind","Crescendo","Carnage","Deflect","LikeWater","Escape Plan","Hello World","Bane","EmptyFist","ReplaySort","JustLucky","Poisoned Stab","FlyingSleeves","Time Bomb","Consecrate","Reflex","Turbo","Halt","Leap","BasicCrystalCard","Prostrate","Evaluate","Sucker Punch","Steam","Bane","Finisher","Lockon","Sweeping Beam","Run Through","Body Slam","Blade Dance","SignatureMove","Iron Wave","Concentrate","Heavy Blade","Anger","Rebound","Mind Blast","Consume","Consume","Consume","Consume","Consume","Consume","Consume","Consume","Consume","Consume","Consume","Consume","Consume","Consume","Consume","Dodge and Roll","Dodge and Roll","Dodge and Roll","Beam Cell","Beam Cell","Beam Cell","Evaluate","Evaluate","Evaluate","Hemokinesis","Hemokinesis","Hemokinesis","Armaments","Armaments","Armaments","Genetic Algorithm","Genetic Algorithm","Genetic Algorithm","Hologram","Hologram","Hologram","Outmaneuver","Outmaneuver","Outmaneuver","REME_Compress","REME_Compress","REME_Compress","Calculated Gamble","Calculated Gamble","Calculated Gamble","Deflect","Deflect","Deflect","Second Wind","Second Wind","Second Wind","REME_Repentance","REME_Repentance","REME_Repentance","Sweeping Beam","Sweeping Beam","Sweeping Beam","Consume","Consume","Consume","Steam+1","Steam+1","Steam+1","Scrawl+1","Scrawl+1","Scrawl+1"],"relics":["Snecko Eye","Unceasing Top","Busted Crown","REME_ComplimentaryCards","infinitespire:Lychee Nut","zeldaRelics:CourageTriforce","Toxic Egg 2","zeldaRelics:WisdomPiece","Onion Ring","Replay:Baseball"],"potions_floor_usage":[16,16],"damage_taken":[{"damage":0,"enemies":"Small Slimes","floor":5,"turns":1},{"damage":0,"enemies":"Gremlin Nob","floor":6,"turns":1},{"damage":0,"enemies":"Lagavulin","floor":8,"turns":1},{"damage":4,"enemies":"2 Louse","floor":10,"turns":4},{"damage":0,"enemies":"Gremlin Nob","floor":13,"turns":1},{"damage":0,"enemies":"Jaw Worm","floor":14,"turns":1},{"damage":80,"enemies":"Fading Forest","floor":16,"turns":10}],"seed_played":"-515538367026065611","potions_obtained":[{"floor":5,"key":"Poison Potion"},{"floor":13,"key":"SkillPotion"}],"is_trial":true,"path_per_floor":["?","WH","?","T","M","E","WH","E","T","M","WH","R","E","M","R","B"],"character_chosen":"THE_SILENT","items_purchased":[],"campfire_rested":2,"item_purchase_floors":[],"current_hp_per_floor":[49,53,58,58,58,58,63,63,63,60,66,64,64,64,59,0,0],"gold":540,"neow_bonus":"TEN_PERCENT_HP_BONUS","is_prod":false,"is_daily":false,"chose_seed":false,"campfire_upgraded":0,"win_rate":0,"timestamp":1607600899,"path_taken":["?","WH","?","?","M","E","WH","E","T","?","WH","R","?","M","R","BOSS"],"build_version":"2020-11-30","purchased_purges":0,"victory":false,"max_hp_per_floor":[49,53,58,58,58,58,63,63,63,63,69,64,64,64,59,59,59],"relic_stats":{"Busted Crown":8,"counters":[7,19],"Snecko Eye":[38,37,41,30],"obtain_stats":[{"zeldaRelics:WisdomPiece":9,"Replay:Baseball":14,"Busted Crown":0,"infinitespire:Lychee Nut":0,"Snecko Eye":0,"Onion Ring":10,"zeldaRelics:CouragePiece":4,"Toxic Egg 2":5,"Unceasing Top":0,"zeldaRelics:CourageTriforce":8,"REME_ComplimentaryCards":0},{"zeldaRelics:WisdomPiece":3,"Replay:Baseball":6,"Busted Crown":0,"infinitespire:Lychee Nut":0,"Snecko Eye":0,"Onion Ring":4,"zeldaRelics:CouragePiece":0,"Toxic Egg 2":1,"Unceasing Top":0,"zeldaRelics:CourageTriforce":3,"REME_ComplimentaryCards":0},{"zeldaRelics:WisdomPiece":3,"Replay:Baseball":9,"Busted Crown":0,"infinitespire:Lychee Nut":0,"Snecko Eye":0,"Onion Ring":7,"zeldaRelics:CouragePiece":0,"Toxic Egg 2":1,"Unceasing Top":0,"zeldaRelics:CourageTriforce":3,"REME_ComplimentaryCards":0}],"Unceasing Top":[0]},"card_choices":[{"not_picked":["ThirdEye","Clash"],"picked":"Dodge and Roll","floor":0},{"not_picked":["Barrage","Conserve Battery"],"picked":"Beam Cell","floor":0},{"not_picked":["Nirvana","FollowUp"],"picked":"Evaluate","floor":0},{"not_picked":["Bouncing Flask","ReplayTheSpireMod:Exploit Weakness"],"picked":"Hemokinesis","floor":0},{"not_picked":["Redo","REME_FirmDetermination"],"picked":"Armaments","floor":0},{"not_picked":["REME_SelfUpgrade","Turbo"],"picked":"Genetic Algorithm","floor":0},{"not_picked":["Pommel Strike","Spot Weakness"],"picked":"Hologram","floor":0},{"not_picked":["Underhanded Strike","Blade Dance"],"picked":"Outmaneuver","floor":0},{"not_picked":["Thunderclap","Coolheaded"],"picked":"REME_Compress","floor":0},{"not_picked":["Bandage Up","Dodge and Roll"],"picked":"Calculated Gamble","floor":0},{"not_picked":["Cleave","Force Field"],"picked":"Deflect","floor":0},{"not_picked":["Ball Lightning","Metallicize"],"picked":"Second Wind","floor":0},{"not_picked":["ThirdEye","Dagger Spray"],"picked":"REME_Repentance","floor":0},{"not_picked":["Accuracy","Ghostly Armor"],"picked":"Sweeping Beam","floor":0},{"not_picked":["Gash","Iron Wave"],"picked":"Consume","floor":0}],"player_experience":1418506,"relics_obtained":[{"floor":4,"key":"zeldaRelics:CouragePiece"},{"floor":5,"key":"Toxic Egg 2"},{"floor":6,"key":"zeldaRelics:CouragePiece"},{"floor":8,"key":"zeldaRelics:CouragePiece"},{"floor":9,"key":"zeldaRelics:WisdomPiece"},{"floor":10,"key":"Onion Ring"},{"floor":13,"key":"zeldaRelics:WisdomPiece"},{"floor":14,"key":"Replay:Baseball"}],"event_choices":[{"damage_healed":0,"gold_gain":0,"player_choice":"Donut","damage_taken":0,"max_hp_gain":5,"max_hp_loss":0,"event_name":"Big Fish","floor":3,"gold_loss":0}],"is_beta":false,"boss_relics":[],"items_purged_floors":[],"is_endless":false,"potions_floor_spawned":[5,13],"killed_by":"Fading Forest","ascension_level":20}}