{"host":"m1168lp3vv5pgdep","time":1607634502,"event":{"mods":["BaseMod","StSLib","Act Like it!","Aspiration","Better Altar","Better Match","Better Sensory Stone","Better Skull","Better Third Choice","Curses Come First","Gensokyo","Hubris","Minty Spire (QoL Compilation)","Pale of the Ancients","Permanent Neow","Quick Restart","Small Relic Pack","The Servant 0.9.4","Wandering Minibosses","Block Reminder","Elementarium","GungeonMod","Hallownest","Magitek Elite","Menagerie","Prisma Mod","Spicy Shops","The Fake Hero","The Jungle"],"gold_per_floor":[112,77,77,87,87,122,140,167,192,192,208,240,65,75,75,174,174,184,184,184,36,50,80,80,92,92,20,30,30,30,42,42,141,141,154,173,16,47,106,106,117,117,117,117,134,134,146,162,162,162,187,200,200,33,33,33,33,33,99,99],"floor_reached":0,"playtime":12746,"items_purged":["PrismaMod:IllyaCommonAttack","PrismaMod:IllyaCommonAttack","PrismaMod:IllyaUncommonAttack"],"score":310,"play_id":"2482b95e-85c3-4697-b89f-0a4cb49eb15f","local_time":"20201210210822","is_ascension_mode":false,"campfire_choices":[{"data":"PrismaMod:IllyaFriendMaker","floor":15,"key":"SMITH"},{"data":"PrismaMod:IllyaPoisoningPhantasm","floor":24,"key":"SMITH"},{"data":"PrismaMod:IllyaCommonAttack","floor":30,"key":"PURGE"},{"data":"PrismaMod:IllyaCommonAttack","floor":32,"key":"PURGE"},{"floor":40,"key":"RECALL"},{"data":"PrismaMod:IllyaCommonAttack","floor":42,"key":"PURGE"},{"data":"PrismaMod:IllyaFriendMaker","floor":46,"key":"SMITH"},{"floor":49,"key":"REST"},{"data":"PrismaMod:IllyaPoisonTippedWeapons","floor":55,"key":"PURGE"},{"data":"PrismaMod:IllyaUberPoisonBlock","floor":57,"key":"SMITH"}],"circlet_count":0,"master_deck":["PrismaMod:IllyaUncommonDefend","PrismaMod:IllyaUncommonAttack","PrismaMod:IllyaCommonDefend","PrismaMod:IllyaCommonAttack","PrismaMod:IllyaCommonDefend","PrismaMod:IllyaCommonAttack","PrismaMod:IllyaCommonDefend","PrismaMod:IllyaCommonAttack","PrismaMod:IllyaCommonDefend","PrismaMod:IllyaCommonAttack","PrismaMod:IllyaCommonDefend","PrismaMod:IllyaCommonAttack"],"special_seed":0,"relics":["PrismaMod:PrismaRuby","paleoftheancients:Timepiece"],"acts_visited":["TheCity","TheBeyond","paleoftheancients:PaleOfTheAncients"],"potions_floor_usage":[12,16,23,23,33,38,38,38,38,38,41],"damage_taken":[{"damage":0.0,"enemies":"Hallownest:2_Baldur","floor":1.0,"turns":5.0},{"damage":2.0,"enemies":"Hallownest:2_MossCreeps","floor":4.0,"turns":6.0},{"damage":11,"enemies":"Hallownest:eliteMossKnight","floor":6,"turns":19},{"damage":0,"enemies":"Hallownest:monsterHuskGuard","floor":7,"turns":6},{"damage":0,"enemies":"Hallownest:eliteVengeflyKing","floor":8,"turns":8},{"damage":4,"enemies":"Hallownest:monsterFoolEater","floor":11,"turns":6},{"damage":14,"enemies":"Hallownest:eliteMossKnight","floor":12,"turns":12},{"damage":2,"enemies":"Hallownest:monsterMossCharger","floor":14,"turns":4},{"damage":43,"enemies":"Hallownest:BossHornet","floor":16,"turns":9},{"damage":19,"enemies":"Spheric Guardian","floor":18,"turns":7},{"damage":23,"enemies":"Chosen","floor":22,"turns":5},{"damage":17,"enemies":"Book of Stabbing","floor":23,"turns":7},{"damage":2,"enemies":"Shelled Parasite and Fungi","floor":25,"turns":7},{"damage":17,"enemies":"Snake Plant","floor":28,"turns":7},{"damage":17,"enemies":"Sentry and Sphere","floor":31,"turns":10},{"damage":0,"enemies":"Automaton","floor":33,"turns":13},{"damage":28,"enemies":"3 Darklings","floor":35,"turns":7},{"damage":9,"enemies":"3 Shapes","floor":36,"turns":7},{"damage":29,"enemies":"Spire Growth","floor":38,"turns":9},{"damage":20,"enemies":"3 Darklings","floor":39,"turns":8},{"damage":62,"enemies":"Writhing Mass","floor":41,"turns":9},{"damage":28,"enemies":"Maw","floor":45,"turns":9},{"damage":34,"enemies":"Transient","floor":47,"turns":5},{"damage":37,"enemies":"3 Darklings","floor":48,"turns":9},{"damage":65,"enemies":"Time Eater","floor":50,"turns":16},{"damage":31,"enemies":"Time Eater","floor":51,"turns":10},{"damage":21,"enemies":"Time Eater","floor":52,"turns":9},{"damage":109,"enemies":"Time Eater","floor":56,"turns":14}],"seed_played":"3444929428441887162","potions_obtained":[{"floor":7,"key":"SkillPotion"},{"floor":8,"key":"LiquidBronze"},{"floor":12,"key":"Ancient Potion"},{"floor":14,"key":"PowerPotion"},{"floor":22,"key":"Weak Potion"},{"floor":31,"key":"Weak Potion"},{"floor":33,"key":"EntropicBrew"},{"floor":35,"key":"EssenceOfSteel"},{"floor":39,"key":"DistilledChaos"}],"is_trial":false,"path_per_floor":["M","?","?","M","?","E","M","E","T","?","M","E","$","M","R","B",null,"M","?","?","$","M","E","R","M","T","$","M","?","R","M","R","B",null,"M","M","$","M","M","R","M","R","T","?","M","R","M","M","R","B","M","M","?","$","R","M","R","T","?"],"character_chosen":"ILLYA","items_purchased":["Omamori","PrismaMod:IllyaPoisonTippedWeapons","PrismaMod:IllyaFriendMaker","PreservedInsect","Mythril_Glove","PrismaMod:IllyaUberPoisonBlock"],"campfire_rested":1,"item_purchase_floors":[21,21,21,27,37,54],"current_hp_per_floor":[75,80,80,78,78,69,80,80,80,80,80,78,78,80,80,52,80,78,78,62,62,44,47,47,62,62,62,60,64,64,74,74,80,80,70,80,80,63,68,68,41,41,41,41,48,48,47,33,57,88,88,88,88,88,88,88,88,88,0,0],"gold":99,"neow_bonus":"NOSTALGIA","is_daily":false,"chose_seed":false,"campfire_upgraded":4,"win_rate":0,"timestamp":1607634502,"path_taken":["M","?","?","M","?","E","M","E","T","?","M","E","$","M","R","BOSS","M","?","?","$","M","E","R","M","T","$","M","?","R","?","R","BOSS","M","M","$","M","M","R","M","R","T","?","M","R","M","M","R","BOSS","M","M","?","$","R","M","R","T","?"],"build_version":"2020-11-30","purchased_purges":3,"victory":false,"max_hp_per_floor":[75,80,80,80,80,80,80,80,80,80,80,80,80,80,80,80,80,80,80,80,80,80,80,80,80,80,80,80,80,80,80,80,80,80,80,80,80,80,80,80,80,80,80,80,80,80,80,80,80,88,88,88,88,88,88,88,88,88,75,75],"card_choices":[{"not_picked":["PrismaMod:IllyaAOECommonAttack","PrismaMod:IllyaRapidFire"],"picked":"PrismaMod:IllyaFeed","floor":1.0},{"not_picked":["PrismaMod:IllyaBerserCAR","PrismaMod:IllyaUpgradeOrbs"],"picked":"PrismaMod:IllyaCheapDefend","floor":4},{"not_picked":["PrismaMod:IllyaMaid","PrismaMod:IllyaPoisonBlock"],"picked":"PrismaMod:IllyaCheapChannelPoison","floor":6},{"not_picked":["PrismaMod:IllyaUncommonAOEAttack","PrismaMod:IllyaFeed"],"picked":"PrismaMod:IllyaFriendMaker","floor":7},{"not_picked":["PrismaMod:IllyaUpgradeOrbs","PrismaMod:IllyaCheapDefend","PrismaMod:IllyaGrailKun"],"picked":"SKIP","floor":8},{"not_picked":["PrismaMod:IllyaBride","PrismaMod:IllyaCheapChannelPoison"],"picked":"PrismaMod:IllyaPoisoningPhantasm","floor":11},{"not_picked":["PrismaMod:IllyaBride","PrismaMod:IllyaGrailKun","PrismaMod:IllyaUpgradeOrbs"],"picked":"SKIP","floor":12},{"not_picked":["PrismaMod:IllyaGrail","PrismaMod:IllyaMaid","PrismaMod:IllyaAlice"],"picked":"SKIP","floor":14},{"not_picked":["PrismaMod:IllyaUberAttackChannel","PrismaMod:IllyaInstallAssassin"],"picked":"PrismaMod:IllyaInstallShielder","floor":16},{"not_picked":["PrismaMod:IllyaCheapAttack+1","PrismaMod:IllyaPoisoningPhantasm","PrismaMod:IllyaRubysPotion"],"picked":"SKIP","floor":18},{"not_picked":["PrismaMod:IllyaFeed","PrismaMod:IllyaGrailKun"],"picked":"PrismaMod:IllyaBoysLove","floor":22},{"not_picked":["PrismaMod:IllyaAOECommonAttack","PrismaMod:IllyaCheapAttack"],"picked":"PrismaMod:IllyaDetonatingBlow+1","floor":23},{"not_picked":["PrismaMod:IllyaUncommonAttack","PrismaMod:IllyaGrail+1"],"picked":"PrismaMod:IllyaFeed+1","floor":25},{"not_picked":["PrismaMod:IllyaCheapChannelDefend","PrismaMod:IllyaUncommonAttack+1"],"picked":"PrismaMod:IllyaStunPoison","floor":28},{"not_picked":["PrismaMod:IllyaEvokeAll","PrismaMod:IllyaCommonEvoke","PrismaMod:IllyaDetonatingBlow"],"picked":"SKIP","floor":31},{"not_picked":["PrismaMod:IllyaRapidFire+1","PrismaMod:IllyaAOECommonAttack+1","PrismaMod:IllyaRussianRoulette+1"],"picked":"SKIP","floor":35},{"not_picked":["PrismaMod:IllyaGrailKun","PrismaMod:IllyaMinorReinForce"],"picked":"PrismaMod:IllyaPoisonBlock","floor":36},{"not_picked":["PrismaMod:IllyaFriendMaker","PrismaMod:IllyaBoysLove"],"picked":"PrismaMod:IllyaBlindPoisonToss+1","floor":38},{"not_picked":["PrismaMod:IllyaCheapAttack","PrismaMod:IllyaGun","PrismaMod:IllyaPartialInstallAssassin"],"picked":"SKIP","floor":39},{"not_picked":["PrismaMod:IllyaRussianRoulette+1","PrismaMod:IllyaRapidFire"],"picked":"PrismaMod:IllyaCommandSeal","floor":41},{"not_picked":["PrismaMod:IllyaSaphire+1","PrismaMod:IllyaUncommonAttack+1","PrismaMod:IllyaGun"],"picked":"SKIP","floor":41},{"not_picked":["PrismaMod:IllyaUncommonEvoke+1","PrismaMod:IllyaMinorReinForce","PrismaMod:IllyaRussianRoulette"],"picked":"SKIP","floor":45},{"not_picked":["PrismaMod:IllyaCommonEvoke","PrismaMod:IllyaUberPoisonChannel","PrismaMod:IllyaEvokeAll+1"],"picked":"SKIP","floor":47},{"not_picked":["PrismaMod:IllyaRapidFire+1","PrismaMod:IllyaBerserCAR+1","PrismaMod:IllyaCommonEvoke"],"picked":"SKIP","floor":48},{"not_picked":["PrismaMod:IllyaUncommonAttack","PrismaMod:IllyaMinorReinForce","PrismaMod:IllyaBoysLove"],"picked":"SKIP","floor":51},{"not_picked":["PrismaMod:IllyaFriendMaker","PrismaMod:IllyaBerserCAR+1"],"picked":"PrismaMod:IllyaUberPoisonBlock+1","floor":52}],"player_experience":236861,"relics_obtained":[{"floor":6,"key":"Peace Pipe"},{"floor":8,"key":"Angel_Ring"},{"floor":12,"key":"DemoMod:DecoyRelic"},{"floor":20,"key":"Necronomicon"},{"floor":23,"key":"Kunai"},{"floor":26,"key":"Blue Candle"},{"floor":43,"key":"hubris:PeanutButter"},{"floor":48,"key":"wanderingMiniBosses:AbyssPearl"},{"floor":58,"key":"Mummified Hand"}],"event_choices":[{"damage_healed":0,"gold_gain":0,"player_choice":"Obtained Book","damage_taken":16,"max_hp_gain":0,"max_hp_loss":0,"event_name":"Cursed Tome","floor":20,"gold_loss":0},{"damage_healed":4,"gold_gain":0,"player_choice":"LEAVE ","damage_taken":0,"relics_obtained":[],"max_hp_gain":0,"max_hp_loss":0,"event_name":"betterSkull:BetterSkull","floor":29,"gold_loss":0,"cards_upgraded":[]}],"is_beta":false,"boss_relics":[{"not_picked":["Velvet Choker","Calling Bell"],"picked":"hubris:Stopwatch"},{"not_picked":["Cursed Key","hubris:TerracottaHorce","aspiration:RitualDagger"]}],"items_purged_floors":[13,13,54],"is_endless":false,"potions_floor_spawned":[7,8,12,14,22,31,33,35,39],"ascension_level":0}}