{"host":"h759rl08g2j14n8x","time":1607566247,"event":{"gold_per_floor":[114,114,114,163,179,179,190,190,190,190,215,228,238,61,61,166,166,177,177,194,194,209,244,258,275,355,355,365,365,383,403,403,498,498,515,57,74,98,110,110,123,153,153,37,50,62,62,82,82,82,82,82,4,32,32,32],"floor_reached":55,"playtime":6158,"items_purged":[],"score":725,"play_id":"20c11775-175b-498a-894c-79269f53e38b","local_time":"20201209181047","is_ascension_mode":false,"campfire_choices":[{"floor":6.0,"key":"REST"},{"floor":8.0,"key":"RECALL"},{"data":"Zap","floor":10.0,"key":"SMITH"},{"data":"White Noise","floor":15.0,"key":"SMITH"},{"floor":27.0,"key":"REST"},{"floor":29.0,"key":"REST"},{"data":"Static Discharge","floor":32.0,"key":"SMITH"},{"data":"Storm","floor":40.0,"key":"SMITH"},{"data":"Turbo","floor":47.0,"key":"SMITH"},{"data":"Creative AI","floor":49.0,"key":"SMITH"},{"data":"Reinforced Body","floor":52.0,"key":"SMITH"}],"neow_cost":"NONE","seed_source_timestamp":0,"circlet_count":0,"master_deck":["Zap+1","Dualcast","Turbo+1","Reaper+1","FTL","FIFO Queue","ReplayTheSpireMod:Repulse","Pot Of Greed","Pot Of Greed","Leap","Crystallizer","White Noise+1","Conserve Battery","Electrodynamics","Lockon+1","Beam Cell+1","Lockon+1","Mirror Shield","Pot Of Greed","Consume","Tempest+1","Seek","Defragment","Static Discharge+1","Thunder Strike+1","Beam Cell+1","Storm+1","Multi-Cast","Creative AI+1","Genetic Algorithm","Amplify","Sweeping Beam+1","Skim","Pot Of Greed","Rebound+1","Ball Lightning+1","Rebound+1","Sunder+1","Capacitor+1","Reinforced Body+1","Melter+1","Rip and Tear+1","Double Energy+1"],"special_seed":0,"relics":["FrozenCore","Kunai","Onion Ring","Oddly Smooth Stone","Grinning Jar","Regal Pillow","Blood Vial","Mummified Hand","Molten Egg 2","Pandora\u0027s Box","Replay:Bottled Flurry","ReplayTheSpireMod:Lightbulb","Whetstone","The Courier","Bag of Marbles","Replay:Wax Seal"],"potions_floor_usage":[54,55,55],"damage_taken":[{"damage":9.0,"enemies":"2 Louse","floor":1.0,"turns":3.0},{"damage":1.0,"enemies":"Cultist","floor":5.0,"turns":3.0},{"damage":6.0,"enemies":"Jaw Worm","floor":7.0,"turns":3.0},{"damage":31.0,"enemies":"Replay:BlueRogue","floor":11.0,"turns":5.0},{"damage":22.0,"enemies":"Red Slaver","floor":12.0,"turns":5.0},{"damage":3.0,"enemies":"Lots of Slimes","floor":13.0,"turns":2.0},{"damage":52.0,"enemies":"The Guardian","floor":16.0,"turns":9.0},{"damage":10.0,"enemies":"Chosen","floor":18.0,"turns":6.0},{"damage":4.0,"enemies":"3 Byrds","floor":20.0,"turns":5.0},{"damage":19.0,"enemies":"Snecko","floor":22.0,"turns":7.0},{"damage":25.0,"enemies":"Slavers","floor":23.0,"turns":7.0},{"damage":11.0,"enemies":"Centurion and Healer","floor":24.0,"turns":7.0},{"damage":5.0,"enemies":"Cultist and Chosen","floor":25.0,"turns":7.0},{"damage":24.0,"enemies":"Snake Plant","floor":28.0,"turns":4.0},{"damage":0.0,"enemies":"Snecko","floor":30.0,"turns":4.0},{"damage":12.0,"enemies":"Centurion and Healer","floor":31.0,"turns":4.0},{"damage":24.0,"enemies":"Pondfish","floor":33.0,"turns":7.0},{"damage":16.0,"enemies":"3 Shapes","floor":35.0,"turns":3.0},{"damage":18.0,"enemies":"3 Darklings","floor":37.0,"turns":3.0},{"damage":15.0,"enemies":"4 Shapes","floor":39.0,"turns":4.0},{"damage":33.0,"enemies":"Writhing Mass","floor":41.0,"turns":3.0},{"damage":11.0,"enemies":"Giant Head","floor":42.0,"turns":4.0},{"damage":0.0,"enemies":"Maw","floor":45.0,"turns":5.0},{"damage":8.0,"enemies":"4 Shapes","floor":46.0,"turns":3.0},{"damage":0.0,"enemies":"Transient","floor":48.0,"turns":5.0},{"damage":74.0,"enemies":"Awakened One","floor":50.0,"turns":6.0},{"damage":40,"enemies":"Shield and Spear","floor":54,"turns":5},{"damage":47,"enemies":"The Heart","floor":55,"turns":6}],"seed_played":"4741555080670152469","potions_obtained":[{"floor":1.0,"key":"LifebloodPotion"},{"floor":4.0,"key":"PotionOfCapacity"},{"floor":11.0,"key":"Strength Potion"},{"floor":12.0,"key":"Death Potion"},{"floor":18.0,"key":"Strength Potion"},{"floor":22.0,"key":"Ancient Potion"},{"floor":28.0,"key":"FearPotion"},{"floor":35.0,"key":"Fruit Juice"},{"floor":42.0,"key":"Fire Potion"},{"floor":45.0,"key":"Energy Potion"},{"floor":46.0,"key":"FearPotion"},{"floor":54,"key":"Toxic Potion"}],"is_trial":false,"path_per_floor":["M","?","?","?","M","R","M","R","T","R","E","M","M","$","R","B",null,"M","?","M","?","M","E","M","M","T","R","M","R","M","M","R","B",null,"M","$","M","T","M","R","M","E","T","$","M","M","R","M","R","B",null,"R","$","E","B"],"character_chosen":"DEFECT","items_purchased":["Conserve Battery","Regal Pillow","Replay:Bottled Flurry","ReplayTheSpireMod:Lightbulb","Bag of Marbles","BlessingOfTheForge","Fire Potion"],"campfire_rested":3,"item_purchase_floors":[14,14,36,36,44,53,53],"current_hp_per_floor":[66,52,52,22,28,50,52,52,52,52,29,17,54,54,54,10,75,68,68,66,66,56,40,36,36,36,73,51,75,75,68,68,46,75,66,71,55,55,68,68,37,28,28,28,42,75,75,80,80,9,80,80,80,45,0,0],"gold":32,"neow_bonus":"RANDOM_EVENT","is_prod":false,"is_daily":false,"chose_seed":false,"campfire_upgraded":7,"win_rate":0,"timestamp":1607566247,"path_taken":["M","?","?","?","?","R","M","R","T","R","E","M","M","?","R","BOSS","M","?","M","?","M","E","M","M","T","R","M","R","M","M","R","BOSS","M","$","M","?","M","R","M","E","T","$","M","M","R","M","R","BOSS","R","$","E","BOSS"],"build_version":"2020-11-30","purchased_purges":0,"victory":false,"max_hp_per_floor":[75,75,75,75,75,75,75,75,75,75,75,75,75,75,75,75,75,75,75,75,75,75,75,75,75,75,75,75,75,75,75,75,75,75,75,80,80,80,80,80,80,80,80,80,80,80,80,80,80,80,80,80,80,80,80,80],"card_choices":[{"not_picked":["Glacier","Go for the Eyes"],"picked":"Turbo","floor":1.0},{"not_picked":["BasicCrystalCard","ReplayTheSpireMod:Repulse"],"picked":"FTL","floor":4.0},{"not_picked":["Sweeping Beam","Conserve Battery"],"picked":"FIFO Queue","floor":5.0},{"not_picked":["BasicCrystalCard","Redo"],"picked":"ReplayTheSpireMod:Repulse","floor":7.0},{"not_picked":["Force Field","Cold Snap"],"picked":"Leap","floor":11.0},{"not_picked":["Gash","Cold Snap"],"picked":"Crystallizer","floor":12.0},{"not_picked":["Stack","Coolheaded"],"picked":"White Noise","floor":13.0},{"not_picked":["Multi-Cast","Seek"],"picked":"Electrodynamics","floor":16.0},{"not_picked":["Steam","Compile Driver"],"picked":"Lockon","floor":18.0},{"not_picked":["Go for the Eyes","Coolheaded"],"picked":"Beam Cell","floor":20.0},{"not_picked":["BasicCrystalCard","Compile Driver"],"picked":"Lockon+1","floor":22.0},{"not_picked":["Recycle","Coolheaded"],"picked":"Mirror Shield","floor":23.0},{"not_picked":["Coolheaded+1","Stack"],"picked":"Consume","floor":24.0},{"not_picked":["Barrage","Rip and Tear"],"picked":"Tempest+1","floor":25.0},{"not_picked":["Lockon+1","BasicCrystalCard+1"],"picked":"Seek","floor":28.0},{"not_picked":["Turbo","ReplaySolidLightProjector"],"picked":"Defragment","floor":30.0},{"not_picked":["Stack+1","Streamline+1"],"picked":"Static Discharge","floor":31.0},{"not_picked":["Fission","Rainbow"],"picked":"Thunder Strike+1","floor":33.0},{"not_picked":["Lockon+1","Conserve Battery"],"picked":"Rebound+1","floor":35.0},{"not_picked":["Go for the Eyes+1","Redo+1"],"picked":"Ball Lightning+1","floor":37.0},{"not_picked":["Tempest+1","Stack"],"picked":"Rebound+1","floor":39.0},{"not_picked":["Rebound+1","Go for the Eyes+1"],"picked":"Sunder+1","floor":41.0},{"not_picked":["Ball Lightning+1","BasicCrystalCard+1"],"picked":"Capacitor+1","floor":42.0},{"not_picked":["Recycle+1","Heatsinks+1"],"picked":"Reinforced Body","floor":45.0},{"not_picked":["Stack","Reprogram"],"picked":"Melter+1","floor":46.0},{"not_picked":["Amplify","BasicCrystalCard+1"],"picked":"Rip and Tear+1","floor":48.0},{"not_picked":["ReplayTheSpireMod:GoodbyeWorld+1","Go for the Eyes+1"],"picked":"Double Energy+1","floor":54}],"player_experience":585368,"relics_obtained":[{"floor":4.0,"key":"Onion Ring"},{"floor":9.0,"key":"Oddly Smooth Stone"},{"floor":11.0,"key":"Grinning Jar"},{"floor":21.0,"key":"Blood Vial"},{"floor":23.0,"key":"Mummified Hand"},{"floor":26.0,"key":"Molten Egg 2"},{"floor":42.0,"key":"Whetstone"},{"floor":43.0,"key":"The Courier"},{"floor":54,"key":"Replay:Wax Seal"}],"event_choices":[{"damage_healed":0.0,"max_hp_gain":0.0,"max_hp_loss":0.0,"gold_gain":0.0,"event_name":"Living Wall","player_choice":"Grow","floor":3.0,"gold_loss":0.0,"damage_taken":0.0,"cards_upgraded":["Reaper"]},{"damage_healed":0.0,"max_hp_gain":0.0,"max_hp_loss":7.0,"gold_gain":0.0,"event_name":"betterThird:BetterWriting","player_choice":"Simplicity","floor":19.0,"gold_loss":0.0,"damage_taken":0.0},{"damage_healed":0.0,"max_hp_gain":0.0,"max_hp_loss":0.0,"gold_gain":0.0,"event_name":"Wheel of Change","player_choice":"Relic","floor":21.0,"gold_loss":0.0,"damage_taken":0.0}],"is_beta":false,"boss_relics":[{"not_picked":["Busted Crown","Inserter"],"picked":"FrozenCore"},{"not_picked":["Runic Dome","Runic Pyramid"],"picked":"Pandora\u0027s Box"}],"items_purged_floors":[],"is_endless":false,"potions_floor_spawned":[1,11,12,18,22,28,35,42,45,46,54],"killed_by":"The Heart","ascension_level":0}}