{"host":"m2mhqdo8f4p5auhk","time":1607628360,"event":{"mods":["2.2 Compatiblity","BaseMod","Clawfect","Decade(???)","StSLib","Hermit","HololiveMod","Marisa????????","Minty Spire (QoL Compilation)","Reimu??????","Replay The Spire","The Bug Knight","The Servant 0.9.4","The Wild Card","TheSwordswoman"],"gold_per_floor":[84,84,84,95,106,106,30,30,30,33,23,23,35,42,42,126,126,122,122,397,101,67,67,67,67],"floor_reached":24,"playtime":820,"items_purged":["Poor:ReiMu"],"score":271,"play_id":"6e8c9851-6a03-46b0-b59c-5be5b2869857","local_time":"20201210112600","is_ascension_mode":false,"campfire_choices":[{"data":"Hololive_CallUsadaPekora","floor":6,"key":"SMITH"},{"data":"Hololive_CallShiroganeNoel","floor":8,"key":"SMITH"},{"data":"Hololive_CallShishiroBotan","floor":15,"key":"SMITH"},{"data":"Hololive_CocoNews","floor":23,"key":"SMITH"}],"circlet_count":0,"master_deck":["Hololive_Strike","Hololive_Strike","Hololive_Defend","Hololive_Defend","Hololive_Drill","Hololive_CallUsadaPekora+1","Hololive_CallAiraniIofifteen+1","Hololive_CallArtia","Hololive_CallShiroganeNoel+1","Hololive_CallAmaneKanata","Hololive_CocoNews+1","Regret","Hololive_StrengthChampion","Hololive_CallAyundaRisu","Hololive_CallAkaiHaato","Hololive_OvertimeWork+1","Hololive_Sequa+1","Pain","Hololive_CallShishiroBotan+1","Hololive_Sequa+1","Hololive_Rebirth+1","Hololive_Trident+1","RitualDagger+1","Regret","Hololive_CallAZKi","Hololive_Psychosis+1"],"relics":["Hololive_TheStar","NeowsBlessing","Lantern","YidongShenshe:ReiMu","Molten Egg 2","WarpedTongs","Bird Faced Urn","Replay:Bronze Core","Guide Book"],"acts_visited":["Exordium","TheCity"],"potions_floor_usage":[24],"damage_taken":[{"damage":0,"enemies":"Small Slimes","floor":1,"turns":1},{"damage":0,"enemies":"Jaw Worm","floor":4,"turns":1},{"damage":0,"enemies":"Cultist","floor":5,"turns":1},{"damage":0,"enemies":"Looter","floor":10,"turns":2},{"damage":0,"enemies":"Gremlin Gang","floor":11,"turns":3},{"damage":0,"enemies":"Blue Slaver","floor":13,"turns":1},{"damage":0,"enemies":"Lagavulin","floor":14,"turns":5},{"damage":0,"enemies":"Hexaghost","floor":16,"turns":8},{"damage":0,"enemies":"3 Byrds","floor":18,"turns":3},{"damage":31,"enemies":"2 Thieves","floor":22,"turns":6},{"damage":32,"enemies":"Book of Stabbing","floor":24,"turns":5}],"seed_played":"6368425721663527727","potions_obtained":[{"floor":1,"key":"LiquidMemories"},{"floor":10,"key":"DuplicationPotion"},{"floor":11,"key":"ColorlessPotion"}],"is_trial":false,"path_per_floor":["M","?","?","M","M","R","$","R","T","M","M","?","M","E","R","B",null,"M","?","?","$","M","R","E"],"character_chosen":"Hololive_HololiveCharacter","items_purchased":["Hololive_CallAkaiHaato","Hololive_CallAZKi","Guide Book"],"campfire_rested":0,"item_purchase_floors":[7,21,21],"current_hp_per_floor":[35,35,35,35,35,35,35,35,35,35,35,35,35,35,35,35,35,35,29,29,29,12,12,0,0],"gold":67,"neow_bonus":"THREE_ENEMY_KILL","is_daily":false,"chose_seed":false,"campfire_upgraded":4,"win_rate":0.0,"timestamp":1607628360,"path_taken":["M","?","?","M","M","R","$","R","T","M","M","?","?","E","R","BOSS","M","?","?","$","M","R","E"],"build_version":"2020-11-30","purchased_purges":1,"victory":false,"max_hp_per_floor":[35,35,35,35,35,35,35,35,35,35,35,35,35,35,35,35,35,35,35,35,35,35,35,35,35],"card_choices":[{"not_picked":["Hololive_DevilCharm","Hololive_FlyingPonyTail","Hololive_Drill"],"picked":"Hololive_CocoNews","floor":1},{"not_picked":["Hololive_HuntDinosaur","Hololive_CallOmaruPolka","Hololive_Rebound"],"picked":"Hololive_StrengthChampion","floor":4},{"not_picked":["Hololive_CocoNews","Hololive_CallRoboco","Hololive_Trident"],"picked":"Hololive_CallAyundaRisu","floor":5},{"not_picked":["Hololive_IdolExercise","Hololive_Rebound","Hololive_StrengthChampion+1"],"picked":"Hololive_OvertimeWork+1","floor":10},{"not_picked":["Hololive_CallArtia","Hololive_DurableLive","Hololive_CallAiraniIofifteen"],"picked":"Hololive_Sequa+1","floor":11},{"not_picked":["Hololive_Rebound","Hololive_Sequa+1","Hololive_LuckPotion"],"picked":"Hololive_CallShishiroBotan","floor":13},{"not_picked":["Hololive_WolfAndLamb","Hololive_CallAmaneKanata","Hololive_Breathe"],"picked":"Hololive_Sequa+1","floor":14},{"not_picked":["Hololive_WolfAndLamb","Hololive_DiamondStrike+1","Hololive_DurableLive"],"picked":"Hololive_Rebirth","floor":16},{"not_picked":["Hololive_RevenueBasedLive","Hololive_LuckPotion","Hololive_ILoveYou"],"picked":"Hololive_Trident+1","floor":18},{"not_picked":["Hololive_Drill+1","Hololive_CocoNews+1","Hololive_OvertimeWork+1"],"picked":"Hololive_Psychosis+1","floor":22}],"player_experience":162523,"relics_obtained":[{"floor":9,"key":"Molten Egg 2"},{"floor":14,"key":"Bird Faced Urn"}],"event_choices":[{"damage_healed":0,"gold_gain":0,"player_choice":"Box","damage_taken":0,"relics_obtained":["Lantern"],"max_hp_gain":0,"max_hp_loss":0,"event_name":"Big Fish","floor":2,"gold_loss":0,"cards_obtained":["Regret"]},{"damage_healed":0,"gold_gain":0,"player_choice":"Take Tiny Shrine away","damage_taken":0,"relics_obtained":["YidongShenshe:ReiMu"],"max_hp_gain":0,"max_hp_loss":0,"event_name":"yidonshenshe","floor":3,"gold_loss":0,"cards_obtained":["Poor:ReiMu"]},{"damage_healed":0,"gold_gain":0,"player_choice":"Rummage","damage_taken":0,"relics_obtained":["WarpedTongs"],"max_hp_gain":0,"max_hp_loss":0,"event_name":"Accursed Blacksmith","floor":12,"gold_loss":0,"cards_obtained":["Pain"]},{"damage_healed":0,"gold_gain":0,"player_choice":"Joined the Cult","damage_taken":6,"max_hp_gain":0,"max_hp_loss":0,"event_name":"Nest","floor":19,"gold_loss":0,"cards_obtained":["RitualDagger"]},{"damage_healed":0,"gold_gain":275,"player_choice":"Desecrate","damage_taken":0,"max_hp_gain":0,"max_hp_loss":0,"event_name":"Golden Shrine","floor":20,"gold_loss":0,"cards_obtained":["Regret"]}],"is_beta":false,"boss_relics":[{"not_picked":["Painkiller Herb","SlaversCollar"],"picked":"Replay:Bronze Core"}],"items_purged_floors":[21],"is_endless":false,"potions_floor_spawned":[1,10,11,16],"killed_by":"Book of Stabbing","ascension_level":0}}