{"host":"avjwtc49fhlk6kym","time":1607560539,"event":{"gold_per_floor":[118,128,142,159,234,234,267,7,7,7,19,34,34,34,34,135,135,146,61,80,80,90,90,118,133,133,183,198,213,213,213],"floor_reached":30,"playtime":1420,"items_purged":[],"score":279,"play_id":"98d249a8-e9a7-4a3f-b270-7462bed77d39","local_time":"20201209193539","is_ascension_mode":true,"campfire_choices":[{"data":"Eruption","floor":6,"key":"SMITH"},{"floor":13,"key":"REST"},{"data":"Wallop","floor":15,"key":"SMITH"},{"floor":23,"key":"REST"}],"neow_cost":"NONE","seed_source_timestamp":4179928168200,"circlet_count":0,"master_deck":["Strike_P","Strike_P","Strike_P","Strike_P","Defend_P","Defend_P","Defend_P","Eruption+1","Vigilance","Halt","Evaluate","BowlingBash","Consecrate","Wallop+1","Establishment","LikeWater","FlyingSleeves","Protect","InnerPeace","Brilliance","FollowUp","Conclude","CutThroughFate","FlurryOfBlows+1","LikeWater","Decay","CutThroughFate","ConjureBlade+1"],"relics":["PureWater","Kunai","Anchor","Mummified Hand","Toxic Egg 2","Cursed Key","Letter Opener","Enchiridion","Mango","Matryoshka"],"potions_floor_usage":[7,16,20,20,29,30,30],"damage_taken":[{"damage":1,"enemies":"Small Slimes","floor":1,"turns":3},{"damage":0,"enemies":"Cultist","floor":2,"turns":3},{"damage":0,"enemies":"2 Louse","floor":3,"turns":2},{"damage":14,"enemies":"Exordium Thugs","floor":4,"turns":6},{"damage":2,"enemies":"Gremlin Nob","floor":7,"turns":3},{"damage":0,"enemies":"Large Slime","floor":11,"turns":6},{"damage":3,"enemies":"Looter","floor":12,"turns":4},{"damage":23,"enemies":"The Guardian","floor":16,"turns":18},{"damage":24,"enemies":"Chosen","floor":18,"turns":6},{"damage":0,"enemies":"Spheric Guardian","floor":20,"turns":3},{"damage":1,"enemies":"Chosen and Byrds","floor":22,"turns":7},{"damage":6,"enemies":"Gremlin Leader","floor":24,"turns":7},{"damage":3,"enemies":"Centurion and Healer","floor":25,"turns":4},{"damage":14,"enemies":"Snecko","floor":28,"turns":5},{"damage":34,"enemies":"Snake Plant","floor":29,"turns":6},{"damage":9,"enemies":"3 Cultists","floor":30,"turns":4}],"seed_played":"6823751378790784869","potions_obtained":[{"floor":2,"key":"DuplicationPotion"},{"floor":7,"key":"FearPotion"},{"floor":11,"key":"Fire Potion"},{"floor":16,"key":"Fire Potion"},{"floor":18,"key":"Fire Potion"},{"floor":22,"key":"LiquidBronze"},{"floor":24,"key":"BottledMiracle"},{"floor":28,"key":"EssenceOfSteel"}],"is_trial":false,"path_per_floor":["M","M","M","M","?","R","E","$","T","$","M","M","R","?","R","B",null,"M","?","M","?","M","R","E","M","T","?","M","M","M"],"character_chosen":"WATCHER","items_purchased":["LikeWater","Anchor","FlyingSleeves"],"campfire_rested":2,"item_purchase_floors":[8,8,8],"current_hp_per_floor":[71,71,71,57,50,50,48,48,48,48,48,45,66,66,66,43,72,48,48,48,32,31,52,60,57,57,57,43,9,0,0],"gold":213,"neow_bonus":"TRANSFORM_CARD","is_prod":false,"is_daily":false,"chose_seed":false,"campfire_upgraded":2,"win_rate":0,"timestamp":1607560539,"path_taken":["M","M","M","M","?","R","E","$","T","?","M","M","R","?","R","BOSS","M","?","M","?","M","R","E","M","T","?","M","?","M"],"build_version":"2020-11-30","purchased_purges":0,"victory":false,"max_hp_per_floor":[72,72,72,72,72,72,72,72,72,72,72,72,72,72,72,72,72,72,72,72,72,72,72,86,86,86,86,86,86,86,86],"card_choices":[{"not_picked":["Prostrate","JustLucky"],"picked":"Evaluate","floor":1},{"not_picked":["Evaluate","EmptyBody"],"picked":"BowlingBash","floor":2},{"not_picked":["CutThroughFate","Halt"],"picked":"Consecrate","floor":3},{"not_picked":["FlurryOfBlows","Wireheading"],"picked":"Wallop","floor":4},{"not_picked":["CarveReality","DeceiveReality"],"picked":"Establishment","floor":7},{"not_picked":["FearNoEvil","SashWhip"],"picked":"Protect","floor":11},{"not_picked":["Consecrate","CutThroughFate"],"picked":"InnerPeace","floor":12},{"not_picked":["Alpha+1","Vault+1"],"picked":"Brilliance","floor":16},{"not_picked":["Collect+1","EmptyFist+1"],"picked":"FollowUp","floor":18},{"not_picked":["PathToVictory+1","Tantrum+1"],"picked":"Conclude","floor":20},{"not_picked":["FlyingSleeves+1","EmptyBody+1"],"picked":"CutThroughFate","floor":22},{"not_picked":["FlyingSleeves","SashWhip"],"picked":"FlurryOfBlows+1","floor":24},{"not_picked":["MentalFortress","ClearTheMind+1"],"picked":"LikeWater","floor":25},{"not_picked":["EmptyFist","Worship+1"],"picked":"CutThroughFate","floor":28},{"not_picked":["CutThroughFate","ThirdEye+1"],"picked":"ConjureBlade+1","floor":29}],"player_experience":484414,"relics_obtained":[{"floor":7,"key":"Kunai"},{"floor":9,"key":"Mummified Hand"},{"floor":24,"key":"Mango"},{"floor":26,"key":"Matryoshka"}],"event_choices":[{"damage_healed":0,"gold_gain":75,"player_choice":"Touch","damage_taken":7,"max_hp_gain":0,"max_hp_loss":0,"event_name":"FaceTrader","floor":5,"gold_loss":0},{"damage_healed":0,"gold_gain":0,"player_choice":"Gave Potion","damage_taken":0,"relics_obtained":["Toxic Egg 2"],"max_hp_gain":0,"max_hp_loss":0,"event_name":"WeMeetAgain","floor":14,"gold_loss":0},{"damage_healed":0,"gold_gain":0,"player_choice":"Obtained Relic","damage_taken":0,"relics_obtained":["Letter Opener"],"max_hp_gain":0,"max_hp_loss":0,"event_name":"Addict","floor":19,"gold_loss":85},{"damage_healed":0,"gold_gain":0,"player_choice":"Obtained Book","damage_taken":16,"max_hp_gain":0,"max_hp_loss":0,"event_name":"Cursed Tome","floor":21,"gold_loss":0},{"damage_healed":0,"gold_gain":100,"player_choice":"Bet on Murderer","damage_taken":0,"max_hp_gain":0,"max_hp_loss":0,"event_name":"The Joust","floor":27,"gold_loss":50}],"is_beta":false,"boss_relics":[{"not_picked":["Tiny House","Snecko Eye"],"picked":"Cursed Key"}],"items_purged_floors":[],"is_endless":false,"potions_floor_spawned":[2,7,11,16,18,22,24,28],"killed_by":"3 Cultists","ascension_level":2}}