{"host":"vfg9szunmpjwj08o","time":1607628388,"event":{"mods":["BaseMod","Act Like it!","Colored Map","Colored Powertips","Minty Spire (QoL Compilation)","StSLib","Waifu the Spire","Challenge The Spire"],"gold_per_floor":[119,194,194,207,52,52,82,82,82,82,93,103,128,28,28,28,28],"floor_reached":16,"playtime":631,"items_purged":["Strike_B","Strike_B"],"score":253,"play_id":"44ae9bc5-b6e1-4781-a4a8-384c933888af","local_time":"20201210202628","is_ascension_mode":true,"campfire_choices":[{"data":"Zap","floor":6,"key":"SMITH"},{"data":"Dualcast","floor":8,"key":"SMITH"},{"data":"Coolheaded","floor":15,"key":"SMITH"}],"circlet_count":0,"master_deck":["AscendersBane","Strike_B","Defend_B","Defend_B","Defend_B","Defend_B","Zap+1","Dualcast+1","Cold Snap","Self Repair","Scrape","Capacitor","Gash","Coolheaded+1"],"relics":["Cracked Core","NeowsBlessing","Calipers","Bag of Preparation","White Beast Statue"],"acts_visited":["Exordium"],"potions_floor_usage":[13,13,16],"damage_taken":[{"damage":0,"enemies":"Jaw Worm","floor":1,"turns":1},{"damage":0,"enemies":"Small Slimes","floor":4,"turns":1},{"damage":0,"enemies":"Lagavulin","floor":7,"turns":3},{"damage":0,"enemies":"Cultist","floor":11,"turns":3},{"damage":27,"enemies":"Exordium Thugs","floor":12,"turns":5},{"damage":21,"enemies":"3 Sentries","floor":13,"turns":5},{"damage":24,"enemies":"Slime Boss","floor":16,"turns":8}],"seed_played":"-4978889833210145435","potions_obtained":[{"floor":11,"key":"EssenceOfDarkness"},{"floor":12,"key":"Swift Potion"},{"floor":13,"key":"Swift Potion"}],"is_trial":false,"path_per_floor":["M","?","?","M","$","R","E","R","T","?","M","M","E","$","R","B"],"character_chosen":"DEFECT","items_purchased":["Self Repair"],"campfire_rested":0,"item_purchase_floors":[5],"current_hp_per_floor":[64,53,53,53,53,53,60,60,60,55,55,28,14,14,14,0,0],"gold":28,"neow_bonus":"THREE_ENEMY_KILL","is_daily":false,"chose_seed":false,"campfire_upgraded":3,"win_rate":0,"timestamp":1607628388,"path_taken":["M","?","?","M","?","R","E","R","T","?","M","?","E","$","R","BOSS"],"build_version":"2020-11-30","purchased_purges":2,"victory":false,"max_hp_per_floor":[71,71,71,71,71,71,71,71,71,71,71,71,71,71,71,71,71],"card_choices":[{"not_picked":["Streamline","Redo"],"picked":"Cold Snap","floor":1},{"not_picked":["Ball Lightning","Reprogram","Rip and Tear"],"picked":"SKIP","floor":4},{"not_picked":["Compile Driver","Biased Cognition"],"picked":"Scrape","floor":7},{"not_picked":["Doom and Gloom","Cold Snap"],"picked":"Capacitor","floor":11},{"not_picked":["Auto Shields","Stack"],"picked":"Gash","floor":12},{"not_picked":["Scrape","Compile Driver"],"picked":"Coolheaded","floor":13}],"player_experience":969193,"relics_obtained":[{"floor":7,"key":"Calipers"},{"floor":13,"key":"White Beast Statue"}],"event_choices":[{"damage_healed":0,"gold_gain":75,"player_choice":"Gather Gold","damage_taken":11,"max_hp_gain":0,"max_hp_loss":0,"event_name":"World of Goop","floor":2,"gold_loss":0},{"cards_removed":["Strike_B"],"damage_healed":0,"gold_gain":0,"player_choice":"Forget","damage_taken":0,"max_hp_gain":0,"max_hp_loss":0,"event_name":"Living Wall","floor":3,"gold_loss":0},{"damage_healed":0,"gold_gain":0,"player_choice":"Success","damage_taken":5,"relics_obtained":["Bag of Preparation"],"max_hp_gain":0,"max_hp_loss":0,"event_name":"Scrap Ooze","floor":10,"gold_loss":0}],"is_beta":false,"boss_relics":[],"items_purged_floors":[5,14],"is_endless":false,"potions_floor_spawned":[11,12,13],"killed_by":"Slime Boss","ascension_level":18}}