{"host":"4edbuligkc8x13l4","time":1607603446,"event":{"gold_per_floor":[109,109,129,129,140,140,154,154,154,164,164,180,207,226,226,303,303,321,246,221,5,5,32,32,10,10,10,27,39,39,39,39,39,39],"floor_reached":33,"playtime":1290,"items_purged":["Strike_G"],"score":457,"play_id":"6ff2b4ac-278f-4dd1-bf2f-3f327b676609","local_time":"20201210203046","is_ascension_mode":true,"campfire_choices":[{"data":"Cloak And Dagger","floor":6.0,"key":"SMITH"},{"data":"Neutralize","floor":11.0,"key":"SMITH"},{"floor":15.0,"key":"REST"},{"floor":24,"key":"REST"},{"floor":27,"key":"REST"},{"floor":30,"key":"REST"},{"floor":32,"key":"REST"}],"neow_cost":"NONE","seed_source_timestamp":547517456140600,"circlet_count":0,"master_deck":["AscendersBane","Strike_G","Strike_G","Defend_G","Defend_G","Defend_G","Defend_G","Survivor","Neutralize+1","Cloak And Dagger+1","Poisoned Stab","Backflip","Blade Dance","Escape Plan","Dodge and Roll","Well Laid Plans","Choke","Doppelganger","Bullet Time+1","Expertise+1","Reflex+1","Calculated Gamble","Storm of Steel","Tactician","Flying Knee","Prepared","Reflex"],"special_seed":0,"relics":["Ring of the Snake","NeowsBlessing","Mango","Ice Cream","Tough Bandages","Turnip","Astrolabe","Ginger","Bottled Flame"],"potions_floor_usage":[23,31,33],"damage_taken":[{"damage":0.0,"enemies":"Jaw Worm","floor":1.0,"turns":1.0},{"damage":0.0,"enemies":"2 Louse","floor":3.0,"turns":1.0},{"damage":0.0,"enemies":"Cultist","floor":5.0,"turns":1.0},{"damage":17.0,"enemies":"Large Slime","floor":7.0,"turns":7.0},{"damage":11.0,"enemies":"Blue Slaver","floor":10.0,"turns":5.0},{"damage":5.0,"enemies":"2 Fungi Beasts","floor":12.0,"turns":4.0},{"damage":6.0,"enemies":"3 Sentries","floor":13.0,"turns":8.0},{"damage":8.0,"enemies":"Red Slaver","floor":14.0,"turns":4.0},{"damage":55.0,"enemies":"Hexaghost","floor":16.0,"turns":14.0},{"damage":35.0,"enemies":"Spheric Guardian","floor":18.0,"turns":6.0},{"damage":0.0,"enemies":"2 Thieves","floor":20.0,"turns":5.0},{"damage":51,"enemies":"Gremlin Leader","floor":23,"turns":5},{"damage":25,"enemies":"Centurion and Healer","floor":28,"turns":6},{"damage":27,"enemies":"Sentry and Sphere","floor":29,"turns":8},{"damage":0,"enemies":"Snecko","floor":31,"turns":1},{"damage":74,"enemies":"Collector","floor":33,"turns":7}],"seed_played":"-2868430544743799813","potions_obtained":[{"floor":1.0,"key":"AttackPotion"},{"floor":5.0,"key":"Regen Potion"},{"floor":14.0,"key":"FairyPotion"},{"floor":20.0,"key":"BlessingOfTheForge"},{"floor":28,"key":"SmokeBomb"},{"floor":29,"key":"EssenceOfSteel"}],"is_trial":false,"path_per_floor":["M","?","M","?","M","R","M","T","T","M","R","M","E","M","R","B",null,"M","$","M","$","?","E","R","$","T","R","M","M","R","M","R","B"],"character_chosen":"THE_SILENT","items_purchased":["Storm of Steel","Tactician","Flying Knee"],"campfire_rested":5,"item_purchase_floors":[21,21,25],"current_hp_per_floor":[59,59,59,55,55,55,38,38,38,27,27,22,31,23,47,20,65,30,30,30,30,56,5,29,29,29,53,28,1,25,25,49,0,0],"gold":39,"neow_bonus":"THREE_ENEMY_KILL","is_prod":false,"is_daily":false,"chose_seed":false,"campfire_upgraded":2,"win_rate":0,"timestamp":1607603446,"path_taken":["M","?","M","?","M","R","M","?","T","?","R","M","E","M","R","BOSS","M","$","M","$","?","E","R","$","T","R","M","M","R","M","R","BOSS"],"build_version":"2020-11-30","purchased_purges":1,"victory":false,"max_hp_per_floor":[66,66,66,80,80,80,80,80,80,80,80,80,80,80,80,80,80,80,80,80,80,80,80,80,80,80,80,80,80,80,80,80,80,80],"card_choices":[{"not_picked":["Eviscerate","Flechettes"],"picked":"Cloak And Dagger","floor":1.0},{"not_picked":["Bouncing Flask","Dodge and Roll"],"picked":"Poisoned Stab","floor":3.0},{"not_picked":["Finisher","Deflect"],"picked":"Backflip","floor":5.0},{"not_picked":["Acrobatics","Venomology"],"picked":"Blade Dance","floor":7.0},{"not_picked":["Backflip","Quick Slash"],"picked":"Escape Plan","floor":10.0},{"not_picked":["Backflip","Caltrops"],"picked":"Dodge and Roll","floor":12.0},{"not_picked":["Sucker Punch","Quick Slash","Well Laid Plans"],"picked":"SKIP","floor":13.0},{"not_picked":["Sucker Punch","Quick Slash"],"picked":"Well Laid Plans","floor":13.0},{"not_picked":["Outmaneuver","Well Laid Plans"],"picked":"Choke","floor":14.0},{"not_picked":["Envenom","Venomology"],"picked":"Doppelganger","floor":16.0},{"not_picked":["Backflip","Reflex"],"picked":"Calculated Gamble","floor":18.0},{"not_picked":["Sucker Punch","Outmaneuver","Underhanded Strike"],"picked":"SKIP","floor":20.0},{"not_picked":["Acrobatics","Skewer","Dagger Spray"],"picked":"SKIP","floor":23},{"not_picked":["Sucker Punch","Deadly Poison"],"picked":"Prepared","floor":28},{"not_picked":["All Out Attack","Predator"],"picked":"Reflex","floor":29}],"player_experience":888767,"relics_obtained":[{"floor":8.0,"key":"Ice Cream"},{"floor":9.0,"key":"Tough Bandages"},{"floor":13.0,"key":"Turnip"},{"floor":23,"key":"Ginger"},{"floor":26,"key":"Bottled Flame"}],"event_choices":[{"damage_healed":0.0,"max_hp_gain":0.0,"max_hp_loss":0.0,"gold_gain":0.0,"event_name":"Shining Light","player_choice":"Ignored","floor":2.0,"gold_loss":0.0,"damage_taken":0.0},{"damage_healed":0.0,"max_hp_gain":0.0,"max_hp_loss":0.0,"gold_gain":0.0,"event_name":"Scrap Ooze","player_choice":"Success","floor":4.0,"gold_loss":0.0,"damage_taken":18.0,"relics_obtained":["Mango"]},{"damage_healed":26,"gold_gain":0,"player_choice":"Heal","damage_taken":0,"max_hp_gain":0,"max_hp_loss":0,"event_name":"The Library","floor":22,"gold_loss":0}],"is_beta":false,"boss_relics":[{"not_picked":["Cursed Key","Philosopher\u0027s Stone"],"picked":"Astrolabe"}],"items_purged_floors":[19],"is_endless":false,"potions_floor_spawned":[1,5,10,12,14,20,28,29],"killed_by":"Collector","ascension_level":14}}