{"host":"c5ukdwo3xwa4ucd0","time":1607641518,"event":{"mods":["BaseMod","AchievementEnabler","Colored Powertips","Minty Spire (QoL Compilation)","Quick Restart"],"gold_per_floor":[124,124,124,37,65,105,105,127,174,198,219,246,271,291,291,291,291],"floor_reached":16,"playtime":1112,"items_purged":[],"score":106,"play_id":"98a7e4f0-67b1-463a-b9bd-43cbfc99d465","local_time":"20201211000518","is_ascension_mode":false,"campfire_choices":[{"floor":7,"key":"REST"},{"floor":15,"key":"REST"}],"circlet_count":0,"master_deck":["Strike_G","Strike_G","Strike_G","Strike_G","Strike_G","Defend_G","Defend_G","Defend_G","Defend_G","Defend_G","Survivor","Neutralize","Tactician","Tactician","Accuracy","Dash","Blur","Backflip","Dodge and Roll","Deflect","Choke","Outmaneuver","Cloak And Dagger"],"special_seed":0,"relics":["Ring of the Snake","CeramicFish","Oddly Smooth Stone","Meat on the Bone","Bag of Marbles"],"acts_visited":["Exordium"],"potions_floor_usage":[],"damage_taken":[{"damage":1,"enemies":"Cultist","floor":1,"turns":6},{"damage":4,"enemies":"2 Louse","floor":5,"turns":4},{"damage":31,"enemies":"3 Sentries","floor":6,"turns":14},{"damage":0,"enemies":"Jaw Worm","floor":8,"turns":6},{"damage":0,"enemies":"Exordium Thugs","floor":10,"turns":10},{"damage":11,"enemies":"Gremlin Gang","floor":11,"turns":11},{"damage":7,"enemies":"2 Fungi Beasts","floor":12,"turns":4},{"damage":6,"enemies":"Blue Slaver","floor":13,"turns":6},{"damage":16,"enemies":"Large Slime","floor":14,"turns":11},{"damage":61,"enemies":"Hexaghost","floor":16,"turns":16}],"seed_played":"-8601675436023000794","potions_obtained":[{"floor":1,"key":"DistilledChaos"},{"floor":11,"key":"Energy Potion"},{"floor":12,"key":"Dexterity Potion"},{"floor":14,"key":"GamblersBrew"}],"is_trial":false,"path_per_floor":["M","?","?","$","M","E","R","M","T","M","M","M","M","M","R","B"],"character_chosen":"THE_SILENT","items_purchased":["Tactician","Accuracy"],"campfire_rested":2,"item_purchase_floors":[4,4],"current_hp_per_floor":[69,69,66,66,62,31,52,52,52,52,41,46,40,36,57,0,0],"gold":291,"neow_bonus":"RANDOM_COMMON_RELIC","is_daily":false,"chose_seed":false,"campfire_upgraded":0,"win_rate":0,"timestamp":1607641518,"path_taken":["M","?","?","$","M","E","R","M","T","M","M","?","M","M","R","BOSS"],"build_version":"2020-11-30","purchased_purges":0,"victory":false,"max_hp_per_floor":[70,70,70,70,70,70,70,70,70,70,70,70,70,70,70,70,70],"card_choices":[{"not_picked":["Dodge and Roll","Poisoned Stab"],"picked":"Tactician","floor":1},{"not_picked":["Leg Sweep","Bane"],"picked":"Dash","floor":5},{"not_picked":["A Thousand Cuts","Footwork"],"picked":"Blur","floor":6},{"not_picked":["Acrobatics","Outmaneuver"],"picked":"Backflip","floor":8},{"not_picked":["PiercingWail","Heel Hook"],"picked":"Dodge and Roll","floor":10},{"not_picked":["Quick Slash","Dodge and Roll"],"picked":"Deflect","floor":11},{"not_picked":["Underhanded Strike","Dagger Throw"],"picked":"Choke","floor":12},{"not_picked":["Reflex","Deadly Poison"],"picked":"Outmaneuver","floor":13},{"not_picked":["Deflect","Dodge and Roll"],"picked":"Cloak And Dagger","floor":14}],"player_experience":294161,"relics_obtained":[{"floor":6,"key":"Meat on the Bone"},{"floor":9,"key":"Bag of Marbles"}],"event_choices":[{"damage_healed":0,"gold_gain":0,"player_choice":"Ignored","damage_taken":0,"max_hp_gain":0,"max_hp_loss":0,"event_name":"Shining Light","floor":2,"gold_loss":0},{"damage_healed":0,"gold_gain":0,"player_choice":"Success","damage_taken":3,"relics_obtained":["Oddly Smooth Stone"],"max_hp_gain":0,"max_hp_loss":0,"event_name":"Scrap Ooze","floor":3,"gold_loss":0}],"is_beta":false,"boss_relics":[],"items_purged_floors":[],"is_endless":false,"potions_floor_spawned":[1,11,12,13,14],"killed_by":"Hexaghost","ascension_level":0}}