{"host":"zkqorkqsr6o67e8b","time":1607579227,"event":{"gold_per_floor":[110,110,110,110,110,139,151,167,167,167,167],"floor_reached":10,"playtime":267,"items_purged":[],"score":173,"play_id":"bca252df-0ab0-488e-823a-c6260b31d438","local_time":"20201210134707","is_ascension_mode":true,"campfire_choices":[],"neow_cost":"NONE","seed_source_timestamp":18737238453500,"circlet_count":0,"master_deck":["alterego_mod:Strike","alterego_mod:Strike","alterego_mod:Strike","alterego_mod:Strike","alterego_mod:Defend","alterego_mod:Defend","alterego_mod:Defend","alterego_mod:Defend","alterego_mod:BrynhildrsRune","FateConcerto","alterego_mod:PerceptionDisorder","alterego_mod:PerceptionDisorder","alterego_mod:TrashNCrash","alterego_mod:AlterEgo"],"special_seed":0,"relics":["alterego_mod:MasochisticConstitution","REME_ComplimentaryCards","NeowsBlessing","ThirstyCross","Unceasing Top","Ice Cream"],"potions_floor_usage":[],"damage_taken":[{"damage":4.0,"enemies":"Jaw Worm","floor":1.0,"turns":2.0},{"damage":3.0,"enemies":"Gremlin Nob","floor":6.0,"turns":2.0},{"damage":0,"enemies":"2 Louse","floor":7,"turns":2},{"damage":13,"enemies":"Small Slimes","floor":8,"turns":4},{"damage":64,"enemies":"3 Sentries","floor":10,"turns":9}],"seed_played":"6919574005815803016","potions_obtained":[{"floor":1.0,"key":"Dexterity Potion"}],"is_trial":false,"path_per_floor":["M","?","?","?","?","E","M","M","T","E"],"character_chosen":"The_Alterego","items_purchased":[],"campfire_rested":0,"item_purchase_floors":[],"current_hp_per_floor":[63,63,63,63,63,61,67,62,62,12,12],"gold":167,"neow_bonus":"THREE_ENEMY_KILL","is_prod":false,"is_daily":false,"chose_seed":false,"campfire_upgraded":0,"win_rate":0,"timestamp":1607579227,"path_taken":["M","?","?","?","?","E","?","?","T","E"],"build_version":"2020-11-30","purchased_purges":0,"victory":false,"max_hp_per_floor":[66,66,66,66,66,67,67,68,68,68,68],"card_choices":[{"not_picked":["alterego_mod:Complex","alterego_mod:Bounce"],"picked":"alterego_mod:PerceptionDisorder","floor":1.0},{"not_picked":["alterego_mod:Vow","alterego_mod:PerceptionDisorder","alterego_mod:VirginLaserPalladion"],"picked":"SKIP","floor":6.0},{"not_picked":["alterego_mod:MagicResistance","alterego_mod:BiFurious"],"picked":"alterego_mod:TrashNCrash","floor":7},{"not_picked":["alterego_mod:Bounce","alterego_mod:Cooking"],"picked":"alterego_mod:AlterEgo","floor":8}],"player_experience":655120,"relics_obtained":[{"floor":6.0,"key":"Unceasing Top"},{"floor":9,"key":"Ice Cream"}],"event_choices":[{"damage_healed":0.0,"max_hp_gain":0.0,"max_hp_loss":0.0,"gold_gain":0.0,"cards_transformed":["alterego_mod:BigMeatyClaws"],"event_name":"Living Wall","player_choice":"Change","floor":3.0,"gold_loss":0.0,"damage_taken":0.0,"cards_obtained":["alterego_mod:PerceptionDisorder"]},{"cards_removed":["alterego_mod:Impale"],"damage_healed":0.0,"max_hp_gain":0.0,"max_hp_loss":0.0,"gold_gain":0.0,"event_name":"Bonfire Elementals","player_choice":"Offered Basic","floor":5.0,"gold_loss":0.0,"damage_taken":0.0}],"is_beta":false,"boss_relics":[],"items_purged_floors":[],"is_endless":false,"potions_floor_spawned":[1],"killed_by":"3 Sentries","ascension_level":18}}