{"host":"v1zz5dqrlq7zjvm7","time":1607609512,"event":{"mods":["BaseMod","StSLib","Colored Map","Colored Powertips","Friendly Minions","UnlockEverythingMod","Act Like it!","HololiveMod","Minty Spire (QoL Compilation)","Prisma Mod","The Servant 0.9.4","Waifu the Spire","Gensokyo"],"gold_per_floor":[77,77,77,91,0,32,32,62,108,149,168,199,218,245,245,351,351,368,368,106,106,123,165,165,191,191,191,222,51,65,85,85,176,176,211,223,223,203,265,265,307,307,331,331,348,381,28,50,50,121,121,121,46,79,79,79],"floor_reached":55,"playtime":2702,"items_purged":["Hololive_Strike","Hololive_Defend"],"score":1882,"play_id":"a4a2b77a-daf4-4187-bb77-acb5cfdfa697","local_time":"20201211004152","is_ascension_mode":true,"campfire_choices":[{"data":"Hololive_CallAkiRosenthal","floor":7.0,"key":"SMITH"},{"data":"Hololive_CallHoshimachiSuisei","floor":15.0,"key":"SMITH"},{"data":"Hololive_Yoholoon","floor":27,"key":"SMITH"},{"data":"Hololive_CallCivia","floor":32,"key":"SMITH"},{"data":"Hololive_CallUruhaRushia","floor":40,"key":"SMITH"},{"data":"Hololive_DDD","floor":42,"key":"SMITH"},{"floor":44,"key":"RECALL"},{"floor":49,"key":"REST"},{"data":"Hololive_CallNekomataOkayu","floor":52,"key":"SMITH"}],"circlet_count":0,"master_deck":["AscendersBane","Hololive_Strike","Hololive_Defend","Hololive_DevilCharm","Hololive_CallTokoyamiTowa","Hololive_CallShiroganeNoel","Hololive_CallMurasakiShion","Hololive_CallNatsuiroMatsuri","Hololive_CallAkiRosenthal+1","Hololive_CallShirakamiFubuki","Hololive_Psychosis","Hololive_SummonFox","Hololive_CallNekomataOkayu+1","Hololive_CallSakuraMiko","Hololive_ASMR","Hololive_CallHoshimachiSuisei+1","Hololive_CallUruhaRushia+1","Hololive_CandyCastle","Hololive_CallCivia+1","Hololive_Rebirth","Hololive_CallMomosuzuNene+11","Hololive_Thief","Hololive_Yoholoon+1","Hololive_CandyCastle","Hololive_CallArtia","Hololive_SummonFox+1","Hololive_Psychosis+1","Hololive_CallShirakamiFubuki","Hololive_CallKiryuuCoco","Hololive_CallManoAloe","Hololive_CandyCastle","Hololive_LuckPotion+1","Hololive_MaximGun","Hololive_CandyCastle+1","Hololive_CallHimemoriLuna+1","Hololive_DDD+1","Hololive_CallRosalyn+1","Hololive_RevenueBasedLive+1","Hololive_CallAkaiHaato","Hololive_CallOmaruPolka"],"special_seed":0,"relics":["Hololive_TheStar","NeowsBlessing","Strawberry","Lantern","Gremlin Horn","Hololive_FriedShrimpLion","Kunai","Potion Belt","Philosopher\u0027s Stone","Letter Opener","Toy Ornithopter","Oddly Smooth Stone","Gambling Chip","Ornamental Fan","Runic Dome","Blue Candle","Anchor","Dead Branch","Nunchaku"],"acts_visited":["TheBeyond","TheEnding"],"potions_floor_usage":[23,23,23,33,45,54,54,54,54,55],"damage_taken":[{"damage":0.0,"enemies":"Jaw Worm","floor":1.0,"turns":1.0},{"damage":0.0,"enemies":"2 Louse","floor":4.0,"turns":1.0},{"damage":0.0,"enemies":"Lagavulin","floor":6.0,"turns":1.0},{"damage":0.0,"enemies":"3 Sentries","floor":8.0,"turns":3.0},{"damage":0.0,"enemies":"Gremlin Nob","floor":10.0,"turns":2.0},{"damage":0.0,"enemies":"Small Slimes","floor":11.0,"turns":3.0},{"damage":0.0,"enemies":"Lagavulin","floor":12.0,"turns":3.0},{"damage":0.0,"enemies":"Exordium Thugs","floor":13.0,"turns":2.0},{"damage":0.0,"enemies":"Exordium Wildlife","floor":14.0,"turns":3.0},{"damage":0.0,"enemies":"Slime Boss","floor":16.0,"turns":4.0},{"damage":0.0,"enemies":"Chosen","floor":18.0,"turns":2.0},{"damage":8,"enemies":"2 Thieves","floor":22,"turns":2},{"damage":0,"enemies":"Book of Stabbing","floor":23,"turns":4},{"damage":6,"enemies":"Slavers","floor":25,"turns":3},{"damage":0,"enemies":"Book of Stabbing","floor":28,"turns":4},{"damage":0,"enemies":"3 Cultists","floor":30,"turns":3},{"damage":0,"enemies":"Snake Plant","floor":31,"turns":2},{"damage":0,"enemies":"Collector","floor":33,"turns":5},{"damage":0,"enemies":"3 Darklings","floor":35,"turns":2},{"damage":10,"enemies":"3 Shapes","floor":36,"turns":3},{"damage":0,"enemies":"Transient","floor":39,"turns":5},{"damage":0,"enemies":"Giant Head","floor":41,"turns":5},{"damage":16,"enemies":"3 Darklings","floor":45,"turns":3},{"damage":0,"enemies":"Nemesis","floor":46,"turns":5},{"damage":0,"enemies":"Jaw Worm Horde","floor":48,"turns":3},{"damage":10,"enemies":"Time Eater","floor":50,"turns":10},{"damage":19,"enemies":"Shield and Spear","floor":54,"turns":5},{"damage":37,"enemies":"The Heart","floor":55,"turns":4}],"seed_played":"8132481241200543384","potions_obtained":[{"floor":1.0,"key":"LiquidMemories"},{"floor":8.0,"key":"DistilledChaos"},{"floor":12.0,"key":"Dexterity Potion"},{"floor":14.0,"key":"ColorlessPotion"},{"floor":16.0,"key":"Dexterity Potion"},{"floor":18.0,"key":"SneckoOil"},{"floor":23,"key":"Strength Potion"},{"floor":28,"key":"PowerPotion"},{"floor":35,"key":"ColorlessPotion"},{"floor":38,"key":"AttackPotion"},{"floor":39,"key":"AttackPotion"},{"floor":45,"key":"SkillPotion"},{"floor":54,"key":"BlessingOfTheForge"}],"is_trial":false,"path_per_floor":["M","?","?","M","$","E","R","E","T","E","M","E","M","M","R","B",null,"M","?","$","T","M","E","?","E","T","R","E","$","M","M","R","B",null,"M","M","?","?","M","R","E","R","T","R","M","E","$","M","R","B",null,"R","$","E","B"],"character_chosen":"Hololive_HololiveCharacter","items_purchased":["Hololive_SummonFox","Energy Potion","Hololive_Yoholoon","Hololive_CandyCastle","Hololive_CallArtia","Hololive_CallManoAloe","Dead Branch","PowerPotion","Hololive_CallAkaiHaato"],"campfire_rested":1,"item_purchase_floors":[5,5,20,20,20,29,47,47,53],"current_hp_per_floor":[27,34,34,34,34,34,34,34,34,34,34,34,34,34,34,34,36,36,36,36,36,28,28,28,22,22,22,22,22,22,22,22,27,35,35,25,25,25,25,25,25,25,25,25,14,14,14,14,25,15,32,32,32,33,0,0],"gold":79,"neow_bonus":"THREE_ENEMY_KILL","is_daily":false,"chose_seed":false,"campfire_upgraded":7,"win_rate":0,"timestamp":1607609512,"path_taken":["M","?","?","M","$","E","R","E","T","E","M","E","M","M","R","BOSS","M","?","?","?","M","E","?","E","T","R","E","$","?","M","R","BOSS","M","M","?","?","?","R","E","R","T","R","M","E","$","M","R","BOSS","R","$","E","BOSS"],"build_version":"2020-11-30","purchased_purges":2,"victory":false,"max_hp_per_floor":[30,37,37,37,37,37,37,37,37,37,37,37,37,37,37,37,37,37,37,37,37,37,37,37,37,37,37,37,37,37,37,37,37,37,37,37,37,37,37,37,37,37,37,37,37,37,37,37,37,37,37,37,37,37,37,37],"card_choices":[{"not_picked":["Hololive_CallNatsuiroMatsuri","Hololive_Sequa","Hololive_FlyingPonyTail"],"picked":"Hololive_CallShirakamiFubuki","floor":1.0},{"not_picked":["Hololive_FlyingPonyTail","Hololive_RevenueBasedLive","Hololive_CocoNews"],"picked":"Hololive_Psychosis","floor":4.0},{"not_picked":["Hololive_Rebound","Hololive_OvertimeWork","Hololive_RevenueBasedLive"],"picked":"Hololive_CallNekomataOkayu","floor":6.0},{"not_picked":["Hololive_RevenueBasedLive","Hololive_CallRosalyn","Hololive_FlyingPonyTail"],"picked":"Hololive_CallSakuraMiko","floor":8.0},{"not_picked":["Hololive_RevenueBasedLive","Hololive_Trident","Hololive_FlyingPonyTail"],"picked":"Hololive_ASMR","floor":10.0},{"not_picked":["Hololive_CandyCastle","Hololive_OvertimeWork","Hololive_StrengthChampion"],"picked":"Hololive_CallHoshimachiSuisei","floor":11.0},{"not_picked":["Hololive_WolfAndLamb","Hololive_CallSpadeEcho","Hololive_Psychosis"],"picked":"Hololive_CallUruhaRushia","floor":12.0},{"not_picked":["Hololive_Teleport","Hololive_CallNatsuiroMatsuri","Hololive_Rebound"],"picked":"Hololive_CandyCastle","floor":13.0},{"not_picked":["Hololive_ILoveYou","Hololive_Sequa","Hololive_StrengthChampion"],"picked":"Hololive_CallCivia","floor":14.0},{"not_picked":["Hololive_ASMR","Hololive_ScarfAndHalo","Hololive_IdolExercise"],"picked":"Hololive_Rebirth","floor":16.0},{"not_picked":["Hololive_SoulCatcher","Hololive_Drill","Hololive_CallArtia"],"picked":"Hololive_CallMomosuzuNene","floor":18.0},{"not_picked":["Hololive_Psychosis","Hololive_Trident","Hololive_CallUruhaRushia"],"picked":"Hololive_SummonFox+1","floor":22},{"not_picked":["Hololive_Rebound","Hololive_OvertimeWork","Hololive_Breathe"],"picked":"Hololive_Psychosis+1","floor":23},{"not_picked":["Hololive_Rebound","Hololive_CallAkiRosenthal","Hololive_ManjiGathering","Hololive_StrengthChampion"],"picked":"SKIP","floor":25},{"not_picked":["Hololive_Sequa","Hololive_MaximGun","Hololive_Breathe"],"picked":"Hololive_CallKiryuuCoco","floor":28},{"not_picked":["Hololive_FlyingPonyTail+1","Hololive_Spy","Hololive_CallSakuraMiko"],"picked":"Hololive_CandyCastle","floor":30},{"not_picked":["Hololive_FlyingPonyTail","Hololive_CocoNews","Hololive_CallUruhaRushia+1"],"picked":"Hololive_LuckPotion+1","floor":31},{"not_picked":["Hololive_Thief","Hololive_WolfAndLamb","Hololive_AWSL"],"picked":"Hololive_MaximGun","floor":33},{"not_picked":["Hololive_CocoNews","Hololive_Trident","Hololive_OvertimeWork"],"picked":"Hololive_CandyCastle+1","floor":35},{"not_picked":["Hololive_CallShirakamiFubuki","Hololive_Watashimo","Hololive_Drill+1","Hololive_CocoNews"],"picked":"SKIP","floor":36},{"not_picked":["Hololive_SummonFox","Hololive_Psychosis","Hololive_CallDoris"],"picked":"Hololive_CallHimemoriLuna+1","floor":39},{"not_picked":["Hololive_Sequa+1","Hololive_CocoNews","Hololive_CallAkiRosenthal"],"picked":"Hololive_DDD","floor":41},{"not_picked":["Hololive_Psychosis","Hololive_CallMinatoAqua","Hololive_Sequa"],"picked":"Hololive_CallRosalyn+1","floor":45},{"not_picked":["Hololive_Breathe","Hololive_Sequa","Hololive_Rebound","Hololive_CallManoAloe"],"picked":"SKIP","floor":46},{"not_picked":["Hololive_BeCareful","Hololive_Drill","Hololive_HuntDinosaur"],"picked":"Hololive_RevenueBasedLive+1","floor":48},{"not_picked":["Hololive_CallShiroganeNoel","Hololive_RevenueBasedLive+1","Hololive_CandyCastle"],"picked":"Hololive_CallOmaruPolka","floor":54}],"player_experience":142032,"relics_obtained":[{"floor":6.0,"key":"Lantern"},{"floor":8.0,"key":"Gremlin Horn"},{"floor":9.0,"key":"Hololive_FriedShrimpLion"},{"floor":10.0,"key":"Kunai"},{"floor":12.0,"key":"Potion Belt"},{"floor":21,"key":"Letter Opener"},{"floor":23,"key":"Toy Ornithopter"},{"floor":25,"key":"Oddly Smooth Stone"},{"floor":26,"key":"Gambling Chip"},{"floor":28,"key":"Ornamental Fan"},{"floor":41,"key":"Blue Candle"},{"floor":46,"key":"Anchor"},{"floor":54,"key":"Nunchaku"}],"event_choices":[{"damage_healed":0.0,"max_hp_gain":0.0,"max_hp_loss":0.0,"gold_gain":0.0,"event_name":"Big Fish","player_choice":"Box","floor":2.0,"gold_loss":0.0,"damage_taken":0.0,"relics_obtained":["Strawberry"],"cards_obtained":["Regret"]},{"cards_removed":["Regret"],"damage_healed":0.0,"max_hp_gain":0.0,"max_hp_loss":0.0,"gold_gain":0.0,"event_name":"Living Wall","player_choice":"Forget","floor":3.0,"gold_loss":0.0,"damage_taken":0.0},{"damage_healed":0.0,"max_hp_gain":0.0,"max_hp_loss":0.0,"gold_gain":0.0,"event_name":"Match and Keep!","player_choice":"2 cards matched","floor":19.0,"gold_loss":0.0,"damage_taken":0.0,"cards_obtained":["Hololive_Thief","Hololive_OvertimeWork"]},{"damage_healed":0,"gold_gain":0,"cards_transformed":["Hololive_OvertimeWork"],"player_choice":"Transformed","damage_taken":0,"max_hp_gain":0,"max_hp_loss":0,"event_name":"Transmorgrifier","floor":24,"gold_loss":0,"cards_obtained":["Hololive_CallShirakamiFubuki"]},{"damage_healed":0,"gold_gain":0,"player_choice":"Ignored","damage_taken":0,"max_hp_gain":0,"max_hp_loss":0,"event_name":"Tomb of Lord Red Mask","floor":37,"gold_loss":0},{"damage_healed":0,"gold_gain":0,"player_choice":"Bought 1 Potion","damage_taken":0,"max_hp_gain":0,"max_hp_loss":0,"event_name":"The Woman in Blue","floor":38,"gold_loss":0}],"is_beta":false,"boss_relics":[{"not_picked":["Calling Bell","Busted Crown"],"picked":"Philosopher\u0027s Stone"},{"not_picked":["Hololive_Finger","Tiny House"],"picked":"Runic Dome"}],"items_purged_floors":[20,29],"is_endless":false,"potions_floor_spawned":[1,6,8,12,14,16,18,23,28,35,39,45,54],"killed_by":"The Heart","ascension_level":14}}