{"host":"3y2rtlgteqp2nuo3","time":1607583931,"event":{"gold_per_floor":[117,72,85,104,114,139,157,157,157,172,189,199,210,210,210,312,312,325,338,70,70,89,89,115,37,37,59,84,84,122,133,133,242,242,256,256,256,33,55,55,81,97,151,171,221,47,70,97,106,106],"floor_reached":51,"playtime":2544,"items_purged":["Buffer"],"score":1123,"play_id":"b267fe20-a2ab-413b-b2c6-0a997b59896b","local_time":"20201210160531","is_ascension_mode":true,"campfire_choices":[{"floor":15.0,"key":"REST"},{"data":"Heatsinks","floor":23.0,"key":"SMITH"},{"floor":29.0,"key":"REST"},{"floor":32.0,"key":"REST"},{"floor":40.0,"key":"REST"},{"floor":49,"key":"REST"}],"neow_cost":"NONE","seed_source_timestamp":1405251699951400,"circlet_count":0,"master_deck":["AscendersBane","Zap","Dualcast","Machine Learning","Ball Lightning","Turbo","BootSequence","White Noise","Electrodynamics","Swift Strike","Go for the Eyes","Skim+1","Skim+1","Stack+1","Amplify+1","Self Repair","Turbo+1","Defragment","Hologram+1","Doom and Gloom","Buffer","Capacitor","Sweeping Beam","Heatsinks+1","Reinforced Body+1","White Noise+1","Hologram+1","Hologram+1","Impatience+1","Glacier+1","Consume+1","Buffer","Reinforced Body+1","Recycle+1","Genetic Algorithm+1","Creative AI","Recycle+1","Defragment+1","Panache","Steam Power+1","Capacitor","Double Energy+1"],"special_seed":0,"relics":["Cracked Core","CaptainsWheel","Toxic Egg 2","Pandora\u0027s Box","Orrery","TungstenRod","CeramicFish","Symbiotic Virus","Runic Dome","OrangePellets","Dream Catcher","Incense Burner"],"potions_floor_usage":[50,50],"damage_taken":[{"damage":2.0,"enemies":"Jaw Worm","floor":1.0,"turns":3.0},{"damage":0.0,"enemies":"Cultist","floor":3.0,"turns":3.0},{"damage":0.0,"enemies":"2 Louse","floor":4.0,"turns":3.0},{"damage":4.0,"enemies":"Exordium Wildlife","floor":5.0,"turns":3.0},{"damage":40.0,"enemies":"Lagavulin","floor":6.0,"turns":6.0},{"damage":2.0,"enemies":"Looter","floor":7.0,"turns":3.0},{"damage":11.0,"enemies":"3 Louse","floor":10.0,"turns":4.0},{"damage":1.0,"enemies":"2 Fungi Beasts","floor":11.0,"turns":3.0},{"damage":1.0,"enemies":"Looter","floor":12.0,"turns":2.0},{"damage":6.0,"enemies":"Exordium Wildlife","floor":13.0,"turns":6.0},{"damage":0.0,"enemies":"Gremlin Gang","floor":14.0,"turns":1.0},{"damage":20.0,"enemies":"Slime Boss","floor":16.0,"turns":8.0},{"damage":2.0,"enemies":"Chosen","floor":18.0,"turns":5.0},{"damage":11.0,"enemies":"Spheric Guardian","floor":19.0,"turns":4.0},{"damage":8.0,"enemies":"Centurion and Healer","floor":22.0,"turns":3.0},{"damage":20.0,"enemies":"Gremlin Leader","floor":24.0,"turns":5.0},{"damage":9.0,"enemies":"Shelled Parasite and Fungi","floor":27.0,"turns":4.0},{"damage":0.0,"enemies":"Sentry and Sphere","floor":28.0,"turns":2.0},{"damage":26.0,"enemies":"Slavers","floor":30.0,"turns":3.0},{"damage":1.0,"enemies":"Cultist and Chosen","floor":31.0,"turns":4.0},{"damage":5.0,"enemies":"Champ","floor":33.0,"turns":9.0},{"damage":31.0,"enemies":"3 Shapes","floor":35.0,"turns":5.0},{"damage":0.0,"enemies":"Orb Walker","floor":39.0,"turns":4.0},{"damage":10.0,"enemies":"Sphere and 2 Shapes","floor":41.0,"turns":5.0},{"damage":0.0,"enemies":"Transient","floor":42.0,"turns":5.0},{"damage":10.0,"enemies":"Spire Growth","floor":44.0,"turns":6.0},{"damage":0,"enemies":"Mind Bloom Boss Battle","floor":45,"turns":3},{"damage":12,"enemies":"Writhing Mass","floor":47,"turns":4},{"damage":12,"enemies":"3 Darklings","floor":48,"turns":4},{"damage":40,"enemies":"Donu and Deca","floor":50,"turns":6}],"seed_played":"-2125716232648670413","potions_obtained":[{"floor":3.0,"key":"SpeedPotion"},{"floor":4.0,"key":"LiquidMemories"},{"floor":10.0,"key":"EssenceOfSteel"},{"floor":12.0,"key":"Ancient Potion"},{"floor":13.0,"key":"SmokeBomb"},{"floor":19.0,"key":"BlessingOfTheForge"},{"floor":28.0,"key":"PowerPotion"},{"floor":31.0,"key":"Dexterity Potion"},{"floor":33.0,"key":"FocusPotion"},{"floor":35.0,"key":"GamblersBrew"}],"is_trial":false,"path_per_floor":["M","$","M","M","M","E","M","?","T","M","M","M","M","M","R","B",null,"M","M","$","?","M","R","E","$","T","M","M","R","E","M","R","B",null,"M","?","?","$","M","R","M","M","T","M","?","$","M","M","R","B",null],"character_chosen":"DEFECT","items_purchased":["Turbo","Orrery","Impatience+1","Glacier+1","Reinforced Body+1","OrangePellets","Panache"],"campfire_rested":5,"item_purchase_floors":[2,20,20,20,25,38,46],"current_hp_per_floor":[66,66,66,66,62,22,20,20,20,9,8,7,1,1,23,3,57,62,58,58,58,50,50,40,40,40,31,31,53,27,26,48,50,69,45,45,45,45,45,66,63,71,71,71,71,71,59,47,68,28],"gold":106,"neow_bonus":"ONE_RANDOM_RARE_CARD","is_prod":false,"is_daily":false,"chose_seed":false,"campfire_upgraded":1,"win_rate":0,"timestamp":1607583931,"path_taken":["M","$","M","M","M","E","M","?","T","M","M","?","?","M","R","BOSS","M","M","$","?","M","R","E","$","T","M","M","R","E","M","R","BOSS","M","?","?","$","M","R","M","M","T","M","?","$","?","M","R","BOSS"],"build_version":"2020-11-30","purchased_purges":1,"victory":true,"max_hp_per_floor":[75,75,75,75,75,75,75,75,75,75,75,75,75,75,75,75,75,75,75,75,75,75,75,75,75,75,75,75,75,75,75,75,75,75,75,71,71,71,71,71,71,71,71,71,71,71,71,71,71,71],"card_choices":[{"not_picked":["Cold Snap","Sweeping Beam"],"picked":"Ball Lightning","floor":1.0},{"not_picked":["Beam Cell","Streamline"],"picked":"BootSequence","floor":3.0},{"not_picked":["Tempest","Leap"],"picked":"White Noise","floor":4.0},{"not_picked":["Streamline","Aggregate","Loop"],"picked":"SKIP","floor":5.0},{"not_picked":["Storm","Hologram"],"picked":"Electrodynamics","floor":6.0},{"not_picked":["Steam","Redo","Gash"],"picked":"SKIP","floor":7.0},{"not_picked":["Scrape","Cold Snap"],"picked":"Go for the Eyes","floor":10.0},{"not_picked":["Force Field+1","Steam+1"],"picked":"Skim+1","floor":11.0},{"not_picked":["Loop","Leap+1"],"picked":"Skim+1","floor":12.0},{"not_picked":["Streamline","Compile Driver"],"picked":"Stack+1","floor":13.0},{"not_picked":["All For One","Machine Learning"],"picked":"Amplify+1","floor":16.0},{"not_picked":["Conserve Battery+1","Auto Shields+1"],"picked":"Heatsinks","floor":18.0},{"not_picked":["Hologram+1","Sweeping Beam"],"picked":"Reinforced Body+1","floor":19.0},{"not_picked":["Scrape","Reprogram+1"],"picked":"White Noise+1","floor":20.0},{"not_picked":["Go for the Eyes+1","Beam Cell"],"picked":"Hologram+1","floor":20.0},{"not_picked":["Lockon+1","Fusion+1"],"picked":"Hologram+1","floor":20.0},{"not_picked":["Cold Snap","Gash"],"picked":"Buffer","floor":22.0},{"not_picked":["Leap+1","Hologram+1","Blizzard+1"],"picked":"SKIP","floor":24.0},{"not_picked":["Steam+1","Leap+1"],"picked":"Recycle+1","floor":27.0},{"not_picked":["Compile Driver","Melter"],"picked":"Genetic Algorithm+1","floor":28.0},{"not_picked":["Conserve Battery+1","Lockon"],"picked":"Creative AI","floor":30.0},{"not_picked":["Stack+1","Cold Snap","Barrage"],"picked":"SKIP","floor":31.0},{"not_picked":["Electrodynamics","Machine Learning"],"picked":"Buffer","floor":33.0},{"not_picked":["Stack+1","Streamline+1","Coolheaded+1"],"picked":"SKIP","floor":35.0},{"not_picked":["Streamline+1","Auto Shields+1"],"picked":"Recycle+1","floor":39.0},{"not_picked":["Beam Cell","BootSequence+1"],"picked":"Defragment+1","floor":41.0},{"not_picked":["Conserve Battery+1","Lockon","Recycle+1"],"picked":"SKIP","floor":42.0},{"not_picked":["Creative AI","Auto Shields+1","Ball Lightning+1"],"picked":"SKIP","floor":44.0},{"not_picked":["Reprogram+1","Rebound"],"picked":"Steam Power+1","floor":47},{"not_picked":["Coolheaded+1","Storm+1"],"picked":"Capacitor","floor":48},{"not_picked":["Rip and Tear+1","Ball Lightning"],"picked":"Double Energy+1","floor":49}],"player_experience":849785,"relics_obtained":[{"floor":6.0,"key":"CaptainsWheel"},{"floor":9.0,"key":"Toxic Egg 2"},{"floor":24.0,"key":"TungstenRod"},{"floor":26.0,"key":"CeramicFish"},{"floor":30.0,"key":"Symbiotic Virus"},{"floor":43.0,"key":"Dream Catcher"},{"floor":45,"key":"Incense Burner"}],"event_choices":[{"damage_healed":0.0,"max_hp_gain":0.0,"max_hp_loss":0.0,"gold_gain":0.0,"event_name":"Match and Keep!","player_choice":"1 cards matched","floor":8.0,"gold_loss":0.0,"damage_taken":0.0,"cards_obtained":["Swift Strike"]},{"damage_healed":0.0,"max_hp_gain":0.0,"max_hp_loss":0.0,"gold_gain":0.0,"event_name":"The Library","player_choice":"Read","floor":21.0,"gold_loss":0.0,"damage_taken":0.0,"cards_obtained":["Consume"]},{"damage_healed":0.0,"max_hp_gain":0.0,"max_hp_loss":4.0,"gold_gain":0.0,"event_name":"Winding Halls","player_choice":"Max HP","floor":36.0,"gold_loss":0.0,"damage_taken":0.0},{"damage_healed":0.0,"max_hp_gain":0.0,"max_hp_loss":0.0,"gold_gain":0.0,"event_name":"Tomb of Lord Red Mask","player_choice":"Ignored","floor":37.0,"gold_loss":0.0,"damage_taken":0.0},{"damage_healed":0,"gold_gain":0,"player_choice":"Fight","damage_taken":0,"max_hp_gain":0,"max_hp_loss":0,"event_name":"MindBloom","floor":45,"gold_loss":0}],"is_beta":false,"boss_relics":[{"not_picked":["Snecko Eye","Busted Crown"],"picked":"Pandora\u0027s Box"},{"not_picked":["Tiny House","Empty Cage"],"picked":"Runic Dome"}],"items_purged_floors":[38],"is_endless":false,"potions_floor_spawned":[3,4,7,10,12,13,19,28,31,33,35,41,44,45,47],"ascension_level":11}}