{"host":"utqe55yv0jihe4d6","time":1607570734,"event":{"gold_per_floor":[368,45,63,138,138,165,165,181,181,200,200,200,231,245,245,322,322,334,334,346,362,377,408,408,408,432,466,516,545,78,90,90,161,161,175,65,81,92,0,35,35,67,92,108,108,138,52,85,85,85,85,85,85,9,35,35],"floor_reached":57,"playtime":3415,"items_purged":["Strike_G"],"score":3126,"play_id":"89b9305a-6f9f-4dd3-a355-29cc6825c9ab","local_time":"20201209222534","is_ascension_mode":true,"campfire_choices":[{"data":"Neutralize","floor":7.0,"key":"SMITH"},{"data":"Bouncing Flask","floor":11.0,"key":"SMITH"},{"data":"Footwork","floor":15.0,"key":"SMITH"},{"data":"Night Terror","floor":24.0,"key":"SMITH"},{"data":"Adrenaline","floor":32.0,"key":"SMITH"},{"data":"Wraith Form v2","floor":41.0,"key":"SMITH"},{"floor":49.0,"key":"RECALL"},{"data":"Well Laid Plans","floor":53.0,"key":"SMITH"}],"neow_cost":"PERCENT_DAMAGE","seed_source_timestamp":2671402674050,"circlet_count":0,"master_deck":["AscendersBane","Strike_G+1","Strike_G+1","Strike_G+1","Defend_G+1","Defend_G+1","Defend_G+1","Defend_G+1","Defend_G+1","Survivor+1","Neutralize+1","Dagger Throw","Bouncing Flask+1","Dagger Spray","Poisoned Stab","Footwork+1","Underhanded Strike+1","Dagger Spray+1","Adrenaline+1","Night Terror+1","Dagger Throw+1","PiercingWail+1","Dagger Throw+1","Backflip","Acrobatics+1","Endless Agony+1","Acrobatics","Wraith Form v2+1","Predator+1","Backflip+1","Dagger Throw+1","Well Laid Plans+1","Riddle With Holes+1","Backflip","Footwork","Tactician+1","Infinite Blades","Noxious Fumes"],"special_seed":0,"relics":["Ring of the Snake","PreservedInsect","Mummified Hand","Molten Egg 2","Tough Bandages","Art of War","Cursed Key","Omamori","The Specimen","Snake Skull","Lee\u0027s Waffle","Shuriken","Philosopher\u0027s Stone","Red Mask","White Beast Statue","Ninja Scroll","Anchor","Centennial Puzzle","Blood Vial","Vajra"],"potions_floor_usage":[56,56],"damage_taken":[{"damage":0.0,"enemies":"2 Louse","floor":1.0,"turns":6.0},{"damage":1.0,"enemies":"Jaw Worm","floor":3.0,"turns":3.0},{"damage":10.0,"enemies":"Lagavulin","floor":6.0,"turns":5.0},{"damage":0.0,"enemies":"Cultist","floor":8.0,"turns":3.0},{"damage":4.0,"enemies":"Exordium Wildlife","floor":10.0,"turns":4.0},{"damage":0.0,"enemies":"Gremlin Nob","floor":13.0,"turns":2.0},{"damage":0.0,"enemies":"Blue Slaver","floor":14.0,"turns":3.0},{"damage":22.0,"enemies":"The Guardian","floor":16.0,"turns":10.0},{"damage":17.0,"enemies":"Shell Parasite","floor":18.0,"turns":4.0},{"damage":0.0,"enemies":"2 Thieves","floor":20.0,"turns":1.0},{"damage":11.0,"enemies":"Snake Plant","floor":21.0,"turns":5.0},{"damage":7.0,"enemies":"Sentry and Sphere","floor":22.0,"turns":5.0},{"damage":0.0,"enemies":"Gremlin Leader","floor":23.0,"turns":6.0},{"damage":23.0,"enemies":"Slavers","floor":27.0,"turns":5.0},{"damage":0.0,"enemies":"Gremlin Leader","floor":29.0,"turns":4.0},{"damage":0.0,"enemies":"Chosen and Byrds","floor":31.0,"turns":5.0},{"damage":54.0,"enemies":"Collector","floor":33.0,"turns":9.0},{"damage":0.0,"enemies":"Orb Walker","floor":35.0,"turns":3.0},{"damage":0.0,"enemies":"3 Shapes","floor":37.0,"turns":2.0},{"damage":3.0,"enemies":"Jaw Worm Horde","floor":38.0,"turns":2.0},{"damage":5.0,"enemies":"Reptomancer","floor":40.0,"turns":7.0},{"damage":0.0,"enemies":"Nemesis","floor":42.0,"turns":5.0},{"damage":7.0,"enemies":"Writhing Mass","floor":44.0,"turns":5.0},{"damage":0.0,"enemies":"Reptomancer","floor":46.0,"turns":7.0},{"damage":2.0,"enemies":"Nemesis","floor":48.0,"turns":5.0},{"damage":21.0,"enemies":"Donu and Deca","floor":50.0,"turns":10.0},{"damage":7.0,"enemies":"Time Eater","floor":51.0,"turns":11.0},{"damage":5.0,"enemies":"Shield and Spear","floor":55.0,"turns":6.0},{"damage":41,"enemies":"The Heart","floor":56,"turns":12}],"seed_played":"1845800229287407454","potions_obtained":[{"floor":6.0,"key":"SteroidPotion"},{"floor":8.0,"key":"SteroidPotion"},{"floor":13.0,"key":"Explosive Potion"},{"floor":20.0,"key":"ColorlessPotion"},{"floor":21.0,"key":"Regen Potion"},{"floor":29.0,"key":"Weak Potion"},{"floor":38.0,"key":"DistilledChaos"},{"floor":40.0,"key":"Poison Potion"},{"floor":42.0,"key":"AttackPotion"},{"floor":44.0,"key":"Dexterity Potion"}],"is_trial":false,"path_per_floor":["M","$","M","?","?","E","R","M","T","M","R","?","E","M","R","B",null,"M","?","M","M","M","E","R","?","T","E","?","E","$","M","R","B",null,"M","?","M","M","?","E","R","E","T","M","?","E","$","E","R","B","B",null,"R","$","E","B",null],"character_chosen":"THE_SILENT","items_purchased":["PreservedInsect","Bouncing Flask","Lee\u0027s Waffle","Shuriken","Endless Agony+1","Footwork","Infinite Blades"],"campfire_rested":0,"item_purchase_floors":[2,2,30,30,30,47,54],"current_hp_per_floor":[44,44,43,32,54,44,44,44,44,40,40,29,29,29,29,7,51,34,39,39,28,21,36,36,36,36,13,13,13,73,73,73,19,60,60,60,60,57,57,52,52,52,52,45,45,45,45,43,43,24,19,57,57,57,54,15],"gold":35,"neow_bonus":"TWO_FIFTY_GOLD","is_prod":false,"is_daily":false,"chose_seed":false,"campfire_upgraded":7,"win_rate":0,"timestamp":1607570734,"path_taken":["M","$","M","?","?","E","R","M","T","M","R","?","E","M","R","BOSS","M","?","M","M","?","E","R","?","T","E","?","E","$","M","R","BOSS","M","?","?","M","?","E","R","E","T","M","?","E","?","E","R","BOSS","BOSS","R","$","E","BOSS"],"build_version":"2020-11-30","purchased_purges":1,"victory":true,"max_hp_per_floor":[66,66,66,66,66,66,66,66,66,66,66,66,66,66,66,66,66,66,66,66,66,66,66,66,66,66,66,66,66,73,73,73,73,73,73,73,73,73,73,73,73,73,73,73,69,69,69,69,69,69,69,69,69,69,69,69],"relic_stats":{"Lee\u0027s Waffle":60,"counters":[29,155],"PreservedInsect":500,"Snake Skull":[93],"Cursed Key":2,"Blood Vial":8,"Tough Bandages":[390],"Centennial Puzzle":[16],"Mummified Hand":[88],"Shuriken":[63],"Art of War":[5],"obtain_stats":[{"Lee\u0027s Waffle":30,"The Specimen":27,"Vajra":55,"PreservedInsect":2,"Snake Skull":29,"Omamori":23,"Cursed Key":17,"White Beast Statue":40,"Blood Vial":48,"Tough Bandages":12,"Anchor":43,"Centennial Puzzle":46,"Mummified Hand":6,"Shuriken":30,"Ninja Scroll":42,"Molten Egg 2":9,"Philosopher\u0027s Stone":34,"Art of War":13,"Red Mask":39,"Ring of the Snake":0},{"Lee\u0027s Waffle":15,"The Specimen":14,"Vajra":28,"PreservedInsect":1,"Snake Skull":15,"Omamori":13,"Cursed Key":8,"White Beast Statue":21,"Blood Vial":25,"Tough Bandages":5,"Anchor":22,"Centennial Puzzle":24,"Mummified Hand":3,"Shuriken":15,"Ninja Scroll":22,"Molten Egg 2":4,"Philosopher\u0027s Stone":17,"Art of War":6,"Red Mask":20,"Ring of the Snake":0},{"Lee\u0027s Waffle":66,"The Specimen":62,"Vajra":143,"PreservedInsect":6,"Snake Skull":66,"Omamori":57,"Cursed Key":36,"White Beast Statue":94,"Blood Vial":116,"Tough Bandages":21,"Anchor":99,"Centennial Puzzle":111,"Mummified Hand":14,"Shuriken":66,"Ninja Scroll":99,"Molten Egg 2":17,"Philosopher\u0027s Stone":80,"Art of War":23,"Red Mask":87,"Ring of the Snake":0}],"Ring of the Snake":[57]},"card_choices":[{"not_picked":["Outmaneuver","Poisoned Stab"],"picked":"Dagger Throw","floor":1.0},{"not_picked":["Bane","Well Laid Plans"],"picked":"Dagger Spray","floor":3.0},{"not_picked":["Dagger Throw","Reflex"],"picked":"Poisoned Stab","floor":6.0},{"not_picked":["Poisoned Stab","Dagger Spray"],"picked":"Footwork","floor":8.0},{"not_picked":["Well Laid Plans","Acrobatics"],"picked":"Underhanded Strike+1","floor":10.0},{"not_picked":["All Out Attack+1","Heel Hook+1"],"picked":"Dagger Spray+1","floor":13.0},{"not_picked":["Deflect","All Out Attack+1"],"picked":"Adrenaline","floor":14.0},{"not_picked":["Bullet Time","Burst"],"picked":"Night Terror","floor":16.0},{"not_picked":["Deadly Poison","Accuracy"],"picked":"Bane+1","floor":18.0},{"not_picked":["Terror","Flechettes+1"],"picked":"Dagger Throw+1","floor":20.0},{"not_picked":["Backflip","Accuracy"],"picked":"PiercingWail+1","floor":21.0},{"not_picked":["Sucker Punch+1","Slice+1","Flying Knee+1"],"picked":"SKIP","floor":22.0},{"not_picked":["Outmaneuver","Deflect"],"picked":"Dagger Throw+1","floor":23.0},{"not_picked":["Outmaneuver","Grand Finale+1"],"picked":"Backflip","floor":27.0},{"not_picked":["PiercingWail","Accuracy"],"picked":"Acrobatics+1","floor":29.0},{"not_picked":["Deflect","All Out Attack+1"],"picked":"Acrobatics","floor":31.0},{"not_picked":["A Thousand Cuts","Bullet Time"],"picked":"Wraith Form v2","floor":33.0},{"not_picked":["PiercingWail+1","Quick Slash+1"],"picked":"Predator+1","floor":35.0},{"not_picked":["Bouncing Flask","Noxious Fumes"],"picked":"Backflip+1","floor":37.0},{"not_picked":["Cloak And Dagger","Acrobatics"],"picked":"Dagger Throw+1","floor":38.0},{"not_picked":["Cloak And Dagger+1","Dagger Spray+1"],"picked":"Well Laid Plans","floor":40.0},{"not_picked":["Tactician","Dodge and Roll"],"picked":"Riddle With Holes+1","floor":42.0},{"not_picked":["Die Die Die+1","Cloak And Dagger"],"picked":"Backflip","floor":44.0},{"not_picked":["Quick Slash+1","Backflip","Riddle With Holes+1"],"picked":"SKIP","floor":46.0},{"not_picked":["Heel Hook+1","Setup+1"],"picked":"Tactician+1","floor":48.0},{"not_picked":["Dagger Spray+1","Outmaneuver"],"picked":"Noxious Fumes","floor":55.0}],"player_experience":2721738,"relics_obtained":[{"floor":6.0,"key":"Mummified Hand"},{"floor":9.0,"key":"Molten Egg 2"},{"floor":13.0,"key":"Art of War"},{"floor":23.0,"key":"Omamori"},{"floor":27.0,"key":"The Specimen"},{"floor":29.0,"key":"Snake Skull"},{"floor":40.0,"key":"White Beast Statue"},{"floor":42.0,"key":"Ninja Scroll"},{"floor":43.0,"key":"Anchor"},{"floor":46.0,"key":"Centennial Puzzle"},{"floor":48.0,"key":"Blood Vial"},{"floor":55.0,"key":"Vajra"}],"event_choices":[{"damage_healed":0.0,"max_hp_gain":0.0,"max_hp_loss":0.0,"gold_gain":75.0,"event_name":"World of Goop","player_choice":"Gather Gold","floor":4.0,"gold_loss":0.0,"damage_taken":11.0},{"damage_healed":22.0,"max_hp_gain":0.0,"max_hp_loss":0.0,"gold_gain":0.0,"event_name":"Big Fish","player_choice":"Banana","floor":5.0,"gold_loss":0.0,"damage_taken":0.0},{"damage_healed":0.0,"max_hp_gain":0.0,"max_hp_loss":0.0,"gold_gain":0.0,"event_name":"Scrap Ooze","player_choice":"Success","floor":12.0,"gold_loss":0.0,"damage_taken":11.0,"relics_obtained":["Tough Bandages"]},{"cards_removed":["Bane"],"damage_healed":5.0,"max_hp_gain":0.0,"max_hp_loss":0.0,"gold_gain":0.0,"event_name":"Bonfire Elementals","player_choice":"Offered Common","floor":19.0,"gold_loss":0.0,"damage_taken":0.0},{"cards_removed":["Bane"],"damage_healed":5.0,"max_hp_gain":0.0,"max_hp_loss":0.0,"gold_gain":0.0,"event_name":"Bonfire Elementals","player_choice":"Offered Special","floor":19.0,"gold_loss":0.0,"damage_taken":0.0},{"damage_healed":0.0,"max_hp_gain":0.0,"max_hp_loss":0.0,"gold_gain":0.0,"event_name":"Back to Basics","player_choice":"Simplicity","floor":25.0,"gold_loss":0.0,"damage_taken":0.0,"cards_upgraded":["Strike_G","Strike_G","Strike_G","Strike_G","Defend_G","Defend_G","Defend_G","Defend_G","Defend_G"]},{"damage_healed":0.0,"max_hp_gain":0.0,"max_hp_loss":0.0,"gold_gain":50.0,"event_name":"Nest","player_choice":"Stole From Cult","floor":28.0,"gold_loss":0.0,"damage_taken":0.0},{"cards_removed":["Strike_G"],"damage_healed":0.0,"max_hp_gain":0.0,"max_hp_loss":0.0,"gold_gain":0.0,"event_name":"Designer","player_choice":"Upgrade and Remove","floor":36.0,"gold_loss":110.0,"damage_taken":0.0,"cards_upgraded":["Survivor"]},{"damage_healed":0.0,"max_hp_gain":0.0,"max_hp_loss":0.0,"gold_gain":0.0,"event_name":"Tomb of Lord Red Mask","player_choice":"Paid","floor":39.0,"gold_loss":92.0,"damage_taken":0.0,"relics_obtained":["Red Mask"]},{"damage_healed":0.0,"max_hp_gain":0.0,"max_hp_loss":4.0,"gold_gain":0.0,"event_name":"Winding Halls","player_choice":"Max HP","floor":45.0,"gold_loss":0.0,"damage_taken":0.0}],"is_beta":false,"boss_relics":[{"not_picked":["Snecko Eye","Pandora\u0027s Box"],"picked":"Cursed Key"},{"not_picked":["Coffee Dripper","Empty Cage"],"picked":"Philosopher\u0027s Stone"}],"items_purged_floors":[2],"is_endless":false,"potions_floor_spawned":[6,8,13,20,21,29,33,38,40,42,44,46,48,55],"ascension_level":20}}