{"host":"g4jqqbmo30rq7cal","time":1607622586,"event":{"gold_per_floor":[119,133,133,133,34,34,45,45,92,267,267,301,320,335,335,434,434,453,53,53,71,71,71,85,85,111,111,123,123,123],"floor_reached":29,"playtime":1306,"items_purged":[],"score":223,"play_id":"8b9df303-cbe3-4356-9eef-b25a45677235","local_time":"20201210224946","is_ascension_mode":false,"campfire_choices":[{"data":"Judgement","floor":6,"key":"SMITH"},{"data":"Vigilance","floor":8,"key":"SMITH"},{"floor":15,"key":"RECALL"},{"data":"ThirdEye","floor":23,"key":"SMITH"}],"neow_cost":"NONE","seed_source_timestamp":113967005798800,"circlet_count":0,"master_deck":["Strike_P+1","Strike_P+1","Strike_P+1","Strike_P+1","Defend_P+1","Defend_P+1","Defend_P+1","Defend_P+1","Eruption","Vigilance+1","Judgement+1","Prostrate","EmptyBody","EmptyFist","Sanctity","ThirdEye+1","WindmillStrike+1","CutThroughFate","Alpha","CurseOfTheBell","CutThroughFate","MentalFortress","JustLucky","ThirdEye+1","LessonLearned","WheelKick+1"],"relics":["PureWater","HushsDoor","GuppysHead","Calling Bell","Ice Cream","MerchantsRug","Strange Spoon","Lantern","HowToJump"],"potions_floor_usage":[12,16],"damage_taken":[{"damage":0,"enemies":"Cultist","floor":1,"turns":2},{"damage":0,"enemies":"Jaw Worm","floor":2,"turns":1},{"damage":0,"enemies":"2 Louse","floor":7,"turns":2},{"damage":5,"enemies":"Lagavulin","floor":12,"turns":8},{"damage":0,"enemies":"Large Slime","floor":13,"turns":4},{"damage":0,"enemies":"Exordium Thugs","floor":14,"turns":3},{"damage":23,"enemies":"Slime Boss","floor":16,"turns":9},{"damage":3,"enemies":"3 Byrds","floor":18,"turns":6},{"damage":24,"enemies":"Shell Parasite","floor":21,"turns":5},{"damage":16,"enemies":"Centurion and Healer","floor":24,"turns":5},{"damage":23,"enemies":"Shelled Parasite and Fungi","floor":28,"turns":9},{"damage":8,"enemies":"Snake Plant","floor":29,"turns":2}],"seed_played":"6475000696876192192","potions_obtained":[{"floor":7,"key":"PowerPotion"},{"floor":12,"key":"SpeedPotion"},{"floor":13,"key":"Dexterity Potion"},{"floor":16,"key":"BlessingOfTheForge"},{"floor":21,"key":"ColorlessPotion"}],"is_trial":false,"path_per_floor":["M","M","?","?","$","R","M","R","T","?","?","E","M","M","R","B",null,"M","$","?","M","?","R","M","?","T","?","M","M"],"character_chosen":"WATCHER","items_purchased":["EmptyBody","EmptyFist","MentalFortress","MerchantsRug","Strange Spoon","Lantern","JustLucky"],"campfire_rested":0,"item_purchase_floors":[5,5,19,19,19,19,19],"current_hp_per_floor":[72,72,72,72,72,72,72,72,72,72,72,67,67,67,67,44,72,69,69,69,45,45,45,29,29,29,29,6,0,0],"gold":123,"neow_bonus":"ONE_RANDOM_RARE_CARD","is_prod":false,"is_daily":false,"chose_seed":false,"campfire_upgraded":3,"win_rate":0.0,"timestamp":1607622586,"path_taken":["M","?","?","?","$","R","?","R","T","?","?","E","M","M","R","BOSS","M","$","?","M","?","R","M","?","T","?","M","?"],"build_version":"2020-11-30","purchased_purges":0,"victory":false,"max_hp_per_floor":[72,72,72,72,72,72,72,72,72,72,72,72,72,72,72,72,72,72,72,72,72,72,72,72,72,72,72,72,72,72],"card_choices":[{"not_picked":["Nirvana","Worship"],"picked":"Prostrate","floor":1},{"not_picked":["Nirvana","FlurryOfBlows"],"picked":"FlyingSleeves","floor":2},{"not_picked":["Collect","FlurryOfBlows"],"picked":"Sanctity","floor":7},{"not_picked":["ConjureBlade","Crescendo"],"picked":"ThirdEye","floor":12},{"not_picked":["WheelKick","Weave"],"picked":"WindmillStrike","floor":13},{"not_picked":["EmptyBody","FlyingSleeves"],"picked":"CutThroughFate","floor":14},{"not_picked":["ConjureBlade","Devotion"],"picked":"Alpha","floor":16},{"not_picked":["Study","PathToVictory"],"picked":"CutThroughFate","floor":18},{"not_picked":["Sanctity","PathToVictory"],"picked":"ThirdEye+1","floor":21},{"not_picked":["FlurryOfBlows","SandsOfTime"],"picked":"LessonLearned","floor":24},{"not_picked":["Study","ClearTheMind"],"picked":"WheelKick+1","floor":28}],"player_experience":282335,"relics_obtained":[{"floor":12,"key":"Art of War"},{"floor":17,"key":"Ice Cream"},{"floor":17,"key":"Sundial"},{"floor":17,"key":"Toy Ornithopter"},{"floor":26,"key":"HowToJump"}],"event_choices":[{"cards_removed":["FlyingSleeves"],"damage_healed":0,"gold_gain":0,"player_choice":"Purged","damage_taken":0,"max_hp_gain":0,"max_hp_loss":0,"event_name":"Purifier","floor":3,"gold_loss":0},{"damage_healed":0,"gold_gain":0,"player_choice":"Leave","damage_taken":0,"max_hp_gain":0,"max_hp_loss":0,"event_name":"The Cleric","floor":4,"gold_loss":0},{"damage_healed":0,"gold_gain":175,"player_choice":"AGREE","damage_taken":0,"max_hp_gain":0,"max_hp_loss":0,"event_name":"Liars Game","floor":10,"gold_loss":0,"cards_obtained":["Doubt"]},{"cards_removed":["Doubt"],"damage_healed":0,"gold_gain":0,"player_choice":"Forget","damage_taken":0,"max_hp_gain":0,"max_hp_loss":0,"event_name":"Living Wall","floor":11,"gold_loss":0},{"damage_healed":0,"gold_gain":0,"player_choice":"Ignored","damage_taken":0,"max_hp_gain":0,"max_hp_loss":0,"event_name":"Ghosts","floor":20,"gold_loss":0},{"damage_healed":0,"gold_gain":0,"player_choice":"Simplicity","damage_taken":0,"max_hp_gain":0,"max_hp_loss":0,"event_name":"Back to Basics","floor":25,"gold_loss":0,"cards_upgraded":["Strike_P","Strike_P","Strike_P","Strike_P","Defend_P","Defend_P","Defend_P","Defend_P"]},{"damage_healed":0,"gold_gain":0,"player_choice":"Ignored","damage_taken":0,"max_hp_gain":0,"max_hp_loss":0,"event_name":"Vampires","floor":27,"gold_loss":0}],"is_beta":false,"boss_relics":[{"not_picked":["Empty Cage","Runic Pyramid"],"picked":"Calling Bell"},{"not_picked":[]}],"items_purged_floors":[],"is_endless":false,"potions_floor_spawned":[7,12,13,16,21,28],"killed_by":"Snake Plant","ascension_level":0}}