{"host":"11728qvdvolffudn","time":1607623113,"event":{"mods":["BaseMod","Block Reminder","Colored Powertips","Minty Spire (QoL Compilation)","Permanent Neow","Quick Restart","Rare Cards Sparkle","Relic Stats","Highlight Path","Custom Start","Displayed Cursed Tome"],"gold_per_floor":[118,118,118,118,118,39,49,61,61,61,61,61,73,89,89,193,193,179,179,179],"floor_reached":19,"playtime":2493,"items_purged":[],"score":157,"play_id":"70b01946-4866-4be8-bb42-88a93c216ecf","local_time":"20201210175833","is_ascension_mode":false,"campfire_choices":[{"data":"Limit Break","floor":10,"key":"SMITH"},{"data":"Flex","floor":12,"key":"SMITH"},{"data":"Bash","floor":15,"key":"SMITH"}],"circlet_count":0,"master_deck":["Strike_R","Strike_R","Defend_R","Defend_R","Defend_R","Defend_R","Bash+1","Flex+1","Headbutt","Limit Break+1"],"relics":["Burning Blood","Ginger","Orichalcum","Empty Cage"],"acts_visited":["Exordium","TheCity"],"potions_floor_usage":[16,19],"damage_taken":[{"damage":2,"enemies":"2 Louse","floor":1,"turns":3},{"damage":8,"enemies":"Jaw Worm","floor":7,"turns":4},{"damage":7,"enemies":"Small Slimes","floor":8,"turns":4},{"damage":7,"enemies":"Exordium Thugs","floor":13,"turns":4},{"damage":0,"enemies":"3 Louse","floor":14,"turns":3},{"damage":60,"enemies":"The Guardian","floor":16,"turns":10},{"damage":25,"enemies":"2 Thieves","floor":18,"turns":4},{"damage":69,"enemies":"Masked Bandits","floor":19,"turns":5}],"seed_played":"3166383049417220466","potions_obtained":[{"floor":7,"key":"SpeedPotion"},{"floor":8,"key":"Explosive Potion"},{"floor":16,"key":"BloodPotion"}],"is_trial":false,"path_per_floor":["M","?","$","?","?","$","M","M","T","R","$","R","M","M","R","B",null,"M","?"],"character_chosen":"IRONCLAD","items_purchased":["Limit Break"],"campfire_rested":0,"item_purchase_floors":[6],"current_hp_per_floor":[80,80,80,62,62,62,60,59,59,59,59,59,58,64,64,10,80,61,8,8],"gold":179,"neow_bonus":"TRANSFORM_CARD","is_daily":false,"chose_seed":true,"campfire_upgraded":3,"win_rate":0,"timestamp":1607623113,"path_taken":["M","?","$","?","?","$","?","M","T","R","$","R","M","M","R","BOSS","M","?"],"build_version":"2020-11-30","purchased_purges":0,"victory":false,"max_hp_per_floor":[80,80,80,80,80,80,80,80,80,80,80,80,80,80,80,80,80,80,80,80],"relic_stats":{"counters":[8,37],"Ginger":[5],"Orichalcum":[60],"obtain_stats":[{"Ginger":4,"Orichalcum":9,"Empty Cage":17,"Burning Blood":0},{"Ginger":1,"Orichalcum":3,"Empty Cage":6,"Burning Blood":0},{"Ginger":3,"Orichalcum":11,"Empty Cage":28,"Burning Blood":0}],"Burning Blood":38},"card_choices":[{"not_picked":["True Grit","Twin Strike"],"picked":"Headbutt","floor":1},{"not_picked":["Intimidate","Headbutt","Clothesline"],"picked":"SKIP","floor":7},{"not_picked":["Wild Strike","Twin Strike","Anger"],"picked":"SKIP","floor":8},{"not_picked":["Flame Barrier","Blood for Blood","Shrug It Off"],"picked":"SKIP","floor":13},{"not_picked":["Warcry","Headbutt","Double Tap"],"picked":"SKIP","floor":14},{"not_picked":["Power Through","Headbutt","Rage"],"picked":"SKIP","floor":18}],"player_experience":113164,"relics_obtained":[{"floor":9,"key":"Orichalcum"}],"event_choices":[{"damage_healed":0,"gold_gain":0,"player_choice":"Leave","damage_taken":0,"max_hp_gain":0,"max_hp_loss":0,"event_name":"The Cleric","floor":2,"gold_loss":0},{"damage_healed":0,"gold_gain":0,"player_choice":"Success","damage_taken":18,"relics_obtained":["Ginger"],"max_hp_gain":0,"max_hp_loss":0,"event_name":"Scrap Ooze","floor":4,"gold_loss":0},{"damage_healed":0,"gold_gain":0,"player_choice":"Ignored","damage_taken":0,"max_hp_gain":0,"max_hp_loss":0,"event_name":"WeMeetAgain","floor":5,"gold_loss":0},{"damage_healed":0,"gold_gain":0,"player_choice":"Fought Bandits","damage_taken":0,"max_hp_gain":0,"max_hp_loss":0,"event_name":"Masked Bandits","floor":19,"gold_loss":0}],"is_beta":false,"boss_relics":[{"not_picked":["SacredBark","Ectoplasm"],"picked":"Empty Cage"}],"items_purged_floors":[],"is_endless":false,"potions_floor_spawned":[7,8,16],"killed_by":"Masked Bandits","ascension_level":0}}