{"host":"rl07wu4zpmu5lvi4","time":1607626548,"event":{"mods":["BaseMod","BetterRewards","StSLib","Yuri Mod","The Animator","Minty Spire (QoL Compilation)","Replay The Spire","2.2 Compatiblity","Decade(â§è¨ñæ)","Better Match","Better Vampires","Hero for Fun","Hubris","TheHero","Colored Powertips","Ekko","Quick Restart","Rare Cards Sparkle"],"gold_per_floor":[114,114,114,128,144,144,170,170,170,180,180,207,278,311,311,421,421,452,502,544,577,579,620,640,640],"floor_reached":24,"playtime":1484,"items_purged":[],"score":220,"play_id":"a63ab583-736d-4755-a480-14a5d200c3b7","local_time":"20201210135548","is_ascension_mode":false,"campfire_choices":[{"data":"animeID:Mezo","floor":6.0,"key":"SMITH"},{"floor":8.0,"key":"REST"},{"data":"animeID:RedRiot","floor":11.0,"key":"SMITH"},{"floor":15.0,"key":"REST"}],"circlet_count":0,"master_deck":["animeID:Deku","animeID:Bakugo","animeID:Smash","animeID:Smash","animeID:Smash","animeID:Smash","animeID:DefendMH","animeID:DefendMH","animeID:DefendMH","animeID:DefendMH","animeID:TodorokiShoto","Regret","animeID:Mezo+1","animeID:Ojiro","animeID:Tomura","animeID:RedRiot+1","animeID:Kirishima","animeID:Twice","animeID:NightEye","animeID:AllForOne","animeID:Hatsume","animeID:Rappa","animeID:HighFive","animeID:Aoyama+1","animeID:FullCowl","animeID:EraserHead+1"],"special_seed":0,"relics":["animeID:HeroCostume","NeowsBlessing","Lizard Tail","SsserpentHead","Replay:Bandana","hubris:64BitClover","Black Star","Replay:Wax Seal","Molten Egg 2","Regal Pillow"],"acts_visited":["Exordium","TheCity"],"potions_floor_usage":[23,23],"damage_taken":[{"damage":0.0,"enemies":"Jaw Worm","floor":1.0,"turns":1.0},{"damage":0.0,"enemies":"Small Slimes","floor":4.0,"turns":1.0},{"damage":0.0,"enemies":"Cultist","floor":5.0,"turns":1.0},{"damage":52.0,"enemies":"Lagavulin","floor":7.0,"turns":6.0},{"damage":0.0,"enemies":"Lots of Slimes","floor":10.0,"turns":1.0},{"damage":8.0,"enemies":"Exordium Wildlife","floor":12.0,"turns":3.0},{"damage":8.0,"enemies":"Large Slime","floor":13.0,"turns":2.0},{"damage":13.0,"enemies":"Lots of Slimes","floor":14.0,"turns":4.0},{"damage":17.0,"enemies":"Fading Forest","floor":16.0,"turns":11.0},{"damage":7.0,"enemies":"3 Byrds","floor":18.0,"turns":5.0},{"damage":0.0,"enemies":"Shell Parasite","floor":19.0,"turns":1.0},{"damage":20.0,"enemies":"Shelled Parasite and Fungi","floor":20.0,"turns":4.0},{"damage":14.0,"enemies":"Sentry and Sphere","floor":21.0,"turns":4.0},{"damage":0.0,"enemies":"Snecko","floor":22.0,"turns":2.0},{"damage":71,"enemies":"Book of Stabbing","floor":23,"turns":7},{"damage":28,"enemies":"Snake Plant","floor":24,"turns":3}],"seed_played":"386040396752282350","potions_obtained":[{"floor":10.0,"key":"EntropicBrew"},{"floor":16.0,"key":"Fruit Juice"},{"floor":18.0,"key":"CultistPotion"}],"is_trial":false,"path_per_floor":["M","?","?","M","M","R","E","R","T","M","R","M","M","M","R","B",null,"M","M","M","M","M","E","M"],"character_chosen":"THE_HERO","items_purchased":[],"campfire_rested":2,"item_purchase_floors":[],"current_hp_per_floor":[75,75,75,75,75,75,25,47,47,49,49,41,35,24,46,44,80,75,75,57,47,47,22,0,0],"gold":640,"neow_bonus":"THREE_ENEMY_KILL","is_daily":false,"chose_seed":false,"campfire_upgraded":2,"win_rate":0.0,"timestamp":1607626548,"path_taken":["M","?","?","M","M","R","E","R","T","M","R","M","?","M","R","BOSS","M","?","M","M","M","E","M"],"build_version":"2020-11-30","purchased_purges":0,"victory":false,"max_hp_per_floor":[75,75,75,75,75,75,75,75,75,75,75,75,75,75,75,80,80,80,80,80,80,80,80,80,80],"card_choices":[{"not_picked":["animeID:Momo","animeID:Tsuyu"],"picked":"animeID:TodorokiShoto","floor":1.0},{"not_picked":["animeID:ToruHagakure","animeID:DetroitSmash"],"picked":"animeID:Mezo","floor":4.0},{"not_picked":["animeID:Momo","animeID:Uraraka"],"picked":"animeID:Ojiro","floor":5.0},{"not_picked":["animeID:TodorokiShoto","animeID:ToruHagakure"],"picked":"animeID:Tomura","floor":7.0},{"not_picked":["animeID:Mezo","animeID:Kendo"],"picked":"animeID:RedRiot","floor":10.0},{"not_picked":["animeID:Tomura","animeID:TodorokiShoto"],"picked":"animeID:Kirishima","floor":12.0},{"not_picked":["animeID:Aoyama","animeID:Mineta"],"picked":"animeID:Twice","floor":13.0},{"not_picked":["animeID:GranTorino","animeID:Aoyama"],"picked":"animeID:NightEye","floor":14.0},{"not_picked":["animeID:USA_Smash","animeID:Eri"],"picked":"animeID:AllForOne","floor":16.0},{"not_picked":["animeID:DetroitDelaware","animeID:Iida"],"picked":"animeID:Hatsume","floor":18.0},{"not_picked":["animeID:Hatsume","animeID:TodorokiShoto"],"picked":"animeID:Rappa","floor":19.0},{"not_picked":["animeID:Tomura","animeID:Nomu"],"picked":"animeID:HighFive","floor":20.0},{"not_picked":["animeID:Tomura","animeID:DetroitDelaware"],"picked":"animeID:Aoyama+1","floor":21.0},{"not_picked":["animeID:Mineta","animeID:Momo+1"],"picked":"animeID:FullCowl","floor":22.0},{"not_picked":["animeID:Aoyama+1","animeID:Tomura+1"],"picked":"animeID:EraserHead+1","floor":23}],"player_experience":266148,"relics_obtained":[{"floor":7.0,"key":"Replay:Bandana"},{"floor":9.0,"key":"hubris:64BitClover"},{"floor":19.0,"key":"Replay:Wax Seal"},{"floor":23,"key":"Molten Egg 2"},{"floor":23,"key":"Regal Pillow"}],"event_choices":[{"damage_healed":0.0,"max_hp_gain":0.0,"max_hp_loss":0.0,"gold_gain":0.0,"event_name":"Big Fish","player_choice":"Box","floor":2.0,"gold_loss":0.0,"damage_taken":0.0,"relics_obtained":["Lizard Tail"],"cards_obtained":["Regret"]},{"damage_healed":0.0,"max_hp_gain":0.0,"max_hp_loss":0.0,"gold_gain":0.0,"event_name":"FaceTrader","player_choice":"Trade","floor":3.0,"gold_loss":0.0,"damage_taken":0.0,"relics_obtained":["SsserpentHead"]}],"is_beta":false,"boss_relics":[{"not_picked":["hubris:CrackedHourglass","SacredBark"],"picked":"Black Star"}],"items_purged_floors":[],"is_endless":false,"potions_floor_spawned":[10,13,16,18,20,21,23],"killed_by":"Snake Plant","ascension_level":0}}