{"host":"lstuuc6roym1046h","time":1607609848,"event":{"gold_per_floor":[215,215,25,45,45,45,80,96,96,36,56,56,74,101,101,178,178,197,55,71,71,82,82,102,102,127,161,19,19,33,49,49,122,122,136,86,86,97,114,114,389,389,389,389,404,418,445,457,457,457,457],"floor_reached":50,"playtime":2947,"items_purged":["Strike_G","Strike_G","Pain","Grand Finale"],"score":1158,"play_id":"40fd71cf-0777-4f0f-8d08-6fc99aba419a","local_time":"20201210141728","is_ascension_mode":true,"campfire_choices":[{"data":"Neutralize","floor":6.0,"key":"SMITH"},{"floor":12.0,"key":"REST"},{"data":"Catalyst","floor":15.0,"key":"SMITH"},{"floor":23.0,"key":"REST"},{"floor":32,"key":"REST"},{"data":"Well Laid Plans","floor":40,"key":"SMITH"},{"data":"Crippling Poison","floor":42,"key":"SMITH"},{"data":"Catalyst","floor":44,"key":"SMITH"},{"floor":49,"key":"RECALL"}],"neow_cost":"NONE","seed_source_timestamp":6297733491900,"circlet_count":0,"master_deck":["AscendersBane","Survivor","Neutralize+1","Poisoned Stab+1","Poisoned Stab","Catalyst+1","Dash","Noxious Fumes","Deadly Poison","Adrenaline","Bane","Catalyst+1","Blur","Escape Plan","Footwork","Crippling Poison+1","Footwork+1","Well Laid Plans+1","Bouncing Flask","Adrenaline","Skewer","Backflip","Expertise","Dagger Throw","Corpse Explosion","Bane","Reflex","Deflect","Regret","PiercingWail","Dodge and Roll","Wraith Form v2","Bouncing Flask+1"],"special_seed":0,"relics":["Ring of the Snake","Snake Skull","Torii","The Courier","PreservedInsect","Black Star","WarpedTongs","Smiling Mask","Bottled Lightning","Oddly Smooth Stone","Pandora\u0027s Box","Kunai","The Specimen"],"potions_floor_usage":[30,33,33,35,50,50],"damage_taken":[{"damage":7.0,"enemies":"Small Slimes","floor":1.0,"turns":7.0},{"damage":0.0,"enemies":"Jaw Worm","floor":4.0,"turns":3.0},{"damage":26.0,"enemies":"3 Sentries","floor":7.0,"turns":9.0},{"damage":0.0,"enemies":"Cultist","floor":8.0,"turns":3.0},{"damage":1.0,"enemies":"Large Slime","floor":11.0,"turns":5.0},{"damage":0.0,"enemies":"Exordium Wildlife","floor":13.0,"turns":3.0},{"damage":8.0,"enemies":"Lagavulin","floor":14.0,"turns":5.0},{"damage":0.0,"enemies":"Slime Boss","floor":16.0,"turns":4.0},{"damage":0.0,"enemies":"Chosen","floor":18.0,"turns":3.0},{"damage":1.0,"enemies":"Spheric Guardian","floor":20.0,"turns":3.0},{"damage":35.0,"enemies":"Cultist and Chosen","floor":22.0,"turns":6.0},{"damage":3.0,"enemies":"Snake Plant","floor":24.0,"turns":2.0},{"damage":21.0,"enemies":"Book of Stabbing","floor":27.0,"turns":2.0},{"damage":13,"enemies":"Shelled Parasite and Fungi","floor":30,"turns":5},{"damage":1,"enemies":"Centurion and Healer","floor":31,"turns":6},{"damage":4,"enemies":"Automaton","floor":33,"turns":9},{"damage":1,"enemies":"3 Darklings","floor":35,"turns":3},{"damage":9,"enemies":"3 Shapes","floor":38,"turns":4},{"damage":2,"enemies":"Transient","floor":39,"turns":6},{"damage":10,"enemies":"Maw","floor":45,"turns":5},{"damage":6,"enemies":"Sphere and 2 Shapes","floor":46,"turns":5},{"damage":18,"enemies":"Giant Head","floor":47,"turns":6},{"damage":5,"enemies":"Transient","floor":48,"turns":6},{"damage":9,"enemies":"Donu and Deca","floor":50,"turns":1}],"seed_played":"114454800939777490","potions_obtained":[{"floor":4.0,"key":"Swift Potion"},{"floor":7.0,"key":"EntropicBrew"},{"floor":22.0,"key":"CultistPotion"},{"floor":24.0,"key":"PowerPotion"},{"floor":30,"key":"LiquidBronze"},{"floor":31,"key":"DistilledChaos"},{"floor":33,"key":"Energy Potion"},{"floor":39,"key":"DistilledChaos"},{"floor":45,"key":"Poison Potion"},{"floor":46,"key":"GamblersBrew"}],"is_trial":false,"path_per_floor":["M","?","$","M","?","R","E","M","T","$","M","R","M","E","R","B",null,"M","$","M","?","M","R","M","?","T","E","$","$","M","M","R","B",null,"M","$","?","M","M","R","?","R","T","R","M","M","E","M","R","B"],"character_chosen":"THE_SILENT","items_purchased":["Snake Skull","Poisoned Stab","Catalyst","Well Laid Plans","Bouncing Flask"],"campfire_rested":3,"item_purchase_floors":[3,3,19,28,28],"current_hp_per_floor":[52,32,32,32,37,37,11,11,11,11,10,31,31,23,23,23,59,59,59,58,58,23,44,41,41,41,20,20,20,7,6,27,23,59,58,58,58,49,47,47,47,47,47,47,37,31,13,8,8,0,0],"gold":457,"neow_bonus":"HUNDRED_GOLD","is_prod":false,"is_daily":false,"chose_seed":false,"campfire_upgraded":5,"win_rate":0,"timestamp":1607609848,"path_taken":["M","?","$","M","?","R","E","M","T","$","M","R","M","E","R","BOSS","M","$","M","?","?","R","M","?","T","E","?","$","?","M","R","BOSS","M","$","?","M","M","R","?","R","T","R","M","M","E","?","R","BOSS"],"build_version":"2020-11-30","purchased_purges":4,"victory":false,"max_hp_per_floor":[66,66,66,66,71,71,71,71,71,71,71,71,71,71,71,71,71,71,71,71,71,71,71,71,71,71,71,71,71,71,71,71,71,71,71,71,71,71,71,71,71,71,71,71,71,71,71,71,71,71,71],"relic_stats":{"Torii":39,"counters":[24,111],"Pandora\u0027s Box":["Skewer","Backflip","Expertise","Dagger Throw","Grand Finale","Corpse Explosion","Bane","Reflex"],"Snake Skull":[202],"PreservedInsect":206,"Black Star":2,"Kunai":[0],"Smiling Mask":120,"obtain_stats":[{"Torii":7,"The Specimen":47,"Oddly Smooth Stone":27,"Snake Skull":3,"The Courier":9,"PreservedInsect":14,"Smiling Mask":26,"WarpedTongs":21,"Pandora\u0027s Box":34,"Black Star":17,"Bottled Lightning":27,"Kunai":47,"Ring of the Snake":0},{"Torii":3,"The Specimen":22,"Oddly Smooth Stone":13,"Snake Skull":1,"The Courier":4,"PreservedInsect":7,"Smiling Mask":12,"WarpedTongs":10,"Pandora\u0027s Box":16,"Black Star":8,"Bottled Lightning":13,"Kunai":22,"Ring of the Snake":0},{"Torii":19,"The Specimen":104,"Oddly Smooth Stone":55,"Snake Skull":7,"The Courier":22,"PreservedInsect":35,"Smiling Mask":53,"WarpedTongs":45,"Pandora\u0027s Box":75,"Black Star":39,"Bottled Lightning":55,"Kunai":104,"Ring of the Snake":0}],"Ring of the Snake":[48],"WarpedTongs":[66]},"card_choices":[{"not_picked":["Quick Slash","Outmaneuver"],"picked":"Poisoned Stab","floor":1.0},{"not_picked":["Riddle With Holes","Deflect"],"picked":"Catalyst","floor":4.0},{"not_picked":["Footwork","Dagger Throw"],"picked":"Dash","floor":7.0},{"not_picked":["Bane","Choke"],"picked":"Noxious Fumes","floor":8.0},{"not_picked":["Underhanded Strike","Deflect","Dagger Spray"],"picked":"SKIP","floor":11.0},{"not_picked":["Underhanded Strike","Deflect","Dagger Spray"],"picked":"SKIP","floor":11.0},{"not_picked":["Sucker Punch","Setup","Outmaneuver"],"picked":"SKIP","floor":13.0},{"not_picked":["Sucker Punch","Setup","Outmaneuver"],"picked":"SKIP","floor":13.0},{"not_picked":["Underhanded Strike","Storm of Steel"],"picked":"Deadly Poison","floor":14.0},{"not_picked":["Envenom","Bullet Time"],"picked":"Adrenaline","floor":16.0},{"not_picked":["Underhanded Strike","Poisoned Stab"],"picked":"Bane","floor":18.0},{"not_picked":["Poisoned Stab+1","Setup"],"picked":"Blur","floor":20.0},{"not_picked":["Phantasmal Killer","Dagger Spray+1"],"picked":"Escape Plan","floor":22.0},{"not_picked":["Accuracy+1","Backflip"],"picked":"Footwork","floor":24.0},{"not_picked":["Venomology","Blade Dance"],"picked":"Footwork+1","floor":27.0},{"not_picked":["All Out Attack","Flying Knee","Terror"],"picked":"SKIP","floor":30},{"not_picked":["Deadly Poison","Dagger Throw","Bane"],"picked":"SKIP","floor":31},{"not_picked":["Tools of the Trade","Bullet Time"],"picked":"Adrenaline","floor":33},{"not_picked":["Choke","Slice"],"picked":"Deflect","floor":35},{"not_picked":["Flechettes","Expertise","Poisoned Stab"],"picked":"SKIP","floor":38},{"not_picked":["Dagger Spray+1","Acrobatics","Blur"],"picked":"SKIP","floor":39},{"not_picked":["Underhanded Strike","Heel Hook+1"],"picked":"PiercingWail","floor":45},{"not_picked":["Cloak And Dagger","Acrobatics"],"picked":"Dodge and Roll","floor":46},{"not_picked":["Flying Knee+1","Flechettes"],"picked":"Wraith Form v2","floor":47},{"not_picked":["Footwork","Distraction"],"picked":"Bouncing Flask+1","floor":48}],"player_experience":802816,"relics_obtained":[{"floor":7.0,"key":"Torii"},{"floor":9.0,"key":"The Courier"},{"floor":14.0,"key":"PreservedInsect"},{"floor":26.0,"key":"Smiling Mask"},{"floor":27.0,"key":"Bottled Lightning"},{"floor":27.0,"key":"Oddly Smooth Stone"},{"floor":47,"key":"Kunai"},{"floor":47,"key":"The Specimen"}],"event_choices":[{"damage_healed":0.0,"max_hp_gain":0.0,"max_hp_loss":0.0,"gold_gain":0.0,"event_name":"Shining Light","player_choice":"Entered Light","floor":2.0,"gold_loss":0.0,"damage_taken":20.0,"cards_upgraded":["Defend_G","Poisoned Stab"]},{"damage_healed":0.0,"max_hp_gain":5.0,"max_hp_loss":0.0,"gold_gain":0.0,"event_name":"Big Fish","player_choice":"Donut","floor":5.0,"gold_loss":0.0,"damage_taken":0.0},{"damage_healed":0.0,"max_hp_gain":0.0,"max_hp_loss":0.0,"gold_gain":0.0,"event_name":"Accursed Blacksmith","player_choice":"Rummage","floor":21.0,"gold_loss":0.0,"damage_taken":0.0,"relics_obtained":["WarpedTongs"],"cards_obtained":["Pain"]},{"damage_healed":0.0,"max_hp_gain":0.0,"max_hp_loss":0.0,"gold_gain":0.0,"event_name":"The Library","player_choice":"Read","floor":25.0,"gold_loss":0.0,"damage_taken":0.0,"cards_obtained":["Crippling Poison"]},{"damage_healed":0,"gold_gain":0,"player_choice":"Memory 1","damage_taken":0,"max_hp_gain":0,"max_hp_loss":0,"event_name":"SensoryStone","floor":37,"gold_loss":0},{"damage_healed":0,"gold_gain":275,"player_choice":"Desecrate","damage_taken":0,"max_hp_gain":0,"max_hp_loss":0,"event_name":"Golden Shrine","floor":41,"gold_loss":0,"cards_obtained":["Regret"]}],"is_beta":false,"boss_relics":[{"not_picked":["Busted Crown","SacredBark"],"picked":"Black Star"},{"not_picked":["Empty Cage","Runic Dome"],"picked":"Pandora\u0027s Box"}],"items_purged_floors":[10,19,28,36],"is_endless":false,"potions_floor_spawned":[4,7,11,13,14,22,24,30,31,33,39,45,46],"killed_by":"Donu and Deca","ascension_level":20}}