{"host":"xo8q5ey0v0h4b5ua","time":1607573676,"event":{"gold_per_floor":[117,131,81,96,112,112,146,146,146,171,171,219,55,69,69,198,198,214,238,262,116,116,157,157,182,261,282,282,297,297,317,317,440,440,553,131,244,358,473,473,473,473,473],"floor_reached":41,"playtime":2516,"items_purged":["DTMod:Strike","DTMod:TargetDefense","DTMod:Strike"],"score":579,"play_id":"287d6f82-e840-4129-9b4f-e8214a056731","local_time":"20201209231436","is_ascension_mode":false,"metric_token":1619,"campfire_choices":[{"data":"DTMod:Observe","floor":6.0,"key":"SMITH"},{"data":"DTMod:MagiciansMark","floor":15,"key":"SMITH"},{"data":"DTMod:ComboAttack","floor":24,"key":"SMITH"},{"floor":30,"key":"REST"},{"floor":32,"key":"REST"},{"floor":40,"key":"DIG"}],"neow_cost":"","dtmod_dragon_data":[0,50,3,4,14,1],"seed_source_timestamp":35870731323200,"circlet_count":0,"master_deck":["DTMod:Strike","DTMod:Strike","DTMod:DoubleHit","DTMod:TargetDefense","DTMod:TargetDefense","DTMod:TargetDefense","DTMod:SwitchingTactic","DTMod:ShieldDrain","DTMod:MagiciansMark+1","DTMod:Observe+1","DTMod:StarRain","DTMod:ComboAttack","DTMod:Safeguard","DTMod:MasterPlan","DTMod:BlazingStrike","DTMod:Feint","DTMod:BreakAttack","DTMod:LightShield","DTMod:TagTeam","DTMod:PurifyingFlame","DTMod:InvisibleFlame","DTMod:OpeningTactic","DTMod:FlameSlash+1","DTMod:ComboAttack+1","DTMod:Prediction","DTMod:QuickFly","DTMod:MagicField+1","DTMod:BizarreTactic+1","DTMod:Harmonize","CurseOfTheBell","DTMod:Dissolve+1","DTMod:BurningForce","DTMod:StarRain+1","DTMod:BizarreTactic+1"],"special_seed":0,"relics":["DTMod:PactStone","DTMod:TacticalNote","DTMod:BindingString","MealTicket","Golden Idol","Sundial","MawBank","TungstenRod","Velvet Choker","Centennial Puzzle","Bottled Tornado","Calling Bell","HollowMod:QueensCombRelic","HornCleat","Smiling Mask","Shovel","Lantern"],"potions_floor_usage":[12,16,16,20,27,33,33,39,41],"damage_taken":[{"damage":0.0,"enemies":"2 Louse","floor":1.0,"turns":2.0},{"damage":0.0,"enemies":"Jaw Worm","floor":2.0,"turns":3.0},{"damage":0.0,"enemies":"Cultist","floor":4.0,"turns":3.0},{"damage":0.0,"enemies":"Blue Slaver","floor":5.0,"turns":3.0},{"damage":0.0,"enemies":"Gremlin Nob","floor":7.0,"turns":4.0},{"damage":0.0,"enemies":"Large Slime","floor":10.0,"turns":5.0},{"damage":0,"enemies":"HollowMod:MossKnight","floor":12,"turns":5},{"damage":0,"enemies":"Lots of Slimes","floor":14,"turns":4},{"damage":0,"enemies":"The Guardian","floor":16,"turns":10},{"damage":0,"enemies":"2 Thieves","floor":18,"turns":3},{"damage":0,"enemies":"Snake Plant","floor":19,"turns":3},{"damage":6,"enemies":"3 Cultists","floor":20,"turns":5},{"damage":0,"enemies":"Slavers","floor":23,"turns":5},{"damage":18,"enemies":"Cultist and Chosen","floor":25,"turns":5},{"damage":6,"enemies":"Centurion and Healer","floor":27,"turns":7},{"damage":0,"enemies":"Chosen and Byrds","floor":29,"turns":8},{"damage":0,"enemies":"Shelled Parasite and Fungi","floor":31,"turns":5},{"damage":28,"enemies":"Collector","floor":33,"turns":26},{"damage":0,"enemies":"3 Shapes","floor":35,"turns":3},{"damage":0,"enemies":"Orb Walker","floor":37,"turns":3},{"damage":0,"enemies":"4 Shapes","floor":38,"turns":8},{"damage":0,"enemies":"Sphere and 2 Shapes","floor":39,"turns":3},{"damage":77,"enemies":"2 Orb Walkers","floor":41,"turns":5}],"seed_played":"-6992319071391819613","potions_obtained":[{"floor":5.0,"key":"PowerPotion"},{"floor":7.0,"key":"SmokeBomb"},{"floor":10.0,"key":"Block Potion"},{"floor":12,"key":"AttackPotion"},{"floor":18,"key":"EntropicBrew"},{"floor":20,"key":"Fruit Juice"},{"floor":29,"key":"FairyPotion"},{"floor":38,"key":"Explosive Potion"},{"floor":39,"key":"SneckoOil"}],"is_trial":false,"path_per_floor":["M","M","?","M","M","R","E","?","T","M","T","E","$","M","R","B",null,"M","M","M","$","?","E","R","M","T","M","?","M","R","M","R","B",null,"M","$","M","M","M","R","?"],"character_chosen":"THE_DT","items_purchased":["DTMod:ShieldDrain","DTMod:TacticalNote","DTMod:MagiciansMark","DTMod:Observe","DTMod:TagTeam","DTMod:PurifyingFlame","DTMod:ComboAttack","DTMod:BurningForce","Shovel"],"campfire_rested":2,"item_purchase_floors":[0,0,0,0,13,13,21,36,36],"current_hp_per_floor":[45,45,45,45,45,45,45,34,34,34,34,34,45,45,45,45,45,45,45,44,50,50,50,50,32,32,26,26,26,41,41,50,22,32,32,32,32,32,32,32,0,0,0],"gold":473,"neow_bonus":"","is_prod":false,"is_daily":false,"chose_seed":false,"campfire_upgraded":3,"win_rate":0.0,"timestamp":1607573676,"path_taken":["M","M","?","M","M","R","E","?","T","M","?","E","$","M","R","BOSS","M","M","?","$","?","E","R","M","T","?","?","M","R","M","R","BOSS","M","?","M","M","?","R","?"],"build_version":"2020-11-30","purchased_purges":3,"victory":false,"max_hp_per_floor":[45,45,45,45,45,45,45,45,45,45,45,45,45,45,45,45,45,45,45,50,50,50,50,50,50,50,50,50,50,50,50,50,50,32,32,32,32,32,32,32,32,32,32],"card_choices":[{"not_picked":["DTMod:DeepFocus","DTMod:BurningEnergy"],"picked":"DTMod:StarRain","floor":1.0},{"not_picked":["DTMod:Weaken","DTMod:CalculatedDefense"],"picked":"DTMod:ComboAttack","floor":2.0},{"not_picked":["DTMod:Coolant","DTMod:BuildUp"],"picked":"DTMod:MasterPlan","floor":4.0},{"not_picked":["DTMod:HeatWave","DTMod:BurningEnergy"],"picked":"DTMod:BlazingStrike","floor":5.0},{"not_picked":["DTMod:RecklessFlurry","DTMod:Training"],"picked":"DTMod:Feint","floor":7.0},{"not_picked":["DTMod:Training","DTMod:BalancedStrike"],"picked":"DTMod:BreakAttack","floor":10.0},{"not_picked":["DTMod:BuildUp","DTMod:BlazingStrike"],"picked":"DTMod:LightShield","floor":12},{"not_picked":["DTMod:PurifyingFlame","DTMod:BurningForce"],"picked":"DTMod:InvisibleFlame","floor":14},{"not_picked":["DTMod:Prediction","DTMod:HeadStart"],"picked":"DTMod:OpeningTactic","floor":16},{"not_picked":["DTMod:Cover","DTMod:Observe"],"picked":"DTMod:FlameSlash+1","floor":18},{"not_picked":["DTMod:Punisher","DTMod:Weaken","DTMod:CleansingStrike"],"picked":"SKIP","floor":19},{"not_picked":["DTMod:Cover","DTMod:RecklessFlurry","DTMod:Feint"],"picked":"SKIP","floor":20},{"not_picked":["DTMod:TauntingStrike","DTMod:Shift+1"],"picked":"DTMod:Prediction","floor":23},{"not_picked":["DTMod:GhostSkin","DTMod:ComboAttack"],"picked":"DTMod:QuickFly","floor":25},{"not_picked":["DTMod:BuildUp","DTMod:Feint"],"picked":"DTMod:MagicField+1","floor":27},{"not_picked":["DTMod:Cover+1","DTMod:MasterPlan"],"picked":"DTMod:BizarreTactic+1","floor":29},{"not_picked":["DTMod:BurningEnergy","DTMod:Threaten+1","DTMod:MasterPlan"],"picked":"SKIP","floor":31},{"not_picked":["DTMod:FierySynthesis","DTMod:ExcessFootwork"],"picked":"DTMod:Harmonize","floor":33},{"not_picked":["DTMod:MasterPlan","DTMod:HeatWave"],"picked":"DTMod:Dissolve+1","floor":35},{"not_picked":["DTMod:DragonDance","DTMod:MasterPlan"],"picked":"DTMod:StarRain+1","floor":37},{"not_picked":["DTMod:MasterPlan","DTMod:CalculatedDefense"],"picked":"DTMod:BizarreTactic+1","floor":38},{"not_picked":["DTMod:ShadowImage","DTMod:LowKick","DTMod:CleansingStrike"],"picked":"SKIP","floor":39}],"player_experience":147588,"relics_obtained":[{"floor":7.0,"key":"MealTicket"},{"floor":9.0,"key":"Sundial"},{"floor":11.0,"key":"MawBank"},{"floor":12,"key":"TungstenRod"},{"floor":23,"key":"Centennial Puzzle"},{"floor":26,"key":"Bottled Tornado"},{"floor":34,"key":"HollowMod:QueensCombRelic"},{"floor":34,"key":"HornCleat"},{"floor":34,"key":"Smiling Mask"},{"floor":40,"key":"Lantern"}],"event_choices":[{"damage_healed":0.0,"max_hp_gain":0.0,"max_hp_loss":0.0,"gold_gain":0.0,"event_name":"Golden Idol","player_choice":"Take Damage","floor":8.0,"gold_loss":0.0,"damage_taken":11.0,"relics_obtained":["Golden Idol"]},{"damage_healed":0,"gold_gain":0,"player_choice":"Ignored","damage_taken":0,"max_hp_gain":0,"max_hp_loss":0,"event_name":"N\u0027loth","floor":28,"gold_loss":0},{"damage_healed":0,"gold_gain":0,"player_choice":"Fight","damage_taken":0,"max_hp_gain":0,"max_hp_loss":0,"event_name":"Mysterious Sphere","floor":41,"gold_loss":0}],"is_beta":false,"boss_relics":[{"not_picked":["Runic Dome","SacredBark"],"picked":"Velvet Choker"},{"not_picked":["Cursed Key","Fusion Hammer"],"picked":"Calling Bell"}],"items_purged_floors":[13,21,36],"is_endless":false,"potions_floor_spawned":[5,7,10,12,14,18,20,27,29,38,39],"killed_by":"2 Orb Walkers","ascension_level":0}}