{"host":"vhkb6vx6yafo1fpa","time":1607564133,"event":{"gold_per_floor":[111,126,47,47,63,97,97,114,114,114,114,133,146,187,187,187,187],"floor_reached":16,"playtime":279,"items_purged":[],"score":185,"play_id":"95f3cf52-1ada-4a15-a983-8cb6c0cf3868","local_time":"20201210103533","is_ascension_mode":true,"campfire_choices":[{"floor":7.0,"key":"REST"},{"floor":11.0,"key":"REST"},{"data":"Aggregate","floor":15,"key":"SMITH"}],"neow_cost":"NONE","seed_source_timestamp":5537875614800,"circlet_count":0,"master_deck":["AscendersBane","Strike_B","Strike_B","Strike_B","Strike_B","Defend_B","Defend_B","Defend_B+1","Defend_B","Zap+1","Dualcast","Gash","Sweeping Beam+1","Gash","Stack","Rebound","Beam Cell","Reboot","Self Repair+1","Aggregate+1","Seek"],"special_seed":0,"relics":["Cracked Core","Frozen Egg 2","Question Card","Golden Idol","Gremlin Horn"],"potions_floor_usage":[],"damage_taken":[{"damage":10.0,"enemies":"2 Louse","floor":1.0,"turns":2.0},{"damage":7.0,"enemies":"Small Slimes","floor":2.0,"turns":3.0},{"damage":0.0,"enemies":"Cultist","floor":5.0,"turns":2.0},{"damage":32.0,"enemies":"Gremlin Nob","floor":6.0,"turns":4.0},{"damage":0.0,"enemies":"Blue Slaver","floor":8.0,"turns":2.0},{"damage":3.0,"enemies":"Looter","floor":12.0,"turns":2.0},{"damage":6.0,"enemies":"3 Louse","floor":13.0,"turns":2.0},{"damage":30,"enemies":"Lagavulin","floor":14,"turns":7},{"damage":28,"enemies":"Hexaghost","floor":16,"turns":4}],"seed_played":"7349630051350766096","potions_obtained":[{"floor":2.0,"key":"Swift Potion"},{"floor":12.0,"key":"Explosive Potion"}],"is_trial":false,"path_per_floor":["M","M","$","?","M","E","R","M","T","?","R","M","M","E","R","B"],"character_chosen":"DEFECT","items_purchased":["Gash","Stack"],"campfire_rested":2,"item_purchase_floors":[3,3],"current_hp_per_floor":[58,51,51,36,36,4,26,26,26,26,46,43,47,27,27,0,0],"gold":187,"neow_bonus":"UPGRADE_CARD","is_prod":false,"is_daily":false,"chose_seed":false,"campfire_upgraded":1,"win_rate":0,"timestamp":1607564133,"path_taken":["M","M","$","?","M","E","R","M","T","?","R","M","M","E","R","BOSS"],"build_version":"2020-11-30","purchased_purges":0,"victory":false,"max_hp_per_floor":[75,75,75,75,75,75,75,75,75,69,69,69,69,69,69,69,69],"card_choices":[{"not_picked":["Redo","Skim"],"picked":"Gash","floor":1.0},{"not_picked":["Hologram","Reinforced Body"],"picked":"Sweeping Beam","floor":2.0},{"not_picked":["Compile Driver","Doom and Gloom"],"picked":"Rebound","floor":5.0},{"not_picked":["Compile Driver","Chill"],"picked":"Beam Cell","floor":6.0},{"not_picked":["Consume","Fusion"],"picked":"Reboot","floor":8.0},{"not_picked":["Capacitor+1","Coolheaded","Conserve Battery"],"picked":"Self Repair+1","floor":12.0},{"not_picked":["Coolheaded","Stack","Barrage"],"picked":"Aggregate","floor":13.0},{"not_picked":["Chill","Chaos","Thunder Strike"],"picked":"Seek","floor":14}],"player_experience":318863,"relics_obtained":[{"floor":6.0,"key":"Frozen Egg 2"},{"floor":9.0,"key":"Question Card"},{"floor":14,"key":"Gremlin Horn"}],"event_choices":[{"damage_healed":0.0,"max_hp_gain":0.0,"max_hp_loss":0.0,"gold_gain":0.0,"event_name":"Shining Light","player_choice":"Entered Light","floor":4.0,"gold_loss":0.0,"damage_taken":15.0,"cards_upgraded":["Defend_B","Sweeping Beam"]},{"damage_healed":0.0,"max_hp_gain":0.0,"max_hp_loss":6.0,"gold_gain":0.0,"event_name":"Golden Idol","player_choice":"Lose Max HP","floor":10.0,"gold_loss":0.0,"damage_taken":0.0,"relics_obtained":["Golden Idol"]}],"is_beta":false,"boss_relics":[],"items_purged_floors":[],"is_endless":false,"potions_floor_spawned":[2,12],"killed_by":"Hexaghost","ascension_level":13}}