{"host":"fq1bpa5mgr3rtgnr","time":1607589468,"event":{"gold_per_floor":[114,114,124,144,164,189,189,189,489,507,537,556,556,556,556,651,651,665,75,75,90,105,131,230,230,230,230,230,230,259,270,270,369,369,407,255,555,575,589,623,623,563,644,697,5,24,40,58,58,58],"floor_reached":51,"playtime":3641,"items_purged":["Crescendo"],"score":1165,"play_id":"ddc5047a-29eb-463f-8466-08bf8bc540db","local_time":"20201210033748","is_ascension_mode":true,"campfire_choices":[{"data":"Wallop","floor":7.0,"key":"SMITH"},{"data":"Study","floor":13.0,"key":"SMITH"},{"data":"Wallop","floor":15.0,"key":"SMITH"},{"data":"LessonLearned","floor":25.0,"key":"SMITH"},{"data":"DevaForm","floor":29.0,"key":"SMITH"},{"data":"Ragnarok","floor":32.0,"key":"SMITH"},{"floor":41.0,"key":"REST"},{"floor":49,"key":"REST"}],"neow_cost":"NONE","seed_source_timestamp":257703308963500,"circlet_count":0,"master_deck":["Prostrate","Wallop+1","Prostrate","WheelKick+1","MasterReality+1","Regret","Decay","Study+1","Wallop+1","CrushJoints+1","SpiritShield+1","EmptyMind","WreathOfFlame+1","Sanctity","WindmillStrike","Brilliance+1","LessonLearned+1","Pray+1","Brilliance","Swivel+1","DevaForm+1","Parasite","Ragnarok+1","WindmillStrike","Decay","Wallop","CutThroughFate+1","Wish","Sanctity+1","BattleHymn","Indignation","Regret","Devotion","Wireheading+1"],"special_seed":0,"relics":["Cursed Key","Blue Candle","CloakClasp","Old Coin","Bag of Preparation","Pandora\u0027s Box","Incense Burner","CaptainsWheel","Question Card","Meat on the Bone","SlaversCollar","TheAbacus","StoneCalendar","Bottled Flame","Bag of Marbles","Bottled Lightning","Thread and Needle","Lee\u0027s Waffle"],"potions_floor_usage":[46,50],"damage_taken":[{"damage":2.0,"enemies":"Jaw Worm","floor":1.0,"turns":4.0},{"damage":0.0,"enemies":"Cultist","floor":3.0,"turns":3.0},{"damage":0.0,"enemies":"Small Slimes","floor":4.0,"turns":2.0},{"damage":1.0,"enemies":"Looter","floor":5.0,"turns":4.0},{"damage":0.0,"enemies":"Lagavulin","floor":6.0,"turns":3.0},{"damage":3.0,"enemies":"3 Louse","floor":10.0,"turns":4.0},{"damage":4.0,"enemies":"3 Sentries","floor":11.0,"turns":7.0},{"damage":12.0,"enemies":"Lots of Slimes","floor":12.0,"turns":5.0},{"damage":5.0,"enemies":"The Guardian","floor":16.0,"turns":6.0},{"damage":2.0,"enemies":"Spheric Guardian","floor":18.0,"turns":5.0},{"damage":2.0,"enemies":"Chosen","floor":21.0,"turns":4.0},{"damage":2.0,"enemies":"Centurion and Healer","floor":22.0,"turns":4.0},{"damage":12.0,"enemies":"Slavers","floor":23.0,"turns":6.0},{"damage":28.0,"enemies":"Book of Stabbing","floor":30.0,"turns":5.0},{"damage":12.0,"enemies":"3 Cultists","floor":31.0,"turns":6.0},{"damage":4.0,"enemies":"Automaton","floor":33.0,"turns":8.0},{"damage":23.0,"enemies":"Orb Walker","floor":35.0,"turns":6.0},{"damage":35.0,"enemies":"3 Darklings","floor":38.0,"turns":6.0},{"damage":4.0,"enemies":"Maw","floor":39.0,"turns":6.0},{"damage":24.0,"enemies":"Reptomancer","floor":40.0,"turns":5.0},{"damage":5.0,"enemies":"Giant Head","floor":44.0,"turns":6.0},{"damage":5,"enemies":"Sphere and 2 Shapes","floor":46,"turns":7},{"damage":12,"enemies":"Spire Growth","floor":47,"turns":5},{"damage":11,"enemies":"Maw","floor":48,"turns":7},{"damage":27,"enemies":"Time Eater","floor":50,"turns":8}],"seed_played":"4103898258695849730","potions_obtained":[{"floor":2.0,"key":"FearPotion"},{"floor":2.0,"key":"LiquidBronze"},{"floor":2.0,"key":"EntropicBrew"},{"floor":4.0,"key":"EssenceOfSteel"},{"floor":6.0,"key":"LiquidMemories"},{"floor":11.0,"key":"Regen Potion"},{"floor":12.0,"key":"StancePotion"},{"floor":16.0,"key":"SteroidPotion"},{"floor":21.0,"key":"Explosive Potion"},{"floor":22.0,"key":"Weak Potion"},{"floor":23.0,"key":"Dexterity Potion"},{"floor":31.0,"key":"ColorlessPotion"},{"floor":38.0,"key":"Energy Potion"},{"floor":40.0,"key":"DuplicationPotion"},{"floor":44.0,"key":"SkillPotion"},{"floor":48,"key":"Swift Potion"}],"is_trial":false,"path_per_floor":["M","?","M","M","M","E","R","?","T","M","E","M","R","?","R","B",null,"M","$","?","M","M","E","?","R","T","?","?","R","E","M","R","B",null,"M","$","?","M","M","E","R","?","T","E","$","M","M","M","R","B",null],"character_chosen":"WATCHER","items_purchased":["Incense Burner","Brilliance","LessonLearned","TheAbacus","Bottled Lightning","Thread and Needle","Lee\u0027s Waffle"],"campfire_rested":2,"item_purchase_floors":[19,19,19,36,45,45,45],"current_hp_per_floor":[70,70,70,70,69,69,69,69,69,66,62,50,50,50,50,45,65,63,63,63,61,71,59,59,59,59,59,59,59,31,31,31,39,64,41,41,41,18,26,14,35,35,35,42,79,74,62,51,74,47],"gold":58,"neow_bonus":"BOSS_RELIC","is_prod":false,"is_daily":false,"chose_seed":false,"campfire_upgraded":6,"win_rate":0,"timestamp":1607589468,"path_taken":["M","?","?","M","M","E","R","?","T","M","E","M","R","?","R","BOSS","M","$","?","M","M","E","?","R","T","?","?","R","E","M","R","BOSS","M","?","?","M","?","E","R","?","T","E","$","M","?","M","R","BOSS"],"build_version":"2020-11-30","purchased_purges":1,"victory":true,"max_hp_per_floor":[72,72,72,72,72,72,72,72,72,72,72,72,72,72,72,72,72,72,72,72,72,72,72,72,72,72,72,72,72,72,72,72,72,72,72,72,72,72,72,72,72,72,72,72,79,79,79,79,79,79],"relic_stats":{"Lee\u0027s Waffle":37,"TheAbacus":[54],"counters":[25,132],"Blue Candle":[67],"Pandora\u0027s Box":["Crescendo","EmptyMind","Crescendo","WreathOfFlame","Sanctity","WindmillStrike","EmptyBody"],"StoneCalendar":[61],"CloakClasp":[380],"Bag of Preparation":[36],"Cursed Key":3,"Question Card":11,"obtain_stats":[{"Lee\u0027s Waffle":45,"Blue Candle":6,"StoneCalendar":40,"Thread and Needle":45,"CloakClasp":8,"Bag of Preparation":11,"Incense Burner":19,"Cursed Key":0,"Question Card":26,"Old Coin":9,"SlaversCollar":34,"CaptainsWheel":23,"Bottled Flame":43,"TheAbacus":36,"Pandora\u0027s Box":17,"Bag of Marbles":44,"Bottled Lightning":45,"PureWater":0,"Meat on the Bone":30},{"Lee\u0027s Waffle":21,"Blue Candle":5,"StoneCalendar":20,"Thread and Needle":21,"CloakClasp":5,"Bag of Preparation":7,"Incense Burner":10,"Cursed Key":0,"Question Card":13,"Old Coin":5,"SlaversCollar":16,"CaptainsWheel":13,"Bottled Flame":20,"TheAbacus":17,"Pandora\u0027s Box":9,"Bag of Marbles":21,"Bottled Lightning":21,"PureWater":0,"Meat on the Bone":14},{"Lee\u0027s Waffle":105,"Blue Candle":16,"StoneCalendar":99,"Thread and Needle":105,"CloakClasp":16,"Bag of Preparation":27,"Incense Burner":43,"Cursed Key":0,"Question Card":57,"Old Coin":16,"SlaversCollar":76,"CaptainsWheel":57,"Bottled Flame":99,"TheAbacus":82,"Pandora\u0027s Box":38,"Bag of Marbles":105,"Bottled Lightning":105,"PureWater":0,"Meat on the Bone":62}],"Meat on the Bone":72},"card_choices":[{"not_picked":["EmptyFist","FollowUp"],"picked":"Prostrate","floor":1.0},{"not_picked":["EmptyBody","Meditate"],"picked":"Wallop","floor":3.0},{"not_picked":["FlurryOfBlows","EmptyBody"],"picked":"Prostrate","floor":4.0},{"not_picked":["FlyingSleeves","EmptyFist"],"picked":"WheelKick","floor":5.0},{"not_picked":["FlyingSleeves","FollowUp"],"picked":"MasterReality","floor":6.0},{"not_picked":["EmptyFist","PathToVictory"],"picked":"Study","floor":10.0},{"not_picked":["CrushJoints","JustLucky","WreathOfFlame"],"picked":"SKIP","floor":11.0},{"not_picked":["Adaptation","WindmillStrike"],"picked":"Wallop","floor":12.0},{"not_picked":["MasterReality","Judgement"],"picked":"SpiritShield","floor":16.0},{"not_picked":["FollowUp","EmptyBody","Protect"],"picked":"SKIP","floor":18.0},{"not_picked":["ClearTheMind","FlurryOfBlows"],"picked":"Brilliance","floor":21.0},{"not_picked":["CutThroughFate","FollowUp"],"picked":"Swivel","floor":22.0},{"not_picked":["DeceiveReality","Swivel"],"picked":"DevaForm","floor":23.0},{"not_picked":["Crescendo","SignatureMove","InnerPeace"],"picked":"Wallop","floor":30.0},{"not_picked":["Wallop","BowlingBash+1","CarveReality"],"picked":"CutThroughFate+1","floor":31.0},{"not_picked":["MasterReality","Devotion","Brilliance"],"picked":"Wish","floor":33.0},{"not_picked":["FlurryOfBlows+1","Conclude","ThirdEye","EmptyBody+1"],"picked":"SKIP","floor":35.0},{"not_picked":["WindmillStrike","Fasting2+1","SashWhip+1"],"picked":"Sanctity+1","floor":38.0},{"not_picked":["EmptyFist+1","Prostrate+1","Halt","BowlingBash+1"],"picked":"SKIP","floor":39.0},{"not_picked":["CutThroughFate","FlurryOfBlows+1","Consecrate","Weave+1"],"picked":"SKIP","floor":40.0},{"not_picked":["Prostrate","CutThroughFate","JustLucky"],"picked":"Devotion","floor":44.0},{"not_picked":["Vengeance","CrushJoints","ThirdEye","Crescendo+1"],"picked":"SKIP","floor":46},{"not_picked":["EmptyBody+1","CutThroughFate+1","Consecrate"],"picked":"Wireheading+1","floor":47},{"not_picked":["CutThroughFate","FlyingSleeves+1","Adaptation","WindmillStrike+1"],"picked":"SKIP","floor":48},{"not_picked":["CutThroughFate","FlyingSleeves+1","Adaptation","WindmillStrike+1"],"picked":"SKIP","floor":48}],"player_experience":337312,"relics_obtained":[{"floor":6.0,"key":"Blue Candle"},{"floor":9.0,"key":"Old Coin"},{"floor":11.0,"key":"Bag of Preparation"},{"floor":23.0,"key":"CaptainsWheel"},{"floor":26.0,"key":"Question Card"},{"floor":30.0,"key":"Meat on the Bone"},{"floor":40.0,"key":"StoneCalendar"},{"floor":43.0,"key":"Bottled Flame"},{"floor":44.0,"key":"Bag of Marbles"}],"event_choices":[{"damage_healed":0.0,"max_hp_gain":0.0,"max_hp_loss":0.0,"gold_gain":0.0,"event_name":"Lab","player_choice":"Got Potions","floor":2.0,"gold_loss":0.0,"damage_taken":0.0},{"damage_healed":0.0,"max_hp_gain":0.0,"max_hp_loss":0.0,"gold_gain":0.0,"event_name":"Big Fish","player_choice":"Box","floor":8.0,"gold_loss":0.0,"damage_taken":0.0,"relics_obtained":["CloakClasp"],"cards_obtained":["Regret"]},{"damage_healed":0.0,"max_hp_gain":0.0,"max_hp_loss":0.0,"gold_gain":0.0,"cards_transformed":["Strike_P"],"event_name":"Transmorgrifier","player_choice":"Transformed","floor":14.0,"gold_loss":0.0,"damage_taken":0.0,"cards_obtained":["CrushJoints"]},{"damage_healed":0.0,"max_hp_gain":0.0,"max_hp_loss":0.0,"gold_gain":0.0,"event_name":"The Library","player_choice":"Read","floor":20.0,"gold_loss":0.0,"damage_taken":0.0,"cards_obtained":["Pray"]},{"damage_healed":0.0,"max_hp_gain":0.0,"max_hp_loss":0.0,"gold_gain":99.0,"event_name":"Nest","player_choice":"Stole From Cult","floor":24.0,"gold_loss":0.0,"damage_taken":0.0},{"damage_healed":0.0,"max_hp_gain":0.0,"max_hp_loss":0.0,"gold_gain":0.0,"cards_transformed":["EmptyBody","Crescendo"],"event_name":"Drug Dealer","player_choice":"Became Test Subject","floor":27.0,"gold_loss":0.0,"damage_taken":0.0,"cards_obtained":["Ragnarok","WindmillStrike"]},{"damage_healed":0.0,"max_hp_gain":0.0,"max_hp_loss":0.0,"gold_gain":0.0,"event_name":"Wheel of Change","player_choice":"Cursed","floor":28.0,"gold_loss":0.0,"damage_taken":0.0,"cards_obtained":["Decay"]},{"damage_healed":0.0,"max_hp_gain":0.0,"max_hp_loss":0.0,"gold_gain":300.0,"event_name":"Wheel of Change","player_choice":"Gold","floor":37.0,"gold_loss":0.0,"damage_taken":0.0},{"damage_healed":0.0,"max_hp_gain":0.0,"max_hp_loss":0.0,"gold_gain":0.0,"cards_transformed":["Eruption","Vigilance"],"event_name":"Designer","player_choice":"Transformed Cards","floor":42.0,"gold_loss":60.0,"damage_taken":0.0,"cards_obtained":["BattleHymn","Indignation"]}],"is_beta":false,"boss_relics":[{"not_picked":["Velvet Choker","VioletLotus"],"picked":"Pandora\u0027s Box"},{"not_picked":["Calling Bell","Coffee Dripper"],"picked":"SlaversCollar"}],"items_purged_floors":[19],"is_endless":false,"potions_floor_spawned":[4,6,11,12,16,21,22,23,31,38,40,44,48],"ascension_level":5}}