{"host":"c2uqqd95064gpl63","time":1607626161,"event":{"mods":["BaseMod","StSLib","Bard","Quick Restart","The Exalted","The Trickster","Minty Spire (QoL Compilation)","The Cursed","Melee Mod","Better Match","Downfall","Better Third Choice","Better Skull","Act Like it!","Elementarium","Menagerie","The Dragon Tamer","Luminous","Robot Space Explorer"],"gold_per_floor":[111,111,111,111,121,121,68,101,173,173,207,227,37,37,37,140,140,165,177,218,230,259,300,323,363,375,387,399,431,461,504,516,623,635,657,669,241,258,308,340,383,383,452,480,515,515,542,223,223,223],"floor_reached":51,"playtime":9296,"items_purged":[],"score":1197,"play_id":"c629f476-5e45-4337-99c5-32efab1da638","local_time":"20201210104921","is_ascension_mode":false,"metric_token":1235,"campfire_choices":[{"data":"DTMod:Observe","floor":6.0,"key":"SMITH"},{"data":"DTMod:DarkBreath","floor":10.0,"key":"SMITH"},{"floor":15.0,"key":"REST"},{"floor":32.0,"key":"REST"},{"floor":49,"key":"REST"}],"dtmod_dragon_data":[49,50,2,2,12,5],"circlet_count":0,"master_deck":["DTMod:DoubleHit","DTMod:TargetDefense","DTMod:TargetDefense","DTMod:TargetDefense","DTMod:TargetDefense","DTMod:SwitchingTactic+1","Apotheosis+1","DTMod:ComboAttack","DTMod:DarkBreath+1","DTMod:ComboAttack","DTMod:MagicField","DTMod:TauntingStrike","DTMod:TriAttack","DTMod:HeatWave+1","Slimebound:Tackle+1","Slimebound:Tackle+1","Slimebound:Tackle+1","DTMod:FlameSlash","DTMod:CalculatedDefense+1","DTMod:PurifyingFlame","DTMod:GhostSkin+1","DTMod:PurifyingFlame+1","DTMod:Punisher+1","DTMod:MagicField","DTMod:StarRain+1","DTMod:MagiciansMark+1","DTMod:RecklessFlurry","DTMod:HeadStart","DTMod:Threaten+1","DTMod:Threaten","DTMod:TagTeam","DTMod:BalancedStrike","DTMod:Adaptation+1","DTMod:WarmUp+1","Violence+1","expansioncontent:StudyTheSpire+1","Secret Weapon+1","DTMod:DragonDance+1"],"special_seed":0,"relics":["DTMod:PactStone","WingedGreaves","Omamori","Frozen Egg 2","TungstenRod","DTMod:MindBender","StrikeDummy","Calling Bell","MawBank","DTMod:TacticalNote","Prayer Wheel","Red Mask","InkBottle","Blue Candle","Bottled Lightning","Sundial","MutagenicStrength","DTMod:DragonFood","DTMod:TheChair","Shuriken","DTMod:OddArmor","Bromod:ArcaneAegis","Toxic Egg 2","CeramicFish","Bromod:ArcaneVictory","Molten Egg 2","HornCleat"],"acts_visited":[],"potions_floor_usage":[50,50,50],"damage_taken":[{"damage":0.0,"enemies":"Small Slimes","floor":1.0,"turns":4.0},{"damage":0.0,"enemies":"2 Louse","floor":5.0,"turns":3.0},{"damage":5.0,"enemies":"Lagavulin","floor":8.0,"turns":8.0},{"damage":9.0,"enemies":"Gremlin Nob","floor":11.0,"turns":4.0},{"damage":0.0,"enemies":"Jaw Worm","floor":12.0,"turns":2.0},{"damage":6.0,"enemies":"Slime Boss","floor":16.0,"turns":10.0},{"damage":0.0,"enemies":"Spheric Guardian","floor":18.0,"turns":4.0},{"damage":8.0,"enemies":"Masked Bandits","floor":20.0,"turns":5.0},{"damage":0.0,"enemies":"Shell Parasite","floor":22.0,"turns":5.0},{"damage":0.0,"enemies":"Gremlin Leader","floor":23.0,"turns":4.0},{"damage":15.0,"enemies":"Chosen and Byrds","floor":24.0,"turns":6.0},{"damage":0.0,"enemies":"Slavers","floor":25.0,"turns":6.0},{"damage":2.0,"enemies":"Snecko","floor":29.0,"turns":5.0},{"damage":0.0,"enemies":"Cultist and Chosen","floor":30.0,"turns":4.0},{"damage":0.0,"enemies":"Gremlin Leader","floor":31.0,"turns":6.0},{"damage":28.0,"enemies":"Champ","floor":33.0,"turns":12.0},{"damage":4.0,"enemies":"3 Shapes","floor":35.0,"turns":4.0},{"damage":0.0,"enemies":"3 Darklings","floor":38.0,"turns":7.0},{"damage":0,"enemies":"Mind Bloom Boss Battle","floor":39,"turns":6},{"damage":2,"enemies":"Reptomancer","floor":40,"turns":8},{"damage":13,"enemies":"Giant Head","floor":41,"turns":8},{"damage":0,"enemies":"Transient","floor":44,"turns":5},{"damage":2,"enemies":"Reptomancer","floor":45,"turns":6},{"damage":0,"enemies":"Time Eater","floor":50,"turns":7}],"seed_played":"2592836082185437343","potions_obtained":[{"floor":5.0,"key":"LiquidMemories"},{"floor":11.0,"key":"hexamod:EctoCoolerPotion"},{"floor":16.0,"key":"SteroidPotion"},{"floor":25.0,"key":"ColorlessPotion"},{"floor":29.0,"key":"GamblersBrew"},{"floor":31.0,"key":"Dexterity Potion"},{"floor":33.0,"key":"FearPotion"},{"floor":41,"key":"Strength Potion"}],"is_trial":false,"path_per_floor":["M","?","?","?","M","R","$","E","T","R","E","M","$","?","R","B",null,"M","?","?","T","M","E","M","E","T","?","?","M","M","E","R","B",null,"M","?","$","M","?","E","E","$","T","M","E","?","?","$","R","B",null],"character_chosen":"THE_DT","items_purchased":["DTMod:ComboAttack","DTMod:MindBender","DTMod:TauntingStrike","Shuriken","DTMod:OddArmor","DTMod:Threaten","HornCleat","DTMod:DragonDance+1"],"campfire_rested":3,"item_purchase_floors":[7,13,13,37,37,37,48,48],"current_hp_per_floor":[45,45,45,45,45,45,45,40,40,40,31,31,31,29,42,36,45,45,45,37,37,37,37,22,22,22,22,22,20,20,20,33,5,45,41,41,41,41,41,39,26,26,26,27,31,42,33,33,45,45],"gold":223,"neow_bonus":"ONE_RARE_RELIC","is_daily":false,"chose_seed":false,"campfire_upgraded":2,"win_rate":0.0,"timestamp":1607626161,"path_taken":["M","?","?","?","M","R","?","E","T","R","E","?","$","?","R","BOSS","M","?","?","?","M","E","M","E","T","?","?","?","M","E","R","BOSS","M","?","$","M","?","E","E","?","T","?","E","?","?","$","R","BOSS"],"build_version":"2020-11-30","purchased_purges":0,"victory":true,"max_hp_per_floor":[45,45,45,45,45,45,45,45,45,45,45,45,45,45,45,45,45,45,45,45,45,45,45,45,45,45,45,45,45,45,45,45,45,45,45,45,45,45,45,45,45,45,45,45,45,45,45,45,45,45],"card_choices":[{"not_picked":["DTMod:MagicField","DTMod:BurningEnergy"],"picked":"DTMod:Observe","floor":1.0},{"not_picked":["DTMod:Feint","DTMod:RunningTactic","DTMod:MasterPlan"],"picked":"SKIP","floor":5.0},{"not_picked":["DTMod:Overwhelm","DTMod:QuickFly"],"picked":"DTMod:DarkBreath","floor":8.0},{"not_picked":["DTMod:Feint","DTMod:SneakAttack"],"picked":"DTMod:ComboAttack","floor":11.0},{"not_picked":["DTMod:Cover","DTMod:FlameSlash"],"picked":"DTMod:MagicField","floor":12.0},{"not_picked":["DTMod:FierySynthesis","DTMod:HeadStart"],"picked":"DTMod:TriAttack","floor":16.0},{"not_picked":["DTMod:QuickFly","DTMod:SneakAttack"],"picked":"DTMod:HeatWave+1","floor":18.0},{"not_picked":["DTMod:GhostSkin","DTMod:Overwhelm+1","DTMod:QuickFly"],"picked":"SKIP","floor":18.0},{"not_picked":["DTMod:Feint","DTMod:CleansingStrike"],"picked":"DTMod:FlameSlash","floor":20.0},{"not_picked":["DTMod:ResonanceForm+1","DTMod:InvisibleFlame+1"],"picked":"DTMod:CalculatedDefense+1","floor":22.0},{"not_picked":["DTMod:MasterPlan","DTMod:Weaken+1"],"picked":"DTMod:PurifyingFlame","floor":22.0},{"not_picked":["DTMod:DeepFocus","DTMod:BuildUp"],"picked":"DTMod:GhostSkin+1","floor":23.0},{"not_picked":["DTMod:Feint","DTMod:BurningEnergy+1"],"picked":"DTMod:PurifyingFlame+1","floor":24.0},{"not_picked":["DTMod:BlazingStrike+1","DTMod:Observe","DTMod:DeepFocus+1"],"picked":"SKIP","floor":24.0},{"not_picked":["DTMod:HeatWave","DTMod:Inferno"],"picked":"DTMod:Punisher+1","floor":25.0},{"not_picked":["DTMod:MaximumCharge","DTMod:PurifyingFlame"],"picked":"DTMod:MagicField","floor":29.0},{"not_picked":["DTMod:BlueScale","DTMod:GhostSkin","DTMod:BurningEnergy"],"picked":"SKIP","floor":29.0},{"not_picked":["DTMod:QuickFly","DTMod:Weaken"],"picked":"DTMod:StarRain+1","floor":30.0},{"not_picked":["DTMod:ShieldDrain","DTMod:QuickFly+1"],"picked":"DTMod:MagiciansMark+1","floor":30.0},{"not_picked":["DTMod:Coolant+1","DTMod:FierySynthesis"],"picked":"DTMod:RecklessFlurry","floor":31.0},{"not_picked":["DTMod:Prediction","DTMod:SealedStrike"],"picked":"DTMod:HeadStart","floor":33.0},{"not_picked":["DTMod:BlazingStrike+1","DTMod:HeatWave+1"],"picked":"DTMod:Threaten+1","floor":35.0},{"not_picked":["DTMod:Weaken","DTMod:Punisher+1","DTMod:ShieldDrain+1"],"picked":"SKIP","floor":35.0},{"not_picked":["DTMod:BurningEnergy","DTMod:RecklessFlurry"],"picked":"DTMod:TagTeam","floor":38.0},{"not_picked":["DTMod:BurningEnergy","DTMod:Hide","DTMod:CleansingStrike+1"],"picked":"SKIP","floor":38.0},{"not_picked":["DTMod:ComboAttack+1","DTMod:HeatWave+1"],"picked":"DTMod:BalancedStrike","floor":39},{"not_picked":["DTMod:Punisher+1","DTMod:CleansingStrike+1","DTMod:MaximumCharge+1"],"picked":"SKIP","floor":40},{"not_picked":["DTMod:DragonDance+1","DTMod:InvisibleFlame+1"],"picked":"DTMod:Adaptation+1","floor":41},{"not_picked":["DTMod:InvisibleFlame+1","DTMod:Hide+1"],"picked":"DTMod:WarmUp+1","floor":44},{"not_picked":["DTMod:StarRain","DTMod:BizarreTactic+1","DTMod:BlazingStrike+1"],"picked":"SKIP","floor":44},{"not_picked":["DTMod:Punisher+1","DTMod:BreakAttack+1","DTMod:Outburst+1"],"picked":"SKIP","floor":45},{"not_picked":["Enlightenment+1","Swift Strike+1"],"picked":"Violence+1","floor":47},{"not_picked":["expansioncontent:HyperBeam+1","Panacea+1"],"picked":"expansioncontent:StudyTheSpire+1","floor":47},{"not_picked":["Trip+1","expansioncontent:DefensiveMode+1"],"picked":"Secret Weapon+1","floor":47}],"player_experience":683453,"relics_obtained":[{"floor":8.0,"key":"Omamori"},{"floor":9.0,"key":"Frozen Egg 2"},{"floor":11.0,"key":"TungstenRod"},{"floor":17.0,"key":"MawBank"},{"floor":17.0,"key":"DTMod:TacticalNote"},{"floor":17.0,"key":"Prayer Wheel"},{"floor":20.0,"key":"Red Mask"},{"floor":21.0,"key":"InkBottle"},{"floor":23.0,"key":"Blue Candle"},{"floor":25.0,"key":"Bottled Lightning"},{"floor":26.0,"key":"Sundial"},{"floor":31.0,"key":"DTMod:DragonFood"},{"floor":39,"key":"Bromod:ArcaneAegis"},{"floor":40,"key":"Toxic Egg 2"},{"floor":41,"key":"CeramicFish"},{"floor":43,"key":"Bromod:ArcaneVictory"},{"floor":45,"key":"Molten Egg 2"}],"event_choices":[{"damage_healed":0.0,"max_hp_gain":0.0,"max_hp_loss":0.0,"gold_gain":0.0,"event_name":"Living Wall","player_choice":"Grow","floor":2.0,"gold_loss":0.0,"damage_taken":0.0,"cards_upgraded":["DTMod:SwitchingTactic"]},{"damage_healed":45.0,"max_hp_gain":0.0,"max_hp_loss":45.0,"gold_gain":0.0,"event_name":"betterThird:BetterShining","player_choice":"Embrace","floor":3.0,"gold_loss":0.0,"damage_taken":0.0},{"damage_healed":0.0,"max_hp_gain":0.0,"max_hp_loss":0.0,"gold_gain":0.0,"event_name":"The Cleric","player_choice":"Leave","floor":4.0,"gold_loss":0.0,"damage_taken":0.0},{"damage_healed":0.0,"max_hp_gain":0.0,"max_hp_loss":0.0,"gold_gain":0.0,"event_name":"betterThird:BetterScrap","player_choice":"Relic ","floor":14.0,"gold_loss":0.0,"damage_taken":3.0,"cards_obtained":["Spot Weakness"]},{"damage_healed":0.0,"max_hp_gain":0.0,"max_hp_loss":0.0,"gold_gain":0.0,"event_name":"Masked Bandits","player_choice":"Fought Bandits","floor":20.0,"gold_loss":0.0,"damage_taken":0.0},{"damage_healed":0.0,"max_hp_gain":0.0,"max_hp_loss":0.0,"gold_gain":0.0,"event_name":"Drug Dealer","player_choice":"Inject Mutagens","floor":27.0,"gold_loss":0.0,"damage_taken":0.0,"relics_obtained":["MutagenicStrength"]},{"damage_healed":0.0,"max_hp_gain":0.0,"max_hp_loss":0.0,"gold_gain":0.0,"event_name":"Beggar","player_choice":"Ignored","floor":28.0,"gold_loss":0.0,"damage_taken":0.0},{"cards_removed":["DTMod:Observe"],"damage_healed":0.0,"max_hp_gain":0.0,"max_hp_loss":0.0,"gold_gain":0.0,"event_name":"Falling","player_choice":"Removed Skill","floor":36.0,"gold_loss":0.0,"damage_taken":0.0},{"damage_healed":0,"gold_gain":0,"player_choice":"Fight","damage_taken":0,"max_hp_gain":0,"max_hp_loss":0,"event_name":"MindBloom","floor":39,"gold_loss":0},{"damage_healed":11,"gold_gain":0,"player_choice":"Writhe","damage_taken":0,"max_hp_gain":0,"max_hp_loss":0,"event_name":"Winding Halls","floor":46,"gold_loss":0,"cards_obtained":["Writhe"]},{"damage_healed":0,"gold_gain":0,"player_choice":"Memory 3","damage_taken":10,"max_hp_gain":0,"max_hp_loss":0,"event_name":"SensoryStone","floor":47,"gold_loss":0}],"is_beta":false,"boss_relics":[{"not_picked":["DTMod:MagicStone","Tiny House"],"picked":"Calling Bell"},{"not_picked":["Busted Crown","Bromod:ArcaneEnergize"],"picked":"DTMod:TheChair"}],"items_purged_floors":[],"is_endless":false,"potions_floor_spawned":[5,11,16,18,20,25,29,31,33,38,41,44],"ascension_level":0}}