{"host":"tsnif9umxyqokjak","time":1607610756,"event":{"mods":["BaseMod","2.2 Compatiblity","StSLib","AchievementEnabler","Block Reminder","Colored Powertips","Minty Spire (QoL Compilation)","Quick Restart","Challenge The Spire","Custom Start","Better Note","Disable Question Mark Monsters","Highlight Path","Astrologer","Hermit","The Sage","Marisa????????","The Administrix","The Animator","The Bug Knight","The Construct","The Cursed","The Elementalist","The Runesmith","The Servant 0.9.4","The Spell Scribe","The Valiant","Downfall","Friendly Minions","Act Like it!","Better Vampires","The Gatherer","Better Skull","Spicy Shops","Unknown Chances","Remilia??????","Red Circlet Mod","Reimu??????","Better Third Choice","Displayed Cursed Tome","Infinite Spire","Filter the Spire","Hallownest","Bestiary","Rare Cards Sparkle","The Wild Card","Robot Space Explorer"],"gold_per_floor":[114,146,146,158,187,187,246,246,246,280,294,294,326,356,356,451,451,469,62,62,62,74,126,140,140,140],"floor_reached":25,"playtime":2406,"items_purged":[],"score":270,"play_id":"9a14b1fb-35f5-4478-803b-c213a8325221","local_time":"20201210153236","is_ascension_mode":true,"campfire_choices":[{"data":"animator:DolaSchwi","floor":6,"key":"SMITH"},{"data":"animator:DolaSchwi","floor":8,"key":"SMITH"},{"data":"animator:Emonzaemon","floor":12,"key":"SMITH"},{"data":"animator:Konayuki","floor":15,"key":"SMITH"}],"circlet_count":0,"master_deck":["animator:Strike_NoGameNoLife","animator:Defend_NoGameNoLife","animator:Strike","animator:Strike","animator:Strike","animator:Defend","animator:Defend","animator:Defend","animator:DolaSchwi+1","animator:DolaCouronne","animator:Urushihara","animator:DolaSchwi+1","animator:Konayuki+1","Apotheosis+1","animator:Vanir","animator:Jibril","animator:Emonzaemon+1","animator:ChlammyZell","animator:Aisha","animator:Tet","animator:Sora","animator:Entoma","animator:TanyaDegurechaff","animator:AcuraAkari","animator:DolaStephanie","animator:Evileye"],"relics":["animator:LivingPicture","animator:TheMissingPiece","Meat on the Bone","Unceasing Top","CaptainsWheel","Red Skull","infinitespire:Cupcake","Lee\u0027s Waffle","Runesmith:Locket"],"acts_visited":["Exordium","TheCity"],"potions_floor_usage":[10,10,16,16,25],"damage_taken":[{"damage":1,"enemies":"Jaw Worm","floor":1,"turns":5},{"damage":1,"enemies":"2 Louse","floor":2,"turns":3},{"damage":4,"enemies":"Small Slimes","floor":4,"turns":5},{"damage":5,"enemies":"Looter","floor":5,"turns":4},{"damage":32,"enemies":"Gremlin Nob","floor":7,"turns":4},{"damage":27,"enemies":"3 Sentries","floor":10,"turns":5},{"damage":2,"enemies":"Blue Slaver","floor":11,"turns":3},{"damage":6,"enemies":"Exordium Thugs","floor":13,"turns":3},{"damage":14,"enemies":"Gremlin Nob","floor":14,"turns":4},{"damage":8,"enemies":"Hexaghost","floor":16,"turns":5},{"damage":2,"enemies":"Chosen","floor":18,"turns":4},{"damage":27,"enemies":"2 Thieves","floor":22,"turns":4},{"damage":41,"enemies":"Slavers","floor":23,"turns":4},{"damage":4,"enemies":"Snake Plant","floor":24,"turns":3},{"damage":28,"enemies":"Book of Stabbing","floor":25,"turns":4}],"seed_played":"8208154988495972614","potions_obtained":[{"floor":1,"key":"Dexterity Potion"},{"floor":5,"key":"GrandPatriotsElixir:ReiMu"},{"floor":11,"key":"sagemod:Wine"},{"floor":13,"key":"Strength Potion"},{"floor":14,"key":"animator:FalseLifePotion"},{"floor":23,"key":"PowerPotion"}],"is_trial":false,"path_per_floor":["M","M","?","M","M","R","?","R","T","E","M","R","M","E","R","B",null,"M","$","?","?","M","E","M","E"],"character_chosen":"THE_ANIMATOR","items_purchased":["animator:TanyaDegurechaff","Lee\u0027s Waffle"],"campfire_rested":0,"item_purchase_floors":[19,19],"current_hp_per_floor":[65,64,64,60,55,55,36,36,36,22,32,32,38,36,36,41,69,67,76,62,62,47,18,26,0,0],"gold":140,"neow_bonus":"RANDOM_COLORLESS","is_daily":false,"chose_seed":false,"campfire_upgraded":4,"win_rate":0,"timestamp":1607610756,"path_taken":["M","M","?","M","M","R","?","R","T","E","M","R","M","E","R","BOSS","M","$","?","?","M","E","M","E"],"build_version":"2020-11-30","purchased_purges":0,"victory":false,"max_hp_per_floor":[66,66,66,66,66,66,67,67,67,68,68,68,68,68,68,69,69,69,76,81,81,81,81,81,81,81],"card_choices":[{"not_picked":["animator:Kagari","animator:Canti"],"picked":"animator:Urushihara","floor":0},{"not_picked":["animator:PandorasActor","animator:Chung"],"picked":"animator:DolaSchwi","floor":1},{"not_picked":["animator:Demiurge","animator:Kazuma"],"picked":"animator:Konayuki","floor":2},{"not_picked":["animator:Layla","animator:Aqua"],"picked":"animator:Vanir","floor":4},{"not_picked":["animator:FielNirvalen","animator:Tet"],"picked":"animator:Jibril","floor":5},{"not_picked":["animator:AcuraAkari","animator:DwarfShaman"],"picked":"animator:Emonzaemon","floor":7},{"not_picked":["animator:DolaCouronne","animator:Vanir"],"picked":"animator:ChlammyZell","floor":10},{"not_picked":["animator:Vanir","animator:DolaRiku"],"picked":"animator:Aisha","floor":11},{"not_picked":["animator:ChlammyZell","animator:DolaCouronne"],"picked":"animator:Tet","floor":13},{"not_picked":["animator:Megumin","animator:Aqua","animator:DolaCouronne"],"picked":"SKIP","floor":14},{"not_picked":["animator:Albedo","animator:GoblinSlayer"],"picked":"animator:Sora","floor":16},{"not_picked":["animator:PandorasActor","animator:Chung"],"picked":"animator:Entoma","floor":18},{"not_picked":["animator:Chris+1","animator:ZankiKiguchi"],"picked":"animator:AcuraAkari","floor":22},{"not_picked":["animator:ChlammyZell","animator:DolaRiku"],"picked":"animator:DolaStephanie","floor":23},{"not_picked":["animator:ChlammyZell","animator:Witch"],"picked":"animator:Evileye","floor":24}],"player_experience":700990,"relics_obtained":[{"floor":9,"key":"Unceasing Top"},{"floor":10,"key":"CaptainsWheel"},{"floor":14,"key":"Red Skull"},{"floor":23,"key":"Runesmith:Locket"}],"event_choices":[{"damage_healed":64,"gold_gain":0,"player_choice":"Embrace","damage_taken":0,"max_hp_gain":0,"max_hp_loss":66,"event_name":"betterThird:BetterShining","floor":3,"gold_loss":0},{"damage_healed":0,"gold_gain":0,"player_choice":"Searched \u00272\u0027 times","damage_taken":0,"relics_obtained":["Meat on the Bone"],"max_hp_gain":0,"max_hp_loss":0,"event_name":"Dead Adventurer","floor":7,"gold_loss":0},{"damage_healed":0,"gold_gain":0,"player_choice":"Shed Blood","damage_taken":19,"max_hp_gain":5,"max_hp_loss":0,"event_name":"Forgotten Altar","floor":20,"gold_loss":0},{"damage_healed":0,"gold_gain":0,"player_choice":"Ignored","damage_taken":0,"max_hp_gain":0,"max_hp_loss":0,"event_name":"Vampires","floor":21,"gold_loss":0}],"is_beta":false,"boss_relics":[{"not_picked":["Coffee Dripper","Velvet Choker"],"picked":"infinitespire:Cupcake"}],"items_purged_floors":[],"is_endless":false,"potions_floor_spawned":[1,5,11,13,14,23],"killed_by":"Book of Stabbing","ascension_level":1}}