{"host":"87fdiiwflhrwsj8a","time":1607574791,"event":{"gold_per_floor":[113,113,113,113,113,147,147,163,163,163,198,211,280,123,123,197,197,216,226,226,245,245,245,245],"floor_reached":23,"playtime":582,"items_purged":[],"score":644,"play_id":"b245df63-bfcd-4253-b42f-2487a604415d","local_time":"20201209233311","is_ascension_mode":true,"campfire_choices":[{"floor":7.0,"key":"REST"},{"data":"Crow Ritual","floor":15.0,"key":"SMITH"},{"data":"infinitespire:Punishment","floor":15.0,"key":"SMITH"}],"neow_cost":"","seed_source_timestamp":129127275135300,"circlet_count":0,"master_deck":["AscendersBane","Strike_B","Strike_B","Strike_B","Strike_B","Defend_B","Defend_B","Defend_B","Defend_B+1","Zap","Dualcast","Rip and Tear+1","Crow Ritual+1","Gash","infinitespire:Punishment+1","Gash","Rebound","Fission"],"special_seed":0,"relics":["Cracked Core","Replay:Arrowhead","Du-Vu Doll","Onion Ring","StuffTheSpire:Gunfinga","aspiration:ChemicalBlood","Replay:Accelerometer","Strawberry","StrikeDummy","Lantern","aspiration:SecretTechniqueScroll","Gremlin Food"],"potions_floor_usage":[23,23,23],"damage_taken":[{"damage":0.0,"enemies":"Cultist","floor":1.0,"turns":2.0},{"damage":0.0,"enemies":"Gremlin Nob","floor":6.0,"turns":2.0},{"damage":0.0,"enemies":"Small Slimes","floor":8.0,"turns":1.0},{"damage":10.0,"enemies":"3 Sentries","floor":11.0,"turns":3.0},{"damage":0.0,"enemies":"2 Louse","floor":12.0,"turns":2.0},{"damage":19.0,"enemies":"The Guardian","floor":16.0,"turns":7.0},{"damage":0.0,"enemies":"Chosen","floor":18.0,"turns":2.0},{"damage":19.0,"enemies":"Shell Parasite","floor":19.0,"turns":3.0},{"damage":0,"enemies":"Snake Plant","floor":21,"turns":1},{"damage":46,"enemies":"Nightmare","floor":23,"turns":4}],"seed_played":"6895824303989733475","potions_obtained":[{"floor":1.0,"key":"LiquidBronze"}],"is_trial":false,"path_per_floor":["M","?","?","$","?","E","R","M","T","?","E","M","T","$","R","B",null,"M","M","?","M","?","NM"],"character_chosen":"DEFECT","items_purchased":["Replay:Arrowhead","Onion Ring","StuffTheSpire:Gunfinga","Rip and Tear","Crow Ritual","Gash","Lantern"],"campfire_rested":1,"item_purchase_floors":[0,0,0,0,0,0,14],"current_hp_per_floor":[22,22,4,4,4,4,25,25,25,35,32,32,32,32,32,13,62,62,43,43,43,43,0,0],"gold":245,"neow_bonus":"","is_prod":false,"is_daily":false,"chose_seed":false,"campfire_upgraded":2,"win_rate":0,"timestamp":1607574791,"path_taken":["M","?","?","$","?","E","R","M","T","?","E","M","?","$","R","BOSS","M","M","?","M","?","NM"],"build_version":"2020-11-30","purchased_purges":0,"victory":false,"max_hp_per_floor":[71,71,71,71,71,71,71,71,71,71,78,78,78,78,78,78,78,78,78,78,78,78,78,78],"card_choices":[{"not_picked":["Panic Button","Glacier","aspiration:Polymerization"],"picked":"SKIP","floor":1.0},{"not_picked":["infinitespire:Fortify","infinitespire:SevenWalls"],"picked":"infinitespire:Punishment","floor":3.0},{"not_picked":["StuffTheSpire:CleanHardDrive","Streamline"],"picked":"Gash","floor":6.0},{"not_picked":["Go for the Eyes","Rebound","Cold Snap"],"picked":"SKIP","floor":8.0},{"not_picked":["Go for the Eyes","Cold Snap"],"picked":"Rebound","floor":8.0},{"not_picked":["Consume","Redo","StuffTheSpire:CleanHardDrive"],"picked":"SKIP","floor":11.0},{"not_picked":["Streamline","Steam Power","Loop"],"picked":"SKIP","floor":12.0},{"not_picked":["ReplayTheSpireMod:Omega Cannon","Electrodynamics"],"picked":"Fission","floor":16.0},{"not_picked":["Fusion","Leap+1","Panic Button"],"picked":"SKIP","floor":18.0},{"not_picked":["Reprogram","StuffTheSpire:Plugnplay","Force Field"],"picked":"SKIP","floor":19.0},{"not_picked":["Conserve Battery","StuffTheSpire:SnapShoot","BasicCrystalCard"],"picked":"SKIP","floor":21}],"player_experience":2515486,"relics_obtained":[{"floor":6.0,"key":"aspiration:ChemicalBlood"},{"floor":9.0,"key":"Replay:Accelerometer"},{"floor":11.0,"key":"Strawberry"},{"floor":13.0,"key":"StrikeDummy"}],"event_choices":[{"damage_healed":0.0,"max_hp_gain":0.0,"max_hp_loss":0.0,"gold_gain":0.0,"event_name":"Living Wall","player_choice":"Grow","floor":2.0,"gold_loss":0.0,"damage_taken":0.0,"cards_upgraded":["Rip and Tear"]},{"damage_healed":0.0,"max_hp_gain":0.0,"max_hp_loss":0.0,"gold_gain":0.0,"event_name":"betterNote:BetterNote","player_choice":"Ignored","floor":20.0,"gold_loss":0.0,"damage_taken":0.0,"cards_obtained":["Defend_B"]},{"damage_healed":0,"gold_gain":0,"player_choice":"Gave Potion","damage_taken":0,"relics_obtained":["Gremlin Food"],"max_hp_gain":0,"max_hp_loss":0,"event_name":"WeMeetAgain","floor":22,"gold_loss":0}],"is_beta":false,"boss_relics":[{"not_picked":["aspiration:RitualDagger","aspiration:BursterCore"],"picked":"aspiration:SecretTechniqueScroll"}],"items_purged_floors":[],"is_endless":false,"potions_floor_spawned":[1,19,21],"killed_by":"Nightmare","ascension_level":20}}