{"host":"pletss163z7s8pvv","time":1607562384,"event":{"gold_per_floor":[114,114,129,129,129,129,159,159,159,174,189,14,14,44,44,144,144,159,159,174,174,189,0,0,0,25,25,25,25,64,79,79,188,188,203,9,68,152,167,167,167,167,176,32,50,0,0,0,0,0],"floor_reached":51,"playtime":1413,"items_purged":[],"score":795,"play_id":"ae5ef662-8677-47c7-b28d-a5a363a03445","local_time":"20201209190624","daily_mods":["Allstar","Vintage","Night Terrors"],"is_ascension_mode":false,"campfire_choices":[{"data":"The Bomb","floor":6,"key":"SMITH"},{"data":"Consecrate","floor":8,"key":"SMITH"},{"data":"CutThroughFate","floor":13,"key":"SMITH"},{"data":"Judgement","floor":15,"key":"SMITH"},{"floor":24,"key":"REST"},{"data":"Wish","floor":27,"key":"SMITH"},{"data":"FollowUp","floor":29,"key":"SMITH"},{"data":"Prostrate","floor":32,"key":"SMITH"},{"data":"Omniscience","floor":40,"key":"SMITH"},{"data":"FollowUp","floor":42,"key":"SMITH"},{"data":"Mind Blast","floor":47,"key":"SMITH"},{"floor":49,"key":"REST"}],"neow_cost":"","seed_source_timestamp":0,"circlet_count":0,"master_deck":["Strike_P","Strike_P","Strike_P","Defend_P","Defend_P","Defend_P","Defend_P","Eruption+1","Vigilance","Master of Strategy","The Bomb+1","Bandage Up+1","Apotheosis+1","Secret Technique","Consecrate+1","CutThroughFate+1","Judgement+1","Wish+1","Shame","FollowUp+1","Parasite","Prostrate+1","Omniscience+1","FollowUp+1","BowlingBash","Pain","Pain","Mind Blast+1","WreathOfFlame","Prostrate","Madness","Madness"],"special_seed":18606,"relics":["PureWater","Boot","Bronze Scales","GoldenEye","Darkstone Periapt","Smiling Mask","Eternal Feather","Toolbox","Torii","Cursed Key","Frozen Egg 2","Ornamental Fan","Peace Pipe","Potion Belt","Juzu Bracelet","CeramicFish","Pantograph","SacredBark","Meat on the Bone","Lee\u0027s Waffle","Du-Vu Doll","Bottled Flame","Gremlin Horn","StrikeDummy","Red Mask"],"potions_floor_usage":[16,16,33,33,48,50,50,50,50,50,50,50],"damage_taken":[{"damage":11,"enemies":"Cultist","floor":1,"turns":4},{"damage":1,"enemies":"2 Louse","floor":3,"turns":2},{"damage":0,"enemies":"Lagavulin","floor":7,"turns":4},{"damage":3,"enemies":"Jaw Worm","floor":10,"turns":3},{"damage":0,"enemies":"Blue Slaver","floor":11,"turns":4},{"damage":32,"enemies":"Gremlin Nob","floor":14,"turns":4},{"damage":26,"enemies":"The Guardian","floor":16,"turns":7},{"damage":20,"enemies":"Chosen","floor":18,"turns":2},{"damage":16,"enemies":"Shell Parasite","floor":20,"turns":3},{"damage":44,"enemies":"Shelled Parasite and Fungi","floor":22,"turns":3},{"damage":25,"enemies":"Slavers","floor":30,"turns":5},{"damage":0,"enemies":"Snake Plant","floor":31,"turns":2},{"damage":73,"enemies":"Automaton","floor":33,"turns":8},{"damage":29,"enemies":"Orb Walker","floor":35,"turns":4},{"damage":16,"enemies":"Mind Bloom Boss Battle","floor":37,"turns":5},{"damage":26,"enemies":"3 Darklings","floor":39,"turns":3},{"damage":57,"enemies":"Giant Head","floor":48,"turns":7},{"damage":109,"enemies":"Time Eater","floor":50,"turns":6}],"seed_played":"8996604888150855735","potions_obtained":[{"floor":1,"key":"EssenceOfSteel"},{"floor":3,"key":"StancePotion"},{"floor":14,"key":"Ambrosia"},{"floor":16,"key":"SmokeBomb"},{"floor":18,"key":"BlessingOfTheForge"},{"floor":31,"key":"LiquidMemories"},{"floor":35,"key":"Energy Potion"},{"floor":39,"key":"EntropicBrew"}],"is_trial":false,"path_per_floor":["M","?","M","?","?","R","E","R","T","M","M","$","R","E","R","B",null,"M","?","M","?","M","?","R","$","T","R","$","R","E","M","R","B",null,"M","$","?","T","M","R","?","R","T","$","?","?","R","E","R","B",null],"character_chosen":"WATCHER","items_purchased":["Toolbox","CutThroughFate","Lee\u0027s Waffle","FollowUp","Mind Blast","WreathOfFlame","Prostrate"],"campfire_rested":2,"item_purchase_floors":[12,12,36,36,44,44,44],"current_hp_per_floor":[62,62,67,53,53,53,53,53,53,56,62,62,71,45,54,34,72,52,58,42,42,4,4,73,73,79,79,79,79,60,60,72,6,79,56,86,70,76,50,65,65,80,86,86,74,74,92,53,93,53],"gold":0,"neow_bonus":"","is_prod":false,"is_daily":true,"chose_seed":false,"campfire_upgraded":10,"win_rate":0,"timestamp":1607562384,"path_taken":["M","?","M","?","?","R","E","R","T","M","M","$","R","E","R","BOSS","M","?","M","?","M","?","R","?","T","R","$","R","E","M","R","BOSS","M","$","?","?","M","R","?","R","T","$","?","?","R","E","R","BOSS"],"build_version":"2020-11-30","purchased_purges":0,"victory":true,"max_hp_per_floor":[72,72,72,72,72,72,72,72,72,72,72,72,72,72,72,72,72,72,78,78,78,78,78,73,73,79,79,79,79,79,79,79,79,79,79,86,86,92,92,92,92,92,98,98,98,98,98,98,93,93],"card_choices":[{"not_picked":["FlurryOfBlows","Collect"],"picked":"Consecrate","floor":7},{"not_picked":["DeusExMachina","PathToVictory"],"picked":"Judgement","floor":14},{"not_picked":["SpiritShield","Brilliance"],"picked":"Wish","floor":16},{"not_picked":["CutThroughFate+1","Swivel+1"],"picked":"Prostrate","floor":30},{"not_picked":["Vault","DeusExMachina"],"picked":"Omniscience","floor":33},{"not_picked":["Collect+1","EmptyMind+1"],"picked":"BowlingBash","floor":37}],"player_experience":373300,"relics_obtained":[{"floor":1,"key":"Boot"},{"floor":3,"key":"Bronze Scales"},{"floor":7,"key":"GoldenEye"},{"floor":9,"key":"Darkstone Periapt"},{"floor":10,"key":"Smiling Mask"},{"floor":11,"key":"Eternal Feather"},{"floor":14,"key":"Torii"},{"floor":18,"key":"Frozen Egg 2"},{"floor":20,"key":"Peace Pipe"},{"floor":22,"key":"Potion Belt"},{"floor":26,"key":"Juzu Bracelet"},{"floor":30,"key":"CeramicFish"},{"floor":31,"key":"Pantograph"},{"floor":35,"key":"Meat on the Bone"},{"floor":37,"key":"Du-Vu Doll"},{"floor":38,"key":"Bottled Flame"},{"floor":39,"key":"Gremlin Horn"},{"floor":43,"key":"StrikeDummy"}],"event_choices":[{"damage_healed":0,"gold_gain":0,"player_choice":"Ignored","damage_taken":0,"max_hp_gain":0,"max_hp_loss":0,"event_name":"Golden Wing","floor":2,"gold_loss":0},{"damage_healed":0,"gold_gain":0,"player_choice":"Entered Light","damage_taken":14,"max_hp_gain":0,"max_hp_loss":0,"event_name":"Shining Light","floor":4,"gold_loss":0,"cards_upgraded":["Bandage Up","Apotheosis"]},{"damage_healed":0,"gold_gain":0,"player_choice":"Grow","damage_taken":0,"max_hp_gain":0,"max_hp_loss":0,"event_name":"Living Wall","floor":5,"gold_loss":0,"cards_upgraded":["Eruption"]},{"damage_healed":0,"gold_gain":0,"player_choice":"Stole Relic","damage_taken":0,"relics_obtained":["Ornamental Fan"],"max_hp_gain":0,"max_hp_loss":0,"event_name":"Addict","floor":19,"gold_loss":0,"cards_obtained":["Shame"]},{"damage_healed":0,"gold_gain":0,"player_choice":"Read","damage_taken":0,"max_hp_gain":0,"max_hp_loss":0,"event_name":"The Library","floor":21,"gold_loss":0,"cards_obtained":["FollowUp"]},{"damage_healed":0,"gold_gain":0,"player_choice":"Paid Fearfully","damage_taken":0,"max_hp_gain":0,"max_hp_loss":0,"event_name":"Masked Bandits","floor":23,"gold_loss":189},{"damage_healed":0,"gold_gain":0,"player_choice":"Fight","damage_taken":0,"max_hp_gain":0,"max_hp_loss":0,"event_name":"MindBloom","floor":37,"gold_loss":0},{"cards_removed":["Strike_P"],"damage_healed":0,"gold_gain":0,"player_choice":"Removed Attack","damage_taken":0,"max_hp_gain":0,"max_hp_loss":0,"event_name":"Falling","floor":41,"gold_loss":0},{"damage_healed":0,"gold_gain":0,"player_choice":"Embrace Madness","damage_taken":12,"max_hp_gain":0,"max_hp_loss":0,"event_name":"Winding Halls","floor":45,"gold_loss":0,"cards_obtained":["Madness","Madness"]},{"damage_healed":0,"gold_gain":0,"player_choice":"Paid","damage_taken":0,"relics_obtained":["Red Mask"],"max_hp_gain":0,"max_hp_loss":0,"event_name":"Tomb of Lord Red Mask","floor":46,"gold_loss":50}],"is_beta":false,"boss_relics":[{"not_picked":["Runic Dome","Black Star"],"picked":"Cursed Key"},{"not_picked":["VioletLotus","Astrolabe"],"picked":"SacredBark"}],"items_purged_floors":[],"is_endless":false,"potions_floor_spawned":[1,3,14,16,18,30,31,35,39],"ascension_level":0}}