{"host":"2hea6pl5vmah38iy","time":1607581054,"event":{"gold_per_floor":[115,125,125,125,125,156,170,181,181,210,210,17,17,17,17,145,145,159,177,190,213,236,236,151,76,144,179,179,212,212,14,14,139,139,152,485,530,530,543,572,572,296,296,296,331,341,1,14,14,14,14,14,14,43,43,43],"floor_reached":55,"playtime":3640,"items_purged":["Defend_B","Defend_B","Defend_B","Strike_B"],"score":1299,"play_id":"0ba87cca-a60f-4781-b572-ba0d0b69f9c6","local_time":"20201210151734","is_ascension_mode":true,"campfire_choices":[{"floor":11.0,"key":"REST"},{"floor":15.0,"key":"REST"},{"data":"Dualcast","floor":23.0,"key":"SMITH"},{"floor":28.0,"key":"REST"},{"data":"Machine Learning","floor":32.0,"key":"SMITH"},{"floor":41,"key":"REST"},{"floor":44,"key":"REST"},{"floor":49,"key":"RECALL"},{"data":"Go for the Eyes","floor":52,"key":"SMITH"}],"neow_cost":"NONE","seed_source_timestamp":16029205473800,"circlet_count":0,"master_deck":["AscendersBane","Strike_B+1","Strike_B","Strike_B+1","Zap+1","Dualcast+1","Sweeping Beam+1","Go for the Eyes+1","Seek+1","Barrage+1","Cold Snap+1","Multi-Cast+1","FTL+1","Auto Shields+1","Meteor Strike+1","Turbo+1","BootSequence+1","Chaos+1","Machine Learning+1","Undo+1","Skim+1","Steam Power+1","Purity+1","Electrodynamics+1","Compile Driver+1","Steam+1","Compile Driver+1","Reboot+1","Coolheaded+1","Machine Learning"],"special_seed":0,"relics":["Cracked Core","NeowsBlessing","Toxic Egg 2","Molten Egg 2","StrikeDummy","Pen Nib","Nuclear Battery","Lantern","Pantograph","Bottled Lightning","Whetstone","SlaversCollar","WingedGreaves","Blood Vial","Art of War","DataDisk","Bird Faced Urn"],"potions_floor_usage":[40,40,55],"damage_taken":[{"damage":0.0,"enemies":"Jaw Worm","floor":1.0,"turns":1.0},{"damage":0.0,"enemies":"2 Louse","floor":2.0,"turns":1.0},{"damage":0.0,"enemies":"3 Sentries","floor":6.0,"turns":1.0},{"damage":0.0,"enemies":"Small Slimes","floor":7.0,"turns":2.0},{"damage":0.0,"enemies":"2 Fungi Beasts","floor":8.0,"turns":2.0},{"damage":31.0,"enemies":"Gremlin Nob","floor":10.0,"turns":4.0},{"damage":33.0,"enemies":"The Guardian","floor":16.0,"turns":11.0},{"damage":11.0,"enemies":"3 Byrds","floor":18.0,"turns":3.0},{"damage":6.0,"enemies":"Chosen","floor":19.0,"turns":3.0},{"damage":0.0,"enemies":"Snake Plant","floor":20.0,"turns":2.0},{"damage":0.0,"enemies":"Snecko","floor":21.0,"turns":3.0},{"damage":15.0,"enemies":"Shelled Parasite and Fungi","floor":22.0,"turns":4.0},{"damage":18.0,"enemies":"Book of Stabbing","floor":27.0,"turns":5.0},{"damage":0.0,"enemies":"Gremlin Leader","floor":29.0,"turns":6.0},{"damage":3.0,"enemies":"Champ","floor":33.0,"turns":8.0},{"damage":0.0,"enemies":"Orb Walker","floor":35.0,"turns":1.0},{"damage":37.0,"enemies":"2 Orb Walkers","floor":37.0,"turns":4.0},{"damage":0,"enemies":"3 Darklings","floor":39,"turns":2},{"damage":32,"enemies":"Giant Head","floor":40,"turns":7},{"damage":15,"enemies":"Reptomancer","floor":45,"turns":4},{"damage":0,"enemies":"Sphere and 2 Shapes","floor":46,"turns":2},{"damage":0,"enemies":"4 Shapes","floor":48,"turns":1},{"damage":24,"enemies":"Awakened One","floor":50,"turns":7},{"damage":23,"enemies":"Shield and Spear","floor":54,"turns":4},{"damage":93,"enemies":"The Heart","floor":55,"turns":3}],"seed_played":"2412397490266980394","potions_obtained":[{"floor":2.0,"key":"Dexterity Potion"},{"floor":10.0,"key":"Dexterity Potion"},{"floor":16.0,"key":"PowerPotion"},{"floor":18.0,"key":"AttackPotion"},{"floor":22.0,"key":"Weak Potion"},{"floor":29.0,"key":"Regen Potion"},{"floor":37.0,"key":"Energy Potion"},{"floor":39,"key":"DuplicationPotion"},{"floor":46,"key":"LiquidBronze"}],"is_trial":false,"path_per_floor":["M","M","?","?","?","E","M","M","T","E","R","$","?","?","R","B",null,"M","M","M","M","M","R","?","?","T","E","R","E","?","$","R","B",null,"M","?","?","?","M","E","R","$","T","R","E","M","$","M","R","B",null,"R","$","E","B"],"character_chosen":"DEFECT","items_purchased":["FTL+1","Auto Shields+1","Purity+1","Art of War","Reboot+1","Coolheaded+1"],"campfire_rested":5,"item_purchase_floors":[12,12,31,42,47,47],"current_hp_per_floor":[68,68,68,56,41,41,41,41,41,10,32,32,37,17,41,8,62,51,45,45,45,30,30,30,30,30,12,36,36,21,21,21,58,78,78,78,41,41,41,9,34,34,34,59,46,48,48,50,50,53,77,77,77,56,0,0],"gold":43,"neow_bonus":"THREE_ENEMY_KILL","is_prod":false,"is_daily":false,"chose_seed":false,"campfire_upgraded":3,"win_rate":0,"timestamp":1607581054,"path_taken":["M","M","?","?","?","E","M","M","T","E","R","$","?","?","R","BOSS","M","M","M","M","M","R","?","?","T","E","R","E","?","$","R","BOSS","M","?","?","?","?","E","R","$","T","R","E","?","$","M","R","BOSS","R","$","E","BOSS"],"build_version":"2020-11-30","purchased_purges":4,"victory":false,"max_hp_per_floor":[75,75,75,75,75,75,75,75,75,75,75,75,80,80,80,80,80,80,80,80,80,80,80,80,80,80,80,80,80,85,85,85,85,85,85,85,85,85,85,85,85,85,85,85,85,85,85,85,85,85,85,85,85,85,85,85],"card_choices":[{"not_picked":["Rip and Tear","Beam Cell"],"picked":"Sweeping Beam","floor":1.0},{"not_picked":["Conserve Battery","Static Discharge"],"picked":"Go for the Eyes","floor":2.0},{"not_picked":["Heatsinks","Compile Driver+1"],"picked":"Seek+1","floor":6.0},{"not_picked":["Redo+1","Steam Power+1"],"picked":"Barrage+1","floor":7.0},{"not_picked":["Streamline+1","Gash+1"],"picked":"Cold Snap+1","floor":8.0},{"not_picked":["Stack+1","Beam Cell+1"],"picked":"Multi-Cast+1","floor":10.0},{"not_picked":["Seek+1","Creative AI"],"picked":"Meteor Strike+1","floor":16.0},{"not_picked":["Steam Power+1","Genetic Algorithm+1"],"picked":"Turbo+1","floor":18.0},{"not_picked":["Steam+1","Streamline+1"],"picked":"BootSequence+1","floor":19.0},{"not_picked":["Leap+1","Conserve Battery+1"],"picked":"Chaos+1","floor":20.0},{"not_picked":["Beam Cell+1","Leap+1"],"picked":"Machine Learning","floor":21.0},{"not_picked":["Genetic Algorithm+1","Beam Cell+1"],"picked":"Undo+1","floor":22.0},{"not_picked":["Streamline+1","Auto Shields+1"],"picked":"Skim+1","floor":27.0},{"not_picked":["Double Energy+1","Loop"],"picked":"Steam Power+1","floor":29.0},{"not_picked":["Buffer","Seek+1"],"picked":"Electrodynamics","floor":33.0},{"not_picked":["Reinforced Body+1","Rebound+1"],"picked":"Compile Driver+1","floor":35.0},{"not_picked":["Chill+1","Gash+1"],"picked":"Steam+1","floor":37.0},{"not_picked":["Barrage+1","Steam+1","Ball Lightning+1"],"picked":"SKIP","floor":39},{"not_picked":["Sweeping Beam+1","Heatsinks","Conserve Battery+1"],"picked":"SKIP","floor":40},{"not_picked":["Sweeping Beam+1","Beam Cell+1"],"picked":"Compile Driver+1","floor":45},{"not_picked":["Sweeping Beam+1","Rebound+1","Storm"],"picked":"SKIP","floor":46},{"not_picked":["Conserve Battery+1","Blizzard+1"],"picked":"Machine Learning","floor":48},{"not_picked":["Fusion+1","BootSequence+1","Auto Shields+1"],"picked":"SKIP","floor":54}],"player_experience":387788,"relics_obtained":[{"floor":6.0,"key":"Molten Egg 2"},{"floor":9.0,"key":"StrikeDummy"},{"floor":10.0,"key":"Pen Nib"},{"floor":26.0,"key":"Pantograph"},{"floor":27.0,"key":"Bottled Lightning"},{"floor":29.0,"key":"Whetstone"},{"floor":37.0,"key":"WingedGreaves"},{"floor":40,"key":"Blood Vial"},{"floor":45,"key":"DataDisk"},{"floor":54,"key":"Bird Faced Urn"}],"event_choices":[{"damage_healed":0.0,"max_hp_gain":0.0,"max_hp_loss":0.0,"gold_gain":0.0,"event_name":"Liars Game","player_choice":"Ignored","floor":3.0,"gold_loss":0.0,"damage_taken":0.0},{"damage_healed":0.0,"max_hp_gain":0.0,"max_hp_loss":0.0,"gold_gain":0.0,"event_name":"Scrap Ooze","player_choice":"Success","floor":4.0,"gold_loss":0.0,"damage_taken":12.0,"relics_obtained":["Toxic Egg 2"]},{"damage_healed":0.0,"max_hp_gain":0.0,"max_hp_loss":0.0,"gold_gain":0.0,"event_name":"Shining Light","player_choice":"Entered Light","floor":5.0,"gold_loss":0.0,"damage_taken":15.0,"cards_upgraded":["Zap","Strike_B"]},{"damage_healed":0.0,"max_hp_gain":5.0,"max_hp_loss":0.0,"gold_gain":0.0,"event_name":"Big Fish","player_choice":"Donut","floor":13.0,"gold_loss":0.0,"damage_taken":0.0},{"damage_healed":0.0,"max_hp_gain":0.0,"max_hp_loss":0.0,"gold_gain":0.0,"event_name":"Golden Idol","player_choice":"Take Damage","floor":14.0,"gold_loss":0.0,"damage_taken":20.0,"relics_obtained":["Golden Idol"]},{"damage_healed":0.0,"max_hp_gain":0.0,"max_hp_loss":0.0,"gold_gain":0.0,"event_name":"Addict","player_choice":"Obtained Relic","floor":24.0,"gold_loss":85.0,"damage_taken":0.0,"relics_obtained":["Lantern"]},{"cards_removed":["Defend_B"],"damage_healed":0.0,"max_hp_gain":0.0,"max_hp_loss":0.0,"gold_gain":0.0,"event_name":"Beggar","player_choice":"Gave Gold","floor":25.0,"gold_loss":75.0,"damage_taken":0.0},{"damage_healed":0.0,"max_hp_gain":5.0,"max_hp_loss":0.0,"gold_gain":0.0,"event_name":"Forgotten Altar","player_choice":"Shed Blood","floor":30.0,"gold_loss":0.0,"damage_taken":20.0},{"damage_healed":0.0,"max_hp_gain":0.0,"max_hp_loss":0.0,"gold_gain":333.0,"event_name":"The Moai Head","player_choice":"Gave Idol","floor":36.0,"relics_lost":["Golden Idol"],"gold_loss":0.0,"damage_taken":0.0},{"damage_healed":0.0,"max_hp_gain":0.0,"max_hp_loss":0.0,"gold_gain":0.0,"event_name":"Mysterious Sphere","player_choice":"Fight","floor":37.0,"gold_loss":0.0,"damage_taken":0.0},{"damage_healed":0.0,"max_hp_gain":0.0,"max_hp_loss":0.0,"gold_gain":0.0,"event_name":"Accursed Blacksmith","player_choice":"Forge","floor":38.0,"gold_loss":0.0,"damage_taken":0.0,"cards_upgraded":["Electrodynamics"]}],"is_beta":false,"boss_relics":[{"not_picked":["SacredBark","Philosopher\u0027s Stone"],"picked":"Nuclear Battery"},{"not_picked":["Busted Crown","Velvet Choker"],"picked":"SlaversCollar"}],"items_purged_floors":[12,31,42,47],"is_endless":false,"potions_floor_spawned":[2,10,16,18,20,22,29,37,39,46],"killed_by":"The Heart","ascension_level":12}}