{"host":"aeidq2c3auzxo1yh","time":1607566037,"event":{"gold_per_floor":[119,119,138,149,149,149,179,191,227,271,358,398,425,437,449,539,551,580,592,637,649,649],"floor_reached":21,"playtime":1118,"items_purged":[],"score":419,"play_id":"dc8e109a-d5ea-4f03-a226-11447ed68051","local_time":"20201210070717","is_ascension_mode":true,"campfire_choices":[{"data":"Inflame","floor":6,"key":"SMITH"},{"data":"Heavy Blade","floor":8,"key":"SMITH"},{"data":"Disarm","floor":15,"key":"SMITH"}],"neow_cost":"NONE","seed_source_timestamp":3079569350362600,"circlet_count":0,"master_deck":["AscendersBane","Defend_R","Defend_R","Defend_R","Defend_R","Bash","Forethought","Inflame+1","Shockwave","Heavy Blade+1","Shrug It Off","Dropkick","Whirlwind","Disarm+1","Double Tap","Shrug It Off","Bite","Bite","Bite","Bite","Bite"],"relics":["Burning Blood","MawBank","Lantern","Gambling Chip","Toy Ornithopter","Empty Cage","Red Mask"],"potions_floor_usage":[7,7,14,16],"damage_taken":[{"damage":3,"enemies":"2 Louse","floor":1,"turns":3},{"damage":6,"enemies":"Cultist","floor":3,"turns":3},{"damage":7,"enemies":"Jaw Worm","floor":4,"turns":4},{"damage":20,"enemies":"3 Sentries","floor":7,"turns":9},{"damage":24,"enemies":"Gremlin Nob","floor":10,"turns":4},{"damage":22,"enemies":"Lagavulin","floor":12,"turns":6},{"damage":3,"enemies":"Looter","floor":13,"turns":2},{"damage":0,"enemies":"Exordium Wildlife","floor":14,"turns":1},{"damage":3,"enemies":"Hexaghost","floor":16,"turns":9},{"damage":0,"enemies":"3 Byrds","floor":18,"turns":5},{"damage":64,"enemies":"Masked Bandits","floor":20,"turns":7},{"damage":18,"enemies":"Spheric Guardian","floor":21,"turns":3}],"seed_played":"-8101138561606525032","potions_obtained":[{"floor":3,"key":"Block Potion"},{"floor":4,"key":"DistilledChaos"},{"floor":7,"key":"SmokeBomb"},{"floor":13,"key":"DuplicationPotion"},{"floor":20,"key":"SteroidPotion"}],"is_trial":false,"path_per_floor":["M","?","M","M","?","R","E","R","T","E","?","E","M","M","R","B",null,"M","?","?","M"],"character_chosen":"IRONCLAD","items_purchased":[],"campfire_rested":0,"item_purchase_floors":[],"current_hp_per_floor":[71,71,71,70,75,75,61,61,61,43,32,16,19,30,30,38,70,76,56,10,0,0],"gold":649,"neow_bonus":"RANDOM_COLORLESS","is_prod":false,"is_daily":false,"chose_seed":false,"campfire_upgraded":3,"win_rate":0,"timestamp":1607566037,"path_taken":["M","?","M","?","?","R","E","R","T","E","?","E","M","M","R","BOSS","M","?","?","?"],"build_version":"2020-11-30","purchased_purges":0,"victory":false,"max_hp_per_floor":[75,75,75,75,80,80,80,80,80,80,80,80,80,80,80,80,80,80,56,56,56,56],"relic_stats":{"counters":[12,56],"Gambling Chip":[20],"MawBank":168,"obtain_stats":[{"Lantern":9,"Gambling Chip":10,"Red Mask":20,"MawBank":7,"Empty Cage":17,"Burning Blood":0,"Toy Ornithopter":12},{"Lantern":4,"Gambling Chip":5,"Red Mask":11,"MawBank":4,"Empty Cage":9,"Burning Blood":0,"Toy Ornithopter":6},{"Lantern":19,"Gambling Chip":23,"Red Mask":53,"MawBank":19,"Empty Cage":41,"Burning Blood":0,"Toy Ornithopter":29}],"Burning Blood":66,"Toy Ornithopter":10},"card_choices":[{"not_picked":["Dramatic Entrance","Impatience"],"picked":"Forethought","floor":0},{"not_picked":["Dark Embrace","Entrench"],"picked":"Inflame","floor":1},{"not_picked":["Body Slam","Entrench"],"picked":"Shockwave","floor":3},{"not_picked":["Armaments","Dropkick"],"picked":"Heavy Blade","floor":4},{"not_picked":["Warcry","Clash"],"picked":"Shrug It Off","floor":7},{"not_picked":["Headbutt","Feel No Pain"],"picked":"Dropkick","floor":10},{"not_picked":["Body Slam","Fiend Fire"],"picked":"Whirlwind","floor":12},{"not_picked":["Inflame","Evolve"],"picked":"Disarm","floor":13},{"not_picked":["Offering","Corruption"],"picked":"Double Tap","floor":16},{"not_picked":["Perfected Strike","Thunderclap"],"picked":"Shrug It Off","floor":18}],"player_experience":819749,"relics_obtained":[{"floor":7,"key":"MawBank"},{"floor":9,"key":"Lantern"},{"floor":10,"key":"Gambling Chip"},{"floor":12,"key":"Toy Ornithopter"},{"floor":20,"key":"Red Mask"}],"event_choices":[{"cards_removed":["Strike_R"],"damage_healed":0,"gold_gain":0,"player_choice":"Offered Basic","damage_taken":0,"max_hp_gain":0,"max_hp_loss":0,"event_name":"Bonfire Elementals","floor":2,"gold_loss":0},{"damage_healed":0,"gold_gain":0,"player_choice":"Donut","damage_taken":0,"max_hp_gain":5,"max_hp_loss":0,"event_name":"Big Fish","floor":5,"gold_loss":0},{"damage_healed":0,"gold_gain":75,"player_choice":"Gather Gold","damage_taken":11,"max_hp_gain":0,"max_hp_loss":0,"event_name":"World of Goop","floor":11,"gold_loss":0},{"damage_healed":0,"gold_gain":0,"player_choice":"Became a vampire","damage_taken":0,"max_hp_gain":0,"max_hp_loss":24,"event_name":"Vampires","floor":19,"gold_loss":0,"cards_obtained":["Bite","Bite","Bite","Bite","Bite"]},{"damage_healed":0,"gold_gain":0,"player_choice":"Fought Bandits","damage_taken":0,"max_hp_gain":0,"max_hp_loss":0,"event_name":"Masked Bandits","floor":20,"gold_loss":0}],"is_beta":false,"boss_relics":[{"not_picked":["Runic Cube","Calling Bell"],"picked":"Empty Cage"}],"items_purged_floors":[],"is_endless":false,"potions_floor_spawned":[3,4,7,13,14,20],"killed_by":"Spheric Guardian","ascension_level":20}}