{"host":"11728qvdvolffudn","time":1607620466,"event":{"mods":["BaseMod","Block Reminder","Colored Powertips","Minty Spire (QoL Compilation)","Permanent Neow","Quick Restart","Rare Cards Sparkle","Relic Stats","Highlight Path","Custom Start","Displayed Cursed Tome"],"gold_per_floor":[118,68,15,15,15,15,25,37,37,37,37,37,37,37],"floor_reached":13,"playtime":296,"items_purged":[],"score":71,"play_id":"4679efce-29aa-42b5-87f8-236fc53ff362","local_time":"20201210171426","is_ascension_mode":false,"campfire_choices":[{"data":"Flex","floor":10,"key":"SMITH"},{"data":"Flex","floor":12,"key":"SMITH"}],"circlet_count":0,"master_deck":["Strike_R","Strike_R","Strike_R","Defend_R","Defend_R","Defend_R","Defend_R","Bash","Flex+1","Flex+1","Pain"],"relics":["Burning Blood","Ginger","WarpedTongs","Orichalcum"],"acts_visited":["Exordium"],"potions_floor_usage":[13],"damage_taken":[{"damage":2,"enemies":"2 Louse","floor":1,"turns":3},{"damage":11,"enemies":"Jaw Worm","floor":7,"turns":3},{"damage":7,"enemies":"Small Slimes","floor":8,"turns":3},{"damage":14,"enemies":"3 Sentries","floor":13,"turns":3}],"seed_played":"3166383049417220466","potions_obtained":[{"floor":7,"key":"SpeedPotion"},{"floor":8,"key":"Explosive Potion"}],"is_trial":false,"path_per_floor":["M","?","$","?","?","$","M","M","T","R","$","R","E"],"character_chosen":"IRONCLAD","items_purchased":["Flex"],"campfire_rested":0,"item_purchase_floors":[3],"current_hp_per_floor":[80,80,80,62,62,62,57,56,56,56,56,56,42,42],"gold":37,"neow_bonus":"TRANSFORM_CARD","is_daily":false,"chose_seed":false,"campfire_upgraded":2,"win_rate":0,"timestamp":1607620466,"path_taken":["M","?","$","?","?","$","?","M","T","R","$","R","E"],"build_version":"2020-11-30","purchased_purges":0,"victory":false,"max_hp_per_floor":[80,80,80,80,80,80,80,80,80,80,80,80,80,80],"relic_stats":{"counters":[4,12],"Ginger":[1],"Orichalcum":[0],"obtain_stats":[{"Ginger":4,"Orichalcum":9,"Burning Blood":0,"WarpedTongs":5},{"Ginger":1,"Orichalcum":3,"Burning Blood":0,"WarpedTongs":1},{"Ginger":3,"Orichalcum":9,"Burning Blood":0,"WarpedTongs":3}],"Burning Blood":14,"WarpedTongs":[9]},"card_choices":[{"not_picked":["Headbutt","True Grit","Twin Strike"],"picked":"SKIP","floor":1},{"not_picked":["Intimidate","Headbutt","Clothesline"],"picked":"SKIP","floor":7},{"not_picked":["Wild Strike","Twin Strike","Anger"],"picked":"SKIP","floor":8}],"player_experience":112868,"relics_obtained":[{"floor":9,"key":"Orichalcum"}],"event_choices":[{"cards_removed":["Strike_R"],"damage_healed":0,"gold_gain":0,"player_choice":"Card Removal","damage_taken":0,"max_hp_gain":0,"max_hp_loss":0,"event_name":"The Cleric","floor":2,"gold_loss":50},{"damage_healed":0,"gold_gain":0,"player_choice":"Success","damage_taken":18,"relics_obtained":["Ginger"],"max_hp_gain":0,"max_hp_loss":0,"event_name":"Scrap Ooze","floor":4,"gold_loss":0},{"damage_healed":0,"gold_gain":0,"player_choice":"Rummage","damage_taken":0,"relics_obtained":["WarpedTongs"],"max_hp_gain":0,"max_hp_loss":0,"event_name":"Accursed Blacksmith","floor":5,"gold_loss":0,"cards_obtained":["Pain"]}],"is_beta":false,"boss_relics":[],"items_purged_floors":[],"is_endless":false,"potions_floor_spawned":[7,8],"killed_by":"3 Sentries","ascension_level":0}}