{"host":"brlhu57vzmgrzvkq","time":1607567895,"event":{"gold_per_floor":[109,109,125,144,155,180,180,198,225,248,213,238,252,57,57,160,160,144,243,255,267,0,0,0,0,0,0,0],"floor_reached":27,"playtime":698,"items_purged":["Strike_B"],"score":245,"play_id":"623ccd37-5327-45d5-a294-bb2f677c6bba","local_time":"20201209193815","is_ascension_mode":true,"campfire_choices":[{"floor":7.0,"key":"REST"},{"floor":15.0,"key":"REST"},{"floor":23,"key":"REST"},{"floor":25,"key":"REST"}],"neow_cost":"NONE","seed_source_timestamp":751225249025400,"circlet_count":0,"master_deck":["Strike_B","Strike_B","Defend_B","Defend_B","Defend_B+1","Zap+1","Dualcast","Gash","Undo","Compile Driver","Hologram","Barrage","Leap","Gash","Reinforced Body","Defragment","Machine Learning","Hologram+1","Rebound"],"special_seed":0,"relics":["Cracked Core","Lantern","Smiling Mask","Nunchaku","Strawberry","Centennial Puzzle","War Paint","Empty Cage","Anchor"],"potions_floor_usage":[27],"damage_taken":[{"damage":9.0,"enemies":"Jaw Worm","floor":1.0,"turns":4.0},{"damage":5.0,"enemies":"Small Slimes","floor":3.0,"turns":3.0},{"damage":0.0,"enemies":"2 Louse","floor":4.0,"turns":2.0},{"damage":14.0,"enemies":"Exordium Wildlife","floor":5.0,"turns":4.0},{"damage":36.0,"enemies":"3 Sentries","floor":6.0,"turns":7.0},{"damage":1.0,"enemies":"Red Slaver","floor":8.0,"turns":3.0},{"damage":35.0,"enemies":"Lagavulin","floor":12.0,"turns":9.0},{"damage":0.0,"enemies":"Exordium Thugs","floor":13.0,"turns":6.0},{"damage":20.0,"enemies":"The Guardian","floor":16.0,"turns":11.0},{"damage":22.0,"enemies":"2 Thieves","floor":18.0,"turns":4.0},{"damage":2.0,"enemies":"Chosen","floor":20.0,"turns":5.0},{"damage":30.0,"enemies":"Centurion and Healer","floor":21.0,"turns":6.0},{"damage":62,"enemies":"Gremlin Leader","floor":27,"turns":7}],"seed_played":"-2653567833714340058","potions_obtained":[{"floor":1.0,"key":"FearPotion"},{"floor":3.0,"key":"Fire Potion"},{"floor":4.0,"key":"FearPotion"},{"floor":6.0,"key":"GamblersBrew"},{"floor":13.0,"key":"Fire Potion"},{"floor":21.0,"key":"Energy Potion"}],"is_trial":false,"path_per_floor":["M","?","M","M","M","E","R","M","T","T","?","E","M","$","R","B",null,"M","?","M","M","?","R","?","R","T","E"],"character_chosen":"DEFECT","items_purchased":["War Paint"],"campfire_rested":4,"item_purchase_floors":[14],"current_hp_per_floor":[66,63,58,58,44,8,30,29,29,36,36,1,1,1,25,5,82,60,60,58,28,28,52,36,62,62,0,0],"gold":0,"neow_bonus":"THREE_CARDS","is_prod":false,"is_daily":false,"chose_seed":false,"campfire_upgraded":0,"win_rate":0,"timestamp":1607567895,"path_taken":["M","?","M","M","M","E","R","M","T","?","?","E","M","?","R","BOSS","M","?","M","M","?","R","?","R","T","E"],"build_version":"2020-11-30","purchased_purges":1,"victory":false,"max_hp_per_floor":[75,75,75,75,75,75,75,75,75,82,82,82,82,82,82,82,82,82,82,82,82,82,82,87,87,87,87,87],"card_choices":[{"not_picked":["Stack","Hologram"],"picked":"Gash","floor":0.0},{"not_picked":["Turbo","Tempest"],"picked":"Undo","floor":1.0},{"not_picked":["Storm","Rebound"],"picked":"Compile Driver","floor":3.0},{"not_picked":["Steam Power","Rebound"],"picked":"Hologram","floor":4.0},{"not_picked":["Stack","Steam"],"picked":"Barrage","floor":5.0},{"not_picked":["Barrage","Auto Shields"],"picked":"Leap","floor":6.0},{"not_picked":["Compile Driver","Loop"],"picked":"Gash","floor":8.0},{"not_picked":["Aggregate","Auto Shields"],"picked":"Reinforced Body","floor":12.0},{"not_picked":["Aggregate","Leap"],"picked":"Defragment","floor":13.0},{"not_picked":["Buffer","Amplify"],"picked":"Machine Learning","floor":16.0},{"not_picked":["Blizzard","Ball Lightning+1","Leap"],"picked":"SKIP","floor":18.0},{"not_picked":["Stack+1","Skim"],"picked":"Hologram+1","floor":20.0},{"not_picked":["Beam Cell","Conserve Battery+1"],"picked":"Rebound","floor":21.0}],"player_experience":57073,"relics_obtained":[{"floor":6.0,"key":"Smiling Mask"},{"floor":9.0,"key":"Nunchaku"},{"floor":10.0,"key":"Strawberry"},{"floor":12.0,"key":"Centennial Puzzle"},{"floor":26,"key":"Anchor"}],"event_choices":[{"damage_healed":0.0,"max_hp_gain":0.0,"max_hp_loss":0.0,"gold_gain":0.0,"event_name":"Scrap Ooze","player_choice":"Success","floor":2.0,"gold_loss":0.0,"damage_taken":3.0,"relics_obtained":["Lantern"]},{"damage_healed":0.0,"max_hp_gain":0.0,"max_hp_loss":0.0,"gold_gain":0.0,"event_name":"World of Goop","player_choice":"Left Gold","floor":11.0,"gold_loss":35.0,"damage_taken":0.0},{"damage_healed":0.0,"max_hp_gain":0.0,"max_hp_loss":0.0,"gold_gain":99.0,"event_name":"Nest","player_choice":"Stole From Cult","floor":19.0,"gold_loss":0.0,"damage_taken":0.0},{"damage_healed":0,"gold_gain":0,"player_choice":"Paid Fearfully","damage_taken":0,"max_hp_gain":0,"max_hp_loss":0,"event_name":"Masked Bandits","floor":22,"gold_loss":267},{"damage_healed":0,"gold_gain":0,"player_choice":"Shed Blood","damage_taken":21,"max_hp_gain":5,"max_hp_loss":0,"event_name":"Forgotten Altar","floor":24,"gold_loss":0}],"is_beta":false,"boss_relics":[{"not_picked":["Fusion Hammer","Inserter"],"picked":"Empty Cage"}],"items_purged_floors":[14],"is_endless":false,"potions_floor_spawned":[1,3,4,6,13,21],"killed_by":"Gremlin Leader","ascension_level":2}}