{"host":"y76clbnovzmw9ubx","time":1607560937,"event":{"gold_per_floor":[113,126,146,146,159,200,200,238,238,122,142,177,177,221,221,221,221],"floor_reached":16,"playtime":782,"items_purged":[],"score":260,"play_id":"21f9bae8-06f5-4b8c-9878-2cd4e70256ee","local_time":"20201209194217","is_ascension_mode":true,"campfire_choices":[{"data":"Barrage","floor":7,"key":"SMITH"},{"floor":13,"key":"REST"},{"data":"Cold Snap","floor":15,"key":"SMITH"}],"neow_cost":"NONE","seed_source_timestamp":2800239158857,"circlet_count":0,"master_deck":["AscendersBane","Strike_B","Strike_B","Strike_B","Strike_B","Defend_B","Defend_B","Defend_B","Defend_B","Zap","Dualcast","Genetic Algorithm","Cold Snap","Cold Snap+1","Barrage+1","Undo","Genetic Algorithm+1"],"relics":["Cracked Core","Golden Idol","Singing Bowl","Letter Opener","Pantograph","Shuriken","Toxic Egg 2","The Courier"],"potions_floor_usage":[6,12,14,16],"damage_taken":[{"damage":1,"enemies":"Cultist","floor":1,"turns":3},{"damage":7,"enemies":"Jaw Worm","floor":2,"turns":4},{"damage":0,"enemies":"2 Louse","floor":3,"turns":1},{"damage":6,"enemies":"2 Fungi Beasts","floor":5,"turns":5},{"damage":13,"enemies":"Lagavulin","floor":6,"turns":8},{"damage":10,"enemies":"3 Sentries","floor":8,"turns":10},{"damage":13,"enemies":"Lots of Slimes","floor":11,"turns":6},{"damage":10,"enemies":"Lagavulin","floor":12,"turns":6},{"damage":22,"enemies":"Gremlin Nob","floor":14,"turns":4},{"damage":36,"enemies":"Hexaghost","floor":16,"turns":9}],"seed_played":"854788002897910281","potions_obtained":[{"floor":1,"key":"SteroidPotion"},{"floor":6,"key":"EssenceOfDarkness"},{"floor":11,"key":"GamblersBrew"},{"floor":14,"key":"AttackPotion"}],"is_trial":false,"path_per_floor":["M","M","M","?","M","E","R","E","T","?","M","E","R","E","R","B"],"character_chosen":"DEFECT","items_purchased":[],"campfire_rested":1,"item_purchase_floors":[],"current_hp_per_floor":[63,56,56,56,50,37,37,29,29,29,18,8,28,8,8,0,0],"gold":221,"neow_bonus":"THREE_CARDS","is_prod":false,"is_daily":false,"chose_seed":false,"campfire_upgraded":2,"win_rate":0,"timestamp":1607560937,"path_taken":["M","M","M","?","M","E","R","E","T","?","M","E","R","E","R","BOSS"],"build_version":"2020-11-30","purchased_purges":0,"victory":false,"max_hp_per_floor":[71,71,71,64,64,64,64,66,66,66,68,68,68,70,70,70,70],"relic_stats":{"Singing Bowl":6,"counters":[10,56],"Golden Idol":39,"Shuriken":[4],"Pantograph":25,"Letter Opener":[5],"obtain_stats":[{"Singing Bowl":6,"Golden Idol":4,"Shuriken":10,"Pantograph":9,"The Courier":14,"Letter Opener":8,"Toxic Egg 2":12,"Cracked Core":0},{"Singing Bowl":5,"Golden Idol":3,"Shuriken":6,"Pantograph":6,"The Courier":9,"Letter Opener":6,"Toxic Egg 2":8,"Cracked Core":0},{"Singing Bowl":21,"Golden Idol":8,"Shuriken":31,"Pantograph":31,"The Courier":47,"Letter Opener":31,"Toxic Egg 2":43,"Cracked Core":0}]},"card_choices":[{"not_picked":["Barrage","Streamline"],"picked":"Genetic Algorithm","floor":0},{"not_picked":["Capacitor","Skim"],"picked":"Cold Snap","floor":1},{"not_picked":["Streamline","Sweeping Beam"],"picked":"Cold Snap","floor":2},{"not_picked":["Hologram","Leap"],"picked":"Barrage","floor":3},{"not_picked":["Stack","Sweeping Beam","Lockon"],"picked":"SKIP","floor":5},{"not_picked":["Force Field","Fusion"],"picked":"Undo","floor":6},{"not_picked":["Stack","Beam Cell","All For One"],"picked":"Singing Bowl","floor":8},{"not_picked":["Consume","Beam Cell","Turbo"],"picked":"Singing Bowl","floor":11},{"not_picked":["Conserve Battery+1","Static Discharge"],"picked":"Genetic Algorithm+1","floor":12},{"not_picked":["Redo+1","Streamline","Gash"],"picked":"Singing Bowl","floor":14}],"player_experience":2795979,"relics_obtained":[{"floor":6,"key":"Singing Bowl"},{"floor":8,"key":"Letter Opener"},{"floor":9,"key":"Pantograph"},{"floor":12,"key":"Toxic Egg 2"},{"floor":14,"key":"The Courier"}],"event_choices":[{"damage_healed":0,"gold_gain":0,"player_choice":"Lose Max HP","damage_taken":0,"relics_obtained":["Golden Idol"],"max_hp_gain":0,"max_hp_loss":7,"event_name":"Golden Idol","floor":4,"gold_loss":0},{"damage_healed":0,"gold_gain":0,"player_choice":"Paid Gold","damage_taken":0,"relics_obtained":["Shuriken"],"max_hp_gain":0,"max_hp_loss":0,"event_name":"WeMeetAgain","floor":10,"gold_loss":116}],"is_beta":false,"boss_relics":[],"items_purged_floors":[],"is_endless":false,"potions_floor_spawned":[1,6,11,14],"killed_by":"Hexaghost","ascension_level":20}}