{"host":"qt939hhvrbc28rjp","time":1607573745,"event":{"gold_per_floor":[111,111,111,130,130,161,161,202,228,241,259,11,32,72,72,167,167,182,232,246,259,9,9,9],"floor_reached":23,"playtime":700,"items_purged":["Defend_B"],"score":448,"play_id":"673c3e5f-1908-4dc8-a2d2-611cc9fd921a","local_time":"20201210131545","is_ascension_mode":true,"campfire_choices":[{"floor":7.0,"key":"REST"},{"floor":15.0,"key":"REST"}],"neow_cost":"NONE","seed_source_timestamp":169656176511800,"circlet_count":0,"master_deck":["AscendersBane","Strike_B","Strike_B","Strike_B","Strike_B","Defend_B","Defend_B","Defend_B","Zap","Dualcast+1","Loop","Go for the Eyes+1","Biased Cognition","Conserve Battery","Glacier","Ball Lightning","Fission","CurseOfTheBell","Coolheaded+1"],"special_seed":0,"relics":["Cracked Core","NeowsBlessing","Golden Idol","Akabeko","Shovel","Pen Nib","Oddly Smooth Stone","Ancient Tea Set","PreservedInsect","Calling Bell","Anchor","Blue Candle","Du-Vu Doll","Bag of Marbles"],"potions_floor_usage":[23],"damage_taken":[{"damage":0.0,"enemies":"Small Slimes","floor":1.0,"turns":1.0},{"damage":0.0,"enemies":"Cultist","floor":4.0,"turns":1.0},{"damage":0.0,"enemies":"Gremlin Nob","floor":6.0,"turns":1.0},{"damage":20.0,"enemies":"Lagavulin","floor":8.0,"turns":6.0},{"damage":2.0,"enemies":"2 Louse","floor":10.0,"turns":2.0},{"damage":0.0,"enemies":"Red Slaver","floor":11.0,"turns":3.0},{"damage":0.0,"enemies":"Exordium Wildlife","floor":13.0,"turns":3.0},{"damage":4.0,"enemies":"3 Sentries","floor":14.0,"turns":11.0},{"damage":10.0,"enemies":"Slime Boss","floor":16.0,"turns":12.0},{"damage":12.0,"enemies":"Chosen","floor":18.0,"turns":4.0},{"damage":8,"enemies":"Spheric Guardian","floor":20,"turns":5},{"damage":11,"enemies":"Centurion and Healer","floor":21,"turns":11},{"damage":28,"enemies":"Gremlin Leader","floor":23,"turns":4}],"seed_played":"8032503935770762742","potions_obtained":[{"floor":1.0,"key":"FearPotion"},{"floor":6.0,"key":"ColorlessPotion"},{"floor":8.0,"key":"Fire Potion"},{"floor":10.0,"key":"FocusPotion"}],"is_trial":false,"path_per_floor":["M","?","?","M","?","E","R","E","T","M","M","$","M","E","R","B",null,"M","?","M","M","$","E"],"character_chosen":"DEFECT","items_purchased":["Ancient Tea Set","Bag of Marbles","DistilledChaos"],"campfire_rested":2,"item_purchase_floors":[12,22,22],"current_hp_per_floor":[64,40,40,40,19,19,40,20,20,18,18,18,18,14,35,25,60,48,41,33,22,22,0,0],"gold":9,"neow_bonus":"THREE_ENEMY_KILL","is_prod":false,"is_daily":false,"chose_seed":false,"campfire_upgraded":0,"win_rate":0,"timestamp":1607573745,"path_taken":["M","?","?","?","?","E","R","E","T","M","M","$","M","E","R","BOSS","M","?","M","M","$","E"],"build_version":"2020-11-30","purchased_purges":1,"victory":false,"max_hp_per_floor":[71,71,71,71,71,71,71,71,71,71,71,71,71,71,71,71,71,71,71,71,71,71,71,71],"card_choices":[{"not_picked":["Cold Snap","Reprogram"],"picked":"Loop","floor":1.0},{"not_picked":["Fusion","Compile Driver"],"picked":"Go for the Eyes","floor":4.0},{"not_picked":["Rebound","Melter"],"picked":"Biased Cognition","floor":6.0},{"not_picked":["Lockon","Hologram"],"picked":"Conserve Battery","floor":8.0},{"not_picked":["Conserve Battery","Barrage","Sunder"],"picked":"SKIP","floor":10.0},{"not_picked":["Beam Cell","Hologram","Hello World"],"picked":"SKIP","floor":11.0},{"not_picked":["Darkness","Beam Cell"],"picked":"Glacier","floor":13.0},{"not_picked":["Auto Shields","Steam"],"picked":"Ball Lightning","floor":14.0},{"not_picked":["Biased Cognition","All For One"],"picked":"Fission","floor":16.0},{"not_picked":["Leap","Gash+1","Ball Lightning"],"picked":"SKIP","floor":18.0},{"not_picked":["Compile Driver","Steam"],"picked":"Coolheaded+1","floor":20},{"not_picked":["Blizzard","Reinforced Body","Glacier"],"picked":"SKIP","floor":21}],"player_experience":1345239,"relics_obtained":[{"floor":6.0,"key":"Shovel"},{"floor":8.0,"key":"Pen Nib"},{"floor":9.0,"key":"Oddly Smooth Stone"},{"floor":14.0,"key":"PreservedInsect"},{"floor":17.0,"key":"Anchor"},{"floor":17.0,"key":"Blue Candle"},{"floor":17.0,"key":"Du-Vu Doll"}],"event_choices":[{"damage_healed":0.0,"max_hp_gain":0.0,"max_hp_loss":0.0,"gold_gain":0.0,"event_name":"Golden Idol","player_choice":"Take Damage","floor":2.0,"gold_loss":0.0,"damage_taken":24.0,"relics_obtained":["Golden Idol"]},{"damage_healed":0.0,"max_hp_gain":0.0,"max_hp_loss":0.0,"gold_gain":0.0,"event_name":"WeMeetAgain","player_choice":"Gave Potion","floor":3.0,"gold_loss":0.0,"damage_taken":0.0,"relics_obtained":["Akabeko"]},{"damage_healed":0.0,"max_hp_gain":0.0,"max_hp_loss":0.0,"gold_gain":0.0,"event_name":"Shining Light","player_choice":"Entered Light","floor":5.0,"gold_loss":0.0,"damage_taken":21.0,"cards_upgraded":["Go for the Eyes","Dualcast"]},{"damage_healed":0,"gold_gain":50,"player_choice":"Touch","damage_taken":7,"max_hp_gain":0,"max_hp_loss":0,"event_name":"FaceTrader","floor":19,"gold_loss":0}],"is_beta":false,"boss_relics":[{"not_picked":["Velvet Choker","Nuclear Battery"],"picked":"Calling Bell"}],"items_purged_floors":[12],"is_endless":false,"potions_floor_spawned":[1,6,8,10],"killed_by":"Gremlin Leader","ascension_level":18}}