{"host":"pnw33a014vs8wril","time":1607589024,"event":{"gold_per_floor":[210,385,485,504,520,549,549,549,549],"floor_reached":8,"playtime":378,"items_purged":[],"score":59,"play_id":"6e1b34c5-e938-4cfc-a03b-b5f2ab16bd40","local_time":"20201210093024","is_ascension_mode":true,"campfire_choices":[{"data":"Neutralize","floor":7,"key":"SMITH"}],"neow_cost":"NONE","seed_source_timestamp":25034967016800,"circlet_count":0,"master_deck":["Strike_G","Strike_G","Strike_G","Strike_G","Strike_G","Defend_G","Defend_G","Defend_G","Defend_G","Defend_G","Survivor","Neutralize+1","Backstab","Doubt","Prepared","Blur","PiercingWail"],"relics":["Ring of the Snake","Strawberry"],"potions_floor_usage":[6,6],"damage_taken":[{"damage":10,"enemies":"Jaw Worm","floor":1,"turns":5},{"damage":0,"enemies":"Cultist","floor":4,"turns":4},{"damage":0,"enemies":"2 Louse","floor":5,"turns":4},{"damage":14,"enemies":"Gremlin Nob","floor":6,"turns":3},{"damage":54,"enemies":"Lagavulin","floor":8,"turns":9}],"seed_played":"-8522816362001322447","potions_obtained":[{"floor":1,"key":"ColorlessPotion"},{"floor":5,"key":"Fire Potion"}],"is_trial":false,"path_per_floor":["M","?","?","M","M","E","R","E"],"character_chosen":"THE_SILENT","items_purchased":[],"campfire_rested":0,"item_purchase_floors":[],"current_hp_per_floor":[60,60,60,60,60,53,53,0,0],"gold":549,"neow_bonus":"HUNDRED_GOLD","is_prod":false,"is_daily":false,"chose_seed":false,"campfire_upgraded":1,"win_rate":0,"timestamp":1607589024,"path_taken":["M","?","?","?","M","E","R","E"],"build_version":"2020-11-30","purchased_purges":0,"victory":false,"max_hp_per_floor":[70,70,70,70,70,77,77,77,77],"card_choices":[{"not_picked":["Skewer","Masterful Stab"],"picked":"Backstab","floor":1},{"not_picked":["Bane","Deadly Poison"],"picked":"Prepared","floor":4},{"not_picked":["Heel Hook","Crippling Poison"],"picked":"Blur","floor":5},{"not_picked":["Sucker Punch","Grand Finale"],"picked":"PiercingWail","floor":6}],"player_experience":911747,"relics_obtained":[{"floor":6,"key":"Strawberry"}],"event_choices":[{"damage_healed":0,"gold_gain":175,"player_choice":"AGREE","damage_taken":0,"max_hp_gain":0,"max_hp_loss":0,"event_name":"Liars Game","floor":2,"gold_loss":0,"cards_obtained":["Doubt"]},{"damage_healed":0,"gold_gain":100,"player_choice":"Pray","damage_taken":0,"max_hp_gain":0,"max_hp_loss":0,"event_name":"Golden Shrine","floor":3,"gold_loss":0}],"is_beta":false,"boss_relics":[],"items_purged_floors":[],"is_endless":false,"potions_floor_spawned":[1,5],"killed_by":"Lagavulin","ascension_level":1}}