{"host":"046f94hp0svsg0ce","time":1607614740,"event":{"mods":["BaseMod","StSLib","Quick Restart","Act Like it!","Minty Spire (QoL Compilation)","Colored Map","Colored Powertips","Highlight Path","Rare Cards Sparkle","The Forsaken","Astrologer","Beaked The Cultist","The Necromancer","The Servant 0.9.4","GungeonMod","Halation","Mad Scientist","The Construct","The Runesmith"],"gold_per_floor":[18,33,51,10,25,25,25,50,50,50,65,84,99,125,125,227,227,244,225,225,240,51,65,65,65,146,146,146,146,146,155,155,259,259,258,255,58,58,68,68,39,39,66,97,94,19,19,29,29,9],"floor_reached":51,"playtime":6767,"items_purged":["MadScienceMod:Strike_MadScience"],"score":799,"play_id":"8b221834-b080-4895-9d39-d40844813e28","local_time":"20201210163900","is_ascension_mode":false,"campfire_choices":[{"data":"MadScienceMod:HideBehindJunk","floor":6.0,"key":"SMITH"},{"floor":10.0,"key":"REST"},{"floor":15.0,"key":"REST"},{"floor":25.0,"key":"REST"},{"floor":28.0,"key":"REST"},{"floor":30.0,"key":"REST"},{"floor":32.0,"key":"REST"},{"floor":40,"key":"REST"},{"data":"MadScienceMod:MinatureWeapons","floor":42,"key":"SMITH"},{"floor":47,"key":"REST"},{"floor":49,"key":"REST"}],"circlet_count":0,"master_deck":["MadScienceMod:Strike_MadScience","MadScienceMod:Strike_MadScience","MadScienceMod:Strike_MadScience","MadScienceMod:Defend_MadScience","MadScienceMod:Defend_MadScience","MadScienceMod:Defend_MadScience","MadScienceMod:Defend_MadScience","MadScienceMod:PoweredStrike","MadScienceMod:HideBehindJunk+1","MadScienceMod:FragmentationGrenade","MadScienceMod:FragmentationGrenade","MadScienceMod:FragmentationGrenade","MadScienceMod:RecyclingStation","MadScienceMod:Sprocket","MadScienceMod:TimeDilationField","MadScienceMod:Automate","MadScienceMod:AssemblyLine","MadScienceMod:Refuel","MadScienceMod:Refuel","MadScienceMod:Jetpack","MadScienceMod:Strafe","MadScienceMod:Strafe","MadScienceMod:Strafe","MadScienceMod:GoldenGun","MadScienceMod:MinatureWeapons+1","MadScienceMod:Bombardment+1","MadScienceMod:ExtractOil","MadScienceMod:SelfDestruct","MadScienceMod:Generator","MadScienceMod:NowOrNever+1","MadScienceMod:FlameCannon+1","MadScienceMod:FragmentationGrenade","MadScienceMod:Redesign+1","MadScienceMod:MinatureWeapons","MadScienceMod:Tune+1","MadScienceMod:Detonate","MadScienceMod:FragmentationGrenade+1"],"special_seed":0,"relics":["MadScienceMod:FuelTank","halation:EternalFortune","DemoMod:SerJunkan","HornCleat","DemoMod:Junk","SlaversCollar","DemoMod:MeltedRock","theForsaken:ScaryMask","Runesmith:Locket","theForsaken:PaleLantern","Juzu Bracelet","halation:PapillonHeart","Nunchaku"],"acts_visited":[],"potions_floor_usage":[44,48,50],"damage_taken":[{"damage":1.0,"enemies":"Jaw Worm","floor":1.0,"turns":5.0},{"damage":0.0,"enemies":"2 Louse","floor":2.0,"turns":3.0},{"damage":3.0,"enemies":"Cultist","floor":3.0,"turns":4.0},{"damage":7.0,"enemies":"2 Fungi Beasts","floor":5.0,"turns":4.0},{"damage":20.0,"enemies":"Gremlin Nob","floor":8.0,"turns":4.0},{"damage":2.0,"enemies":"Looter","floor":11.0,"turns":4.0},{"damage":0.0,"enemies":"Exordium Wildlife","floor":12.0,"turns":5.0},{"damage":9.0,"enemies":"Red Slaver","floor":13.0,"turns":5.0},{"damage":27.0,"enemies":"Lagavulin","floor":14.0,"turns":7.0},{"damage":21.0,"enemies":"Hexaghost","floor":16.0,"turns":10.0},{"damage":45.0,"enemies":"Shell Parasite","floor":18.0,"turns":12.0},{"damage":16.0,"enemies":"2 Thieves","floor":19.0,"turns":4.0},{"damage":11.0,"enemies":"Centurion and Healer","floor":21.0,"turns":7.0},{"damage":43.0,"enemies":"Gremlin Leader","floor":23.0,"turns":9.0},{"damage":11.0,"enemies":"Sentry and Sphere","floor":27.0,"turns":8.0},{"damage":0.0,"enemies":"Book of Stabbing","floor":29.0,"turns":1.0},{"damage":27.0,"enemies":"Slavers","floor":31.0,"turns":5.0},{"damage":29.0,"enemies":"Champ","floor":33.0,"turns":15.0},{"damage":7.0,"enemies":"Orb Walker","floor":35.0,"turns":5.0},{"damage":12.0,"enemies":"3 Darklings","floor":36.0,"turns":4.0},{"damage":21,"enemies":"4 Shapes","floor":39,"turns":6},{"damage":0,"enemies":"Jaw Worm Horde","floor":41,"turns":1},{"damage":45,"enemies":"Nemesis","floor":44,"turns":11},{"damage":12,"enemies":"3 Darklings","floor":45,"turns":5},{"damage":58,"enemies":"Spire Growth","floor":48,"turns":7},{"damage":31,"enemies":"Donu and Deca","floor":50,"turns":7}],"seed_played":"9052582632105567110","potions_obtained":[{"floor":3.0,"key":"FearPotion"},{"floor":5.0,"key":"Fire Potion"},{"floor":8.0,"key":"FairyPotion"},{"floor":13.0,"key":"construct:ShiftPotion"},{"floor":19.0,"key":"DuplicationPotion"},{"floor":24.0,"key":"FairyPotion"},{"floor":24.0,"key":"SmokeBomb"},{"floor":31.0,"key":"Weak Potion"},{"floor":33.0,"key":"Regen Potion"},{"floor":44,"key":"SteroidPotion"},{"floor":48,"key":"Explosive Potion"}],"is_trial":false,"path_per_floor":["M","M","M","$","M","R","?","E","T","R","M","M","M","E","R","B",null,"M","M","?","M","$","E","?","R","T","M","R","E","R","E","R","B",null,"M","M","$","?","M","R","M","R","T","E","M","$","R","M","R","B",null],"character_chosen":"MAD_SCIENTIST","items_purchased":["MadScienceMod:RecyclingStation","MadScienceMod:GoldenGun","MadScienceMod:MinatureWeapons","Juzu Bracelet","MadScienceMod:FragmentationGrenade"],"campfire_rested":9,"item_purchase_floors":[4,22,22,37,37],"current_hp_per_floor":[88,88,85,85,78,78,81,61,61,88,89,89,80,53,81,60,95,50,34,65,54,54,11,11,39,39,28,56,56,84,57,85,56,95,88,76,76,76,55,82,82,82,82,52,43,43,70,12,39,8],"gold":9,"neow_bonus":"TWENTY_PERCENT_HP_BONUS","is_daily":false,"chose_seed":false,"campfire_upgraded":2,"win_rate":0.0,"timestamp":1607614740,"path_taken":["M","M","M","$","M","R","?","E","T","R","M","M","M","E","R","BOSS","M","M","?","M","$","E","?","R","T","?","R","E","R","E","R","BOSS","M","M","$","?","M","R","M","R","T","E","M","$","R","M","R","BOSS"],"build_version":"2020-11-30","purchased_purges":1,"victory":true,"max_hp_per_floor":[89,89,89,89,89,89,92,92,92,92,95,95,95,95,95,95,95,95,95,95,95,95,95,95,95,95,95,95,95,95,95,95,95,95,95,95,95,90,90,90,90,90,90,90,93,93,93,93,93,93],"card_choices":[{"not_picked":["MadScienceMod:LightOnFire","MadScienceMod:OmniHammer"],"picked":"MadScienceMod:FragmentationGrenade","floor":1.0},{"not_picked":["MadScienceMod:EnergyBarrier","MadScienceMod:NowOrNever"],"picked":"MadScienceMod:FragmentationGrenade","floor":2.0},{"not_picked":["MadScienceMod:Poke","MadScienceMod:MechanicalClaw"],"picked":"MadScienceMod:FragmentationGrenade","floor":3.0},{"not_picked":["MadScienceMod:RadioactiveSword","MadScienceMod:ShrinkRay"],"picked":"MadScienceMod:Sprocket","floor":5.0},{"not_picked":["MadScienceMod:BoxOfScraps","MadScienceMod:NowOrNever"],"picked":"MadScienceMod:TimeDilationField","floor":8.0},{"not_picked":["MadScienceMod:ExtractOil","MadScienceMod:RecyclingStation"],"picked":"MadScienceMod:Automate","floor":11.0},{"not_picked":["MadScienceMod:ShrinkRay","MadScienceMod:MechanicalClaw"],"picked":"MadScienceMod:AssemblyLine","floor":12.0},{"not_picked":["MadScienceMod:OilDrum","MadScienceMod:Browse"],"picked":"MadScienceMod:Refuel","floor":13.0},{"not_picked":["MadScienceMod:FumeBlast","MadScienceMod:FlexibleSpear"],"picked":"MadScienceMod:Refuel","floor":14.0},{"not_picked":["MadScienceMod:Mechanize","MadScienceMod:Automate"],"picked":"MadScienceMod:Jetpack","floor":16.0},{"not_picked":["MadScienceMod:LightOnFire+1","MadScienceMod:SelfDestruct"],"picked":"MadScienceMod:Strafe","floor":18.0},{"not_picked":["MadScienceMod:Sprocket","MadScienceMod:MakeOrBreak"],"picked":"MadScienceMod:Strafe","floor":19.0},{"not_picked":["MadScienceMod:FumeBlast","MadScienceMod:Refuel"],"picked":"MadScienceMod:Strafe","floor":21.0},{"not_picked":["MadScienceMod:Refine","MadScienceMod:FlameCannon"],"picked":"MadScienceMod:Bombardment+1","floor":23.0},{"not_picked":["MadScienceMod:AntimatterBomb","MadScienceMod:ShrinkRay"],"picked":"MadScienceMod:ExtractOil","floor":27.0},{"not_picked":["MadScienceMod:FumeBlast","MadScienceMod:AutoStrike"],"picked":"MadScienceMod:SelfDestruct","floor":31.0},{"not_picked":["MadScienceMod:CondenseVapors","MadScienceMod:ArtilleryShot"],"picked":"MadScienceMod:Generator","floor":33.0},{"not_picked":["MadScienceMod:Browse","MadScienceMod:TimeDilationField"],"picked":"MadScienceMod:NowOrNever+1","floor":35.0},{"not_picked":["MadScienceMod:AntimatterBomb+1","MadScienceMod:NowOrNever"],"picked":"MadScienceMod:FlameCannon+1","floor":36},{"not_picked":["MadScienceMod:LightOnFire+1","MadScienceMod:RadioactiveSword"],"picked":"MadScienceMod:Redesign+1","floor":39},{"not_picked":["MadScienceMod:Strafe+1","MadScienceMod:Refuel"],"picked":"MadScienceMod:MinatureWeapons","floor":41},{"not_picked":["MadScienceMod:FlexibleSpear","MadScienceMod:LabAccident"],"picked":"MadScienceMod:Tune+1","floor":44},{"not_picked":["MadScienceMod:ExtractOil+1","MadScienceMod:Strafe"],"picked":"MadScienceMod:Detonate","floor":45},{"not_picked":["MadScienceMod:RadioactiveSword","MadScienceMod:EnergyBarrier"],"picked":"MadScienceMod:FragmentationGrenade+1","floor":48}],"player_experience":1498941,"relics_obtained":[{"floor":8.0,"key":"DemoMod:SerJunkan"},{"floor":9.0,"key":"HornCleat"},{"floor":11.0,"key":"halation:EternalFortune"},{"floor":14.0,"key":"DemoMod:Junk"},{"floor":23.0,"key":"DemoMod:MeltedRock"},{"floor":26.0,"key":"theForsaken:ScaryMask"},{"floor":31.0,"key":"Runesmith:Locket"},{"floor":43,"key":"Nunchaku"},{"floor":44,"key":"DemoMod:Junk"},{"floor":45,"key":"halation:EternalFortune"}],"event_choices":[{"damage_healed":31.0,"max_hp_gain":0.0,"max_hp_loss":0.0,"gold_gain":0.0,"event_name":"The Library","player_choice":"Heal","floor":20.0,"gold_loss":0.0,"damage_taken":0.0},{"damage_healed":0.0,"max_hp_gain":0.0,"max_hp_loss":0.0,"gold_gain":0.0,"event_name":"Lab","player_choice":"Got Potions","floor":24.0,"gold_loss":0.0,"damage_taken":0.0}],"is_beta":false,"boss_relics":[{"not_picked":["halation:PinkAlligatorPlush","halation:HeavySnake"],"picked":"SlaversCollar"},{"not_picked":["Black Star","halation:Yufonium"],"picked":"theForsaken:PaleLantern"}],"items_purged_floors":[46],"is_endless":false,"potions_floor_spawned":[3,5,8,13,19,31,33,44,45,48],"ascension_level":0}}