{"host":"wfuprrvhjp4xs686","time":1607586869,"event":{"gold_per_floor":[118,118,22,42,55,88,88,117,141,141,168,182,211,228,228,304,304,318,368,384,394,84,117,150,150,150],"floor_reached":25,"playtime":3813,"items_purged":["Doubt","Burning Pact","Armaments+1"],"score":892,"play_id":"09561cd1-61ef-41f5-9d24-e4f5cf319439","local_time":"20201210025429","daily_mods":["SealedDeck","DeadlyEvents","Elite Swarm","Uncertain Future"],"is_ascension_mode":true,"campfire_choices":[{"data":"Armaments","floor":7,"key":"SMITH"},{"data":"Limit Break","floor":15,"key":"SMITH"}],"neow_cost":"","seed_source_timestamp":0,"circlet_count":0,"master_deck":["AscendersBane","Burning Pact+1","Flex+1","Body Slam","Wild Strike+1","Shrug It Off","Wild Strike","Evolve+1","Fire Breathing","Limit Break+1","Barricade"],"relics":["Black Blood","ReplayTheSpireMod:CursedCoin","Strawberry","War Paint","Gremlin Food","Pen Nib","Divine Protection","Blood Vial","Replay:Wax Seal","Bottled Tornado","Question Card"],"potions_floor_usage":[6,6,8,13,21,23,24,25],"damage_taken":[{"damage":5,"enemies":"2 Louse","floor":1,"turns":3},{"damage":10,"enemies":"Small Slimes","floor":4,"turns":3},{"damage":4,"enemies":"Jaw Worm","floor":5,"turns":3},{"damage":22,"enemies":"Lagavulin","floor":6,"turns":4},{"damage":15,"enemies":"3 Sentries","floor":8,"turns":3},{"damage":16,"enemies":"Lagavulin","floor":11,"turns":4},{"damage":3,"enemies":"2 Fungi Beasts","floor":12,"turns":3},{"damage":0,"enemies":"3 Sentries","floor":13,"turns":3},{"damage":15,"enemies":"Lots of Slimes","floor":14,"turns":5},{"damage":0,"enemies":"Slime Boss","floor":16,"turns":4},{"damage":32,"enemies":"Shell Parasite","floor":18,"turns":5},{"damage":0,"enemies":"Chosen","floor":20,"turns":3},{"damage":15,"enemies":"Centurion and Healer","floor":21,"turns":4},{"damage":42,"enemies":"Book of Stabbing","floor":23,"turns":4},{"damage":47,"enemies":"Replay:Snechameleon","floor":24,"turns":7},{"damage":11,"enemies":"Shelled Parasite and Fungi","floor":25,"turns":2}],"seed_played":"8374538872006113345","potions_obtained":[{"floor":4,"key":"Strength Potion"},{"floor":5,"key":"DistilledChaos"},{"floor":6,"key":"Explosive Potion"},{"floor":11,"key":"Milkshake"},{"floor":12,"key":"ElixirPotion"},{"floor":14,"key":"Elixir"},{"floor":18,"key":"BloodPotion"},{"floor":21,"key":"Adrenaline Potion"},{"floor":24,"key":"Strength Potion"}],"is_trial":true,"path_per_floor":["M","?","$","M","M","E","R","E","T","?","E","M","E","M","R","B",null,"M","?","M","M","$","E","E","M"],"character_chosen":"IRONCLAD","items_purchased":["ReplayTheSpireMod:CursedCoin","Strawberry","Replay:Wax Seal"],"campfire_rested":0,"item_purchase_floors":[3,3,22],"current_hp_per_floor":[69,46,53,49,51,35,35,26,26,31,21,24,30,23,23,31,73,55,47,61,77,77,49,16,7,7],"gold":150,"neow_bonus":"","is_prod":false,"is_daily":false,"chose_seed":false,"campfire_upgraded":2,"win_rate":0,"timestamp":1607586869,"path_taken":["M","?","$","M","M","E","R","E","T","?","?","M","E","M","R","BOSS","M","?","M","M","$","E","?","?"],"build_version":"2020-11-30","purchased_purges":3,"victory":false,"max_hp_per_floor":[75,75,82,82,82,82,82,82,82,87,87,87,87,87,87,87,87,87,87,87,87,87,87,87,87,87],"card_choices":[{"not_picked":["Shrug It Off","Rage","Havoc"],"picked":"SKIP","floor":1},{"not_picked":["Body Slam","Armaments","Cleave"],"picked":"SKIP","floor":4},{"not_picked":["Twin Strike","Sword Boomerang","Thunderclap"],"picked":"SKIP","floor":5},{"not_picked":["Bludgeon","Feed","Hemogenesis"],"picked":"SKIP","floor":6},{"not_picked":["Juggernaut","Reaper","Berserk"],"picked":"SKIP","floor":8},{"not_picked":["Offering","Bludgeon","Reaper"],"picked":"SKIP","floor":11},{"not_picked":["Anger","Sword Boomerang","Clash"],"picked":"SKIP","floor":12},{"not_picked":["Brutality","Exhume"],"picked":"Limit Break","floor":13},{"not_picked":["Wild Strike","Hemokinesis","Heavy Blade"],"picked":"SKIP","floor":14},{"not_picked":["Brutality","Reaper"],"picked":"Barricade","floor":16},{"not_picked":["Shockwave","Metallicize","Pommel Strike"],"picked":"SKIP","floor":18},{"not_picked":["Body Slam","Havoc","Shockwave"],"picked":"SKIP","floor":20},{"not_picked":["Warcry+1","Clash","ReplayTheSpireMod:LeadingStrike"],"picked":"SKIP","floor":21},{"not_picked":["Corruption","Juggernaut","Impervious"],"picked":"SKIP","floor":23},{"not_picked":["Eclipse","Impervious","Reaper"],"picked":"SKIP","floor":24}],"player_experience":2277511,"relics_obtained":[{"floor":6,"key":"War Paint"},{"floor":8,"key":"Gremlin Food"},{"floor":9,"key":"Pen Nib"},{"floor":11,"key":"Divine Protection"},{"floor":13,"key":"Blood Vial"},{"floor":23,"key":"Bottled Tornado"},{"floor":24,"key":"Question Card"}],"event_choices":[{"damage_healed":69,"gold_gain":0,"player_choice":"Upgrade","damage_taken":23,"max_hp_gain":0,"max_hp_loss":75,"event_name":"betterThird:BetterShining","floor":2,"gold_loss":0,"cards_upgraded":["Wild Strike","Evolve"]},{"damage_healed":0,"gold_gain":0,"player_choice":"Donut","damage_taken":0,"max_hp_gain":5,"max_hp_loss":0,"event_name":"Big Fish","floor":10,"gold_loss":0},{"damage_healed":0,"gold_gain":50,"player_choice":"Touch","damage_taken":8,"max_hp_gain":0,"max_hp_loss":0,"event_name":"FaceTrader","floor":19,"gold_loss":0}],"is_beta":false,"boss_relics":[{"not_picked":["Runic Dome","Kintsugi"],"picked":"Black Blood"}],"items_purged_floors":[3,22,22],"is_endless":true,"potions_floor_spawned":[4,5,6,11,12,14,18,21,24],"killed_by":"Shelled Parasite and Fungi","ascension_level":20}}