{"host":"c5zi7xii2asw1e3y","time":1607611951,"event":{"mods":["BaseMod","AchievementEnabler","StSLib","Downfall","Hubris","Infinite Spire","Permanent Neow","Replay The Spire","The Blue Laboratory","Colored Powertips","Highlight Path","Block Reminder","Minty Spire (QoL Compilation)","Quick Restart","Random Character Button","The Jungle","Jorbs\u0027s Wanderer Trilogy","The Cursed"],"gold_per_floor":[112,112,112,129,148,148,148,148],"floor_reached":7,"playtime":1104,"items_purged":[],"score":41,"play_id":"89a9b632-2a9e-4afc-8a39-2dd833f7ed4d","local_time":"20201210155231","is_ascension_mode":false,"campfire_choices":[{"data":"Slimebound:Split","floor":6,"key":"SMITH"}],"circlet_count":0,"master_deck":["TheCursedMod:Strike_TheCursed","TheCursedMod:Strike_TheCursed","TheCursedMod:Strike_TheCursed","TheCursedMod:Defend_TheCursed","TheCursedMod:Defend_TheCursed","TheCursedMod:Defend_TheCursed","TheCursedMod:Defend_TheCursed","TheCursedMod:CursedWand","TheCursedMod:CleanUpWorkshop","TheCursedMod:Dregs","Strike_P","Slimebound:Split+1","Mayhem","TheCursedMod:Obscuration","TheCursedMod:AbyssShockwave","TheCursedMod:CircleOfWindfury"],"relics":["TheCursedMod:BlackMagic101"],"acts_visited":["Exordium"],"potions_floor_usage":[4],"damage_taken":[{"damage":4,"enemies":"2 Louse","floor":1,"turns":3},{"damage":4,"enemies":"Cultist","floor":4,"turns":4},{"damage":10,"enemies":"Jaw Worm","floor":5,"turns":5},{"damage":9,"enemies":"Gremlin Nob","floor":7,"turns":3}],"seed_played":"-7137561617410375195","potions_obtained":[{"floor":3,"key":"infinitespire:BlackPotion"},{"floor":3,"key":"blueLaboratory:BottledHope"},{"floor":3,"key":"blueLaboratory:FruitPunch"}],"is_trial":false,"path_per_floor":["M","?","?","M","M","R","E"],"character_chosen":"THE_CURSED","items_purchased":[],"campfire_rested":0,"item_purchase_floors":[],"current_hp_per_floor":[75,75,75,77,71,71,62,62],"gold":148,"neow_bonus":"RANDOM_COLORLESS_2","is_daily":false,"chose_seed":false,"campfire_upgraded":1,"win_rate":0.0,"timestamp":1607611951,"path_taken":["M","?","?","?","?","R","E"],"build_version":"2020-11-30","purchased_purges":0,"victory":false,"max_hp_per_floor":[75,75,75,77,77,77,77,77],"card_choices":[{"not_picked":["Chrysalis","Master of Strategy"],"picked":"Mayhem","floor":0},{"not_picked":["TheCursedMod:SpitefulPlan","TheCursedMod:ReleasedStrength"],"picked":"TheCursedMod:Obscuration","floor":1},{"not_picked":["TheCursedMod:Stretching","TheCursedMod:Grudge"],"picked":"TheCursedMod:AbyssShockwave","floor":4},{"not_picked":["TheCursedMod:Evocation","TheCursedMod:AbyssShockwave"],"picked":"TheCursedMod:CircleOfWindfury","floor":5}],"player_experience":23439,"relics_obtained":[],"event_choices":[{"damage_healed":0,"gold_gain":0,"player_choice":"Got Potions","damage_taken":0,"max_hp_gain":0,"max_hp_loss":0,"event_name":"Lab","floor":3,"gold_loss":0}],"is_beta":false,"boss_relics":[],"items_purged_floors":[],"is_endless":false,"potions_floor_spawned":[],"killed_by":"Gremlin Nob","ascension_level":0}}