{"host":"y087t2reloz9bi43","time":1607605099,"event":{"gold_per_floor":[99,99,117,148,160,172,198,198,228,78,96,116,127,127,137,232,232,232,250,261,275,285,210,210,43,77,77,116,128,61,61,75,176,176,176,176,188,202,42,57,57,57,57,83,183,183,183,202,202,202,221,221],"floor_reached":53,"playtime":7534,"items_purged":["Guardian:Strike_Guardian","Guardian:Strike_Guardian"],"score":771,"play_id":"d568f581-efaf-431b-b40f-912282b37f0f","local_time":"20201210125819","is_ascension_mode":false,"campfire_choices":[{"data":"expansioncontent:CaCaw","floor":1.0,"key":"SMITH"},{"data":"Guardian:PiercingHide","floor":10.0,"key":"SMITH"},{"floor":18.0,"key":"RECALL"},{"data":"Guardian:GemFinder","floor":23.0,"key":"SMITH"},{"data":"Guardian:SpikerProtocol","floor":27.0,"key":"SMITH"},{"data":"Guardian:PrismaticBeam","floor":46,"key":"SMITH"}],"neow_cost":"NONE","seed_source_timestamp":0,"circlet_count":0,"master_deck":["Guardian:Strike_Guardian","Guardian:Strike_Guardian","Guardian:Defend_Guardian","Guardian:Defend_Guardian","Guardian:Defend_Guardian","Guardian:CurlUp","Guardian:TwinSlam","ReplayTheSpireMod:Brewmster+1","Guardian:PiercingHide+1","Guardian:TimeCapacitor","Guardian:ShieldCharger","Guardian:ArmoredProtocol","Guardian:PiercingHide+1","Guardian:GatlingBeam","Guardian:PiercingHide+1","Guardian:RollAttack","Guardian:GemFinder+1","Guardian:FloatingOrbs+1","Guardian:SpikerProtocol+1","Guardian:RollAttack","Guardian:TemporalShield","Guardian:Gem_Cyan","Guardian:ChargeUp","Guardian:ChargeUp","Guardian:HyperBeam_Guardian","Guardian:Reroute","Guardian:PrismaticBeam+1","Guardian:ShieldSpikes+1","Guardian:BronzeArmor+1","Guardian:Gem_Fragmented","Guardian:RevengeProtocol"],"special_seed":0,"relics":["Guardian:ModeShifter","hubris:SphereOfDissonance","Replay:Wax Seal","Replay:Baseball","downfall:HeartBlessingBlue","downfall:HeartBlessingGreen","Coffee Dripper","downfall:HeartBlessingRed","vexMod:ScavengeHelm","Replay:Bottled Eggs","Replay:Ringing Soul","vexMod:BigBerry","Ring of Chaos","Juzu Bracelet","jedi:archwizardhat","Art of War","Toy Ornithopter","hubris:Towel","hubris:Metronome","vexMod:Dragonfruit","SlaversCollar"],"potions_floor_usage":[39,40,44,44,44,44,44,44,45,45,45,45,48,52,52,52,52],"damage_taken":[{"damage":2.0,"enemies":"Small Slimes","floor":3.0,"turns":4.0},{"damage":8.0,"enemies":"3 Sentries","floor":4.0,"turns":7.0},{"damage":0.0,"enemies":"Jaw Worm","floor":5.0,"turns":2.0},{"damage":5.0,"enemies":"Cultist","floor":6.0,"turns":4.0},{"damage":17.0,"enemies":"Lagavulin","floor":9.0,"turns":6.0},{"damage":0.0,"enemies":"Large Slime","floor":11.0,"turns":5.0},{"damage":0.0,"enemies":"Red Slaver","floor":12.0,"turns":3.0},{"damage":3.0,"enemies":"3 Louse","floor":13.0,"turns":4.0},{"damage":0.0,"enemies":"Blue Slaver","floor":15.0,"turns":4.0},{"damage":0.0,"enemies":"downfall:CharBossWatcher","floor":16.0,"turns":10.0},{"damage":0.0,"enemies":"Shell Parasite","floor":19.0,"turns":7.0},{"damage":0.0,"enemies":"Spheric Guardian","floor":20.0,"turns":5.0},{"damage":2.0,"enemies":"Centurion and Healer","floor":21.0,"turns":10.0},{"damage":0.0,"enemies":"Chosen and Byrds","floor":22.0,"turns":7.0},{"damage":0.0,"enemies":"downfall:FleeingMerchant","floor":25.0,"turns":4.0},{"damage":4.0,"enemies":"Replay:Snechameleon","floor":26.0,"turns":5.0},{"damage":0.0,"enemies":"Snake Plant","floor":28.0,"turns":6.0},{"damage":5.0,"enemies":"Snake Plant","floor":29.0,"turns":3.0},{"damage":0.0,"enemies":"downfall:FleeingMerchant","floor":30.0,"turns":4.0},{"damage":0.0,"enemies":"Centurion and Healer","floor":32.0,"turns":7.0},{"damage":3.0,"enemies":"downfall:CharBossSilent","floor":33.0,"turns":7.0},{"damage":0.0,"enemies":"Orb Walker","floor":37.0,"turns":2.0},{"damage":6.0,"enemies":"3 Darklings","floor":38.0,"turns":6.0},{"damage":0,"enemies":"downfall:FleeingMerchant","floor":39,"turns":4},{"damage":0,"enemies":"4 Shapes","floor":40,"turns":6},{"damage":40,"enemies":"Giant Head","floor":44,"turns":9},{"damage":28,"enemies":"downfall:WomanInBlue","floor":45,"turns":9},{"damage":0,"enemies":"Sphere and 2 Shapes","floor":48,"turns":3},{"damage":1,"enemies":"Maw","floor":51,"turns":7},{"damage":6,"enemies":"downfall:CharBossDefect","floor":52,"turns":8}],"seed_played":"-6239434632437072235","potions_obtained":[{"floor":3.0,"key":"Adrenaline Potion"},{"floor":19.0,"key":"Ancient Potion"},{"floor":21.0,"key":"Guardian:DefensiveModePotion"},{"floor":29.0,"key":"AttackPotion"},{"floor":38.0,"key":"Venom Potion"},{"floor":44,"key":"Elixir"},{"floor":45,"key":"SkillPotion"},{"floor":45,"key":"BlessingOfTheForge"},{"floor":51,"key":"jedi:StrikingPotion"}],"is_trial":false,"path_per_floor":["R","?","M","E","M","M","T","T","E","R","M","M","M","?","M","B",null,"R","M","M","M","M","R","T","$","E","R","MIM","M","$","?","M","B",null,"R_BF","?","M","M","$","M","T","PTL","PTL","E","?","R","?","M","T","AVR","M","B",null],"character_chosen":"GUARDIAN","items_purchased":["Guardian:SpikerProtocol","Guardian:ChargeUp","Juzu Bracelet"],"campfire_rested":0,"item_purchase_floors":[25,30,39],"current_hp_per_floor":[80,80,78,70,70,65,65,65,48,58,58,58,55,55,55,55,90,90,90,90,88,88,88,88,88,84,84,87,85,88,88,91,105,135,135,138,138,135,135,138,138,138,138,101,79,79,82,87,90,95,94,108],"gold":221,"neow_bonus":"RANDOM_COLORLESS","is_prod":false,"is_daily":false,"chose_seed":false,"campfire_upgraded":5,"win_rate":0,"timestamp":1607605099,"path_taken":["R","?","M","E","M","M","T","?","E","R","?","M","M","?","M","BOSS","R","M","M","M","M","R","T","$","E","R","?","M","$","?","M","BOSS","R_BF","?","?","M","$","M","T","PTL","PTL","E","?","R","?","M","?","AVR","M","BOSS"],"build_version":"2020-11-30","purchased_purges":2,"victory":true,"max_hp_per_floor":[80,80,80,80,80,80,80,80,80,90,90,90,90,90,90,90,90,90,90,90,90,90,90,90,90,90,90,93,96,99,99,102,105,135,135,138,138,141,141,144,144,144,144,147,150,150,150,150,150,155,155,155],"card_choices":[{"not_picked":["Replay:Bootleg Shield Generator","Replay:SS_forest_5"],"picked":"expansioncontent:CaCaw","floor":0.0},{"not_picked":["Guardian:PrismaticBarrier","Guardian:RollAttack"],"picked":"Guardian:PiercingHide","floor":3.0},{"not_picked":["Guardian:PrimingBeam","Guardian:Incinerate"],"picked":"Guardian:Gem_Red","floor":4.0},{"not_picked":["Guardian:Repulse","Guardian:Reroute"],"picked":"Guardian:TimeCapacitor","floor":5.0},{"not_picked":["Guardian:FloatingOrbs","Guardian:BronzeOrb"],"picked":"Guardian:ShieldCharger","floor":6.0},{"not_picked":["Guardian:PiercingHide","Guardian:Gem_Fragmented"],"picked":"Guardian:Gem_Cyan","floor":9.0},{"not_picked":["Guardian:Repulse","Guardian:PrimingBeam","Guardian:VentSteam"],"picked":"SKIP","floor":11.0},{"not_picked":["Guardian:DecasProtection","Guardian:Gem_Green"],"picked":"Guardian:ArmoredProtocol","floor":12.0},{"not_picked":["Guardian:BronzeArmor","Guardian:TemporalShield"],"picked":"Guardian:PiercingHide","floor":13.0},{"not_picked":["Guardian:VentSteam","Guardian:TemporalStrike","Guardian:ShieldCharger"],"picked":"SKIP","floor":15.0},{"not_picked":["Guardian:HyperBeam_Guardian","Guardian:AncientConstruct"],"picked":"Guardian:GatlingBeam","floor":16.0},{"not_picked":["Guardian:Repulse","Guardian:Gem_Fragmented"],"picked":"Guardian:PiercingHide+1","floor":19.0},{"not_picked":["Guardian:Planning","Guardian:Incinerate"],"picked":"Guardian:RollAttack","floor":20.0},{"not_picked":["Guardian:Gem_Fragmented","Guardian:RollAttack+1"],"picked":"Guardian:GemFinder","floor":21.0},{"not_picked":["Guardian:Gem_Fragmented","Guardian:Gem_Red"],"picked":"Guardian:Gem_Green","floor":22.0},{"not_picked":["Guardian:Gem_Red","Guardian:Emergency"],"picked":"Guardian:FloatingOrbs+1","floor":22.0},{"not_picked":["Guardian:Gem_Red","Guardian:DonusPower+1"],"picked":"Guardian:Gem_Fragmented","floor":26.0},{"not_picked":["Guardian:Gem_Fragmented","Guardian:Gem_Green"],"picked":"Guardian:Gem_Cyan","floor":26.0},{"not_picked":["Guardian:PolyBeam+1","Guardian:Incinerate"],"picked":"Guardian:RollAttack","floor":28.0},{"not_picked":["Guardian:GuardianWhirl","Guardian:Gem_Yellow"],"picked":"Guardian:TemporalShield","floor":29.0},{"not_picked":["Guardian:Gem_Green","Guardian:Gem_Red"],"picked":"Guardian:Gem_Cyan","floor":29.0},{"not_picked":["Guardian:Gem_Green","Guardian:Gem_Fragmented"],"picked":"Guardian:Gem_Cyan","floor":32.0},{"not_picked":["Guardian:Gem_Red","Guardian:Incinerate","Guardian:Reroute"],"picked":"SKIP","floor":32.0},{"not_picked":["Guardian:Gem_Green","Guardian:Gem_Red"],"picked":"Guardian:Gem_Fragmented","floor":33.0},{"not_picked":["Guardian:TimeSifter","Guardian:AncientConstruct"],"picked":"Guardian:HyperBeam_Guardian","floor":33.0},{"not_picked":["Guardian:Preprogram","Guardian:Planning","Guardian:TemporalStrike"],"picked":"SKIP","floor":37.0},{"not_picked":["Guardian:Gem_Red","Guardian:Gem_Green"],"picked":"Guardian:Gem_Fragmented","floor":38.0},{"not_picked":["Guardian:Gem_Fragmented","Guardian:Gem_Purple"],"picked":"Guardian:PrismaticBeam","floor":38.0},{"not_picked":["Guardian:Gem_Green","Guardian:Gem_Red"],"picked":"Guardian:Gem_Fragmented","floor":40},{"not_picked":["Guardian:ChargeCore+1","Guardian:DonusPower+1"],"picked":"Guardian:ShieldSpikes+1","floor":40},{"not_picked":["Guardian:Suspension","Guardian:WalkerClaw"],"picked":"Guardian:BronzeArmor+1","floor":44},{"not_picked":["Guardian:Gem_Cyan","Guardian:Gem_Red"],"picked":"Guardian:Gem_Fragmented","floor":44},{"not_picked":["Guardian:Gem_Red","Guardian:Gem_Crimson"],"picked":"Guardian:RevengeProtocol","floor":45},{"not_picked":["Guardian:Gem_Green","Guardian:WalkerClaw","Guardian:SpikerProtocol+1"],"picked":"SKIP","floor":48},{"not_picked":["Guardian:PrimingBeam","Guardian:Gem_White","Guardian:TemporalShield+1"],"picked":"SKIP","floor":51}],"player_experience":307946,"relics_obtained":[{"floor":4.0,"key":"hubris:SphereOfDissonance"},{"floor":8.0,"key":"Replay:Wax Seal"},{"floor":9.0,"key":"Replay:Baseball"},{"floor":24.0,"key":"vexMod:ScavengeHelm"},{"floor":26.0,"key":"Replay:Bottled Eggs"},{"floor":28.0,"key":"Replay:Ringing Soul"},{"floor":35.0,"key":"Ring of Chaos"},{"floor":41,"key":"jedi:archwizardhat"},{"floor":44,"key":"Art of War"},{"floor":45,"key":"Toy Ornithopter"},{"floor":49,"key":"hubris:Metronome"}],"event_choices":[{"damage_healed":0.0,"max_hp_gain":0.0,"max_hp_loss":0.0,"gold_gain":0.0,"event_name":"conspire:Investor","player_choice":"Leave","floor":31.0,"gold_loss":0.0,"damage_taken":0.0},{"damage_healed":0.0,"max_hp_gain":0.0,"max_hp_loss":0.0,"gold_gain":0.0,"cards_transformed":["Guardian:Defend_Guardian"],"event_name":"Transmorgrifier","player_choice":"Transformed","floor":36.0,"gold_loss":0.0,"damage_taken":0.0,"cards_obtained":["Guardian:Reroute"]}],"is_beta":false,"boss_relics":[{"not_picked":["vexMod:EndlessSickness","Guardian:StasisSlotReductionRelic"],"picked":"Coffee Dripper"},{"not_picked":["hubris:BlackHole","halation:HeavySnake"],"picked":"vexMod:BigBerry"}],"items_purged_floors":[25,50],"is_endless":false,"potions_floor_spawned":[3,11,13,19,21,29,38,44,51],"ascension_level":0}}