{"host":"v0kr0xkqfgnh389p","time":1607561915,"event":{"gold_per_floor":[114,114,39,39,39,73,73,73,73,73,73,73,106,181,181,181,181],"floor_reached":16,"playtime":215,"items_purged":["Strike_P"],"score":167,"play_id":"bb26bf7a-ce47-4cc0-89e5-9f75533fd919","local_time":"20201209195835","is_ascension_mode":true,"campfire_choices":[{"floor":7,"key":"RECALL"},{"data":"Eruption","floor":10,"key":"SMITH"},{"data":"Bash","floor":12,"key":"SMITH"},{"data":"Defend_P","floor":15,"key":"SMITH"}],"neow_cost":"NONE","seed_source_timestamp":37895443901000,"circlet_count":0,"master_deck":["Strike_P","Strike_P","Strike_P","Defend_P+1","Defend_P+1","Defend_P+1","Eruption+1","Bash+1"],"relics":["NeowsBlessing","hubris:BundleOfHerbs","Calipers","Replay:M_SmolderingBlood","War Paint","Durian"],"potions_floor_usage":[],"damage_taken":[{"damage":0,"enemies":"Small Slimes","floor":1,"turns":1},{"damage":0,"enemies":"3 Sentries","floor":6,"turns":1},{"damage":0,"enemies":"Gremlin Nob","floor":13,"turns":1},{"damage":74,"enemies":"Slime Boss","floor":16,"turns":6}],"seed_played":"-4167592639730103683","potions_obtained":[],"is_trial":false,"path_per_floor":["M","?","$","?","$","E","R","?","T","R","T","R","E","?","R","B"],"character_chosen":"WATCHER","items_purchased":[],"campfire_rested":0,"item_purchase_floors":[],"current_hp_per_floor":[72,65,65,65,65,65,65,65,65,65,65,65,70,59,59,0,0],"gold":181,"neow_bonus":"THREE_ENEMY_KILL","is_prod":false,"is_daily":false,"chose_seed":false,"campfire_upgraded":3,"win_rate":0,"timestamp":1607561915,"path_taken":["M","?","$","?","$","E","R","?","T","R","?","R","E","?","R","BOSS"],"build_version":"2020-11-30","purchased_purges":1,"victory":false,"max_hp_per_floor":[72,72,72,72,72,72,72,72,72,72,72,72,77,77,77,77,77],"card_choices":[{"not_picked":["EmptyFist","BowlingBash","Replay:DivineShield"],"picked":"SKIP","floor":1},{"not_picked":["Prostrate","ForeignInfluence","ThirdEye"],"picked":"SKIP","floor":6},{"not_picked":["ClearTheMind","ThirdEye","WreathOfFlame"],"picked":"SKIP","floor":13}],"player_experience":704473,"relics_obtained":[{"floor":4,"key":"hubris:BundleOfHerbs"},{"floor":6,"key":"Calipers"},{"floor":11,"key":"War Paint"},{"floor":13,"key":"Durian"}],"event_choices":[{"cards_removed":["Defend_P"],"damage_healed":0,"gold_gain":0,"player_choice":"Card Removal","damage_taken":7,"max_hp_gain":0,"max_hp_loss":0,"event_name":"Golden Wing","floor":2,"gold_loss":0},{"damage_healed":0,"gold_gain":75,"player_choice":"Gather Gold","damage_taken":11,"max_hp_gain":0,"max_hp_loss":0,"event_name":"World of Goop","floor":14,"gold_loss":0}],"is_beta":false,"boss_relics":[],"items_purged_floors":[3],"is_endless":false,"potions_floor_spawned":[],"killed_by":"Slime Boss","ascension_level":2}}