{"host":"9jbduwjxg0e72hbg","time":1607560271,"event":{"gold_per_floor":[1786,1786,1797,1817,1817,1845,1770,1804,1804,1820,1820,1849,1878,1878,1981,1981,1992,2045,2045,2071,1986,1986,2011,2011,2115,2115,2270,2270,2270,2270],"floor_reached":52,"playtime":1558,"items_purged":[],"score":1345,"play_id":"6ed9fc47-a7c6-480e-accd-3ec26d190eee","local_time":"20201209163111","is_ascension_mode":false,"metric_token":2513,"campfire_choices":[{"floor":11,"key":"REST"},{"floor":32,"key":"RECALL"},{"data":"StuffTheSpire:Ambrosia","floor":49,"key":"SMITH"}],"neow_cost":"NONE","seed_source_timestamp":244545029155971,"circlet_count":0,"master_deck":["animator:Boros+1","Gatherer:Strike_Gatherer","Gatherer:Strike_Gatherer","Gatherer:Strike_Gatherer+1","Gatherer:Strike_Gatherer","Gatherer:Strike_Gatherer+1","Gatherer:Defend_Gatherer+1","Gatherer:Defend_Gatherer+1","Gatherer:Defend_Gatherer+1","Gatherer:Centralize+1","Gatherer:FlowerWhip+3","Gatherer:CarefulStrike","Gatherer:EnergyBasket","Gatherer:MindSearch+1","Gatherer:BlackTea","StuffTheSpire:Ambrosia+1","Gatherer:SealedBomb+1","Gatherer:ColorfulGarden","Gatherer:ScherryThrow+1"],"relics":["Gatherer:MiracleBag","Gensokyo:PortableGap","paleoftheancients:SoulOfTheBandit","paleoftheancients:SoulOfTheBard","paleoftheancients:SoulOfTheCollector","paleoftheancients:SoulOfTheDefect","paleoftheancients:SoulOfTheGuardian","paleoftheancients:SoulOfTheHexaghost","paleoftheancients:SoulOfTheIroncluck","paleoftheancients:SoulOfTheShapes","paleoftheancients:SoulOfTheShowman","paleoftheancients:SoulOfTheShrineMaiden","paleoftheancients:SoulOfTheSilent","paleoftheancients:SoulOfTheThorton","paleoftheancients:SoulOfTheVixen","paleoftheancients:SoulOfTheWatcher","paleoftheancients:SoulOfTheWokeBloke","DemoMod:GlassGuonStoneRelic","vexMod:Spyglass","hubris:Icosahedron","conspire:InfiniteJournal","HornCleat","hubris:SlimyHat","StuffTheSpire:RubySignet","Philosopher\u0027s Stone","StuffTheSpire:Gunfinga","infinitespire:Beetle Shell","StuffTheSpire:HeavyRock","hubris:BottledHeart","jedi:HeartOfTheCards","infinitespire:EvilPickle","jedi:hotpepper"],"potions_floor_usage":[16,16,33,50],"damage_taken":[{"damage":10,"enemies":"Menagerie:MonstrousExperiment","floor":1,"turns":1},{"damage":0,"enemies":"Menagerie:2_RABBITS","floor":3,"turns":1},{"damage":16,"enemies":"Menagerie:Hydra","floor":6,"turns":1},{"damage":0,"enemies":"Menagerie:VoidReaper","floor":8,"turns":1},{"damage":16,"enemies":"Menagerie:StygianBoar","floor":10,"turns":1},{"damage":3,"enemies":"Menagerie:MOSSY_WILDLIFE","floor":13,"turns":1},{"damage":0,"enemies":"Menagerie:Hydra","floor":14,"turns":1},{"damage":0,"enemies":"Menagerie:Suneater","floor":16,"turns":1},{"damage":0,"enemies":"Spheric Guardian","floor":18,"turns":1},{"damage":0,"enemies":"Slavers","floor":31,"turns":1},{"damage":0,"enemies":"Pondfish","floor":33,"turns":2},{"damage":0,"enemies":"3 Shapes","floor":35,"turns":1},{"damage":0,"enemies":"Time Eater","floor":50,"turns":1}],"seed_played":"899602665074000825","potions_obtained":[{"floor":1,"key":"Cursed Concoction"},{"floor":8,"key":"blueLaboratory:Moonshine"},{"floor":10,"key":"Venom Potion"}],"is_trial":false,"path_per_floor":["M","?","M","?","?","E","?","E","T","M","R","?","E","R","B",null,"M","T","?","T","?","?","E","R","B",null,"M","R","B",null,null],"character_chosen":"THE_GATHERER","items_purchased":[],"campfire_rested":1,"item_purchase_floors":[],"current_hp_per_floor":[62,5,37,37,37,21,21,21,21,5,24,25,47,67,38,38,35,35,35,32,29,1,1,1,1,1,1,1,1,1],"gold":2270,"neow_bonus":"RANDOM_EVENT","is_prod":false,"is_daily":false,"chose_seed":false,"campfire_upgraded":1,"win_rate":0.0,"timestamp":1607560271,"path_taken":["M","?","M","?","?","E","?","E","T","M","R","?","E","R","BOSS","M","?","?","?","?","?","E","R","BOSS","M","R","BOSS"],"build_version":"2020-11-30","purchased_purges":0,"victory":true,"max_hp_per_floor":[72,72,69,69,69,66,66,66,66,66,63,67,67,67,38,38,35,35,35,32,29,1,1,1,1,1,1,1,1,1],"card_choices":[{"not_picked":["Gatherer:FlowerShield","Gatherer:SaveValuables","Gatherer:AromaProtection"],"picked":"SKIP","floor":1},{"not_picked":["Gatherer:Misfortune","Gatherer:Enchant","Gatherer:ScentOfRosmari"],"picked":"SKIP","floor":3},{"not_picked":["Gatherer:GatherMaterial","Gatherer:WoolGloves","Gatherer:OddSpoils"],"picked":"SKIP","floor":6},{"not_picked":["Gatherer:FlowerBeam","Gatherer:Enchant"],"picked":"Gatherer:CarefulStrike","floor":8},{"not_picked":["Gatherer:QuickSynthesis","Gatherer:AlchemyTrial"],"picked":"Gatherer:EnergyBasket","floor":10},{"not_picked":["Gatherer:FruitForce","Gatherer:DrugPower"],"picked":"Gatherer:MindSearch","floor":14},{"not_picked":["Gatherer:CursedBlade","Gatherer:FinishingStrike"],"picked":"Gatherer:BlackTea","floor":16},{"not_picked":["Gatherer:AcidicSpray","Gatherer:WoolGloves+1","Gatherer:Frenzy"],"picked":"SKIP","floor":18},{"not_picked":["StuffTheSpire:Innocence","StuffTheSpire:Perfection"],"picked":"StuffTheSpire:Ambrosia","floor":21},{"not_picked":["Gatherer:SaveValuables","Gatherer:AromaProtection"],"picked":"Gatherer:SealedBomb+1","floor":31},{"not_picked":["Gatherer:MindSearch","Gatherer:ScrollOfPurity"],"picked":"Gatherer:ColorfulGarden","floor":33},{"not_picked":["Gatherer:AlchemyTrial","Gatherer:Polymorphism+1"],"picked":"Gatherer:ScherryThrow+1","floor":35}],"player_experience":821496,"relics_obtained":[{"floor":6,"key":"Oddly Smooth Stone"},{"floor":8,"key":"HornCleat"},{"floor":9,"key":"hubris:SlimyHat"},{"floor":14,"key":"StuffTheSpire:RubySignet"},{"floor":20,"key":"StuffTheSpire:Gunfinga"},{"floor":22,"key":"infinitespire:Beetle Shell"},{"floor":31,"key":"jedi:HeartOfTheCards"}],"event_choices":[{"damage_healed":0,"gold_gain":0,"player_choice":"UP UP UP UP ","damage_taken":65,"relics_obtained":[],"max_hp_gain":0,"max_hp_loss":0,"event_name":"betterSkull:BetterSkull","floor":2,"gold_loss":0,"cards_upgraded":["Gatherer:Defend_Gatherer","Gatherer:FlowerWhip","Gatherer:Strike_Gatherer","Gatherer:FlowerWhip"]},{"damage_healed":0,"gold_gain":20,"player_choice":"Cunning","damage_taken":0,"max_hp_gain":0,"max_hp_loss":0,"event_name":"Menagerie:CloudVision","floor":4,"gold_loss":0,"cards_upgraded":["Gatherer:Defend_Gatherer"]},{"damage_healed":0,"gold_gain":0,"player_choice":"2","damage_taken":0,"max_hp_gain":0,"max_hp_loss":0,"event_name":"betterMatch:BetterMatch","floor":7,"gold_loss":0,"cards_obtained":["betterMatch:CommonCard"]},{"damage_healed":0,"gold_gain":0,"player_choice":"Detour","damage_taken":0,"max_hp_gain":0,"max_hp_loss":0,"event_name":"Menagerie:MossyPath","floor":13,"gold_loss":0},{"damage_healed":0,"gold_gain":0,"player_choice":"Obtained Relic","damage_taken":0,"relics_obtained":["StuffTheSpire:HeavyRock"],"max_hp_gain":0,"max_hp_loss":0,"event_name":"Addict","floor":27,"gold_loss":85}],"is_beta":false,"boss_relics":[{"not_picked":["hubris:VirtuousBlindfold","Cursed Key"],"picked":"Gatherer:MiracleBag"},{"not_picked":["Sozu","Kintsugi"],"picked":"jedi:hotpepper"}],"items_purged_floors":[],"is_endless":false,"potions_floor_spawned":[1,8,10,31],"ascension_level":0}}