{"host":"7qf1todfnxspvw7w","time":1607618067,"event":{"mods":["BaseMod","Block Reminder","Colored Powertips","Disable Question Mark Monsters","Googly Eyes","Minty Spire (QoL Compilation)","Reorder Act Four","StSLib","Replay The Spire","SacredBarkPlus","Shop Mod","BetterRewards","Downfall","Gold Saver","Displayed Cursed Tome","Relic Stats","Uncapped","Infinite Spire","Lobotomy"],"gold_per_floor":[994,994,1008,1021,1041,1041,1058,1058,1058,1058,1070,1070,1083,698,698,803,803,803,629,642,642,642,642,673,673,673,698,698,461,476,489,489,593,593,613,613,613,538,562,562,575,575,600,635,313,342,392,392,392,392],"floor_reached":51,"playtime":3465,"items_purged":["Discord","Apo_Beam","Apo_SoulSlash","Apo_Charge","TrainingCode"],"score":1053,"play_id":"170738e3-5a85-4f12-9096-b55c6a9f99eb","local_time":"20201210193427","is_ascension_mode":true,"campfire_choices":[{"floor":12,"key":"REST"}],"circlet_count":0,"master_deck":["Apo_SoulSlash","Apo_Charge","Apo_Charge","Apo_Charge","Apo_Beam","Apo_Beam","Apo_Execute","Apo_Slash","Apo_Slash","WristCuter","RedEyes+1","infinitespire:Collect+1","ControlCode","TT2Protocol","WelfareCode","SpecialBullet","SpecialBullet","Penitence+1","SpecialBullet","SpecialBullet","Replay:Dark Deal","SpecialBullet","Christmas+1"],"relics":["CogitoBucket","Thread and Needle","CultistMask","Membership Card","Art of War","Sozu","ApostleMask","Omamori","Prayer Wheel","Bronze Scales","Replay:WaspNest","StrikeDummy","Orichalcum","ReplayTheSpireMod:Lightbulb","SlaversCollar","Centennial Puzzle","Regal Pillow","War Paint","Torii","Bird Faced Urn","Durian"],"acts_visited":["Exordium","TheCity","TheBeyond"],"potions_floor_usage":[50,50],"damage_taken":[{"damage":3,"enemies":"Small Slimes","floor":1,"turns":2},{"damage":13,"enemies":"infinitespire:Voidling","floor":3,"turns":3},{"damage":2,"enemies":"Cultist","floor":4,"turns":3},{"damage":5,"enemies":"3 Louse","floor":5,"turns":4},{"damage":8,"enemies":"Blue Slaver","floor":7,"turns":3},{"damage":58,"enemies":"Exordium Wildlife","floor":11,"turns":16},{"damage":0,"enemies":"Looter","floor":13,"turns":4},{"damage":32,"enemies":"Hexaghost","floor":16,"turns":12},{"damage":0,"enemies":"Shell Parasite","floor":20,"turns":1},{"damage":0,"enemies":"Gremlin Leader","floor":24,"turns":2},{"damage":15,"enemies":"Slavers","floor":27,"turns":2},{"damage":44,"enemies":"Spheric Guardian","floor":30,"turns":5},{"damage":0,"enemies":"Chosen and Byrds","floor":31,"turns":3},{"damage":15,"enemies":"Automaton","floor":33,"turns":5},{"damage":5,"enemies":"Orb Walker","floor":35,"turns":2},{"damage":0,"enemies":"3 Shapes","floor":41,"turns":3},{"damage":12,"enemies":"Reptomancer","floor":44,"turns":4},{"damage":0,"enemies":"Nemesis","floor":46,"turns":3},{"damage":0,"enemies":"Mind Bloom Boss Battle","floor":47,"turns":4},{"damage":19,"enemies":"infinitespire:MassOfShapes","floor":50,"turns":7},{"damage":1,"enemies":"Malkuth","floor":51,"turns":6},{"damage":40,"enemies":"Hod","floor":51,"turns":6},{"damage":0,"enemies":"Chesed","floor":51,"turns":2},{"damage":6,"enemies":"Hokma","floor":51,"turns":2},{"damage":15,"enemies":"Angela","floor":51,"turns":4}],"seed_played":"7758797737130477499","potions_obtained":[{"floor":5,"key":"BlessingOfTheForge"},{"floor":7,"key":"Dexterity Potion"}],"is_trial":false,"path_per_floor":["M","?","M","M","M","R","M","R","T","?","M","R","M","$","R","B",null,"M","$","M","?","T","R","E","R","T","E","R","$","M","M","R","B",null,"M","?","?","$","T","R","M","R","T","E","$","E","?","$","R","B",null],"character_chosen":"Angela","items_purchased":["Bandage Up","Membership Card","WristCuter","Art of War","ReplayTheSpireMod:Necrogeddon","Omamori","WristCuter","RedEyes","Orichalcum","ReplayTheSpireMod:Lightbulb","Torii","Replay:Dark Deal"],"campfire_rested":1,"item_purchase_floors":[0,14,14,14,14,19,19,19,29,29,45,45],"current_hp_per_floor":[54,54,49,51,50,50,46,46,46,46,11,32,45,45,45,29,70,67,67,67,67,67,67,67,67,67,52,52,52,8,70,70,55,55,50,50,50,50,50,50,50,50,50,38,38,38,38,38,38,19],"gold":392,"neow_bonus":"","is_daily":false,"chose_seed":false,"campfire_upgraded":0,"win_rate":0,"timestamp":1607618067,"path_taken":["M","?","M","?","M","R","M","R","T","?","M","R","M","$","R","BOSS","M","?","M","?","?","R","E","R","T","E","R","$","M","?","R","BOSS","M","?","?","$","?","R","M","R","T","E","?","E","?","$","R","BOSS"],"build_version":"2020-11-30","purchased_purges":5,"victory":true,"max_hp_per_floor":[70,70,70,70,70,70,70,70,70,70,70,70,70,70,70,70,70,70,70,70,70,70,70,70,70,70,70,70,70,70,70,70,70,70,70,66,66,66,66,66,66,66,66,66,66,66,71,71,71,71],"relic_stats":{"Sozu":0,"Centennial Puzzle":[18],"Regal Pillow":0,"Torii":6,"counters":[53,267],"Bronze Scales":[185],"Bird Faced Urn":[0],"Prayer Wheel":4,"Art of War":[5],"Orichalcum":[204],"War Paint":["RedEyes","infinitespire:Collect"],"obtain_stats":[{"Regal Pillow":43,"Torii":45,"StoneCalendar":49,"Whetstone":26,"Ginger":43,"Smiling Mask":13,"Cursed Key":36,"Old Coin":44,"Blood Vial":11,"Sozu":17,"CogitoBucket":0,"Centennial Puzzle":39,"Prayer Wheel":22,"Gremlin Food":9,"NeowsBlessing":0,"Thread and Needle":0,"Ring of Chaos":17,"Replay:WaspNest":24,"Omamori":19,"Orichalcum":45,"War Paint":44,"Question Card":21,"MawBank":47,"Akabeko":38,"SlaversCollar":34,"Bronze Scales":24,"Bird Faced Urn":46,"AtMidnight":48,"CultistMask":10,"Art of War":14,"Durian":47,"Membership Card":14,"StrikeDummy":7,"ReplayTheSpireMod:Lightbulb":29,"ApostleMask":18},{"Regal Pillow":44,"Torii":45,"StoneCalendar":22,"Whetstone":11,"Ginger":19,"Smiling Mask":5,"Cursed Key":15,"Old Coin":20,"Blood Vial":4,"Sozu":34,"CogitoBucket":0,"Centennial Puzzle":43,"Prayer Wheel":36,"Gremlin Food":4,"NeowsBlessing":0,"Thread and Needle":25,"Ring of Chaos":6,"Replay:WaspNest":11,"Omamori":35,"Orichalcum":20,"War Paint":45,"Question Card":9,"MawBank":20,"Akabeko":16,"SlaversCollar":42,"Bronze Scales":37,"Bird Faced Urn":46,"AtMidnight":22,"CultistMask":30,"Art of War":33,"Durian":47,"Membership Card":33,"StrikeDummy":4,"ReplayTheSpireMod:Lightbulb":38,"ApostleMask":35},{"Regal Pillow":229,"Torii":233,"StoneCalendar":143,"Whetstone":56,"Ginger":121,"Smiling Mask":13,"Cursed Key":86,"Old Coin":134,"Blood Vial":6,"Sozu":201,"CogitoBucket":0,"Centennial Puzzle":226,"Prayer Wheel":206,"Gremlin Food":6,"NeowsBlessing":0,"Thread and Needle":153,"Ring of Chaos":22,"Replay:WaspNest":56,"Omamori":205,"Orichalcum":134,"War Paint":233,"Question Card":38,"MawBank":134,"Akabeko":93,"SlaversCollar":224,"Bronze Scales":208,"Bird Faced Urn":236,"AtMidnight":143,"CultistMask":168,"Art of War":189,"Durian":240,"Membership Card":189,"StrikeDummy":6,"ReplayTheSpireMod:Lightbulb":210,"ApostleMask":205}]},"card_choices":[{"not_picked":["Hypocrisy","Horn"],"picked":"SKIP","floor":1},{"not_picked":["Regret_ego"],"picked":"RapturousDream","floor":3},{"not_picked":["Justitia"],"picked":"Penitence","floor":4},{"not_picked":["Wingbeat","Beak"],"picked":"SKIP","floor":5},{"not_picked":["HeroicMonk","BeautyBeast"],"picked":"PlagueDoctor","floor":7},{"not_picked":["Loneliness","Tough"],"picked":"SKIP","floor":7},{"not_picked":["SolemnVow","Regret_ego"],"picked":"SKIP","floor":11},{"not_picked":["Wellcheers","Bloodbath"],"picked":"OSAHOGD","floor":13},{"not_picked":["ScreamingWedge"],"picked":"Discord","floor":13},{"not_picked":["Mimicry"],"picked":"CENSORED_ego","floor":16},{"not_picked":["RapturousDream","Horn"],"picked":"SKIP","floor":20},{"not_picked":["ReplayTheSpireMod:Chaos Vortex","ReplayTheSpireMod:Book of Names"],"picked":"infinitespire:Collect","floor":21},{"not_picked":["Lantern","Pinks"],"picked":"SKIP","floor":24},{"not_picked":["Ecstasy","RedEyes"],"picked":"SKIP","floor":27},{"not_picked":["BloodyDesire","TodaysExpression"],"picked":"SKIP","floor":30},{"not_picked":["WristCuter+1","Beak+1"],"picked":"SKIP","floor":30},{"not_picked":["Horn","Moonlight"],"picked":"SKIP","floor":31},{"not_picked":["Soda+1","Beak"],"picked":"SKIP","floor":31},{"not_picked":["RapturousDream"],"picked":"Penitence+1","floor":35},{"not_picked":["BearPaw","GrinderMk4"],"picked":"SKIP","floor":35},{"not_picked":["RedEyes+1","Horn"],"picked":"SKIP","floor":41},{"not_picked":["Beak+1","FourthMatchFlame+1"],"picked":"SKIP","floor":41},{"not_picked":["Wingbeat+1","Beak"],"picked":"SKIP","floor":44},{"not_picked":["Moonlight","Laetitia_ego+1"],"picked":"SKIP","floor":46},{"not_picked":["FeatherOfHonor+1"],"picked":"Christmas+1","floor":47}],"player_experience":487197,"relics_obtained":[{"floor":22,"key":"Prayer Wheel"},{"floor":24,"key":"Bronze Scales"},{"floor":26,"key":"Replay:WaspNest"},{"floor":27,"key":"StrikeDummy"},{"floor":39,"key":"Centennial Puzzle"},{"floor":43,"key":"Regal Pillow"},{"floor":44,"key":"War Paint"},{"floor":46,"key":"Bird Faced Urn"},{"floor":47,"key":"Durian"}],"event_choices":[{"damage_healed":0,"gold_gain":0,"player_choice":"Ignored","damage_taken":0,"max_hp_gain":0,"max_hp_loss":0,"event_name":"Transmorgrifier","floor":2,"gold_loss":0},{"damage_healed":0,"gold_gain":0,"player_choice":"Trade","damage_taken":0,"relics_obtained":["CultistMask"],"max_hp_gain":0,"max_hp_loss":0,"event_name":"FaceTrader","floor":10,"gold_loss":0},{"damage_healed":0,"gold_gain":0,"player_choice":"Max HP","damage_taken":0,"max_hp_gain":0,"max_hp_loss":4,"event_name":"Winding Halls","floor":36,"gold_loss":0},{"damage_healed":0,"gold_gain":0,"player_choice":"Memory 1","damage_taken":0,"max_hp_gain":0,"max_hp_loss":0,"event_name":"SensoryStone","floor":37,"gold_loss":0},{"damage_healed":0,"gold_gain":0,"player_choice":"Fight","damage_taken":0,"max_hp_gain":0,"max_hp_loss":0,"event_name":"MindBloom","floor":47,"gold_loss":0}],"is_beta":false,"boss_relics":[{"not_picked":["Honey Jar","Kintsugi"],"picked":"Sozu"},{"not_picked":["Replay:Ancient Bell","Replay:Drink Me"],"picked":"SlaversCollar"}],"items_purged_floors":[14,19,29,38,45],"is_endless":false,"potions_floor_spawned":[5,7],"ascension_level":1}}