{"host":"mcdusr64esz012l0","time":1607614512,"event":{"mods":["BaseMod","Minty Spire (QoL Compilation)","Relic Stats"],"gold_per_floor":[367,382,382,382,402,402,429,429,429,429,199,218,248,261,261,335,335,351,351,351,351,351,351,351,684,710,724,742,773,174,206,206,280,280,295,1294,654,654,664,664,694,712,738,770,137,151,151,0,0,0],"floor_reached":51,"playtime":2378,"items_purged":["Strike_B","Hyperbeam","Normality","Normality"],"score":1514,"play_id":"af7e694f-e8b1-4841-a434-3a3199ba98f8","local_time":"20201210103512","is_ascension_mode":true,"campfire_choices":[{"data":"Doom and Gloom","floor":6,"key":"SMITH"},{"floor":8,"key":"REST"},{"data":"Multi-Cast","floor":15,"key":"SMITH"},{"floor":23,"key":"REST"},{"data":"Coolheaded","floor":32,"key":"SMITH"},{"data":"Multi-Cast","floor":40,"key":"SMITH"},{"floor":49,"key":"REST"}],"circlet_count":0,"master_deck":["AscendersBane","Defend_B","Defend_B","Defend_B","Defend_B","Zap","Dualcast","Compile Driver","Coolheaded+1","Undo","Multi-Cast+1","Go for the Eyes","Coolheaded","Biased Cognition+1","Force Field","Electrodynamics","Fusion","Multi-Cast+1","Loop+1","Loop+1","Undo","Leap+1"],"relics":["Cracked Core","HornCleat","Symbiotic Virus","Ornamental Fan","Snecko Eye","Old Coin","DataDisk","Nunchaku","Lee\u0027s Waffle","Pocketwatch","Orichalcum","Velvet Choker","DollysMirror","Thread and Needle","PreservedInsect","Juzu Bracelet","Emotion Chip","Toy Ornithopter","Red Mask"],"acts_visited":["Exordium","TheCity","TheBeyond"],"potions_floor_usage":[13,16,29,46],"damage_taken":[{"damage":10,"enemies":"Small Slimes","floor":1,"turns":3},{"damage":0,"enemies":"2 Louse","floor":2,"turns":1},{"damage":7,"enemies":"Cultist","floor":5,"turns":4},{"damage":35,"enemies":"Lagavulin","floor":7,"turns":6},{"damage":6,"enemies":"Looter","floor":12,"turns":2},{"damage":3,"enemies":"3 Sentries","floor":13,"turns":6},{"damage":0,"enemies":"Blue Slaver","floor":14,"turns":3},{"damage":12,"enemies":"Hexaghost","floor":16,"turns":12},{"damage":0,"enemies":"Spheric Guardian","floor":18,"turns":2},{"damage":10,"enemies":"Book of Stabbing","floor":25,"turns":3},{"damage":6,"enemies":"Shell Parasite","floor":27,"turns":5},{"damage":3,"enemies":"Centurion and Healer","floor":28,"turns":5},{"damage":17,"enemies":"Slavers","floor":29,"turns":3},{"damage":1,"enemies":"Book of Stabbing","floor":31,"turns":5},{"damage":19,"enemies":"Automaton","floor":33,"turns":6},{"damage":0,"enemies":"3 Shapes","floor":35,"turns":2},{"damage":14,"enemies":"3 Darklings","floor":39,"turns":3},{"damage":36,"enemies":"Nemesis","floor":41,"turns":5},{"damage":0,"enemies":"Maw","floor":42,"turns":5},{"damage":11,"enemies":"Giant Head","floor":44,"turns":5},{"damage":3,"enemies":"4 Shapes","floor":46,"turns":4},{"damage":3,"enemies":"Time Eater","floor":50,"turns":4}],"seed_played":"1652972458197674621","potions_obtained":[{"floor":2,"key":"SkillPotion"},{"floor":12,"key":"Fire Potion"},{"floor":13,"key":"FairyPotion"},{"floor":16,"key":"EssenceOfSteel"},{"floor":29,"key":"BlessingOfTheForge"},{"floor":44,"key":"Regen Potion"}],"is_trial":false,"path_per_floor":["M","M","?","?","M","R","E","R","T","?","$","M","E","M","R","B",null,"M","?","?","?","?","R","?","E","T","M","M","E","$","E","R","B",null,"M","?","$","?","M","R","E","M","T","E","$","M","?","?","R","B",null],"character_chosen":"DEFECT","items_purchased":["Multi-Cast","Lee\u0027s Waffle","Pocketwatch","DollysMirror","Thread and Needle","Emotion Chip","Toy Ornithopter"],"campfire_rested":3,"item_purchase_floors":[11,30,30,37,37,45,45],"current_hp_per_floor":[54,54,54,59,52,52,17,37,37,37,37,31,28,28,28,16,56,56,56,37,37,37,59,59,49,49,43,40,23,81,80,80,61,76,76,76,76,76,62,62,26,26,26,15,15,26,26,26,50,47],"gold":0,"neow_bonus":"TWO_FIFTY_GOLD","is_daily":false,"chose_seed":false,"campfire_upgraded":4,"win_rate":0,"timestamp":1607614512,"path_taken":["M","M","?","?","M","R","E","R","T","?","$","M","E","?","R","BOSS","M","?","?","?","?","R","?","E","T","M","?","E","$","E","R","BOSS","M","?","$","?","M","R","E","M","T","E","$","M","?","?","R","BOSS"],"build_version":"2020-11-30","purchased_purges":4,"victory":true,"max_hp_per_floor":[64,64,64,69,69,69,69,69,69,69,69,69,69,69,69,69,69,69,69,74,74,74,74,74,74,74,74,74,74,81,81,81,81,81,81,81,81,81,81,81,81,81,81,81,81,81,81,81,81,81],"relic_stats":{"Nunchaku":[1],"Lee\u0027s Waffle":58,"Emotion Chip":[6,1,2,2,1],"counters":[22,93],"Ornamental Fan":[8],"Snecko Eye":[86,96,100,80],"PreservedInsect":130,"Juzu Bracelet":0,"Orichalcum":[36],"obtain_stats":[{"Lee\u0027s Waffle":30,"Velvet Choker":34,"Thread and Needle":37,"PreservedInsect":43,"Juzu Bracelet":44,"Orichalcum":31,"Old Coin":25,"DataDisk":26,"Nunchaku":29,"Emotion Chip":45,"HornCleat":7,"Ornamental Fan":13,"DollysMirror":37,"Snecko Eye":17,"Red Mask":48,"Cracked Core":0,"Symbiotic Virus":9,"Toy Ornithopter":45,"Pocketwatch":30},{"Lee\u0027s Waffle":13,"Velvet Choker":15,"Thread and Needle":16,"PreservedInsect":19,"Juzu Bracelet":20,"Orichalcum":14,"Old Coin":10,"DataDisk":10,"Nunchaku":13,"Emotion Chip":20,"HornCleat":4,"Ornamental Fan":6,"DollysMirror":16,"Snecko Eye":8,"Red Mask":21,"Cracked Core":0,"Symbiotic Virus":4,"Toy Ornithopter":20,"Pocketwatch":13},{"Lee\u0027s Waffle":55,"Velvet Choker":66,"Thread and Needle":68,"PreservedInsect":81,"Juzu Bracelet":86,"Orichalcum":60,"Old Coin":42,"DataDisk":42,"Nunchaku":55,"Emotion Chip":86,"HornCleat":14,"Ornamental Fan":22,"DollysMirror":68,"Snecko Eye":37,"Red Mask":89,"Cracked Core":0,"Symbiotic Virus":14,"Toy Ornithopter":86,"Pocketwatch":55}],"Toy Ornithopter":5,"Pocketwatch":[42]},"card_choices":[{"not_picked":["Redo","Gash"],"picked":"Compile Driver","floor":1},{"not_picked":["Hologram","Hello World"],"picked":"Doom and Gloom","floor":2},{"not_picked":["Streamline","Barrage"],"picked":"Coolheaded","floor":5},{"not_picked":["Chill","Machine Learning"],"picked":"Undo","floor":7},{"not_picked":["Force Field","Doom and Gloom"],"picked":"Go for the Eyes","floor":12},{"not_picked":["Leap","Compile Driver"],"picked":"Coolheaded","floor":13},{"not_picked":["Stack","Ball Lightning","Barrage"],"picked":"SKIP","floor":14},{"not_picked":["Buffer","Echo Form"],"picked":"Biased Cognition","floor":16},{"not_picked":["Beam Cell","Static Discharge+1"],"picked":"Force Field","floor":18},{"not_picked":["Redo","Streamline","Leap"],"picked":"SKIP","floor":25},{"not_picked":["Rebound","Self Repair","Coolheaded"],"picked":"SKIP","floor":27},{"not_picked":["Rebound","Conserve Battery","Sunder"],"picked":"SKIP","floor":28},{"not_picked":["Amplify","Doom and Gloom+1","Steam"],"picked":"SKIP","floor":29},{"not_picked":["Gash","FTL+1"],"picked":"Fusion","floor":31},{"not_picked":["Rainbow","Amplify"],"picked":"Multi-Cast","floor":33},{"not_picked":["Coolheaded","Redo"],"picked":"Loop+1","floor":35},{"not_picked":["Scrape","Tempest","Static Discharge"],"picked":"SKIP","floor":39},{"not_picked":["Steam","Barrage"],"picked":"Undo","floor":41},{"not_picked":["Coolheaded","Cold Snap+1","Fusion"],"picked":"SKIP","floor":42},{"not_picked":["Fusion+1","Scrape+1","Cold Snap+1"],"picked":"SKIP","floor":44},{"not_picked":["Gash","Hologram"],"picked":"Leap+1","floor":46}],"player_experience":977384,"relics_obtained":[{"floor":7,"key":"HornCleat"},{"floor":9,"key":"Symbiotic Virus"},{"floor":13,"key":"Ornamental Fan"},{"floor":25,"key":"Old Coin"},{"floor":26,"key":"DataDisk"},{"floor":29,"key":"Nunchaku"},{"floor":31,"key":"Orichalcum"},{"floor":43,"key":"PreservedInsect"},{"floor":44,"key":"Juzu Bracelet"}],"event_choices":[{"cards_removed":["Strike_B"],"damage_healed":0,"gold_gain":0,"player_choice":"Forget","damage_taken":0,"max_hp_gain":0,"max_hp_loss":0,"event_name":"Living Wall","floor":3,"gold_loss":0},{"damage_healed":0,"gold_gain":0,"player_choice":"Donut","damage_taken":0,"max_hp_gain":5,"max_hp_loss":0,"event_name":"Big Fish","floor":4,"gold_loss":0},{"damage_healed":0,"gold_gain":0,"player_choice":"0 cards matched","damage_taken":0,"max_hp_gain":0,"max_hp_loss":0,"event_name":"Match and Keep!","floor":10,"gold_loss":0,"cards_obtained":[]},{"damage_healed":0,"gold_gain":0,"player_choice":"Ignored","damage_taken":0,"max_hp_gain":0,"max_hp_loss":0,"event_name":"Vampires","floor":19,"gold_loss":0},{"damage_healed":0,"gold_gain":0,"player_choice":"Shed Blood","damage_taken":24,"max_hp_gain":5,"max_hp_loss":0,"event_name":"Forgotten Altar","floor":20,"gold_loss":0},{"damage_healed":0,"gold_gain":0,"player_choice":"Ignored","damage_taken":0,"max_hp_gain":0,"max_hp_loss":0,"event_name":"The Mausoleum","floor":21,"gold_loss":0},{"damage_healed":0,"gold_gain":0,"cards_transformed":["Strike_B","Strike_B"],"player_choice":"Became Test Subject","damage_taken":0,"max_hp_gain":0,"max_hp_loss":0,"event_name":"Drug Dealer","floor":22,"gold_loss":0,"cards_obtained":["Electrodynamics","Hyperbeam"]},{"damage_healed":0,"gold_gain":0,"player_choice":"Upgraded","damage_taken":0,"max_hp_gain":0,"max_hp_loss":0,"event_name":"Upgrade Shrine","floor":24,"gold_loss":0,"cards_upgraded":["Biased Cognition"]},{"damage_healed":0,"gold_gain":999,"player_choice":"Gold","damage_taken":0,"max_hp_gain":0,"max_hp_loss":0,"event_name":"MindBloom","floor":36,"gold_loss":0,"cards_obtained":["Normality","Normality"]},{"cards_removed":["Doom and Gloom"],"damage_healed":0,"gold_gain":0,"player_choice":"Removed Attack","damage_taken":0,"max_hp_gain":0,"max_hp_loss":0,"event_name":"Falling","floor":38,"gold_loss":0},{"damage_healed":0,"gold_gain":0,"player_choice":"Ignored","damage_taken":0,"max_hp_gain":0,"max_hp_loss":0,"event_name":"Mysterious Sphere","floor":47,"gold_loss":0},{"damage_healed":0,"gold_gain":0,"player_choice":"Paid","damage_taken":0,"relics_obtained":["Red Mask"],"max_hp_gain":0,"max_hp_loss":0,"event_name":"Tomb of Lord Red Mask","floor":48,"gold_loss":151}],"is_beta":false,"boss_relics":[{"not_picked":["SacredBark","Ectoplasm"],"picked":"Snecko Eye"},{"not_picked":["Tiny House","Coffee Dripper"],"picked":"Velvet Choker"}],"items_purged_floors":[11,30,37,45],"is_endless":false,"potions_floor_spawned":[2,12,13,16,27,29,42,44],"ascension_level":18}}