{"host":"1tl36azeqm6yhdgj","time":1607616142,"event":{"mods":["BaseMod","AchievementEnabler","Minty Spire (QoL Compilation)","StSLib","everything is the same but u backflip on backflip","The IronCluck"],"gold_per_floor":[18,18,18,33,108,108,129,163,190,239,239,269,299,323,323,458,539,566,566,566],"floor_reached":19,"playtime":566,"items_purged":[],"score":277,"play_id":"6c08e5fe-e9c1-42d9-aa7a-23c0ce761cef","local_time":"20201210110222","is_ascension_mode":true,"campfire_choices":[{"floor":6.0,"key":"REST"},{"floor":15.0,"key":"REST"}],"circlet_count":0,"master_deck":["AscendersBane","Bash","Magnetism+1","Carnage","Cleave","Thunderclap","Fire Breathing","Flex","Pommel Strike","Juggernaut","Immolate","Rampage","Shrug It Off","Bludgeon","Entrench","Inflame","Armaments","Infernal Blade","Rupture","Heavy Blade","Seeing Red"],"special_seed":0,"relics":["Burning Blood","Golden Idol","Blood Vial","Bird Faced Urn","CeramicFish","PreservedInsect","Pandora\u0027s Box"],"acts_visited":["Exordium","TheCity"],"potions_floor_usage":[],"damage_taken":[{"damage":11.0,"enemies":"2 Louse","floor":1.0,"turns":5.0},{"damage":7.0,"enemies":"Small Slimes","floor":4.0,"turns":3.0},{"damage":0.0,"enemies":"Jaw Worm","floor":7.0,"turns":1.0},{"damage":31.0,"enemies":"Lagavulin","floor":8.0,"turns":8.0},{"damage":30.0,"enemies":"Gremlin Nob","floor":10.0,"turns":5.0},{"damage":18.0,"enemies":"Large Slime","floor":12.0,"turns":5.0},{"damage":6.0,"enemies":"2 Fungi Beasts","floor":13.0,"turns":2.0},{"damage":7.0,"enemies":"Exordium Wildlife","floor":14.0,"turns":4.0},{"damage":28.0,"enemies":"Slime Boss","floor":16.0,"turns":9.0},{"damage":68.0,"enemies":"Shell Parasite","floor":18.0,"turns":6.0},{"damage":31,"enemies":"3 Byrds","floor":19,"turns":2}],"seed_played":"-4253766588567741116","potions_obtained":[{"floor":1.0,"key":"DuplicationPotion"},{"floor":4.0,"key":"Block Potion"},{"floor":7.0,"key":"Fire Potion"},{"floor":8.0,"key":"Weak Potion"}],"is_trial":false,"path_per_floor":["M","?","?","M","?","R","M","E","T","E","?","M","M","M","R","B",null,"M","M"],"character_chosen":"IRONCLAD","items_purchased":[],"campfire_rested":2,"item_purchase_floors":[],"current_hp_per_floor":[67,47,44,45,34,58,66,43,43,23,23,15,17,20,44,30,68,12,0,0],"gold":566,"neow_bonus":"RANDOM_COLORLESS_2","is_daily":false,"chose_seed":false,"campfire_upgraded":0,"win_rate":0,"timestamp":1607616142,"path_taken":["M","?","?","M","?","R","M","E","T","E","?","M","?","M","R","BOSS","M","M"],"build_version":"2020-11-30","purchased_purges":0,"victory":false,"max_hp_per_floor":[80,80,80,80,80,80,80,80,80,80,80,80,80,80,80,80,80,80,80,80],"card_choices":[{"not_picked":["Panache","Mayhem"],"picked":"Magnetism","floor":0.0},{"not_picked":["Clothesline","Combust"],"picked":"Carnage","floor":1.0},{"not_picked":["Blood for Blood","Warcry"],"picked":"Cleave","floor":4.0},{"not_picked":["Armaments","Carnage"],"picked":"Thunderclap","floor":7.0},{"not_picked":["Body Slam","Sever Soul","Sentinel"],"picked":"SKIP","floor":8.0},{"not_picked":["Disarm","Havoc"],"picked":"Fire Breathing","floor":10.0},{"not_picked":["Clothesline","Sever Soul"],"picked":"Flex","floor":12.0},{"not_picked":["Headbutt","Sword Boomerang"],"picked":"Pommel Strike","floor":13.0},{"not_picked":["Ghostly Armor","Searing Blow"],"picked":"Juggernaut","floor":14.0},{"not_picked":["Offering","Limit Break"],"picked":"Immolate","floor":16.0},{"not_picked":["Heavy Blade","Searing Blow"],"picked":"Seeing Red","floor":18.0}],"player_experience":1901609,"relics_obtained":[{"floor":8.0,"key":"Bird Faced Urn"},{"floor":9.0,"key":"CeramicFish"},{"floor":10.0,"key":"PreservedInsect"}],"event_choices":[{"damage_healed":0.0,"max_hp_gain":0.0,"max_hp_loss":0.0,"gold_gain":0.0,"event_name":"Golden Idol","player_choice":"Take Damage","floor":2.0,"gold_loss":0.0,"damage_taken":20.0,"relics_obtained":["Golden Idol"]},{"damage_healed":0.0,"max_hp_gain":0.0,"max_hp_loss":0.0,"gold_gain":0.0,"event_name":"Scrap Ooze","player_choice":"Success","floor":3.0,"gold_loss":0.0,"damage_taken":3.0,"relics_obtained":["Blood Vial"]},{"damage_healed":0.0,"max_hp_gain":0.0,"max_hp_loss":0.0,"gold_gain":75.0,"event_name":"World of Goop","player_choice":"Gather Gold","floor":5.0,"gold_loss":0.0,"damage_taken":11.0},{"damage_healed":0.0,"max_hp_gain":0.0,"max_hp_loss":0.0,"gold_gain":0.0,"event_name":"Living Wall","player_choice":"Grow","floor":11.0,"gold_loss":0.0,"damage_taken":0.0,"cards_upgraded":["Magnetism"]}],"is_beta":false,"boss_relics":[{"not_picked":["Calling Bell","Runic Cube"],"picked":"Pandora\u0027s Box"}],"items_purged_floors":[],"is_endless":false,"potions_floor_spawned":[1,4,7,8],"killed_by":"3 Byrds","ascension_level":11}}