{"host":"cvdbfwtypahr1w62","time":1607635677,"event":{"mods":["BaseMod","StSLib","Colored Map","AchievementEnabler","Minty Spire (QoL Compilation)","Jorbs\u0027s Wanderer Trilogy","Rare Cards Sparkle","Shop Mod","BetterRewards","Filter the Spire","Highlight Path","Relic Stats","Marisa????????","The Cursed","Act Like it!","Hallownest","The Bug Knight"],"gold_per_floor":[116,89,19,19,32,32,47,47,100,130,130,130,260,286,286,388,388,407,417,417,81,101,130,130,161,161,174,192,212,212,127,127,225,225,241,241,66,66,85,85,101,114,141,141,159,159,159,169,169,169],"floor_reached":51,"playtime":2447,"items_purged":["Strike_G","Strike_G","Strike_G","Defend_G","Defend_G"],"score":1490,"play_id":"805c3497-02a5-4c72-b1e5-27bcf29844c9","local_time":"20201210222757","is_ascension_mode":true,"campfire_choices":[{"floor":6,"key":"REST"},{"data":"Accuracy","floor":8,"key":"SMITH"},{"data":"Infinite Blades","floor":12,"key":"SMITH"},{"floor":15,"key":"REST"},{"floor":24,"key":"REST"},{"floor":30,"key":"REST"},{"floor":32,"key":"REST"},{"data":"Burst","floor":40,"key":"SMITH"},{"floor":47,"key":"REST"},{"floor":49,"key":"REST"}],"circlet_count":0,"master_deck":["AscendersBane","Defend_G","Defend_G","Survivor","Neutralize+1","Accuracy+1","Infinite Blades+1","Acrobatics","Noxious Fumes","Cloak And Dagger","Blade Dance","Blur","Noxious Fumes","Adrenaline","Catalyst+1","After Image","Infinite Blades","Terror","Burst+1","Footwork+1","Madness","Swift Strike"],"relics":["Ring of the Snake","Bronze Scales","ClockworkSouvenir","Hallownest:StagBellRelic1","Hallownest:DreamNailRelic","Dream Catcher","Paper Crane","Whetstone","SlaversCollar","Oddly Smooth Stone","Vajra","Question Card","Blue Candle","Busted Crown","Lantern"],"acts_visited":["Exordium","TheCity","TheBeyond"],"potions_floor_usage":[19,25,25,33,39,41,50],"damage_taken":[{"damage":0,"enemies":"Hallownest:monsterHuskWarrior","floor":1,"turns":4},{"damage":0,"enemies":"Hallownest:2_MossCreeps","floor":5,"turns":4},{"damage":3,"enemies":"2_ Uuma","floor":7,"turns":4},{"damage":6,"enemies":"Hallownest:eliteCrystalGuardian","floor":10,"turns":5},{"damage":0,"enemies":"Hallownest:eliteMossKnight","floor":14,"turns":4},{"damage":33,"enemies":"Hallownest:BossHornet","floor":16,"turns":7},{"damage":4,"enemies":"Shell Parasite","floor":18,"turns":5},{"damage":0,"enemies":"Chosen","floor":19,"turns":4},{"damage":14,"enemies":"Centurion and Healer","floor":22,"turns":4},{"damage":24,"enemies":"Book of Stabbing","floor":23,"turns":5},{"damage":0,"enemies":"Slavers","floor":25,"turns":5},{"damage":17,"enemies":"Snake Plant","floor":27,"turns":4},{"damage":8,"enemies":"Chosen and Byrds","floor":28,"turns":5},{"damage":0,"enemies":"Centurion and Healer","floor":29,"turns":6},{"damage":6,"enemies":"Champ","floor":33,"turns":8},{"damage":0,"enemies":"Orb Walker","floor":35,"turns":3},{"damage":1,"enemies":"3 Shapes","floor":39,"turns":3},{"damage":24,"enemies":"3 Darklings","floor":41,"turns":5},{"damage":1,"enemies":"Jaw Worm Horde","floor":42,"turns":5},{"damage":15,"enemies":"Writhing Mass","floor":45,"turns":4},{"damage":0,"enemies":"Maw","floor":48,"turns":5},{"damage":37,"enemies":"Donu and Deca","floor":50,"turns":8}],"seed_played":"2905037946446153583","potions_obtained":[{"floor":5,"key":"GhostInAJar"},{"floor":23,"key":"EssenceOfSteel"},{"floor":29,"key":"Ancient Potion"},{"floor":33,"key":"Explosive Potion"},{"floor":39,"key":"Fire Potion"},{"floor":42,"key":"LiquidMemories"}],"is_trial":false,"path_per_floor":["M","$","?","?","M","R","M","R","T","E","?","R","?","?","R","B",null,"M","M","?","$","M","E","R","E","T","M","M","M","R","?","R","B",null,"M","?","$","?","M","R","M","M","T","?","M","?","R","M","R","B",null],"character_chosen":"THE_SILENT","items_purchased":["Accuracy","Bronze Scales","Infinite Blades","ClockworkSouvenir","Acrobatics","Noxious Fumes","Cloak And Dagger","PowerPotion","Blade Dance","Infinite Blades","Oddly Smooth Stone"],"campfire_rested":7,"item_purchase_floors":[0,0,0,0,0,0,0,0,2,21,21],"current_hp_per_floor":[25,25,25,25,25,46,43,43,43,37,37,37,37,37,55,22,53,49,49,49,49,35,11,29,29,29,12,4,4,22,22,40,34,56,56,48,48,48,47,47,23,22,22,22,7,7,25,25,43,6],"gold":169,"neow_bonus":"","is_daily":false,"chose_seed":false,"campfire_upgraded":3,"win_rate":0,"timestamp":1607635677,"path_taken":["M","$","?","?","?","R","M","R","T","E","?","R","?","?","R","BOSS","M","M","?","$","M","E","R","E","T","M","M","?","R","?","R","BOSS","M","?","$","?","M","R","?","M","T","?","?","?","R","?","R","BOSS"],"build_version":"2020-11-30","purchased_purges":5,"victory":true,"max_hp_per_floor":[70,70,70,70,70,70,70,70,70,70,63,63,63,63,63,63,63,63,63,63,63,63,63,63,63,63,63,63,63,63,63,63,63,63,63,63,63,63,63,63,63,63,63,63,63,60,60,60,60,60],"relic_stats":{"Dream Catcher":6,"Busted Crown":16,"counters":[166,870],"Bronze Scales":[279],"Blue Candle":[1],"Whetstone":["Neutralize"],"Question Card":14,"obtain_stats":[{"Calipers":10,"Tiny House":17,"Vajra":10,"HollowMod:VesselMask":0,"Whetstone":0,"Bottled Tornado":28,"Boot":8,"Sling":19,"Blood Vial":2,"Sundial":43,"Philosopher\u0027s Stone":17,"Prayer Wheel":27,"MealTicket":7,"Fusion Hammer":34,"Kunai":9,"Toxic Egg 2":9,"Pear":9,"Happy Flower":0,"Blue Candle":31,"HollowMod:JonisBlessing":0,"Oddly Smooth Stone":0,"Pen Nib":27,"War Paint":30,"Paper Crane":10,"Question Card":26,"Akabeko":45,"WarpedTongs":28,"SlaversCollar":17,"Bottled Flame":26,"Shuriken":9,"Bronze Scales":20,"MutagenicStrength":20,"Bird Faced Urn":25,"Ring of the Serpent":34,"Pocketwatch":0,"Meat on the Bone":4,"Lantern":24,"Regal Pillow":26,"Hallownest:StagBellRelic1":3,"SacredBark":34,"Magic Flower":0,"Mango":0,"StoneCalendar":0,"Juzu Bracelet":43,"Incense Burner":2,"Hallownest:DreamNailRelic":3,"Smiling Mask":9,"Hallownest:GodTamersBeastRelic":45,"Empty Cage":17,"Cursed Key":17,"ClockworkSouvenir":0,"Nunchaku":26,"Dream Catcher":9,"Matryoshka":31,"Pantograph":6,"WingedGreaves":0,"Red Mask":48,"Chemical X":30,"InkBottle":14,"Runic Pyramid":34,"Hallownest:BeastSealRelic":48,"Lee\u0027s Waffle":30,"Golden Idol":2,"PreservedInsect":5,"Frozen Egg 2":22,"Odd Mushroom":11,"White Beast Statue":26,"Peace Pipe":13,"Hallownest:WatcherSealRelic":20,"Anchor":30,"Busted Crown":34,"Ornamental Fan":11,"Turnip":24,"Membership Card":0,"Toy Ornithopter":9,"TungstenRod":43},{"Calipers":124,"Tiny House":127,"Vajra":59,"HollowMod:VesselMask":0,"Whetstone":0,"Bottled Tornado":112,"Boot":4,"Sling":64,"Blood Vial":56,"Sundial":17,"Philosopher\u0027s Stone":7,"Prayer Wheel":87,"MealTicket":96,"Fusion Hammer":46,"Kunai":20,"Toxic Egg 2":34,"Pear":58,"Happy Flower":55,"Blue Candle":158,"HollowMod:JonisBlessing":0,"Oddly Smooth Stone":119,"Pen Nib":68,"War Paint":68,"Paper Crane":148,"Question Card":155,"Akabeko":73,"WarpedTongs":43,"SlaversCollar":39,"Bottled Flame":11,"Shuriken":123,"Bronze Scales":25,"MutagenicStrength":111,"Bird Faced Urn":111,"Ring of the Serpent":136,"Pocketwatch":0,"Meat on the Bone":106,"Lantern":10,"Regal Pillow":131,"Hallownest:StagBellRelic1":145,"SacredBark":70,"Magic Flower":55,"Mango":18,"StoneCalendar":55,"Juzu Bracelet":17,"Incense Burner":19,"Hallownest:DreamNailRelic":31,"Smiling Mask":4,"Hallownest:GodTamersBeastRelic":54,"Empty Cage":63,"Cursed Key":110,"ClockworkSouvenir":18,"Nunchaku":67,"Dream Catcher":147,"Matryoshka":12,"Pantograph":3,"WingedGreaves":105,"Red Mask":75,"Chemical X":44,"InkBottle":22,"Runic Pyramid":13,"Hallownest:BeastSealRelic":54,"Lee\u0027s Waffle":68,"Golden Idol":106,"PreservedInsect":99,"Frozen Egg 2":9,"Odd Mushroom":102,"White Beast Statue":86,"Peace Pipe":81,"Hallownest:WatcherSealRelic":41,"Anchor":134,"Busted Crown":115,"Ornamental Fan":36,"Turnip":130,"Membership Card":55,"Toy Ornithopter":107,"TungstenRod":140},{"Calipers":675,"Tiny House":688,"Vajra":325,"HollowMod:VesselMask":0,"Whetstone":0,"Bottled Tornado":608,"Boot":16,"Sling":351,"Blood Vial":314,"Sundial":91,"Philosopher\u0027s Stone":32,"Prayer Wheel":476,"MealTicket":529,"Fusion Hammer":267,"Kunai":105,"Toxic Egg 2":181,"Pear":321,"Happy Flower":310,"Blue Candle":829,"HollowMod:JonisBlessing":0,"Oddly Smooth Stone":643,"Pen Nib":370,"War Paint":370,"Paper Crane":780,"Question Card":814,"Akabeko":387,"WarpedTongs":248,"SlaversCollar":217,"Bottled Flame":55,"Shuriken":667,"Bronze Scales":137,"MutagenicStrength":605,"Bird Faced Urn":605,"Ring of the Serpent":725,"Pocketwatch":0,"Meat on the Bone":582,"Lantern":51,"Regal Pillow":701,"Hallownest:StagBellRelic1":767,"SacredBark":378,"Magic Flower":310,"Mango":100,"StoneCalendar":310,"Juzu Bracelet":91,"Incense Burner":102,"Hallownest:DreamNailRelic":168,"Smiling Mask":16,"Hallownest:GodTamersBeastRelic":299,"Empty Cage":346,"Cursed Key":602,"ClockworkSouvenir":100,"Nunchaku":364,"Dream Catcher":775,"Matryoshka":59,"Pantograph":11,"WingedGreaves":578,"Red Mask":396,"Chemical X":253,"InkBottle":113,"Runic Pyramid":71,"Hallownest:BeastSealRelic":299,"Lee\u0027s Waffle":370,"Golden Idol":582,"PreservedInsect":549,"Frozen Egg 2":39,"Odd Mushroom":563,"White Beast Statue":466,"Peace Pipe":431,"Hallownest:WatcherSealRelic":230,"Anchor":716,"Busted Crown":624,"Ornamental Fan":195,"Turnip":698,"Membership Card":310,"Toy Ornithopter":585,"TungstenRod":739}],"Ring of the Snake":[44]},"card_choices":[{"not_picked":["Slice","Prepared","Calculated Gamble"],"picked":"SKIP","floor":1},{"not_picked":["Prepared","Dodge and Roll","Blade Dance"],"picked":"SKIP","floor":5},{"not_picked":["Caltrops","Flying Knee"],"picked":"Blur","floor":7},{"not_picked":["Blade Dance","Flying Knee"],"picked":"Noxious Fumes","floor":10},{"not_picked":["Caltrops","Predator"],"picked":"Adrenaline","floor":14},{"not_picked":["Deflect","Blade Dance"],"picked":"Catalyst","floor":15},{"not_picked":["A Thousand Cuts","Unload"],"picked":"After Image","floor":16},{"not_picked":["Dodge and Roll","Cloak And Dagger","Quick Slash"],"picked":"SKIP","floor":18},{"not_picked":["Skewer+1","Backflip","Quick Slash+1"],"picked":"SKIP","floor":19},{"not_picked":["Caltrops","Well Laid Plans+1","Predator+1"],"picked":"SKIP","floor":22},{"not_picked":["Well Laid Plans+1","Underhanded Strike","Blade Dance"],"picked":"SKIP","floor":23},{"not_picked":["Endless Agony+1","Dagger Throw"],"picked":"Terror","floor":24},{"not_picked":["Predator","Dagger Throw","Malaise"],"picked":"SKIP","floor":25},{"not_picked":["Prepared","Underhanded Strike+1","Dodge and Roll","Dagger Spray"],"picked":"SKIP","floor":27},{"not_picked":["Backflip","Deadly Poison","Sucker Punch","All Out Attack"],"picked":"SKIP","floor":28},{"not_picked":["Bouncing Flask","Dodge and Roll","Tools of the Trade","Cloak And Dagger"],"picked":"SKIP","floor":29},{"not_picked":["Storm of Steel","Glass Knife","Phantasmal Killer"],"picked":"Burst","floor":33},{"not_picked":["Quick Slash+1"],"picked":"Footwork+1","floor":35},{"not_picked":["Endless Agony+1","Sucker Punch"],"picked":"SKIP","floor":39},{"not_picked":["Endless Agony+1","Outmaneuver+1"],"picked":"SKIP","floor":41},{"not_picked":["Heel Hook","Endless Agony"],"picked":"SKIP","floor":42},{"not_picked":["Finisher","Quick Slash+1"],"picked":"SKIP","floor":45},{"not_picked":["Distraction+1","Heel Hook+1"],"picked":"SKIP","floor":48}],"player_experience":755004,"relics_obtained":[{"floor":9,"key":"Dream Catcher"},{"floor":10,"key":"Paper Crane"},{"floor":14,"key":"Whetstone"},{"floor":25,"key":"Vajra"},{"floor":26,"key":"Question Card"},{"floor":43,"key":"Lantern"}],"event_choices":[{"cards_removed":["Defend_G"],"damage_healed":0,"gold_gain":0,"player_choice":"Card Removal","damage_taken":0,"max_hp_gain":0,"max_hp_loss":0,"event_name":"Wheel of Change","floor":20,"gold_loss":0},{"damage_healed":0,"gold_gain":0,"player_choice":"Obtained Relic","damage_taken":0,"relics_obtained":["Blue Candle"],"max_hp_gain":0,"max_hp_loss":0,"event_name":"Addict","floor":31,"gold_loss":85},{"damage_healed":0,"gold_gain":0,"player_choice":"Embrace Madness","damage_taken":8,"max_hp_gain":0,"max_hp_loss":0,"event_name":"Winding Halls","floor":36,"gold_loss":0,"cards_obtained":["Madness","Madness"]},{"damage_healed":0,"gold_gain":0,"cards_transformed":["Madness"],"player_choice":"Transformed","damage_taken":0,"max_hp_gain":0,"max_hp_loss":0,"event_name":"Transmorgrifier","floor":38,"gold_loss":0,"cards_obtained":["Swift Strike"]},{"damage_healed":0,"gold_gain":0,"player_choice":"Upgraded","damage_taken":0,"max_hp_gain":0,"max_hp_loss":0,"event_name":"Upgrade Shrine","floor":44,"gold_loss":0,"cards_upgraded":["Catalyst"]},{"cards_removed":["Parasite"],"damage_healed":0,"gold_gain":0,"player_choice":"Card Removal","damage_taken":0,"max_hp_gain":0,"max_hp_loss":0,"event_name":"Wheel of Change","floor":46,"gold_loss":0}],"is_beta":false,"boss_relics":[{"not_picked":["SacredBark","Sozu"],"picked":"SlaversCollar"},{"not_picked":["Astrolabe","Snecko Eye"],"picked":"Busted Crown"}],"items_purged_floors":[0,0,0,21,37],"is_endless":false,"potions_floor_spawned":[5,10,18,23,29,33,39,42],"ascension_level":11}}