{"host":"zkqorkqsr6o67e8b","time":1607585710,"event":{"gold_per_floor":[420,420,420,434,91,91,111,143,168,168,193,193,193,212,212,284,284,304,304,304,1,13,13],"floor_reached":22,"playtime":667,"items_purged":["Strike_Remiria","Strike_Remiria"],"score":364,"play_id":"62e134ad-67ef-4059-8a5f-44669bbed64a","local_time":"20201210153510","is_ascension_mode":true,"campfire_choices":[{"data":"CruelSlaughter","floor":6.0,"key":"SMITH"},{"data":"Absorbed","floor":10.0,"key":"SMITH"},{"data":"Trip","floor":13.0,"key":"SMITH"},{"data":"Fiend Fire","floor":15.0,"key":"SMITH"}],"neow_cost":"PERCENT_DAMAGE","seed_source_timestamp":24810476839100,"circlet_count":0,"master_deck":["AscendersBane","Defend_Remirira+1","Defend_Remirira+1","Absorbed+1","Scratch","Fiend Fire+1","CruelSlaughter+1","Trip+1","Warpath","HeartBreak_Remiria","BodyStrengthen+1","VampirishNight+1","MillenniumVampire+1","RitualDagger","CurseofVladTepes"],"special_seed":0,"relics":["ThirstyCrossSpe","REME_ComplimentaryCards","Lee\u0027s Waffle","Dream Catcher","Boot","Potion Belt","Astrolabe","Chemical X"],"potions_floor_usage":[],"damage_taken":[{"damage":8.0,"enemies":"2 Louse","floor":1.0,"turns":3.0},{"damage":0.0,"enemies":"Jaw Worm","floor":4.0,"turns":3.0},{"damage":6.0,"enemies":"Small Slimes","floor":7.0,"turns":3.0},{"damage":8.0,"enemies":"Gremlin Nob","floor":8.0,"turns":3.0},{"damage":0.0,"enemies":"Looter","floor":14.0,"turns":2.0},{"damage":29.0,"enemies":"The Guardian","floor":16.0,"turns":9.0},{"damage":37,"enemies":"2 Thieves","floor":18,"turns":4},{"damage":44,"enemies":"Shell Parasite","floor":22,"turns":5}],"seed_played":"-4791083228105456592","potions_obtained":[{"floor":4.0,"key":"DistilledChaos"},{"floor":14.0,"key":"Dexterity Potion"},{"floor":16.0,"key":"Block Potion"}],"is_trial":false,"path_per_floor":["M","?","?","M","$","R","M","E","T","R","T","?","R","M","R","B",null,"M","?","?","$","M"],"character_chosen":"RemiriaScarlet","items_purchased":["Lee\u0027s Waffle","Trip","Chemical X","CurseofVladTepes"],"campfire_rested":0,"item_purchase_floors":[5,5,21,21],"current_hp_per_floor":[55,48,18,18,107,107,101,93,93,93,93,98,98,98,98,69,101,72,72,66,66,26,26],"gold":13,"neow_bonus":"TWO_FIFTY_GOLD","is_prod":false,"is_daily":false,"chose_seed":false,"campfire_upgraded":4,"win_rate":0,"timestamp":1607585710,"path_taken":["M","?","?","M","$","R","M","E","T","R","?","?","R","M","R","BOSS","M","?","?","$","M"],"build_version":"2020-11-30","purchased_purges":2,"victory":false,"max_hp_per_floor":[100,100,100,100,107,107,107,107,107,107,107,112,112,112,112,112,112,112,112,112,112,112,112],"card_choices":[{"not_picked":["PainBurst","BloodSurge","FastHealing"],"picked":"SKIP","floor":1.0},{"not_picked":["Rewrite","ServantFlier"],"picked":"CruelSlaughter","floor":4.0},{"not_picked":["BloodCleaner","Tearing"],"picked":"Warpath","floor":7.0},{"not_picked":["BloodySuit","ThePrice","FierceSweep"],"picked":"SKIP","floor":8.0},{"not_picked":["BloodySuit","BloodCollect","ServantFlier"],"picked":"SKIP","floor":14.0},{"not_picked":["QueenOfMidnight","RedMagic"],"picked":"HeartBreak_Remiria","floor":16.0},{"not_picked":["BathedInBlood","Cripple","FateEnsemble"],"picked":"SKIP","floor":18}],"player_experience":658961,"relics_obtained":[{"floor":8.0,"key":"Dream Catcher"},{"floor":9.0,"key":"Boot"},{"floor":11.0,"key":"Potion Belt"}],"event_choices":[{"cards_removed":["Strike_Remiria"],"damage_healed":0.0,"max_hp_gain":0.0,"max_hp_loss":0.0,"gold_gain":0.0,"event_name":"Golden Wing","player_choice":"Card Removal","floor":2.0,"gold_loss":0.0,"damage_taken":7.0},{"damage_healed":0.0,"max_hp_gain":0.0,"max_hp_loss":0.0,"gold_gain":0.0,"event_name":"Shining Light","player_choice":"Entered Light","floor":3.0,"gold_loss":0.0,"damage_taken":30.0,"cards_upgraded":["Defend_Remirira","Defend_Remirira"]},{"damage_healed":0.0,"max_hp_gain":5.0,"max_hp_loss":0.0,"gold_gain":0.0,"event_name":"Big Fish","player_choice":"Donut","floor":12.0,"gold_loss":0.0,"damage_taken":0.0},{"damage_healed":0,"gold_gain":0,"player_choice":"Ignored","damage_taken":0,"max_hp_gain":0,"max_hp_loss":0,"event_name":"Ghosts","floor":19,"gold_loss":0},{"damage_healed":0,"gold_gain":0,"player_choice":"Joined the Cult","damage_taken":6,"max_hp_gain":0,"max_hp_loss":0,"event_name":"Nest","floor":20,"gold_loss":0,"cards_obtained":["RitualDagger"]}],"is_beta":false,"boss_relics":[{"not_picked":["Cursed Key","Pandora\u0027s Box"],"picked":"Astrolabe"}],"items_purged_floors":[5,21],"is_endless":false,"potions_floor_spawned":[4,14,16],"killed_by":"Shell Parasite","ascension_level":20}}