{"host":"bz6gkvdcavhdnmlv","time":1607571225,"event":{"gold_per_floor":[114,84,104,120,158,192,162,179,179,190,210,220,220,232,232,330,330,345,345,363,380,380,412,429,429,429,456,9,19,19,40,40,157,157,189,211,237,237,237,288,288,298,298],"floor_reached":42,"playtime":4532,"items_purged":[],"score":574,"play_id":"98f7b557-4944-4b84-9059-fe0905248bc9","local_time":"20201209223345","is_ascension_mode":false,"campfire_choices":[{"data":"Capacitor","floor":15,"key":"SMITH"},{"data":"Double Energy","floor":25,"key":"SMITH"},{"floor":30,"key":"RECALL"},{"floor":32,"key":"REST"},{"floor":41,"key":"REST"}],"neow_cost":"NONE","seed_source_timestamp":1755364931985000,"circlet_count":0,"master_deck":["Gash","Gash","Gash","Gash","Gash","Defend_B","Defend_B","Defend_B","Defend_B","Defend_B","Clawfect:Clawrage","Clawfect:Clawter","Crystallizer","Capacitor+1","StuffTheSpire:Coldhearted","Chill","Clawfect:Clawline","Conserve Battery","Clawfect:ClawSnap","Chaos","Seek","Electrodynamics","Coolheaded","FTL","Clawfect:ClawCell+1","Capacitor+1","Clawfect:Clawline","Double Energy+1","StuffTheSpire:ShieldGenerator","Clawfect:ClawCell","Clawfect:ClawSnap+1","Seek","CurseOfTheBell","Storm+1","Redo+1","Clawfect:ClawForTheEyes","infinitespire:DeathsTouch","infinitespire:SealOfDarkness+","Clawfect:ClawLightning"],"relics":["halation:SimulatedSpire","ReplayFunnel","Replay:Bottled Flurry","Replay:Ringing Soul","Replay:Bottled Steam","White Beast Statue","Replay:Bandana","Blood Vial","Pantograph","Calling Bell","StuffTheSpire:GrapeVine","Gremlin Horn","hubris:CuriousFeather","aspiration:Stellarator","CCEMRelics:OrganicArmor","hubris:Icosahedron","Pet Ghost"],"potions_floor_usage":[14,16,18,23,27,29,29,36,36,40,42],"damage_taken":[{"damage":7,"enemies":"2 Louse","floor":1,"turns":3},{"damage":0,"enemies":"Cultist","floor":3,"turns":4},{"damage":7,"enemies":"Small Slimes","floor":4,"turns":4},{"damage":9,"enemies":"conspire:MimicChest","floor":5,"turns":5},{"damage":3,"enemies":"Gremlin Nob","floor":6,"turns":4},{"damage":0,"enemies":"Looter","floor":7,"turns":4},{"damage":0,"enemies":"Red Slaver","floor":8,"turns":6},{"damage":1,"enemies":"2 Fungi Beasts","floor":10,"turns":4},{"damage":0,"enemies":"Large Slime","floor":11,"turns":7},{"damage":2,"enemies":"Lots of Slimes","floor":12,"turns":5},{"damage":14,"enemies":"Gremlin Gang","floor":14,"turns":5},{"damage":37,"enemies":"The Guardian","floor":16,"turns":9},{"damage":12,"enemies":"3 Byrds","floor":18,"turns":4},{"damage":2,"enemies":"Shell Parasite","floor":20,"turns":6},{"damage":7,"enemies":"Cultist and Chosen","floor":21,"turns":8},{"damage":14,"enemies":"Nightmare","floor":23,"turns":8},{"damage":0,"enemies":"Centurion and Healer","floor":24,"turns":6},{"damage":37,"enemies":"Book of Stabbing","floor":27,"turns":6},{"damage":16,"enemies":"Shelled Parasite and Fungi","floor":29,"turns":3},{"damage":0,"enemies":"Snecko","floor":31,"turns":9},{"damage":46,"enemies":"hubris:MusketHawk","floor":33,"turns":7},{"damage":34,"enemies":"3 Shapes","floor":35,"turns":3},{"damage":20,"enemies":"3 Darklings","floor":36,"turns":6},{"damage":38,"enemies":"Transient","floor":37,"turns":5},{"damage":32,"enemies":"Giant Head","floor":40,"turns":6},{"damage":80,"enemies":"4 Shapes","floor":42,"turns":6}],"seed_played":"-6579534170457417879","potions_obtained":[{"floor":1,"key":"Elixir"},{"floor":2,"key":"SmokeBomb"},{"floor":2,"key":"EssenceOfSteel"},{"floor":3,"key":"Doom Potion"},{"floor":14,"key":"Fruit Juice"},{"floor":16,"key":"FocusPotion"},{"floor":24,"key":"Adrenaline Potion"},{"floor":27,"key":"ColorlessPotion"},{"floor":31,"key":"SteroidPotion"},{"floor":33,"key":"Dexterity Potion"},{"floor":35,"key":"Strength Potion"},{"floor":36,"key":"Adrenaline Potion"},{"floor":37,"key":"Elixir"},{"floor":40,"key":"Milkshake"}],"is_trial":false,"path_per_floor":["M","?","M","M","?","E","M","M","T","M","M","M","?","M","R","B",null,"M","?","M","M","?","NM","M","R","T","E","$","M","R","M","R","B",null,"M","M","M","AVR","?","E","R","M"],"character_chosen":"DEFECT","items_purchased":["Blood Vial","Pantograph","Clawfect:ClawCell"],"campfire_rested":2,"item_purchase_floors":[28,28,28],"current_hp_per_floor":[68,68,68,61,52,49,49,49,49,51,54,55,55,49,49,15,95,86,66,67,63,66,55,58,58,58,24,27,13,13,18,56,40,133,102,87,54,57,57,30,74,0,0],"gold":298,"neow_bonus":"SIMULATED_SPIRE","is_prod":false,"is_daily":false,"chose_seed":false,"campfire_upgraded":2,"win_rate":0,"timestamp":1607571225,"path_taken":["M","?","?","M","?","E","M","M","T","?","M","M","?","?","R","BOSS","M","?","M","M","?","NM","M","R","T","E","$","?","R","?","R","BOSS","M","M","M","AVR","?","E","R","M"],"build_version":"2020-11-30","purchased_purges":0,"victory":false,"max_hp_per_floor":[75,75,75,75,75,75,75,75,75,78,81,84,84,92,92,95,95,98,103,106,109,112,115,118,118,118,121,124,124,124,127,127,130,133,136,139,142,145,145,148,148,148,148],"card_choices":[{"not_picked":["Panic Button","Undo"],"picked":"Clawfect:Clawrage","floor":1},{"not_picked":["Clawfect:ClawingBeam","Steam","StuffTheSpire:LoadUp"],"picked":"SKIP","floor":1},{"not_picked":["Turbo","aspiration:Polymerization"],"picked":"Clawfect:Clawter","floor":3},{"not_picked":["StuffTheSpire:CleanHardDrive","hubris:SpecializedCircuitry","Leap"],"picked":"SKIP","floor":3},{"not_picked":["Rebound","Clawfect:ClawingBeam"],"picked":"Crystallizer","floor":4},{"not_picked":["Static Discharge","Recycle","Clawfect:ClawForTheEyes"],"picked":"SKIP","floor":4},{"not_picked":["Blizzard","Clawfect:Clawrage"],"picked":"Capacitor","floor":5},{"not_picked":["ReplayTheSpireMod:System Scan","Clawfect:Clawline"],"picked":"StuffTheSpire:Coldhearted","floor":6},{"not_picked":["Hyperbeam","Double Energy","Clawfect:ClawLightning"],"picked":"SKIP","floor":6},{"not_picked":["Force Field","Rebound"],"picked":"Chill","floor":7},{"not_picked":["Recycle","Steam","Gash"],"picked":"SKIP","floor":7},{"not_picked":["StuffTheSpire:Plugnplay","FTL"],"picked":"Clawfect:Clawline","floor":8},{"not_picked":["Clawfect:ClawCell","Panic Button","Reinforced Body"],"picked":"SKIP","floor":8},{"not_picked":["Clawfect:Clawrage","StuffTheSpire:LoadUp"],"picked":"Conserve Battery","floor":10},{"not_picked":["White Noise","StuffTheSpire:Plugnplay","Double Energy"],"picked":"SKIP","floor":10},{"not_picked":["StuffTheSpire:SnapShoot","Genetic Algorithm"],"picked":"Clawfect:ClawSnap","floor":11},{"not_picked":["Rebound","Clawfect:Clawline","Turbo"],"picked":"SKIP","floor":11},{"not_picked":["hubris:Ukulele","StuffTheSpire:GlassShard"],"picked":"Chaos","floor":12},{"not_picked":["Aggregate","Sunder","Leap"],"picked":"SKIP","floor":12},{"not_picked":["Panic Button","Clawfect:ScrapingClaw"],"picked":"Seek","floor":14},{"not_picked":["Steam Power","Defragment","Tempest"],"picked":"SKIP","floor":14},{"not_picked":["hubris:Prefetch","Creative AI"],"picked":"Electrodynamics","floor":16},{"not_picked":["Steam","StuffTheSpire:LoadUp"],"picked":"Coolheaded","floor":18},{"not_picked":["Clawfect:Clawter","Clawfect:ClawAndTear","Fusion"],"picked":"SKIP","floor":18},{"not_picked":["Heatsinks+1","ReplaySort+1"],"picked":"FTL","floor":20},{"not_picked":["hubris:PowerSurge","Chaos","StuffTheSpire:NuclearReactor+1"],"picked":"SKIP","floor":20},{"not_picked":["Steam+1","Panic Button"],"picked":"Clawfect:ClawCell+1","floor":21},{"not_picked":["Self Repair+1","Skim","Clawfect:ClawAndTear"],"picked":"SKIP","floor":21},{"not_picked":["Clawfect:Clawrage","Leap"],"picked":"Clawfect:Clawline","floor":23},{"not_picked":["Hologram","Clawfect:ScrapingClaw+1","StuffTheSpire:Plugnplay"],"picked":"SKIP","floor":23},{"not_picked":["Clawfect:ClawSnap","Hologram"],"picked":"Double Energy","floor":24},{"not_picked":["Echo Form","Stack","Steam"],"picked":"SKIP","floor":24},{"not_picked":["Clawfect:ClawCell+1","Hologram"],"picked":"StuffTheSpire:ShieldGenerator","floor":27},{"not_picked":["Panic Button","Rebound+1","Redo"],"picked":"SKIP","floor":27},{"not_picked":["conspire:Rain","Auto Shields"],"picked":"Clawfect:ClawSnap+1","floor":31},{"not_picked":["BasicCrystalCard","ReplayTheSpireMod:Repulse","Clawfect:ClawForTheEyes+1"],"picked":"SKIP","floor":31},{"not_picked":["Reboot","ReplayTheSpireMod:Omega Cannon"],"picked":"Seek","floor":33},{"not_picked":["FIFO Queue+1","Stack"],"picked":"Storm+1","floor":35},{"not_picked":["Hologram","Skim","Coolheaded"],"picked":"SKIP","floor":35},{"not_picked":["Fusion","hubris:Ukulele"],"picked":"Redo+1","floor":36},{"not_picked":["Coolheaded","Panic Button+1","Clawfect:Clawline"],"picked":"SKIP","floor":36},{"not_picked":["Hologram+1","StuffTheSpire:Plugnplay+1"],"picked":"Clawfect:ClawForTheEyes","floor":37},{"not_picked":["Clawfect:ClawSnap","StuffTheSpire:Synthwave","StuffTheSpire:EventHorizon"],"picked":"SKIP","floor":37},{"not_picked":["Rebound","Panic Button"],"picked":"Clawfect:ClawLightning","floor":40},{"not_picked":["White Noise","Steam+1","Lockon"],"picked":"SKIP","floor":40}],"player_experience":193874,"relics_obtained":[{"floor":5,"key":"ReplayFunnel"},{"floor":6,"key":"Replay:Bottled Flurry"},{"floor":9,"key":"Replay:Ringing Soul"},{"floor":23,"key":"Replay:Bottled Steam"},{"floor":26,"key":"White Beast Statue"},{"floor":27,"key":"Replay:Bandana"},{"floor":34,"key":"StuffTheSpire:GrapeVine"},{"floor":34,"key":"Gremlin Horn"},{"floor":34,"key":"hubris:CuriousFeather"},{"floor":40,"key":"Pet Ghost"}],"event_choices":[{"damage_healed":0,"gold_gain":0,"player_choice":"Bought 2 Potions","damage_taken":0,"max_hp_gain":0,"max_hp_loss":0,"event_name":"The Woman in Blue","floor":2,"gold_loss":0},{"damage_healed":0,"gold_gain":0,"player_choice":"Ignored","damage_taken":0,"max_hp_gain":0,"max_hp_loss":0,"event_name":"WeMeetAgain","floor":13,"gold_loss":0},{"damage_healed":0,"gold_gain":0,"player_choice":"Shed Blood","damage_taken":25,"max_hp_gain":5,"max_hp_loss":0,"event_name":"Forgotten Altar","floor":19,"gold_loss":0},{"damage_healed":0,"gold_gain":0,"player_choice":"Copied","damage_taken":0,"max_hp_gain":0,"max_hp_loss":0,"event_name":"Duplicator","floor":22,"gold_loss":0,"cards_obtained":["Capacitor"]}],"is_beta":false,"boss_relics":[{"not_picked":["aspiration:RitualDagger","Snecko Eye","energizedSpire:StickyHand"]},{"not_picked":["StuffTheSpire:RunicHypercube","energizedSpire:OgreHead"],"picked":"Calling Bell"}],"items_purged_floors":[],"is_endless":false,"potions_floor_spawned":[1,3,8,14,16,24,27,29,31,33,35,36,37,40],"killed_by":"4 Shapes","ascension_level":0}}