{"host":"3c27c697js19kaoo","time":1607597117,"event":{"gold_per_floor":[116,116,138,166,158,170,197,236,275,287,326,44,74,94,94,198,198,214,214,226,246,265,291,291,291,291],"floor_reached":25,"playtime":963,"items_purged":[],"score":322,"play_id":"f68e82ec-4da9-4c9f-8df4-1a87f46433d7","local_time":"20201210184517","is_ascension_mode":true,"campfire_choices":[{"data":"ForecastOfChange","floor":6,"key":"SMITH"},{"data":"Spin","floor":15,"key":"SMITH"},{"floor":24,"key":"REST"}],"neow_cost":"NONE","seed_source_timestamp":1915141939627600,"circlet_count":0,"master_deck":["Strike_S","Strike_S","Strike_S","Strike_S","Defend_S","Defend_S","Defend_S","Defend_S","KidneyShot","Exchange","ForecastOfChange+1","GearUp","Starlight","Spin+1","BottledTime","MurderousAura+1","FlawlessForm","CurseOfTheBell","Pain","SpecialFormula"],"relics":["Uniform","REME_ComplimentaryCards","NeowsBlessing","MawBank","ScarletDevilRocket","Nunchaku","Toy Ornithopter","Pan","Dota2Spire:PhaseBoots","Ancient Tea Set","Calling Bell","REME_PuzzleBoxRelic","Question Card","Incense Burner","WarpedTongs","Kunai"],"potions_floor_usage":[13,23,23,23],"damage_taken":[{"damage":0,"enemies":"Small Slimes","floor":1,"turns":1},{"damage":0,"enemies":"Cultist","floor":3,"turns":1},{"damage":0,"enemies":"2 Louse","floor":4,"turns":1},{"damage":0,"enemies":"Looter","floor":7,"turns":2},{"damage":6,"enemies":"Gremlin Nob","floor":8,"turns":3},{"damage":11,"enemies":"Lagavulin","floor":11,"turns":6},{"damage":4,"enemies":"3 Sentries","floor":13,"turns":4},{"damage":0,"enemies":"Gremlin Gang","floor":14,"turns":2},{"damage":0,"enemies":"Hexaghost","floor":16,"turns":7},{"damage":6,"enemies":"Spheric Guardian","floor":18,"turns":3},{"damage":0,"enemies":"Chosen","floor":20,"turns":4},{"damage":24,"enemies":"Centurion and Healer","floor":21,"turns":6},{"damage":6,"enemies":"Sentry and Sphere","floor":22,"turns":6},{"damage":41,"enemies":"Gremlin Leader","floor":23,"turns":3},{"damage":31,"enemies":"Slavers","floor":25,"turns":1}],"seed_played":"2750667877701063848","potions_obtained":[{"floor":4,"key":"EssenceOfSteel"},{"floor":5,"key":"Swift Potion"},{"floor":7,"key":"FearPotion"},{"floor":11,"key":"ColorlessPotion"},{"floor":21,"key":"DuplicationPotion"}],"is_trial":false,"path_per_floor":["M","?","M","M","?","R","M","E","T","?","E","$","E","M","R","B",null,"M","?","M","M","M","E","R","E"],"character_chosen":"THE_SERVANT","items_purchased":["Pan","Dota2Spire:PhaseBoots"],"campfire_rested":1,"item_purchase_floors":[12,12],"current_hp_per_floor":[65,62,62,62,62,62,62,56,56,56,45,45,46,46,46,46,65,59,59,59,35,30,4,23,0,0],"gold":291,"neow_bonus":"THREE_ENEMY_KILL","is_prod":false,"is_daily":false,"chose_seed":false,"campfire_upgraded":2,"win_rate":0,"timestamp":1607597117,"path_taken":["M","?","M","M","?","R","?","E","T","?","E","$","E","M","R","BOSS","M","?","M","?","M","E","R","E"],"build_version":"2020-11-30","purchased_purges":0,"victory":false,"max_hp_per_floor":[65,65,65,65,65,65,65,65,65,65,65,65,65,65,65,65,65,65,65,65,65,65,65,65,65,65],"card_choices":[{"not_picked":["Snipe","TimeWarp"],"picked":"GearUp","floor":1},{"not_picked":["Moonlight","DoubleEdge"],"picked":"Starlight","floor":3},{"not_picked":["Snipe","Collapse"],"picked":"Spin","floor":4},{"not_picked":["Hightail","Revamp"],"picked":"BottledTime","floor":7},{"not_picked":["DoubleEdge","TimeTheft"],"picked":"MurderousAura","floor":8},{"not_picked":["BottledTime","Collapse","Snipe"],"picked":"SKIP","floor":11},{"not_picked":["Replace","DoubleEdge","Rearm"],"picked":"SKIP","floor":13},{"not_picked":["Unruled","Rewind","Hightail"],"picked":"SKIP","floor":14},{"not_picked":["TheWorld","Dilation"],"picked":"FlawlessForm","floor":16},{"not_picked":["Replace","BottledTime","WasteNot","Rearm"],"picked":"SKIP","floor":18},{"not_picked":["Misdirection","Rearm","Snipe","Ricochet"],"picked":"SKIP","floor":20},{"not_picked":["Revamp","Starlight","FastForward","Contraction"],"picked":"SKIP","floor":21},{"not_picked":["Contraction","DoubleEdge","FastForward+1","Rearm+1"],"picked":"SKIP","floor":22},{"not_picked":["Advance","Starlight","Snipe"],"picked":"SpecialFormula","floor":23}],"player_experience":93876,"relics_obtained":[{"floor":8,"key":"ScarletDevilRocket"},{"floor":9,"key":"Nunchaku"},{"floor":11,"key":"Toy Ornithopter"},{"floor":13,"key":"Ancient Tea Set"},{"floor":17,"key":"REME_PuzzleBoxRelic"},{"floor":17,"key":"Question Card"},{"floor":17,"key":"Incense Burner"},{"floor":23,"key":"Kunai"}],"event_choices":[{"damage_healed":0,"gold_gain":0,"player_choice":"Success","damage_taken":3,"relics_obtained":["MawBank"],"max_hp_gain":0,"max_hp_loss":0,"event_name":"Scrap Ooze","floor":2,"gold_loss":0},{"damage_healed":0,"gold_gain":0,"player_choice":"Bought 1 Potion","damage_taken":0,"max_hp_gain":0,"max_hp_loss":0,"event_name":"The Woman in Blue","floor":5,"gold_loss":0},{"damage_healed":0,"gold_gain":0,"player_choice":"Upgraded","damage_taken":0,"max_hp_gain":0,"max_hp_loss":0,"event_name":"Upgrade Shrine","floor":10,"gold_loss":0,"cards_upgraded":["MurderousAura"]},{"damage_healed":0,"gold_gain":0,"player_choice":"Rummage","damage_taken":0,"relics_obtained":["WarpedTongs"],"max_hp_gain":0,"max_hp_loss":0,"event_name":"Accursed Blacksmith","floor":19,"gold_loss":0,"cards_obtained":["Pain"]}],"is_beta":false,"boss_relics":[{"not_picked":["Tiny House","REME_DuelDisc"],"picked":"Calling Bell"}],"items_purged_floors":[],"is_endless":false,"potions_floor_spawned":[4,7,11,21],"killed_by":"Slavers","ascension_level":2}}