{"host":"6jcxerjfmuawfds2","time":1607603238,"event":{"gold_per_floor":[119,137,62,73,90,90,123,53,53,53,85,100,100,0,0,101,101,112,112,127,2,12,12,12,44,44,55,55,74,88,88,88,187,187,199,49,62,76,76,76,0,34,59,94,105,105,31,42,42,42],"floor_reached":51,"playtime":1174,"items_purged":["Strike_R","Strike_R","Strike_R"],"score":913,"play_id":"c3ce2fc5-196d-4f3e-a6a6-ccc34b9e42fb","local_time":"20201210212718","is_ascension_mode":true,"campfire_choices":[{"data":"Heavy Blade","floor":6,"key":"SMITH"},{"data":"Inflame","floor":10,"key":"SMITH"},{"floor":13,"key":"REST"},{"data":"Flex","floor":15,"key":"SMITH"},{"data":"Double Tap","floor":24,"key":"SMITH"},{"floor":32,"key":"REST"},{"data":"Limit Break","floor":40,"key":"SMITH"},{"data":"Sword Boomerang","floor":49,"key":"SMITH"}],"neow_cost":"NONE","seed_source_timestamp":39697485072500,"circlet_count":0,"master_deck":["Strike_R","Defend_R","Defend_R","Defend_R","Defend_R+1","Bash","Flex+1","Twin Strike","Heavy Blade+1","Feed","Sword Boomerang","Inflame+1","Sword Boomerang+1","Double Tap+1","Shrug It Off+1","Flex+1","Clothesline","Limit Break+1","Spot Weakness+1","Exhume+1","Inflame"],"relics":["Burning Blood","Bag of Preparation","Boot","White Beast Statue","Bottled Tornado","Black Star","Ginger","Blue Candle","Mummified Hand","Matryoshka","Busted Crown","Brimstone","Red Mask","Lizard Tail","Vajra","Oddly Smooth Stone","Potion Belt","Bronze Scales","Question Card","MealTicket","War Paint"],"potions_floor_usage":[7,16,25,27,30,33,33,38,42,48,50,50,50,50],"damage_taken":[{"damage":6,"enemies":"Cultist","floor":1,"turns":3},{"damage":4,"enemies":"Jaw Worm","floor":2,"turns":5},{"damage":6,"enemies":"Small Slimes","floor":4,"turns":3},{"damage":9,"enemies":"Exordium Wildlife","floor":5,"turns":2},{"damage":30,"enemies":"Lagavulin","floor":7,"turns":7},{"damage":28,"enemies":"Gremlin Nob","floor":11,"turns":4},{"damage":12,"enemies":"Lots of Slimes","floor":12,"turns":2},{"damage":0,"enemies":"Slime Boss","floor":16,"turns":4},{"damage":7,"enemies":"Chosen","floor":18,"turns":3},{"damage":33,"enemies":"2 Thieves","floor":20,"turns":3},{"damage":7,"enemies":"Cultist and Chosen","floor":22,"turns":3},{"damage":45,"enemies":"Gremlin Leader","floor":25,"turns":3},{"damage":0,"enemies":"Snecko","floor":27,"turns":2},{"damage":28,"enemies":"Shelled Parasite and Fungi","floor":29,"turns":3},{"damage":0,"enemies":"Snake Plant","floor":30,"turns":2},{"damage":14,"enemies":"Collector","floor":33,"turns":5},{"damage":5,"enemies":"Orb Walker","floor":35,"turns":3},{"damage":12,"enemies":"3 Shapes","floor":37,"turns":3},{"damage":0,"enemies":"Transient","floor":38,"turns":5},{"damage":44,"enemies":"Reptomancer","floor":42,"turns":3},{"damage":6,"enemies":"Nemesis","floor":44,"turns":3},{"damage":11,"enemies":"Maw","floor":45,"turns":4},{"damage":12,"enemies":"3 Darklings","floor":48,"turns":3},{"damage":30,"enemies":"Time Eater","floor":50,"turns":4}],"seed_played":"2340414952863415935","potions_obtained":[{"floor":4,"key":"Swift Potion"},{"floor":7,"key":"HeartOfIron"},{"floor":11,"key":"SpeedPotion"},{"floor":12,"key":"Swift Potion"},{"floor":16,"key":"SkillPotion"},{"floor":18,"key":"CultistPotion"},{"floor":25,"key":"AttackPotion"},{"floor":27,"key":"Swift Potion"},{"floor":29,"key":"BloodPotion"},{"floor":30,"key":"SpeedPotion"},{"floor":33,"key":"Strength Potion"},{"floor":35,"key":"AttackPotion"},{"floor":38,"key":"SpeedPotion"},{"floor":42,"key":"SkillPotion"},{"floor":44,"key":"SpeedPotion"},{"floor":45,"key":"CultistPotion"},{"floor":48,"key":"Swift Potion"}],"is_trial":false,"path_per_floor":["M","M","$","M","M","R","E","$","T","R","E","M","R","$","R","B",null,"M","?","M","$","M","?","R","E","T","M","$","M","M","T","R","B",null,"M","$","M","M","$","R","?","E","T","E","M","T","$","M","R","B",null],"character_chosen":"IRONCLAD","items_purchased":["Inflame","Brimstone","Inflame"],"campfire_rested":2,"item_purchase_floors":[8,36,47],"current_hp_per_floor":[80,80,80,80,77,77,53,53,53,53,31,28,52,52,52,61,86,88,88,61,61,60,60,60,21,21,27,27,8,32,32,59,51,92,95,95,92,98,98,98,98,60,60,60,55,55,70,64,64,40],"gold":42,"neow_bonus":"RANDOM_COMMON_RELIC","is_prod":false,"is_daily":false,"chose_seed":false,"campfire_upgraded":6,"win_rate":0,"timestamp":1607603238,"path_taken":["M","M","$","M","M","R","E","$","T","R","E","?","R","?","R","BOSS","M","?","M","$","?","?","R","E","T","?","$","M","M","?","R","BOSS","M","$","M","M","$","R","?","E","T","E","M","?","?","?","R","BOSS"],"build_version":"2020-11-30","purchased_purges":3,"victory":true,"max_hp_per_floor":[80,80,80,80,80,80,80,80,80,80,80,83,83,83,83,86,86,89,89,89,89,89,89,89,89,89,89,89,92,92,92,92,92,92,95,95,98,98,98,98,98,98,98,98,98,98,98,98,98,98],"card_choices":[{"not_picked":["Wild Strike","Shrug It Off"],"picked":"Flex","floor":1},{"not_picked":["Twin Strike","Shrug It Off","Armaments"],"picked":"SKIP","floor":2},{"not_picked":["Shrug It Off","Armaments"],"picked":"Twin Strike","floor":2},{"not_picked":["Havoc","Metallicize"],"picked":"Heavy Blade","floor":4},{"not_picked":["Hemokinesis","Pommel Strike"],"picked":"Feed","floor":5},{"not_picked":["Anger","Clash"],"picked":"Sword Boomerang","floor":7},{"not_picked":["Pommel Strike","Blood for Blood"],"picked":"Sword Boomerang","floor":11},{"not_picked":["Shrug It Off","True Grit","Sever Soul"],"picked":"SKIP","floor":12},{"not_picked":["Fiend Fire","Offering"],"picked":"Double Tap","floor":16},{"not_picked":["Clothesline","Thunderclap+1"],"picked":"Shrug It Off+1","floor":18},{"not_picked":["Spot Weakness","Twin Strike+1"],"picked":"Flex+1","floor":20},{"not_picked":["Dual Wield","Flex","Metallicize"],"picked":"SKIP","floor":22},{"not_picked":["Ghostly Armor","Anger+1"],"picked":"Limit Break","floor":25},{"not_picked":["Clash","Clothesline","Cleave"],"picked":"SKIP","floor":27},{"not_picked":["Dual Wield","Clothesline","Flame Barrier+1"],"picked":"SKIP","floor":29},{"not_picked":["Pommel Strike+1","Rupture"],"picked":"Spot Weakness+1","floor":30},{"not_picked":["Fiend Fire","Double Tap"],"picked":"Exhume","floor":33},{"not_picked":["True Grit+1"],"picked":"SKIP","floor":35},{"not_picked":["Bloodletting"],"picked":"SKIP","floor":37},{"not_picked":["Battle Trance+1"],"picked":"SKIP","floor":38},{"not_picked":["Anger+1"],"picked":"SKIP","floor":42},{"not_picked":["Warcry+1"],"picked":"SKIP","floor":44},{"not_picked":["Clothesline","Ghostly Armor+1"],"picked":"SKIP","floor":45},{"not_picked":["Shrug It Off","Rupture+1"],"picked":"SKIP","floor":48}],"player_experience":116540,"relics_obtained":[{"floor":7,"key":"Boot"},{"floor":9,"key":"White Beast Statue"},{"floor":11,"key":"Bottled Tornado"},{"floor":25,"key":"Ginger"},{"floor":25,"key":"Blue Candle"},{"floor":26,"key":"Mummified Hand"},{"floor":31,"key":"Matryoshka"},{"floor":42,"key":"Lizard Tail"},{"floor":42,"key":"Vajra"},{"floor":43,"key":"Oddly Smooth Stone"},{"floor":43,"key":"Potion Belt"},{"floor":44,"key":"Bronze Scales"},{"floor":44,"key":"Question Card"},{"floor":46,"key":"MealTicket"},{"floor":46,"key":"War Paint"}],"event_choices":[{"cards_removed":["Strike_R"],"damage_healed":0,"gold_gain":0,"player_choice":"Purged","damage_taken":0,"max_hp_gain":0,"max_hp_loss":0,"event_name":"Purifier","floor":19,"gold_loss":0},{"damage_healed":0,"gold_gain":0,"player_choice":"1 cards matched","damage_taken":0,"max_hp_gain":0,"max_hp_loss":0,"event_name":"Match and Keep!","floor":23,"gold_loss":0,"cards_obtained":["Clothesline"]},{"damage_healed":0,"gold_gain":0,"player_choice":"Paid","damage_taken":0,"relics_obtained":["Red Mask"],"max_hp_gain":0,"max_hp_loss":0,"event_name":"Tomb of Lord Red Mask","floor":41,"gold_loss":76}],"is_beta":false,"boss_relics":[{"not_picked":["Tiny House","Runic Cube"],"picked":"Black Star"},{"not_picked":["Astrolabe","SacredBark"],"picked":"Busted Crown"}],"items_purged_floors":[3,14,21],"is_endless":false,"potions_floor_spawned":[4,7,11,12,16,18,20,22,25,27,29,30,33,35,37,38,42,44,45,48],"ascension_level":2}}