{"host":"69rply1jf2d1wbmp","time":1607609739,"event":{"mods":["BaseMod","Minty Spire (QoL Compilation)","Quick Restart"],"gold_per_floor":[127,151,163,191,222,234,272,284,296,320,349,361,9,0,0,105,155,130,130,130,146,159,159,159,159,159],"floor_reached":25,"playtime":1188,"items_purged":["Strike_G"],"score":203,"play_id":"927633fa-6633-4953-9613-97d979b8ebb2","local_time":"20201210091539","is_ascension_mode":false,"campfire_choices":[{"data":"Blur","floor":6,"key":"SMITH"},{"floor":8,"key":"REST"},{"data":"Neutralize","floor":12,"key":"SMITH"},{"data":"Accuracy","floor":15,"key":"SMITH"},{"floor":23,"key":"REST"}],"circlet_count":0,"master_deck":["Strike_G+1","Strike_G+1","Strike_G+1","Strike_G+1","Defend_G+1","Defend_G+1","Defend_G+1","Defend_G+1","Defend_G+1","Survivor","Neutralize+1","Riddle With Holes+1","Backflip","Blur+1","Deflect+1","Deflect","Accuracy+1","Storm of Steel","Flechettes+1","Deflect","Cloak And Dagger+1"],"relics":["Ring of the Snake","MawBank","Paper Crane","Lizard Tail","Molten Egg 2","Tiny House"],"acts_visited":["Exordium","TheCity"],"potions_floor_usage":[16,18],"damage_taken":[{"damage":0,"enemies":"2 Louse","floor":1,"turns":3},{"damage":0,"enemies":"Small Slimes","floor":2,"turns":3},{"damage":1,"enemies":"Jaw Worm","floor":4,"turns":7},{"damage":0,"enemies":"3 Louse","floor":5,"turns":6},{"damage":32,"enemies":"3 Sentries","floor":7,"turns":14},{"damage":0,"enemies":"Looter","floor":10,"turns":5},{"damage":0,"enemies":"2 Fungi Beasts","floor":11,"turns":4},{"damage":90,"enemies":"Slime Boss","floor":16,"turns":27},{"damage":10,"enemies":"2 Thieves","floor":18,"turns":5},{"damage":22,"enemies":"Spheric Guardian","floor":21,"turns":4},{"damage":32,"enemies":"3 Cultists","floor":22,"turns":8},{"damage":36,"enemies":"Gremlin Leader","floor":25,"turns":7}],"seed_played":"4984323076064730088","potions_obtained":[{"floor":4,"key":"Weak Potion"},{"floor":7,"key":"GamblersBrew"},{"floor":10,"key":"EssenceOfSteel"},{"floor":17,"key":"Ancient Potion"},{"floor":18,"key":"BlessingOfTheForge"}],"is_trial":false,"path_per_floor":["M","M","?","M","M","R","E","R","T","M","M","R","$","?","R","B",null,"M","?","?","M","M","R","?","E"],"character_chosen":"THE_SILENT","items_purchased":["Accuracy","Molten Egg 2"],"campfire_rested":2,"item_purchase_floors":[13,13],"current_hp_per_floor":[70,70,70,69,69,69,37,58,58,58,58,58,58,58,58,7,75,65,65,65,43,11,33,33,0,0],"gold":159,"neow_bonus":"RANDOM_COMMON_RELIC","is_daily":false,"chose_seed":false,"campfire_upgraded":3,"win_rate":0,"timestamp":1607609739,"path_taken":["M","M","?","M","M","R","E","R","T","M","M","R","$","?","R","BOSS","M","?","?","M","M","R","?","E"],"build_version":"2020-11-30","purchased_purges":1,"victory":false,"max_hp_per_floor":[70,70,70,70,70,70,70,70,70,70,70,70,70,70,70,70,75,75,75,75,75,75,75,75,75,75],"card_choices":[{"not_picked":["Acrobatics","All Out Attack"],"picked":"Riddle With Holes","floor":1},{"not_picked":["Choke","Calculated Gamble"],"picked":"Backflip","floor":2},{"not_picked":["Prepared","Poisoned Stab"],"picked":"Blur","floor":4},{"not_picked":["Cloak And Dagger","Bane"],"picked":"Deflect","floor":5},{"not_picked":["Grand Finale","Setup","Flying Knee"],"picked":"SKIP","floor":7},{"not_picked":["Poisoned Stab","Acrobatics","Dash"],"picked":"SKIP","floor":10},{"not_picked":["Backflip","Prepared"],"picked":"Deflect","floor":11},{"not_picked":["Bullet Time","Malaise"],"picked":"Storm of Steel","floor":16},{"not_picked":["Well Laid Plans","Poisoned Stab+1"],"picked":"Flechettes+1","floor":17},{"not_picked":["Acrobatics","Setup+1","Prepared"],"picked":"SKIP","floor":18},{"not_picked":["Prepared","Blur"],"picked":"Deflect","floor":21},{"not_picked":["Backflip","Riddle With Holes+1"],"picked":"Cloak And Dagger+1","floor":22}],"player_experience":328178,"relics_obtained":[{"floor":7,"key":"Paper Crane"},{"floor":9,"key":"Lizard Tail"}],"event_choices":[{"damage_healed":0,"gold_gain":0,"player_choice":"Grow","damage_taken":0,"max_hp_gain":0,"max_hp_loss":0,"event_name":"Living Wall","floor":3,"gold_loss":0,"cards_upgraded":["Riddle With Holes"]},{"damage_healed":0,"gold_gain":0,"player_choice":"Left Gold","damage_taken":0,"max_hp_gain":0,"max_hp_loss":0,"event_name":"World of Goop","floor":14,"gold_loss":9},{"damage_healed":0,"gold_gain":0,"player_choice":"Simplicity","damage_taken":0,"max_hp_gain":0,"max_hp_loss":0,"event_name":"Back to Basics","floor":19,"gold_loss":0,"cards_upgraded":["Strike_G","Strike_G","Strike_G","Strike_G","Defend_G","Defend_G","Defend_G","Defend_G","Defend_G"]},{"damage_healed":0,"gold_gain":0,"player_choice":"Ignored","damage_taken":0,"max_hp_gain":0,"max_hp_loss":0,"event_name":"Vampires","floor":20,"gold_loss":0},{"damage_healed":0,"gold_gain":0,"player_choice":"Ignored","damage_taken":0,"max_hp_gain":0,"max_hp_loss":0,"event_name":"Cursed Tome","floor":24,"gold_loss":0}],"is_beta":false,"boss_relics":[{"not_picked":["Pandora\u0027s Box","Velvet Choker"],"picked":"Tiny House"}],"items_purged_floors":[13],"is_endless":false,"potions_floor_spawned":[4,7,10,18],"killed_by":"Gremlin Leader","ascension_level":0}}