{"host":"p7j7o00jacnw7qzt","time":1607582763,"event":{"gold_per_floor":[115,115,126,51,51,51,82,82,82,114,114,140,198,218,218,292,292,311,311,323,223,234,234,252,269,269,283,301,301,301,301,301,301,301],"floor_reached":33,"playtime":1203,"items_purged":["Strike_R","Strike_R"],"score":580,"play_id":"72f4dc1a-6425-4ef3-8c7b-e746c4db4516","local_time":"20201210014603","is_ascension_mode":true,"campfire_choices":[{"data":"Blood for Blood","floor":6.0,"key":"SMITH"},{"data":"Second Wind","floor":11.0,"key":"SMITH"},{"floor":15.0,"key":"RECALL"},{"floor":23.0,"key":"REST"},{"floor":30.0,"key":"REST"},{"data":"Rupture","floor":32.0,"key":"SMITH"}],"neow_cost":"NONE","seed_source_timestamp":2170342050871000,"circlet_count":0,"master_deck":["AscendersBane","Strike_R+1","Defend_R","Defend_R","Defend_R","Defend_R","Bash","Shrug It Off","Blood for Blood+1","Body Slam+1","Second Wind+1","Rupture","Rupture+1","Feel No Pain","J.A.X."],"special_seed":0,"relics":["Burning Blood","NeowsBlessing","Paper Frog","Blue Candle","Bag of Marbles","Potion Belt","Matryoshka","Cursed Key","Regal Pillow","HornCleat"],"potions_floor_usage":[33],"damage_taken":[{"damage":0.0,"enemies":"2 Louse","floor":1.0,"turns":1.0},{"damage":0.0,"enemies":"Jaw Worm","floor":3.0,"turns":1.0},{"damage":0.0,"enemies":"Gremlin Nob","floor":7.0,"turns":1.0},{"damage":22.0,"enemies":"3 Sentries","floor":10.0,"turns":7.0},{"damage":19.0,"enemies":"Lagavulin","floor":12.0,"turns":4.0},{"damage":15.0,"enemies":"3 Sentries","floor":13.0,"turns":8.0},{"damage":0.0,"enemies":"Cultist","floor":14.0,"turns":2.0},{"damage":13.0,"enemies":"Hexaghost","floor":16.0,"turns":8.0},{"damage":25.0,"enemies":"Shell Parasite","floor":18.0,"turns":3.0},{"damage":25.0,"enemies":"Spheric Guardian","floor":20.0,"turns":5.0},{"damage":17.0,"enemies":"Shelled Parasite and Fungi","floor":22.0,"turns":5.0},{"damage":26.0,"enemies":"Snake Plant","floor":24.0,"turns":4.0},{"damage":5.0,"enemies":"3 Cultists","floor":25.0,"turns":5.0},{"damage":39.0,"enemies":"Cultist and Chosen","floor":27.0,"turns":7.0},{"damage":2.0,"enemies":"Centurion and Healer","floor":28.0,"turns":5.0},{"damage":94,"enemies":"Automaton","floor":33,"turns":6}],"seed_played":"-1671212447975359360","potions_obtained":[{"floor":1.0,"key":"Explosive Potion"},{"floor":7.0,"key":"Block Potion"},{"floor":12.0,"key":"SkillPotion"},{"floor":14.0,"key":"EssenceOfSteel"},{"floor":22.0,"key":"FairyPotion"},{"floor":28.0,"key":"Strength Potion"}],"is_trial":false,"path_per_floor":["M","?","M","$","?","R","E","?","T","E","R","E","?","M","R","B",null,"M","?","M","$","M","R","M","M","T","M","M","?","R","?","R","B"],"character_chosen":"IRONCLAD","items_purchased":[],"campfire_rested":2,"item_purchase_floors":[],"current_hp_per_floor":[74,67,73,73,73,73,75,52,52,36,36,23,14,20,20,13,60,41,41,22,22,11,33,13,14,14,13,17,17,54,54,54,0,0],"gold":301,"neow_bonus":"THREE_ENEMY_KILL","is_prod":false,"is_daily":false,"chose_seed":false,"campfire_upgraded":3,"win_rate":0,"timestamp":1607582763,"path_taken":["M","?","M","$","?","R","E","?","T","E","R","E","?","M","R","BOSS","M","?","?","$","M","R","M","M","T","M","M","?","R","?","R","BOSS"],"build_version":"2020-11-30","purchased_purges":2,"victory":false,"max_hp_per_floor":[75,75,75,75,75,75,75,75,75,75,75,75,75,75,75,75,75,75,75,75,75,75,75,75,75,75,75,75,75,75,75,75,75,75],"relic_stats":{"Regal Pillow":15,"counters":[16,72],"Blue Candle":[5],"Cursed Key":1,"obtain_stats":[{"Potion Belt":12,"Regal Pillow":26,"Matryoshka":13,"HornCleat":26,"NeowsBlessing":0,"Blue Candle":9,"Bag of Marbles":10,"Cursed Key":17,"Burning Blood":0,"Paper Frog":7},{"Potion Belt":5,"Regal Pillow":13,"Matryoshka":5,"HornCleat":13,"NeowsBlessing":0,"Blue Candle":3,"Bag of Marbles":4,"Cursed Key":8,"Burning Blood":0,"Paper Frog":3},{"Potion Belt":14,"Regal Pillow":54,"Matryoshka":14,"HornCleat":54,"NeowsBlessing":0,"Blue Candle":3,"Bag of Marbles":10,"Cursed Key":32,"Burning Blood":0,"Paper Frog":3}],"Burning Blood":86},"card_choices":[{"not_picked":["Cleave","Heavy Blade"],"picked":"Shrug It Off","floor":1.0},{"not_picked":["True Grit","Rampage"],"picked":"Blood for Blood","floor":3.0},{"not_picked":["Wild Strike","Sword Boomerang"],"picked":"Body Slam","floor":7.0},{"not_picked":["Dual Wield","Anger"],"picked":"Second Wind","floor":10.0},{"not_picked":["Rage","Thunderclap","True Grit"],"picked":"SKIP","floor":12.0},{"not_picked":["Perfected Strike","Hemokinesis","Cleave"],"picked":"SKIP","floor":14.0},{"not_picked":["Cleave+1","Disarm","Flame Barrier"],"picked":"SKIP","floor":18.0},{"not_picked":["Searing Blow","Pummel+1"],"picked":"Rupture","floor":20.0},{"not_picked":["Pummel","Clothesline"],"picked":"Rupture","floor":22.0},{"not_picked":["Sever Soul+1","Shrug It Off"],"picked":"Feel No Pain","floor":24.0},{"not_picked":["Havoc","Body Slam","Anger"],"picked":"SKIP","floor":25.0},{"not_picked":["Spot Weakness","Wild Strike","Perfected Strike"],"picked":"SKIP","floor":27.0},{"not_picked":["Cleave+1","Spot Weakness","Rupture"],"picked":"SKIP","floor":28.0}],"player_experience":729268,"relics_obtained":[{"floor":7.0,"key":"Paper Frog"},{"floor":9.0,"key":"Blue Candle"},{"floor":10.0,"key":"Bag of Marbles"},{"floor":12.0,"key":"Potion Belt"},{"floor":26.0,"key":"Regal Pillow"},{"floor":26.0,"key":"HornCleat"}],"event_choices":[{"cards_removed":["Strike_R"],"damage_healed":0.0,"max_hp_gain":0.0,"max_hp_loss":0.0,"gold_gain":0.0,"event_name":"Golden Wing","player_choice":"Card Removal","floor":2.0,"gold_loss":0.0,"damage_taken":7.0},{"damage_healed":0.0,"max_hp_gain":0.0,"max_hp_loss":0.0,"gold_gain":0.0,"event_name":"The Cleric","player_choice":"Leave","floor":5.0,"gold_loss":0.0,"damage_taken":0.0},{"damage_healed":0.0,"max_hp_gain":0.0,"max_hp_loss":0.0,"gold_gain":0.0,"event_name":"Shining Light","player_choice":"Entered Light","floor":8.0,"gold_loss":0.0,"damage_taken":23.0,"cards_upgraded":["Strike_R","Body Slam"]},{"damage_healed":0.0,"max_hp_gain":0.0,"max_hp_loss":0.0,"gold_gain":0.0,"event_name":"Dead Adventurer","player_choice":"Searched \u00272\u0027 times","floor":13.0,"gold_loss":0.0,"damage_taken":0.0,"relics_obtained":["Matryoshka"]},{"cards_removed":["Strike_R"],"damage_healed":0.0,"max_hp_gain":0.0,"max_hp_loss":0.0,"gold_gain":0.0,"event_name":"Purifier","player_choice":"Purged","floor":19.0,"gold_loss":0.0,"damage_taken":0.0},{"damage_healed":0.0,"max_hp_gain":0.0,"max_hp_loss":0.0,"gold_gain":0.0,"event_name":"Drug Dealer","player_choice":"Obtain J.A.X.","floor":29.0,"gold_loss":0.0,"damage_taken":0.0,"cards_obtained":["J.A.X."]},{"cards_removed":["Regret"],"damage_healed":0.0,"max_hp_gain":0.0,"max_hp_loss":0.0,"gold_gain":0.0,"event_name":"Fountain of Cleansing","player_choice":"Removed Curses","floor":31.0,"gold_loss":0.0,"damage_taken":0.0}],"is_beta":false,"boss_relics":[{"not_picked":["Fusion Hammer","Mark of Pain"],"picked":"Cursed Key"}],"items_purged_floors":[4,21],"is_endless":false,"potions_floor_spawned":[1,7,12,14,22,28],"killed_by":"Automaton","ascension_level":20}}