{"host":"ec2wu4mdnvke243f","time":1607601633,"event":{"gold_per_floor":[349,359,391,391,391,391,391,404,437,437,422,597,607,607,619,619,619],"floor_reached":16,"playtime":903,"items_purged":[],"score":138,"play_id":"7a2baf5c-3b78-490c-824e-5cbddb836eda","local_time":"20201210130033","is_ascension_mode":true,"campfire_choices":[{"floor":1,"key":"RECALL"},{"floor":6,"key":"REST"},{"floor":10,"key":"REST"}],"neow_cost":"TEN_PERCENT_HP_LOSS","seed_source_timestamp":35637226865700,"circlet_count":0,"master_deck":["hermit:Strike_Hermit","hermit:Strike_Hermit+1","hermit:Strike_Hermit+1","hermit:Strike_Hermit","hermit:Defend_Hermit","hermit:Defend_Hermit","hermit:Defend_Hermit","hermit:Defend_Hermit","hermit:Snapshot","hermit:Covet","hermit:TakeCover+1","Regret","hermit:EyeOfTheStorm","hermit:BodyArmor+1","Doubt","hermit:Grudge","hermit:Misfire"],"relics":["hermit:Momento","Darkstone Periapt","downfall:BrokenWingStatue","Toxic Egg 2"],"potions_floor_usage":[8,9],"damage_taken":[{"damage":3,"enemies":"Jaw Worm","floor":2,"turns":4},{"damage":30,"enemies":"3 Sentries","floor":3,"turns":12},{"damage":0,"enemies":"Small Slimes","floor":8,"turns":3},{"damage":29,"enemies":"Lagavulin","floor":9,"turns":9},{"damage":5,"enemies":"downfall:FleeingMerchant","floor":11,"turns":4},{"damage":0,"enemies":"2 Louse","floor":13,"turns":2},{"damage":6,"enemies":"Exordium Wildlife","floor":15,"turns":4},{"damage":65,"enemies":"downfall:CharBossWatcher","floor":16,"turns":12}],"seed_played":"696094085515133135","potions_obtained":[{"floor":3,"key":"FearPotion"},{"floor":8,"key":"Fruit Juice"},{"floor":9,"key":"SpeedPotion"}],"is_trial":false,"path_per_floor":["R","M","E","?","?","R","T","M","E","R","$","?","M","?","M","B"],"character_chosen":"HERMIT","items_purchased":[],"campfire_rested":2,"item_purchase_floors":[],"current_hp_per_floor":[68,65,35,41,41,63,63,68,39,62,57,63,63,68,62,0,0],"gold":619,"neow_bonus":"TWO_FIFTY_GOLD","is_prod":false,"is_daily":false,"chose_seed":false,"campfire_upgraded":0,"win_rate":0,"timestamp":1607601633,"path_taken":["R","M","E","?","?","R","T","M","E","R","$","?","?","?","M","BOSS"],"build_version":"2020-11-30","purchased_purges":0,"victory":false,"max_hp_per_floor":[68,68,68,74,74,74,74,79,79,79,79,85,85,90,90,90,90],"card_choices":[{"not_picked":["hermit:WideOpen","hermit:Midnight","hermit:ItchyTrigger"],"picked":"SKIP","floor":2},{"not_picked":["hermit:Quickdraw","hermit:Dive"],"picked":"hermit:TakeCover","floor":3},{"not_picked":["hermit:Glare","hermit:Horror"],"picked":"hermit:EyeOfTheStorm","floor":8},{"not_picked":["hermit:Feint+1","hermit:ShadowCloak"],"picked":"hermit:BodyArmor+1","floor":9},{"not_picked":["hermit:Glare+1","hermit:Combo"],"picked":"hermit:Grudge","floor":13},{"not_picked":["hermit:ItchyTrigger","hermit:LowProfile+1"],"picked":"hermit:Misfire","floor":15}],"player_experience":498161,"relics_obtained":[{"floor":3,"key":"Darkstone Periapt"},{"floor":9,"key":"Toxic Egg 2"}],"event_choices":[{"damage_healed":0,"gold_gain":0,"player_choice":"Donut","damage_taken":0,"max_hp_gain":5,"max_hp_loss":0,"event_name":"Big Fish","floor":14,"gold_loss":0}],"is_beta":false,"boss_relics":[],"items_purged_floors":[],"is_endless":false,"potions_floor_spawned":[3,8,9],"killed_by":"downfall:CharBossWatcher","ascension_level":1}}