{"host":"dntw6kil9p09eemm","time":1607633199,"event":{"mods":["BaseMod","StSLib","Minty Spire (QoL Compilation)","Shop Mod","Colored Powertips","The Servant 0.9.4"],"gold_per_floor":[113,125,300,318,243,243,277,295,295,325,400,410,440,454,454,454,454],"floor_reached":16,"playtime":1137,"items_purged":["Strike_S"],"score":112,"play_id":"7d1ec3de-13a2-4c90-bc9a-f680f1eac0bf","local_time":"20201211054639","is_ascension_mode":false,"campfire_choices":[{"data":"ReturningBlade","floor":6.0,"key":"SMITH"},{"floor":15.0,"key":"REST"}],"circlet_count":0,"master_deck":["Strike_S","Strike_S","Strike_S","Defend_S+1","Defend_S","Defend_S","Defend_S","KidneyShot","Exchange+1","Barrier","Potential","Doubt","ReturningBlade+1","Moonlight","Ricochet","Defy","Potential","Starlight"],"special_seed":0,"relics":["Uniform","War Paint","Anchor","Mercury Hourglass"],"acts_visited":["Exordium"],"potions_floor_usage":[16],"damage_taken":[{"damage":8.0,"enemies":"Jaw Worm","floor":1.0,"turns":4.0},{"damage":0.0,"enemies":"2 Louse","floor":2.0,"turns":3.0},{"damage":2.0,"enemies":"Small Slimes","floor":4.0,"turns":6.0},{"damage":28.0,"enemies":"Lagavulin","floor":7.0,"turns":16.0},{"damage":0.0,"enemies":"2 Fungi Beasts","floor":8.0,"turns":4.0},{"damage":16.0,"enemies":"Gremlin Nob","floor":10.0,"turns":4.0},{"damage":0.0,"enemies":"Red Slaver","floor":12.0,"turns":4.0},{"damage":0.0,"enemies":"Looter","floor":14.0,"turns":3.0},{"damage":28,"enemies":"Hexaghost","floor":16,"turns":11}],"seed_played":"-2884257539089128694","potions_obtained":[{"floor":1.0,"key":"SpeedPotion"},{"floor":7.0,"key":"BlessingOfTheForge"},{"floor":8.0,"key":"Fire Potion"},{"floor":14.0,"key":"ColorlessPotion"}],"is_trial":false,"path_per_floor":["M","M","?","M","$","R","E","M","T","E","?","M","?","M","R","B"],"character_chosen":"THE_SERVANT","items_purchased":[],"campfire_rested":1,"item_purchase_floors":[],"current_hp_per_floor":[63,63,63,61,61,61,33,33,33,17,6,6,6,6,27,0,0],"gold":454,"neow_bonus":"TEN_PERCENT_HP_BONUS","is_daily":false,"chose_seed":false,"campfire_upgraded":1,"win_rate":0.0,"timestamp":1607633199,"path_taken":["M","M","?","M","$","R","E","M","T","E","?","M","?","M","R","BOSS"],"build_version":"2020-11-30","purchased_purges":1,"victory":false,"max_hp_per_floor":[71,71,71,71,71,71,71,71,71,71,71,71,71,71,71,71,71],"card_choices":[{"not_picked":["Reset","Rearm"],"picked":"Barrier","floor":1.0},{"not_picked":["Read","TimeWarp"],"picked":"Potential","floor":2.0},{"not_picked":["Starlight","TimeWarp"],"picked":"ReturningBlade","floor":4.0},{"not_picked":["WasteNot","Advance"],"picked":"Moonlight","floor":7.0},{"not_picked":["StarChef","Shuttle"],"picked":"Ricochet","floor":8.0},{"not_picked":["BestPractice","BottledTime"],"picked":"Defy","floor":10.0},{"not_picked":["Shuttle","Advance"],"picked":"Potential","floor":12.0},{"not_picked":["DoubleEdge","Snipe"],"picked":"Starlight","floor":14.0}],"player_experience":95865,"relics_obtained":[{"floor":7.0,"key":"War Paint"},{"floor":9.0,"key":"Anchor"},{"floor":10.0,"key":"Mercury Hourglass"}],"event_choices":[{"damage_healed":0.0,"max_hp_gain":0.0,"max_hp_loss":0.0,"gold_gain":175.0,"event_name":"Liars Game","player_choice":"AGREE","floor":3.0,"gold_loss":0.0,"damage_taken":0.0,"cards_obtained":["Doubt"]},{"damage_healed":0.0,"max_hp_gain":0.0,"max_hp_loss":0.0,"gold_gain":75.0,"event_name":"World of Goop","player_choice":"Gather Gold","floor":11.0,"gold_loss":0.0,"damage_taken":11.0},{"damage_healed":0.0,"max_hp_gain":0.0,"max_hp_loss":0.0,"gold_gain":30.0,"event_name":"Dead Adventurer","player_choice":"Searched \u00272\u0027 times","floor":13.0,"gold_loss":0.0,"damage_taken":0.0}],"is_beta":false,"boss_relics":[],"items_purged_floors":[5],"is_endless":false,"potions_floor_spawned":[1,7,8,14],"killed_by":"Hexaghost","ascension_level":0}}