{"host":"krw8blyxua7at9ak","time":1607561139,"event":{"gold_per_floor":[114,24,36,52,52,85,105,105,105,105,105,138,170,202,202,279,279,292,311,311,311,47,47,62,62,62],"floor_reached":25,"playtime":1424,"items_purged":[],"score":508,"play_id":"11a73600-ae93-407d-b9ee-c6612c7edcf3","local_time":"20201210014539","is_ascension_mode":true,"campfire_choices":[{"data":"Noxious Fumes","floor":8.0,"key":"SMITH"},{"data":"All Out Attack","floor":11.0,"key":"SMITH"},{"data":"Poisoned Stab","floor":15,"key":"SMITH"},{"floor":23,"key":"REST"}],"neow_cost":"TEN_PERCENT_HP_LOSS","seed_source_timestamp":624725308104600,"circlet_count":0,"master_deck":["AscendersBane","Strike_G+1","Strike_G+1","Strike_G+1","Strike_G+1","Defend_G+1","Defend_G+1","Defend_G+1","Defend_G+1","Survivor","Neutralize","Dash","All Out Attack+1","Noxious Fumes+1","Underhanded Strike","Backstab+1","Poisoned Stab+1","Night Terror","Prepared+1","Riddle With Holes+1","Decay","Backflip"],"special_seed":0,"relics":["Ring of the Snake","Calipers","WingedGreaves","Mango","The Courier","Ginger","Sozu","Gambling Chip"],"potions_floor_usage":[14,16,19],"damage_taken":[{"damage":0.0,"enemies":"Cultist","floor":1.0,"turns":3.0},{"damage":3.0,"enemies":"Jaw Worm","floor":3.0,"turns":4.0},{"damage":3.0,"enemies":"Small Slimes","floor":4.0,"turns":3.0},{"damage":20.0,"enemies":"Lagavulin","floor":6.0,"turns":9.0},{"damage":3.0,"enemies":"3 Louse","floor":7.0,"turns":3.0},{"damage":0.0,"enemies":"Gremlin Nob","floor":12.0,"turns":2.0},{"damage":12.0,"enemies":"Lagavulin","floor":13.0,"turns":5.0},{"damage":21,"enemies":"Gremlin Nob","floor":14,"turns":4},{"damage":3,"enemies":"Hexaghost","floor":16,"turns":9},{"damage":40,"enemies":"Shell Parasite","floor":18,"turns":7},{"damage":6,"enemies":"2 Thieves","floor":19,"turns":3},{"damage":13,"enemies":"3 Cultists","floor":24,"turns":4},{"damage":30,"enemies":"Slavers","floor":25,"turns":3}],"seed_played":"-4046603421510604077","potions_obtained":[{"floor":3.0,"key":"ColorlessPotion"},{"floor":7.0,"key":"SkillPotion"},{"floor":12.0,"key":"Strength Potion"},{"floor":13.0,"key":"DuplicationPotion"},{"floor":14,"key":"AttackPotion"}],"is_trial":false,"path_per_floor":["M","$","M","M","?","E","M","R","T","?","R","E","E","E","R","B",null,"M","M","?","?","$","R","M","E"],"character_chosen":"THE_SILENT","items_purchased":["Noxious Fumes","Gambling Chip"],"campfire_rested":1,"item_purchase_floors":[2,22],"current_hp_per_floor":[59,59,56,53,53,33,30,30,30,30,30,44,32,11,11,8,58,18,12,12,12,12,34,21,0,0],"gold":62,"neow_bonus":"TRANSFORM_TWO_CARDS","is_prod":false,"is_daily":false,"chose_seed":false,"campfire_upgraded":3,"win_rate":0,"timestamp":1607561139,"path_taken":["M","$","?","M","?","E","M","R","T","?","R","E","E","E","R","BOSS","M","M","?","?","$","R","M","E"],"build_version":"2020-11-30","purchased_purges":0,"victory":false,"max_hp_per_floor":[60,60,60,60,60,60,60,60,60,60,60,74,74,74,74,74,74,74,74,74,74,74,74,74,74,74],"card_choices":[{"not_picked":["Dagger Spray","Setup","Outmaneuver"],"picked":"SKIP","floor":1.0},{"not_picked":["Flying Knee","Bane"],"picked":"Underhanded Strike","floor":3.0},{"not_picked":["Quick Slash","Cloak And Dagger","Finisher"],"picked":"SKIP","floor":4.0},{"not_picked":["Deadly Poison","Dodge and Roll","Prepared"],"picked":"SKIP","floor":6.0},{"not_picked":["Cloak And Dagger","Dagger Throw"],"picked":"Backstab","floor":7.0},{"not_picked":["Cloak And Dagger","Finisher","Accuracy"],"picked":"SKIP","floor":12.0},{"not_picked":["Skewer","Prepared","Dagger Spray"],"picked":"SKIP","floor":13.0},{"not_picked":["Dodge and Roll","Terror"],"picked":"Poisoned Stab","floor":14},{"not_picked":["Malaise","Phantasmal Killer"],"picked":"Night Terror","floor":16},{"not_picked":["Sucker Punch","Flying Knee"],"picked":"Prepared+1","floor":18},{"not_picked":["Reflex","Slice+1"],"picked":"Riddle With Holes+1","floor":19},{"not_picked":["Flechettes","Underhanded Strike"],"picked":"Backflip","floor":24}],"player_experience":314729,"relics_obtained":[{"floor":6.0,"key":"Calipers"},{"floor":9.0,"key":"WingedGreaves"},{"floor":12.0,"key":"Mango"},{"floor":13.0,"key":"The Courier"},{"floor":14,"key":"Ginger"}],"event_choices":[{"damage_healed":0.0,"max_hp_gain":0.0,"max_hp_loss":0.0,"gold_gain":0.0,"event_name":"Liars Game","player_choice":"Ignored","floor":5.0,"gold_loss":0.0,"damage_taken":0.0},{"damage_healed":0.0,"max_hp_gain":0.0,"max_hp_loss":0.0,"gold_gain":0.0,"event_name":"Living Wall","player_choice":"Grow","floor":10.0,"gold_loss":0.0,"damage_taken":0.0,"cards_upgraded":["Backstab"]},{"damage_healed":0,"gold_gain":0,"player_choice":"Smashed Altar","damage_taken":0,"max_hp_gain":0,"max_hp_loss":0,"event_name":"Forgotten Altar","floor":20,"gold_loss":0,"cards_obtained":["Decay"]},{"damage_healed":0,"gold_gain":0,"player_choice":"Simplicity","damage_taken":0,"max_hp_gain":0,"max_hp_loss":0,"event_name":"Back to Basics","floor":21,"gold_loss":0,"cards_upgraded":["Strike_G","Strike_G","Strike_G","Strike_G","Defend_G","Defend_G","Defend_G","Defend_G"]}],"is_beta":false,"boss_relics":[{"not_picked":["Tiny House","Ring of the Serpent"],"picked":"Sozu"}],"items_purged_floors":[],"is_endless":false,"potions_floor_spawned":[3,7,12,13,14],"killed_by":"Slavers","ascension_level":20}}