{"host":"brlhu57vzmgrzvkq","time":1607568399,"event":{"gold_per_floor":[115,115,127,139,152,152,152,152,224,250,268,282,282,9,9,107,107,117,128,128,147,174,174,174],"floor_reached":23,"playtime":479,"items_purged":[],"score":212,"play_id":"ab5e6277-c5a8-4cbf-a7b0-cb404a2872ad","local_time":"20201209194639","is_ascension_mode":true,"campfire_choices":[{"data":"Gash","floor":6,"key":"SMITH"},{"data":"Gash","floor":8,"key":"SMITH"},{"data":"Go for the Eyes","floor":13,"key":"SMITH"},{"floor":15,"key":"REST"}],"neow_cost":"NONE","seed_source_timestamp":751987332451100,"circlet_count":0,"master_deck":["Strike_B","Strike_B","Strike_B","Strike_B","Defend_B","Defend_B","Defend_B","Defend_B","Zap","Dualcast","Go for the Eyes","Go for the Eyes+1","Gash+1","Gash+1","Conserve Battery","Rebound","Melter","Cold Snap","Echo Form","FTL+1","Streamline+1","Glacier"],"relics":["Cracked Core","NeowsBlessing","Letter Opener","Potion Belt","Molten Egg 2","Black Star","Centennial Puzzle"],"potions_floor_usage":[10,10,23],"damage_taken":[{"damage":0,"enemies":"Jaw Worm","floor":1,"turns":1},{"damage":0,"enemies":"Cultist","floor":3,"turns":1},{"damage":0,"enemies":"2 Louse","floor":4,"turns":1},{"damage":22,"enemies":"Lots of Slimes","floor":5,"turns":4},{"damage":9,"enemies":"Lagavulin","floor":10,"turns":7},{"damage":6,"enemies":"2 Fungi Beasts","floor":11,"turns":3},{"damage":8,"enemies":"Exordium Wildlife","floor":12,"turns":4},{"damage":45,"enemies":"Slime Boss","floor":16,"turns":17},{"damage":0,"enemies":"Spheric Guardian","floor":18,"turns":2},{"damage":9,"enemies":"Shell Parasite","floor":19,"turns":6},{"damage":32,"enemies":"Snecko","floor":21,"turns":6},{"damage":38,"enemies":"Gremlin Leader","floor":23,"turns":4}],"seed_played":"757463595819938176","potions_obtained":[{"floor":3,"key":"Block Potion"},{"floor":5,"key":"AttackPotion"},{"floor":16,"key":"Strength Potion"}],"is_trial":false,"path_per_floor":["M","?","M","M","M","R","?","R","T","E","M","M","R","$","R","B",null,"M","M","?","M","T","E"],"character_chosen":"DEFECT","items_purchased":["Cold Snap","Molten Egg 2"],"campfire_rested":1,"item_purchase_floors":[14,14],"current_hp_per_floor":[75,75,75,75,53,53,53,53,53,44,38,30,30,30,52,7,75,75,66,66,34,34,0,0],"gold":174,"neow_bonus":"THREE_ENEMY_KILL","is_prod":false,"is_daily":false,"chose_seed":false,"campfire_upgraded":3,"win_rate":0,"timestamp":1607568399,"path_taken":["M","?","M","?","M","R","?","R","T","E","M","M","R","$","R","BOSS","M","?","?","M","?","E"],"build_version":"2020-11-30","purchased_purges":0,"victory":false,"max_hp_per_floor":[75,75,75,75,75,75,75,75,75,75,75,75,75,75,75,75,75,75,75,75,75,75,75,75],"card_choices":[{"not_picked":["Coolheaded","Aggregate"],"picked":"Go for the Eyes","floor":1},{"not_picked":["Barrage","Consume"],"picked":"Go for the Eyes","floor":3},{"not_picked":["Steam","Leap"],"picked":"Gash","floor":4},{"not_picked":["Streamline","Ball Lightning"],"picked":"Gash","floor":5},{"not_picked":["Sweeping Beam","Compile Driver"],"picked":"Conserve Battery","floor":10},{"not_picked":["Fusion","Redo"],"picked":"Rebound","floor":11},{"not_picked":["Fusion","Static Discharge"],"picked":"Melter","floor":12},{"not_picked":["Creative AI","Amplify"],"picked":"Echo Form","floor":16},{"not_picked":["Sweeping Beam+1","Aggregate"],"picked":"FTL+1","floor":18},{"not_picked":["Loop+1","Darkness"],"picked":"Streamline+1","floor":19},{"not_picked":["Streamline+1","Leap"],"picked":"Glacier","floor":21}],"player_experience":57779,"relics_obtained":[{"floor":9,"key":"Letter Opener"},{"floor":10,"key":"Potion Belt"},{"floor":22,"key":"Centennial Puzzle"}],"event_choices":[{"damage_healed":0,"gold_gain":0,"player_choice":"Cursed","damage_taken":0,"max_hp_gain":0,"max_hp_loss":0,"event_name":"Wheel of Change","floor":2,"gold_loss":0,"cards_obtained":["Decay"]},{"cards_removed":["Decay"],"damage_healed":0,"gold_gain":0,"player_choice":"Removed Curses","damage_taken":0,"max_hp_gain":0,"max_hp_loss":0,"event_name":"Fountain of Cleansing","floor":7,"gold_loss":0},{"damage_healed":0,"gold_gain":0,"player_choice":"Ignored","damage_taken":0,"max_hp_gain":0,"max_hp_loss":0,"event_name":"Ghosts","floor":20,"gold_loss":0}],"is_beta":false,"boss_relics":[{"not_picked":["Cursed Key","Empty Cage"],"picked":"Black Star"}],"items_purged_floors":[],"is_endless":false,"potions_floor_spawned":[3,5,16],"killed_by":"Gremlin Leader","ascension_level":2}}