{"host":"t9kv9izdsodfo791","time":1607564398,"event":{"gold_per_floor":[114,149,184,33,108,138,173,173,173,173,212,256,59,98,98,263,263,282,222,241,166,185,210,210,210,285,304,323,361,380,399,399,544,544,563,30,0,0,39,39,58,58,58,58,97,37,56,94,94,94],"floor_reached":51,"playtime":3932,"items_purged":["Strike_P"],"score":1001,"play_id":"bdb642f3-bc5e-40e3-a7b3-61a63a0d7c8b","local_time":"20201209203958","daily_mods":["Allstar","Vintage","Night Terrors"],"is_ascension_mode":false,"campfire_choices":[{"data":"ReplayUltimateDefense","floor":8,"key":"SMITH"},{"data":"Bandage Up","floor":15,"key":"SMITH"},{"data":"Crow Ritual","floor":32,"key":"SMITH"},{"data":"Secret Technique","floor":40,"key":"SMITH"},{"data":"Perseverance","floor":49,"key":"SMITH"}],"neow_cost":"","seed_source_timestamp":5644110292000,"circlet_count":0,"master_deck":["Defend_P","Defend_P","Defend_P","Defend_P","Vigilance","ReplayUltimateDefense+1","Crow Ritual+1","Bandage Up+1","HandOfGreed","Secret Technique+1","Perseverance+1","MentalFortress","Evaluate+1","ReachHeaven","Wireheading","Evaluate+1","Alpha+1","ConjureBlade+1","Replay:DivineShield+1","Ragnarok+1","CutThroughFate+1","Wireheading","Evaluate+1","Survey Options+1","Scrawl+1","Replay:AllIn+1","JustLucky+1","Conclude+1"],"special_seed":18606,"relics":["PureWater","Art of War","Orichalcum","Du-Vu Doll","Toxic Egg 2","GoldenEye","Divine Protection","Golden Idol","TeardropLocket","Odd Mushroom","Replay:WaspNest","Busted Crown","Replay:Purple Gloves","Anchor","Replay:Mystery Machine","Smiling Mask","ReplayTheSpireMod:Ninjato","Chameleon Ring","Molten Egg 2","Replay:Accelerometer","Boot","Nunchaku","Meat on the Bone","Ring of Chaos","MealTicket","ReplayFunnel","Red Mask","PreservedInsect","Blue Candle","InkBottle","Strawberry","Bag of Marbles","ReplayTheSpireMod:Lightbulb"],"potions_floor_usage":[12,12,22,28,33,35,41,45],"damage_taken":[{"damage":3,"enemies":"Cultist","floor":1,"turns":7},{"damage":0,"enemies":"2 Louse","floor":2,"turns":3},{"damage":3,"enemies":"Jaw Worm","floor":3,"turns":6},{"damage":0,"enemies":"Lagavulin","floor":6,"turns":11},{"damage":0,"enemies":"Blue Slaver","floor":7,"turns":7},{"damage":0,"enemies":"Large Slime","floor":11,"turns":5},{"damage":4,"enemies":"The Mushroom Lair","floor":12,"turns":5},{"damage":0,"enemies":"2 Fungi Beasts","floor":14,"turns":4},{"damage":0,"enemies":"Slime Boss","floor":16,"turns":17},{"damage":0,"enemies":"3 Byrds","floor":18,"turns":4},{"damage":0,"enemies":"Shell Parasite","floor":20,"turns":6},{"damage":0,"enemies":"Snecko","floor":22,"turns":4},{"damage":0,"enemies":"Snake Plant","floor":27,"turns":5},{"damage":8,"enemies":"Cultist and Chosen","floor":28,"turns":5},{"damage":3,"enemies":"Book of Stabbing","floor":29,"turns":6},{"damage":0,"enemies":"Chosen and Byrds","floor":30,"turns":6},{"damage":0,"enemies":"Centurion and Healer","floor":31,"turns":5},{"damage":0,"enemies":"Collector","floor":33,"turns":8},{"damage":7,"enemies":"3 Darklings","floor":35,"turns":7},{"damage":0,"enemies":"Orb Walker","floor":39,"turns":4},{"damage":0,"enemies":"Spire Growth","floor":41,"turns":5},{"damage":0,"enemies":"Writhing Mass","floor":45,"turns":6},{"damage":0,"enemies":"3 Darklings","floor":47,"turns":4},{"damage":0,"enemies":"R_Hoarder","floor":48,"turns":8},{"damage":0,"enemies":"Donu and Deca","floor":50,"turns":9}],"seed_played":"8996604888150855735","potions_obtained":[{"floor":1,"key":"Regen Potion"},{"floor":7,"key":"SkillPotion"},{"floor":11,"key":"Weak Potion"},{"floor":12,"key":"SneckoOil"},{"floor":14,"key":"FearPotion"},{"floor":20,"key":"Flashbang"},{"floor":22,"key":"LiquidBronze"},{"floor":29,"key":"StancePotion"},{"floor":30,"key":"DistilledChaos"},{"floor":31,"key":"Energy Potion"},{"floor":41,"key":"Venom Potion"},{"floor":42,"key":"Ambrosia"},{"floor":42,"key":"SkillPotion"}],"is_trial":false,"path_per_floor":["M","M","M","$","?","E","M","R","T","?","M","?","$","M","R","B",null,"M","?","M","?","M","T","?","?","T","M","M","E","M","M","R","B",null,"M","$","?","?","M","R","M","R","T","?","M","?","M","E","R","B",null],"character_chosen":"WATCHER","items_purchased":["Perseverance","MentalFortress","Wireheading","Evaluate+1","Prostrate+1","CutThroughFate+1","Wireheading","Evaluate+1","Survey Options+1","ReplayFunnel","Adrenaline Potion","Dexterity Potion"],"campfire_rested":0,"item_purchase_floors":[4,4,13,13,36,36,36,36,36,36,36,36],"current_hp_per_floor":[69,72,72,72,61,65,69,69,69,51,55,68,68,72,72,72,72,72,72,72,72,72,72,72,72,72,72,64,67,72,72,72,72,72,65,72,72,72,72,72,72,72,72,72,79,79,79,79,79,79],"gold":94,"neow_bonus":"","is_prod":false,"is_daily":true,"chose_seed":false,"campfire_upgraded":5,"win_rate":0,"timestamp":1607564398,"path_taken":["M","M","M","$","?","E","M","R","T","?","M","?","?","M","R","BOSS","M","?","M","?","M","?","?","?","T","M","M","E","M","M","R","BOSS","M","$","?","?","M","R","?","R","T","?","?","?","?","E","R","BOSS"],"build_version":"2020-11-30","purchased_purges":1,"victory":true,"max_hp_per_floor":[72,72,72,72,72,72,72,72,72,72,72,72,72,72,72,72,72,72,72,72,72,72,72,72,72,72,72,72,72,72,72,72,72,72,72,72,72,72,72,72,72,72,72,72,79,79,79,79,79,79],"card_choices":[{"not_picked":["CarveReality","DeceiveReality+1"],"picked":"Evaluate+1","floor":6},{"not_picked":["Replay:Cycle+1","Protect+1"],"picked":"ReachHeaven","floor":12},{"not_picked":["Ragnarok","Establishment"],"picked":"Alpha+1","floor":16},{"not_picked":[],"picked":"Consecrate+1","floor":29},{"not_picked":[],"picked":"Ragnarok+1","floor":33},{"not_picked":[],"picked":"Conclude+1","floor":48}],"player_experience":118972,"relics_obtained":[{"floor":1,"key":"Art of War"},{"floor":2,"key":"Orichalcum"},{"floor":3,"key":"Du-Vu Doll"},{"floor":6,"key":"Toxic Egg 2"},{"floor":7,"key":"GoldenEye"},{"floor":9,"key":"Divine Protection"},{"floor":11,"key":"TeardropLocket"},{"floor":12,"key":"Odd Mushroom"},{"floor":14,"key":"Replay:WaspNest"},{"floor":18,"key":"Replay:Purple Gloves"},{"floor":20,"key":"Anchor"},{"floor":22,"key":"Replay:Mystery Machine"},{"floor":23,"key":"Smiling Mask"},{"floor":26,"key":"Chameleon Ring"},{"floor":27,"key":"Molten Egg 2"},{"floor":28,"key":"Replay:Accelerometer"},{"floor":29,"key":"Boot"},{"floor":30,"key":"Nunchaku"},{"floor":31,"key":"Meat on the Bone"},{"floor":35,"key":"MealTicket"},{"floor":39,"key":"PreservedInsect"},{"floor":41,"key":"Blue Candle"},{"floor":43,"key":"InkBottle"},{"floor":45,"key":"Strawberry"},{"floor":47,"key":"Bag of Marbles"},{"floor":48,"key":"ReplayTheSpireMod:Lightbulb"}],"event_choices":[{"damage_healed":0,"gold_gain":75,"player_choice":"Gather Gold","damage_taken":11,"max_hp_gain":0,"max_hp_loss":0,"event_name":"World of Goop","floor":5,"gold_loss":0},{"damage_healed":0,"gold_gain":0,"player_choice":"Take Damage","damage_taken":18,"relics_obtained":["Golden Idol"],"max_hp_gain":0,"max_hp_loss":0,"event_name":"Golden Idol","floor":10,"gold_loss":0},{"damage_healed":0,"gold_gain":0,"player_choice":"Fought Mushrooms","damage_taken":0,"max_hp_gain":0,"max_hp_loss":0,"event_name":"Mushrooms","floor":12,"gold_loss":0},{"cards_removed":["Strike_P"],"damage_healed":0,"gold_gain":0,"player_choice":"Gave Gold","damage_taken":0,"max_hp_gain":0,"max_hp_loss":0,"event_name":"Beggar","floor":21,"gold_loss":75},{"damage_healed":0,"gold_gain":0,"cards_transformed":["Strike_P","Strike_P"],"player_choice":"Became Test Subject","damage_taken":0,"max_hp_gain":0,"max_hp_loss":0,"event_name":"Drug Dealer","floor":25,"gold_loss":0,"cards_obtained":["ConjureBlade","Replay:DivineShield"]},{"damage_healed":0,"gold_gain":0,"player_choice":"Paid","damage_taken":0,"relics_obtained":["Red Mask"],"max_hp_gain":0,"max_hp_loss":0,"event_name":"Tomb of Lord Red Mask","floor":37,"gold_loss":30},{"damage_healed":0,"gold_gain":0,"cards_transformed":["Consecrate"],"player_choice":"Transformed","damage_taken":0,"max_hp_gain":0,"max_hp_loss":0,"event_name":"Transmorgrifier","floor":38,"gold_loss":0,"cards_obtained":["Scrawl"]},{"damage_healed":0,"gold_gain":0,"player_choice":"Bought 0 Potions","damage_taken":0,"max_hp_gain":0,"max_hp_loss":0,"event_name":"The Woman in Blue","floor":44,"gold_loss":0},{"damage_healed":0,"gold_gain":0,"cards_transformed":["Eruption","Prostrate"],"player_choice":"Transformed Cards","damage_taken":0,"max_hp_gain":0,"max_hp_loss":0,"event_name":"Designer","floor":46,"gold_loss":60,"cards_obtained":["Replay:AllIn","JustLucky"]}],"is_beta":false,"boss_relics":[{"not_picked":["ReplayTheSpireMod:DimensionalGlitch","Philosopher\u0027s Stone"],"picked":"Busted Crown"},{"not_picked":["ChewingGum","Snecko Eye"],"picked":"Ring of Chaos"}],"items_purged_floors":[13],"is_endless":false,"potions_floor_spawned":[1,7,11,12,14,20,22,29,30,31,39,41],"ascension_level":0}}