{"host":"dl5mjdlimopbuch5","time":1607571205,"event":{"gold_per_floor":[109,109,109,109,284,284,319,319,319,350,373,385,397,409,421,528,540,565,588,600,612,640,652,664,694,706,730,196,196,212,226,226,329,329,346,203,216,226,241,241,241,241,290,135,154,172,23,38,38,38,38],"floor_reached":50,"playtime":1194,"items_purged":[],"score":602,"play_id":"136def1d-0800-46d6-8fca-a28d3469e389","local_time":"20201210033325","is_ascension_mode":true,"campfire_choices":[{"data":"Combust","floor":6,"key":"SMITH"},{"data":"Fiend Fire","floor":8,"key":"SMITH"},{"data":"Armaments","floor":15,"key":"SMITH"},{"data":"Fiend Fire","floor":23,"key":"SMITH"},{"data":"Thunderclap","floor":29,"key":"SMITH"},{"data":"Clash","floor":32,"key":"SMITH"},{"floor":40,"key":"REST"},{"floor":49,"key":"REST"}],"neow_cost":"NONE","seed_source_timestamp":111267040980300,"circlet_count":0,"master_deck":["Strike_R","Strike_R","Strike_R","Strike_R","Strike_R","Defend_R","Defend_R+1","Defend_R+1","Defend_R","Bash","Combust+1","Doubt","Fiend Fire+1","Armaments+1","Fiend Fire+1","Thunderclap+1","Clash+1","Bludgeon","Cleave+1"],"special_seed":0,"relics":["Burning Blood","NeowsBlessing","Bronze Scales","Centennial Puzzle","InkBottle","Eternal Feather","MawBank","Bag of Marbles","SacredBark","Self Forming Clay","Lee\u0027s Waffle","Strawberry","Matryoshka","Mark of Pain","Vajra","HornCleat","Anchor","Strange Spoon","War Paint"],"potions_floor_usage":[25,27,33,33,45,46,50],"damage_taken":[{"damage":0,"enemies":"Jaw Worm","floor":1,"turns":1},{"damage":0,"enemies":"3 Sentries","floor":7,"turns":1},{"damage":1,"enemies":"Lagavulin","floor":10,"turns":1},{"damage":12,"enemies":"2 Louse","floor":11,"turns":2},{"damage":68,"enemies":"Hexaghost","floor":16,"turns":9},{"damage":8,"enemies":"Spheric Guardian","floor":18,"turns":3},{"damage":14,"enemies":"Shell Parasite","floor":19,"turns":2},{"damage":24,"enemies":"Snake Plant","floor":22,"turns":2},{"damage":54,"enemies":"3 Cultists","floor":25,"turns":5},{"damage":24,"enemies":"Centurion and Healer","floor":27,"turns":4},{"damage":0,"enemies":"Snake Plant","floor":30,"turns":2},{"damage":26,"enemies":"Snecko","floor":31,"turns":5},{"damage":37,"enemies":"Collector","floor":33,"turns":8},{"damage":29,"enemies":"Orb Walker","floor":35,"turns":4},{"damage":2,"enemies":"3 Shapes","floor":37,"turns":3},{"damage":15,"enemies":"Jaw Worm Horde","floor":38,"turns":3},{"damage":21,"enemies":"3 Darklings","floor":39,"turns":4},{"damage":43,"enemies":"Spire Growth","floor":45,"turns":4},{"damage":1,"enemies":"Writhing Mass","floor":46,"turns":2},{"damage":24,"enemies":"4 Shapes","floor":48,"turns":4},{"damage":145,"enemies":"Donu and Deca","floor":50,"turns":8}],"seed_played":"-1806920015149571064","potions_obtained":[{"floor":10,"key":"Strength Potion"},{"floor":11,"key":"ColorlessPotion"},{"floor":16,"key":"LiquidMemories"},{"floor":21,"key":"HeartOfIron"},{"floor":21,"key":"BloodPotion"},{"floor":25,"key":"Energy Potion"},{"floor":27,"key":"Fruit Juice"},{"floor":35,"key":"Strength Potion"},{"floor":37,"key":"Regen Potion"},{"floor":39,"key":"Explosive Potion"}],"is_trial":false,"path_per_floor":["M","?","?","$","?","R","E","R","T","E","M","?","$","T","R","B",null,"M","M","$","?","M","R","?","M","T","M","$","R","M","M","R","B",null,"M","$","M","M","M","R","?","?","T","$","M","M","$","M","R","B"],"character_chosen":"IRONCLAD","items_purchased":["Lee\u0027s Waffle","Strawberry","Matryoshka","Vajra","Strange Spoon","War Paint"],"campfire_rested":2,"item_purchase_floors":[28,28,28,36,44,47],"current_hp_per_floor":[80,80,68,68,68,68,74,74,74,79,73,73,73,73,79,17,80,78,70,70,70,52,61,61,45,45,37,104,104,104,84,93,62,104,81,81,85,76,61,101,101,99,99,99,62,67,67,49,87,0,0],"gold":38,"neow_bonus":"THREE_ENEMY_KILL","is_prod":false,"is_daily":false,"chose_seed":false,"campfire_upgraded":6,"win_rate":0,"timestamp":1607571205,"path_taken":["M","?","?","$","?","R","E","R","T","E","M","?","$","?","R","BOSS","M","?","$","?","?","R","?","M","T","M","$","R","M","M","R","BOSS","M","$","M","M","M","R","?","?","T","$","M","M","?","M","R","BOSS"],"build_version":"2020-11-30","purchased_purges":0,"victory":false,"max_hp_per_floor":[80,80,80,80,80,80,80,80,80,80,80,80,80,80,80,80,80,80,80,80,80,80,80,80,80,80,90,104,104,104,104,104,104,104,104,104,104,104,104,104,104,99,99,99,99,99,99,99,99,99,99],"card_choices":[{"not_picked":["Shrug It Off","Warcry"],"picked":"Combust","floor":1},{"not_picked":["Body Slam","Wild Strike"],"picked":"Fiend Fire","floor":7},{"not_picked":["Sentinel","Reckless Charge","True Grit"],"picked":"SKIP","floor":10},{"not_picked":["Flex","Iron Wave"],"picked":"Armaments","floor":11},{"not_picked":["Immolate","Impervious"],"picked":"Fiend Fire","floor":16},{"not_picked":["Headbutt+1","Rage","Shrug It Off+1"],"picked":"SKIP","floor":18},{"not_picked":["Anger","Armaments"],"picked":"Thunderclap","floor":19},{"not_picked":["Bloodletting","Battle Trance+1","Clash"],"picked":"SKIP","floor":22},{"not_picked":["Wild Strike","Pommel Strike","Cleave"],"picked":"SKIP","floor":25},{"not_picked":["Wild Strike","Clothesline","Blood for Blood+1"],"picked":"SKIP","floor":27},{"not_picked":["Sentinel","Blood for Blood","Rampage+1"],"picked":"SKIP","floor":30},{"not_picked":["Havoc","Heavy Blade","Perfected Strike"],"picked":"SKIP","floor":31},{"not_picked":["Brutality","Barricade"],"picked":"Bludgeon","floor":33},{"not_picked":["True Grit+1","Thunderclap","Body Slam"],"picked":"SKIP","floor":35},{"not_picked":["Seeing Red","True Grit","Thunderclap"],"picked":"SKIP","floor":37},{"not_picked":["Fiend Fire","Cleave+1","Perfected Strike"],"picked":"SKIP","floor":38},{"not_picked":["Sword Boomerang","Twin Strike"],"picked":"Cleave+1","floor":39},{"not_picked":["Armaments","Entrench+1","Metallicize"],"picked":"SKIP","floor":45},{"not_picked":["Rage+1","Battle Trance+1","Thunderclap"],"picked":"SKIP","floor":46},{"not_picked":["Blood for Blood","Second Wind","Sword Boomerang"],"picked":"SKIP","floor":48}],"player_experience":194667,"relics_obtained":[{"floor":7,"key":"InkBottle"},{"floor":9,"key":"Eternal Feather"},{"floor":10,"key":"MawBank"},{"floor":14,"key":"Bag of Marbles"},{"floor":26,"key":"Self Forming Clay"},{"floor":43,"key":"HornCleat"},{"floor":43,"key":"Anchor"}],"event_choices":[{"damage_healed":0,"gold_gain":0,"player_choice":"Box","damage_taken":0,"relics_obtained":["Bronze Scales"],"max_hp_gain":0,"max_hp_loss":0,"event_name":"Big Fish","floor":2,"gold_loss":0,"cards_obtained":["Regret"]},{"damage_healed":0,"gold_gain":0,"player_choice":"Success","damage_taken":12,"relics_obtained":["Centennial Puzzle"],"max_hp_gain":0,"max_hp_loss":0,"event_name":"Scrap Ooze","floor":3,"gold_loss":0},{"damage_healed":0,"gold_gain":175,"player_choice":"AGREE","damage_taken":0,"max_hp_gain":0,"max_hp_loss":0,"event_name":"Liars Game","floor":5,"gold_loss":0,"cards_obtained":["Doubt"]},{"cards_removed":["Regret"],"damage_healed":0,"gold_gain":0,"player_choice":"Forget","damage_taken":0,"max_hp_gain":0,"max_hp_loss":0,"event_name":"Living Wall","floor":12,"gold_loss":0},{"damage_healed":0,"gold_gain":0,"player_choice":"Got Potions","damage_taken":0,"max_hp_gain":0,"max_hp_loss":0,"event_name":"Lab","floor":21,"gold_loss":0},{"damage_healed":0,"gold_gain":0,"player_choice":"Read","damage_taken":0,"max_hp_gain":0,"max_hp_loss":0,"event_name":"The Library","floor":24,"gold_loss":0,"cards_obtained":["Clash"]},{"damage_healed":0,"gold_gain":0,"player_choice":"Memory 1","damage_taken":0,"max_hp_gain":0,"max_hp_loss":0,"event_name":"SensoryStone","floor":41,"gold_loss":0},{"damage_healed":0,"gold_gain":0,"player_choice":"Max HP","damage_taken":0,"max_hp_gain":0,"max_hp_loss":5,"event_name":"Winding Halls","floor":42,"gold_loss":0}],"is_beta":false,"boss_relics":[{"not_picked":["Runic Cube","Busted Crown"],"picked":"SacredBark"},{"not_picked":["SlaversCollar","Astrolabe"],"picked":"Mark of Pain"}],"items_purged_floors":[],"is_endless":false,"potions_floor_spawned":[10,11,16,19,25,27,35,37,39],"killed_by":"Donu and Deca","ascension_level":3}}