{"host":"wprg2kxo540uzszc","time":1607631640,"event":{"mods":["BaseMod","StSLib","Better Third Choice","BetterRewards","Custom Start","Energized Spire","Relic Stats","Spicy Shops","CapriCore","Conspire","Bestiary","Emptier Cage","Minty Spire (QoL Compilation)","Permanent Neow","Shop Mod","Transform Curses","Uncapped","The Bug Knight"],"gold_per_floor":[111,126,182,10,36,36,36,98,98,127,152,164,176,199,211,327,339,367,379,391,328,354,366,413,139,165,184,203,203,219,219,219,323,273,288,52,68,68,80,80,97,114,114,128,128,51,65,75,75,75],"floor_reached":51,"playtime":6439,"items_purged":[],"score":616,"play_id":"e88e2de0-f51c-4be5-ac5a-aef3dc6ee4d0","local_time":"20201210152040","is_ascension_mode":false,"campfire_choices":[{"data":"HollowMod:BrokenVessel","floor":6,"key":"SMITH"},{"floor":13,"key":"REST"},{"data":"HollowMod:TaintedHusks","floor":15,"key":"SMITH"},{"data":"HollowMod:VoidDash","floor":23,"key":"SMITH"},{"data":"HollowMod:MothsMistake","floor":29,"key":"SMITH"},{"floor":32,"key":"REST"},{"data":"HollowMod:LifebloodCore","floor":40,"key":"SMITH"},{"floor":45,"key":"REST"},{"floor":49,"key":"REST"}],"circlet_count":0,"master_deck":["HollowMod:NailStrikeStart+1","HollowMod:NailStrikeStart","HollowMod:NailStrikeStart","HollowMod:QuickDashStart","HollowMod:QuickDashStart","HollowMod:QuickDashStart","HollowMod:FocusHealStart","HollowMod:PogoStrike","HollowMod:HeavyBlow","HollowMod:GoodIntentions","HollowMod:BrokenVessel+1","HollowMod:SharpenedNail","HollowMod:CornifersMapStart","HollowMod:NewInfectedGuardian","HollowMod:TaintedHusks+1","HollowMod:VoidDash+1","HollowMod:VengefulSpirit+1","HollowMod:CornifersMapStart","HollowMod:BrokenVessel+1","HollowMod:InfectedAttack+1","HollowMod:NewInfectedGuardian","HollowMod:MothsMistake+1","HollowMod:PerfectDash","HollowMod:LifebloodCore+1","HollowMod:NailStrikeStart","HollowMod:TaintedHusks","HollowMod:GoodIntentions+1","HollowMod:CrystalDash","HollowMod:PerfectDash","HollowMod:MawleksShell","Injury","HollowMod:NewGlowingWomb","HollowMod:NewGlowingWomb+1"],"relics":["HollowMod:VesselMask","Lizard Tail","Oddly Smooth Stone","Ginger","Mummified Hand","Boot","Ornamental Fan","Odd Mushroom","MawBank","Cursed Key","Potion Belt","Anchor","Nunchaku","energizedSpire:HugeHouse","HollowMod:KingsBrand","Spirit Poop","Whetstone"],"acts_visited":["Exordium","TheCity","TheBeyond"],"potions_floor_usage":[10,16,22,22,24,33,48,48,50,50,50],"damage_taken":[{"damage":0,"enemies":"Cultist","floor":1,"turns":4},{"damage":7,"enemies":"Small Slimes","floor":2,"turns":5},{"damage":0,"enemies":"conspire:MimicChest","floor":5,"turns":8},{"damage":23,"enemies":"Gremlin Nob","floor":8,"turns":6},{"damage":11,"enemies":"The Mushroom Lair","floor":10,"turns":7},{"damage":30,"enemies":"Lagavulin","floor":11,"turns":11},{"damage":2,"enemies":"Jaw Worm","floor":14,"turns":3},{"damage":30,"enemies":"HollowMod:FalseKnight","floor":16,"turns":11},{"damage":2,"enemies":"3 Byrds","floor":18,"turns":4},{"damage":0,"enemies":"Chosen","floor":22,"turns":4},{"damage":13,"enemies":"HollowMod:Nosk","floor":24,"turns":8},{"damage":16,"enemies":"Snecko","floor":27,"turns":5},{"damage":1,"enemies":"Centurion and Healer","floor":28,"turns":3},{"damage":10,"enemies":"conspire:HollyBat","floor":30,"turns":5},{"damage":52,"enemies":"Champ","floor":33,"turns":8},{"damage":1,"enemies":"3 Darklings","floor":35,"turns":3},{"damage":0,"enemies":"3 Shapes","floor":37,"turns":5},{"damage":6,"enemies":"Jaw Worm Horde","floor":39,"turns":6},{"damage":0,"enemies":"Sphere and 2 Shapes","floor":41,"turns":3},{"damage":14,"enemies":"Spire Growth","floor":42,"turns":4},{"damage":37,"enemies":"HollowMod:SlobberingHusk","floor":44,"turns":7},{"damage":15,"enemies":"Sphere and 2 Shapes","floor":47,"turns":8},{"damage":10,"enemies":"4 Shapes","floor":48,"turns":6},{"damage":70,"enemies":"Awakened One","floor":50,"turns":19}],"seed_played":"310928046718534447","potions_obtained":[{"floor":2,"key":"Regen Potion"},{"floor":8,"key":"Dexterity Potion"},{"floor":11,"key":"Block Potion"},{"floor":16,"key":"DistilledChaos"},{"floor":18,"key":"ColorlessPotion"},{"floor":28,"key":"Block Potion"},{"floor":30,"key":"SteroidPotion"},{"floor":37,"key":"SteroidPotion"},{"floor":39,"key":"Regen Potion"},{"floor":41,"key":"Dexterity Potion"},{"floor":44,"key":"Swift Potion"},{"floor":47,"key":"Weak Potion"}],"is_trial":false,"path_per_floor":["M","M","?","$","?","R","T","?","T","?","E","$","R","M","R","B",null,"M","?","?","?","M","R","E","$","T","M","M","R","M","?","R","B",null,"M","$","M","?","M","R","M","M","T","M","R","$","M","M","R","B",null],"character_chosen":"THE_BUGKNIGHT","items_purchased":["HollowMod:GoodIntentions","Oddly Smooth Stone","HollowMod:NewInfectedGuardian","Anchor","HollowMod:CrystalDash","HollowMod:KingsBrand","HollowMod:NewGlowingWomb"],"campfire_rested":4,"item_purchase_floors":[4,4,25,25,36,36,46],"current_hp_per_floor":[60,63,63,63,69,69,69,46,46,62,38,38,60,58,58,40,75,73,59,59,59,65,65,58,58,58,48,47,47,43,43,67,21,75,74,74,75,75,75,75,75,61,61,30,52,52,43,39,61,18],"gold":75,"neow_bonus":"ONE_RARE_RELIC","is_daily":false,"chose_seed":false,"campfire_upgraded":5,"win_rate":0.0,"timestamp":1607631640,"path_taken":["M","M","?","$","?","R","?","?","T","?","E","?","R","M","R","BOSS","M","?","?","?","M","R","E","$","T","M","M","R","M","?","R","BOSS","M","$","M","?","M","R","M","M","T","M","R","?","M","M","R","BOSS"],"build_version":"2020-11-30","purchased_purges":0,"victory":true,"max_hp_per_floor":[75,75,75,75,75,75,75,75,75,75,75,75,75,75,75,75,75,75,80,80,80,80,80,80,80,80,80,80,80,80,80,80,80,75,75,75,75,75,75,75,75,75,75,75,75,75,75,75,75,75],"relic_stats":{"Lizard Tail":0,"Nunchaku":[11],"counters":[24,153],"Mummified Hand":[65],"Ornamental Fan":[92],"Ginger":[7],"Whetstone":["HollowMod:InfectedAttack","HollowMod:NailStrikeStart"],"Boot":[86],"MawBank":168,"Cursed Key":2,"obtain_stats":[{"Potion Belt":24,"Oddly Smooth Stone":4,"Spirit Poop":38,"HollowMod:VesselMask":0,"Ginger":5,"Whetstone":43,"Odd Mushroom":10,"Boot":8,"MawBank":11,"Cursed Key":17,"HollowMod:KingsBrand":36,"Lizard Tail":0,"Anchor":25,"Nunchaku":26,"Mummified Hand":7,"Ornamental Fan":9,"energizedSpire:HugeHouse":34},{"Potion Belt":11,"Oddly Smooth Stone":2,"Spirit Poop":17,"HollowMod:VesselMask":0,"Ginger":3,"Whetstone":20,"Odd Mushroom":5,"Boot":3,"MawBank":6,"Cursed Key":8,"HollowMod:KingsBrand":16,"Lizard Tail":0,"Anchor":11,"Nunchaku":11,"Mummified Hand":3,"Ornamental Fan":4,"energizedSpire:HugeHouse":15},{"Potion Belt":71,"Oddly Smooth Stone":9,"Spirit Poop":100,"HollowMod:VesselMask":0,"Ginger":17,"Whetstone":113,"Odd Mushroom":30,"Boot":17,"MawBank":41,"Cursed Key":55,"HollowMod:KingsBrand":95,"Lizard Tail":0,"Anchor":71,"Nunchaku":71,"Mummified Hand":17,"Ornamental Fan":23,"energizedSpire:HugeHouse":92}]},"card_choices":[{"not_picked":["HollowMod:VengefulVoid","HollowMod:LifebloodCocoon"],"picked":"HollowMod:HeavyBlow","floor":1},{"not_picked":["HollowMod:MantisMark","HollowMod:SoulShaman"],"picked":"HollowMod:CrystalDash","floor":2},{"not_picked":["HollowMod:FallenFury","HollowMod:SoulStrike"],"picked":"HollowMod:BrokenVessel","floor":5},{"not_picked":["HollowMod:VengefulVoid","HollowMod:SoulStrike"],"picked":"HollowMod:SharpenedNail","floor":8},{"not_picked":["HollowMod:SoulStrike","HollowMod:SoulSplash"],"picked":"HollowMod:CornifersMapStart","floor":10},{"not_picked":["HollowMod:DescendingDark","HollowMod:CornifersMapStart"],"picked":"HollowMod:NewInfectedGuardian","floor":11},{"not_picked":["HollowMod:SiblingsSouls","HollowMod:CycloneSlash"],"picked":"HollowMod:TaintedHusks","floor":14},{"not_picked":["HollowMod:Weaversong","HollowMod:LordofShades"],"picked":"HollowMod:VoidDash","floor":16},{"not_picked":["HollowMod:SharpenedNail","HollowMod:PureNailStrike"],"picked":"HollowMod:VengefulSpirit+1","floor":18},{"not_picked":["HollowMod:CornifersMapStart","HollowMod:DoubleDash"],"picked":"HollowMod:BrokenVessel+1","floor":22},{"not_picked":["HollowMod:InfectionAssault+1","HollowMod:DesolateDive"],"picked":"HollowMod:InfectedAttack","floor":24},{"not_picked":["HollowMod:CloakDash+1","HollowMod:DungDefenderAura"],"picked":"HollowMod:MothsMistake","floor":27},{"not_picked":["HollowMod:SoulEater","HollowMod:WraithStrike"],"picked":"HollowMod:PerfectDash","floor":28},{"not_picked":["HollowMod:DescendingDark","HollowMod:QuirrelsAssistance","HollowMod:SoulShaman"],"picked":"SKIP","floor":30},{"not_picked":["HollowMod:ZotesMagnificence","HollowMod:LordofShades"],"picked":"HollowMod:LifebloodCore","floor":33},{"not_picked":["HollowMod:InfectedCysts+1","HollowMod:InfectionAssault+1"],"picked":"HollowMod:GoodIntentions+1","floor":35},{"not_picked":["HollowMod:SiblingsShadow","HollowMod:ChannelNail","HollowMod:HeavyBlow"],"picked":"SKIP","floor":37},{"not_picked":["HollowMod:CycloneSlash","HollowMod:DashSlash+1","HollowMod:NewJinnsSoul"],"picked":"SKIP","floor":39},{"not_picked":["HollowMod:DashSlash+1","HollowMod:SiblingsSouls"],"picked":"HollowMod:PerfectDash","floor":41},{"not_picked":["HollowMod:ChannelNail","HollowMod:CloakDash"],"picked":"HollowMod:MawleksShell","floor":42},{"not_picked":["HollowMod:RecoilStrike","HollowMod:ShadowDash","HollowMod:NewLittleFool"],"picked":"SKIP","floor":44},{"not_picked":["HollowMod:WraithStrike","HollowMod:MidwifesHunger","HollowMod:SiblingsShadow+1"],"picked":"SKIP","floor":47},{"not_picked":["HollowMod:DreamGate+1","HollowMod:CycloneSlash+1"],"picked":"HollowMod:NewGlowingWomb+1","floor":48}],"player_experience":124713,"relics_obtained":[{"floor":5,"key":"Ginger"},{"floor":7,"key":"Mummified Hand"},{"floor":9,"key":"Ornamental Fan"},{"floor":10,"key":"Odd Mushroom"},{"floor":11,"key":"MawBank"},{"floor":24,"key":"Potion Belt"},{"floor":26,"key":"Nunchaku"},{"floor":43,"key":"Whetstone"}],"event_choices":[{"damage_healed":0,"gold_gain":56,"player_choice":"Gained Gold","damage_taken":0,"max_hp_gain":0,"max_hp_loss":0,"event_name":"Golden Wing","floor":3,"gold_loss":0},{"damage_healed":0,"gold_gain":30,"player_choice":"Searched \u00273\u0027 times","damage_taken":0,"relics_obtained":["Boot"],"max_hp_gain":0,"max_hp_loss":0,"event_name":"Dead Adventurer","floor":8,"gold_loss":0},{"damage_healed":0,"gold_gain":0,"player_choice":"Fought Mushrooms","damage_taken":0,"max_hp_gain":0,"max_hp_loss":0,"event_name":"Mushrooms","floor":10,"gold_loss":0},{"damage_healed":0,"gold_gain":0,"player_choice":"Shed Blood","damage_taken":19,"max_hp_gain":5,"max_hp_loss":0,"event_name":"Forgotten Altar","floor":19,"gold_loss":0},{"damage_healed":0,"gold_gain":0,"cards_transformed":["HollowMod:NailStrikeStart","HollowMod:QuickDashStart"],"player_choice":"Became Test Subject","damage_taken":0,"max_hp_gain":0,"max_hp_loss":0,"event_name":"Drug Dealer","floor":20,"gold_loss":0,"cards_obtained":["HollowMod:CornifersMapStart","HollowMod:SoulShaman"]},{"cards_removed":["HollowMod:SoulShaman"],"damage_healed":0,"gold_gain":0,"player_choice":"Gave Gold","damage_taken":0,"max_hp_gain":0,"max_hp_loss":0,"event_name":"Beggar","floor":21,"gold_loss":75},{"damage_healed":0,"gold_gain":0,"player_choice":"Ignored","damage_taken":0,"max_hp_gain":0,"max_hp_loss":0,"event_name":"Vampires","floor":31,"gold_loss":0},{"cards_removed":["Clumsy"],"damage_healed":0,"gold_gain":0,"player_choice":"Offered Curse","damage_taken":0,"relics_obtained":["Spirit Poop"],"max_hp_gain":0,"max_hp_loss":0,"event_name":"Bonfire Elementals","floor":38,"gold_loss":0}],"is_beta":false,"boss_relics":[{"not_picked":["Coffee Dripper","energizedSpire:DeadBattery"],"picked":"Cursed Key"},{"not_picked":["Runic Dome","energizedSpire:SpiderWeb"],"picked":"energizedSpire:HugeHouse"}],"items_purged_floors":[],"is_endless":false,"potions_floor_spawned":[2,8,11,16,18,28,30,37,39,41,44,47],"ascension_level":0}}