{"host":"dl5mjdlimopbuch5","time":1607565989,"event":{"gold_per_floor":[111,111,111,128,303,303,13,13,13,39,59,75,75,87,87,182,182,201,201,201,212,212,212,212],"floor_reached":23,"playtime":459,"items_purged":[],"score":246,"play_id":"4da7c32d-19a3-465e-a51b-9d2c7a83afc5","local_time":"20201210020629","is_ascension_mode":true,"campfire_choices":[{"data":"Armaments","floor":6,"key":"SMITH"},{"data":"Bash","floor":8,"key":"SMITH"},{"floor":15,"key":"REST"}],"neow_cost":"NONE","seed_source_timestamp":106787219528500,"circlet_count":0,"master_deck":["Strike_R+1","Strike_R+1","Strike_R+1","Strike_R+1","Strike_R+1","Defend_R+1","Defend_R+1","Defend_R+1","Defend_R+1","Bash+1","Doubt","Cleave","Whirlwind","Double Tap","Disarm"],"relics":["Burning Blood","NeowsBlessing","Turnip","Juzu Bracelet","Tiny Chest","Orichalcum","Boot","Busted Crown","Nilry\u0027s Codex"],"potions_floor_usage":[16],"damage_taken":[{"damage":0,"enemies":"Jaw Worm","floor":1,"turns":1},{"damage":0,"enemies":"2 Louse","floor":4,"turns":1},{"damage":0,"enemies":"Gremlin Nob","floor":10,"turns":1},{"damage":0,"enemies":"Small Slimes","floor":11,"turns":4},{"damage":6,"enemies":"2 Fungi Beasts","floor":12,"turns":4},{"damage":19,"enemies":"Exordium Thugs","floor":14,"turns":5},{"damage":41,"enemies":"Hexaghost","floor":16,"turns":7},{"damage":18,"enemies":"Chosen","floor":18,"turns":5},{"damage":21,"enemies":"Spheric Guardian","floor":21,"turns":4},{"damage":38,"enemies":"Book of Stabbing","floor":23,"turns":4}],"seed_played":"-6588129412496810792","potions_obtained":[{"floor":1,"key":"Weak Potion"},{"floor":4,"key":"PowerPotion"},{"floor":11,"key":"BlessingOfTheForge"}],"is_trial":false,"path_per_floor":["M","?","?","M","?","R","$","R","T","E","M","M","$","M","R","B",null,"M","?","?","M","?","E"],"character_chosen":"IRONCLAD","items_purchased":["Juzu Bracelet","Tiny Chest"],"campfire_rested":1,"item_purchase_floors":[7,7],"current_hp_per_floor":[80,80,73,79,79,79,79,79,79,80,80,80,80,67,80,45,80,68,68,68,53,37,0,0],"gold":212,"neow_bonus":"THREE_ENEMY_KILL","is_prod":false,"is_daily":false,"chose_seed":false,"campfire_upgraded":2,"win_rate":0,"timestamp":1607565989,"path_taken":["M","?","?","M","?","R","$","R","T","E","M","M","$","M","R","BOSS","M","?","?","M","?","E"],"build_version":"2020-11-30","purchased_purges":0,"victory":false,"max_hp_per_floor":[80,80,80,80,80,80,80,80,80,80,80,80,80,80,80,80,80,80,80,80,80,80,80,80],"card_choices":[{"not_picked":["Flame Barrier","Pummel","Battle Trance"],"picked":"SKIP","floor":1},{"not_picked":["Fire Breathing","Flame Barrier"],"picked":"Armaments","floor":4},{"not_picked":["Armaments","Headbutt","Sword Boomerang"],"picked":"SKIP","floor":10},{"not_picked":["Pommel Strike","Headbutt"],"picked":"Cleave","floor":11},{"not_picked":["Warcry","Clothesline"],"picked":"Whirlwind","floor":12},{"not_picked":["True Grit","Armaments","Perfected Strike"],"picked":"SKIP","floor":14},{"not_picked":["Juggernaut","Feed"],"picked":"Double Tap","floor":16},{"not_picked":["Perfected Strike"],"picked":"SKIP","floor":18},{"not_picked":["Warcry"],"picked":"SKIP","floor":21}],"player_experience":191400,"relics_obtained":[{"floor":9,"key":"Orichalcum"},{"floor":10,"key":"Boot"},{"floor":22,"key":"Nilry\u0027s Codex"}],"event_choices":[{"damage_healed":0,"gold_gain":0,"player_choice":"Leave","damage_taken":0,"max_hp_gain":0,"max_hp_loss":0,"event_name":"The Cleric","floor":2,"gold_loss":0},{"damage_healed":0,"gold_gain":0,"player_choice":"Success","damage_taken":7,"relics_obtained":["Turnip"],"max_hp_gain":0,"max_hp_loss":0,"event_name":"Scrap Ooze","floor":3,"gold_loss":0},{"damage_healed":0,"gold_gain":175,"player_choice":"AGREE","damage_taken":0,"max_hp_gain":0,"max_hp_loss":0,"event_name":"Liars Game","floor":5,"gold_loss":0,"cards_obtained":["Doubt"]},{"damage_healed":0,"gold_gain":0,"player_choice":"Simplicity","damage_taken":0,"max_hp_gain":0,"max_hp_loss":0,"event_name":"Back to Basics","floor":19,"gold_loss":0,"cards_upgraded":["Strike_R","Strike_R","Strike_R","Strike_R","Strike_R","Defend_R","Defend_R","Defend_R","Defend_R"]},{"damage_healed":0,"gold_gain":0,"cards_transformed":["Armaments"],"player_choice":"Transformed","damage_taken":0,"max_hp_gain":0,"max_hp_loss":0,"event_name":"Transmorgrifier","floor":20,"gold_loss":0,"cards_obtained":["Disarm"]},{"damage_healed":0,"gold_gain":0,"player_choice":"Obtained Book","damage_taken":16,"max_hp_gain":0,"max_hp_loss":0,"event_name":"Cursed Tome","floor":22,"gold_loss":0}],"is_beta":false,"boss_relics":[{"not_picked":["SlaversCollar","Runic Pyramid"],"picked":"Busted Crown"}],"items_purged_floors":[],"is_endless":false,"potions_floor_spawned":[1,4,11,12],"killed_by":"Book of Stabbing","ascension_level":3}}