{"host":"xyexbe31ku0ov20l","time":1607595234,"event":{"gold_per_floor":[116,130,130,55,69,69,69],"floor_reached":6,"playtime":252,"items_purged":[],"score":70,"play_id":"a27752a8-fe5f-4d9b-a085-c5b2358c1429","local_time":"20201210021354","is_ascension_mode":true,"campfire_choices":[],"neow_cost":"PERCENT_DAMAGE","seed_source_timestamp":1263178737188600,"circlet_count":0,"master_deck":["AscendersBane","Strike_G","Strike_G","Strike_G","Strike_G","Strike_G","Defend_G","Defend_G","Defend_G","Defend_G","Defend_G","Survivor","Neutralize","Storm of Steel","Slice","Dash","Regret","Acrobatics"],"relics":["Ring of the Snake","Bronze Scales"],"potions_floor_usage":[5],"damage_taken":[{"damage":1,"enemies":"Cultist","floor":1,"turns":4},{"damage":3,"enemies":"2 Louse","floor":2,"turns":2},{"damage":0,"enemies":"Small Slimes","floor":5,"turns":2},{"damage":40,"enemies":"Lagavulin","floor":6,"turns":6}],"seed_played":"185979582822501250","potions_obtained":[{"floor":2,"key":"Swift Potion"},{"floor":5,"key":"SpeedPotion"}],"is_trial":false,"path_per_floor":["M","M","?","?","M","E"],"character_chosen":"THE_SILENT","items_purchased":[],"campfire_rested":0,"item_purchase_floors":[],"current_hp_per_floor":[43,40,40,40,40,0,0],"gold":69,"neow_bonus":"THREE_RARE_CARDS","is_prod":false,"is_daily":false,"chose_seed":false,"campfire_upgraded":0,"win_rate":0,"timestamp":1607595234,"path_taken":["M","M","?","?","M","E"],"build_version":"2020-11-30","purchased_purges":0,"victory":false,"max_hp_per_floor":[66,66,66,66,66,66,66],"relic_stats":{"counters":[4,14],"Bronze Scales":[9],"obtain_stats":[{"Bronze Scales":3,"Ring of the Snake":0},{"Bronze Scales":2,"Ring of the Snake":0},{"Bronze Scales":6,"Ring of the Snake":0}],"Ring of the Snake":[8]},"card_choices":[{"not_picked":["Wraith Form v2","Phantasmal Killer"],"picked":"Storm of Steel","floor":0},{"not_picked":["Dagger Spray","Skewer"],"picked":"Slice","floor":1},{"not_picked":["Dagger Spray","PiercingWail"],"picked":"Dash","floor":2},{"not_picked":["Choke","Finisher"],"picked":"Acrobatics","floor":5}],"player_experience":2197508,"relics_obtained":[],"event_choices":[{"damage_healed":0,"gold_gain":0,"player_choice":"Box","damage_taken":0,"relics_obtained":["Bronze Scales"],"max_hp_gain":0,"max_hp_loss":0,"event_name":"Big Fish","floor":3,"gold_loss":0,"cards_obtained":["Regret"]},{"damage_healed":0,"gold_gain":0,"player_choice":"Left Gold","damage_taken":0,"max_hp_gain":0,"max_hp_loss":0,"event_name":"World of Goop","floor":4,"gold_loss":75}],"is_beta":false,"boss_relics":[],"items_purged_floors":[],"is_endless":false,"potions_floor_spawned":[2,5],"killed_by":"Lagavulin","ascension_level":19}}