{"host":"j0a1jfichhxu8b8p","time":1607612832,"event":{"mods":["BaseMod","Colored Map","DeckTracker","Keyboard Shortcuts","Minty Spire (QoL Compilation)","everything is the same but u backflip on backflip","Permanent Neow"],"gold_per_floor":[109,109,129,50,74,105,105,119,119,119,119,119],"floor_reached":11,"playtime":350,"items_purged":["Strike_R"],"score":131,"play_id":"5b58191e-604b-43c3-9591-e46d6654a2eb","local_time":"20201211000712","is_ascension_mode":true,"campfire_choices":[{"data":"Body Slam","floor":7,"key":"SMITH"},{"data":"Wild Strike","floor":10,"key":"SMITH"}],"circlet_count":0,"master_deck":["AscendersBane","Strike_R","Strike_R","Strike_R","Strike_R","Defend_R","Defend_R","Defend_R","Defend_R","Bash","Wild Strike+1","Twin Strike","Body Slam+1","Thunderclap"],"relics":["Burning Blood","Smiling Mask","Golden Idol","Blue Candle","Question Card"],"acts_visited":["Exordium"],"potions_floor_usage":[6],"damage_taken":[{"damage":0,"enemies":"Small Slimes","floor":1,"turns":3},{"damage":8,"enemies":"2 Louse","floor":3,"turns":3},{"damage":6,"enemies":"Cultist","floor":5,"turns":4},{"damage":22,"enemies":"Gremlin Nob","floor":6,"turns":5},{"damage":8,"enemies":"Exordium Wildlife","floor":8,"turns":4},{"damage":30,"enemies":"3 Sentries","floor":11,"turns":5}],"seed_played":"-1175849334948760994","potions_obtained":[{"floor":5,"key":"HeartOfIron"},{"floor":6,"key":"LiquidBronze"}],"is_trial":false,"path_per_floor":["M","?","M","$","M","E","R","M","T","R","E"],"character_chosen":"IRONCLAD","items_purchased":["Twin Strike"],"campfire_rested":0,"item_purchase_floors":[4],"current_hp_per_floor":[74,48,46,46,46,30,30,28,28,28,0,0],"gold":119,"neow_bonus":"RANDOM_COMMON_RELIC","is_daily":false,"chose_seed":false,"campfire_upgraded":2,"win_rate":0,"timestamp":1607612832,"path_taken":["M","?","M","$","M","E","R","M","T","R","E"],"build_version":"2020-11-30","purchased_purges":1,"victory":false,"max_hp_per_floor":[75,75,75,75,75,75,75,75,75,75,75,75],"card_choices":[{"not_picked":["Pommel Strike","Power Through"],"picked":"Wild Strike","floor":1},{"not_picked":["Entrench","Seeing Red","True Grit"],"picked":"SKIP","floor":3},{"not_picked":["Dual Wield","Warcry","Headbutt"],"picked":"SKIP","floor":5},{"not_picked":["Armaments","Feel No Pain"],"picked":"Body Slam","floor":6},{"not_picked":["Havoc","Metallicize"],"picked":"Thunderclap","floor":8}],"player_experience":273476,"relics_obtained":[{"floor":6,"key":"Blue Candle"},{"floor":9,"key":"Question Card"}],"event_choices":[{"damage_healed":0,"gold_gain":0,"player_choice":"Take Damage","damage_taken":26,"relics_obtained":["Golden Idol"],"max_hp_gain":0,"max_hp_loss":0,"event_name":"Golden Idol","floor":2,"gold_loss":0}],"is_beta":false,"boss_relics":[],"items_purged_floors":[4],"is_endless":false,"potions_floor_spawned":[5,6],"killed_by":"3 Sentries","ascension_level":16}}