{"host":"og6lam4kt3nibbw0","time":1607588258,"event":{"gold_per_floor":[114,114,39,51,70,102,125,139,163,163,163,163,163,176,176,253,253,269,59,59,74,74,74,74,74,74,125,0,0,15,30,30,30,30],"floor_reached":33,"playtime":893,"items_purged":["Strike_G","Defend_G","Defend_G"],"score":489,"play_id":"5db87ae5-b132-4eca-84f5-88b547cfa91b","local_time":"20201210171738","is_ascension_mode":true,"campfire_choices":[{"floor":11.0,"key":"REST"},{"data":"Neutralize","floor":13.0,"key":"SMITH"},{"data":"Eviscerate","floor":15.0,"key":"SMITH"},{"data":"All Out Attack","floor":23,"key":"SMITH"},{"floor":25,"key":"REST"},{"data":"Quick Slash","floor":29,"key":"SMITH"},{"floor":32,"key":"REST"}],"neow_cost":"CURSE","seed_source_timestamp":2223101244571900,"circlet_count":0,"master_deck":["AscendersBane","Strike_G","Strike_G","Strike_G","Strike_G","Defend_G+1","Defend_G","Defend_G","Survivor+1","Neutralize+1","Glass Knife+1","All Out Attack+1","Quick Slash+1","Underhanded Strike","Eviscerate+1","Grand Finale","Dagger Throw","Escape Plan+1","Backflip","Tactician"],"special_seed":0,"relics":["Ring of the Snake","Spirit Poop","War Paint","Blood Vial","Toy Ornithopter","SlaversCollar","CaptainsWheel","Orichalcum"],"potions_floor_usage":[22,31,33],"damage_taken":[{"damage":16.0,"enemies":"Jaw Worm","floor":1.0,"turns":4.0},{"damage":0.0,"enemies":"Cultist","floor":4.0,"turns":3.0},{"damage":0.0,"enemies":"Small Slimes","floor":5.0,"turns":2.0},{"damage":31.0,"enemies":"Gremlin Nob","floor":6.0,"turns":4.0},{"damage":4.0,"enemies":"Red Slaver","floor":8.0,"turns":3.0},{"damage":1.0,"enemies":"Gremlin Gang","floor":14.0,"turns":3.0},{"damage":32.0,"enemies":"The Guardian","floor":16.0,"turns":11.0},{"damage":17.0,"enemies":"Spheric Guardian","floor":18.0,"turns":4.0},{"damage":12.0,"enemies":"Chosen","floor":21.0,"turns":5.0},{"damage":0,"enemies":"Centurion and Healer","floor":22,"turns":1},{"damage":2,"enemies":"3 Cultists","floor":30,"turns":5},{"damage":21,"enemies":"Cultist and Chosen","floor":31,"turns":7},{"damage":62,"enemies":"Collector","floor":33,"turns":6}],"seed_played":"7757573136954003400","potions_obtained":[{"floor":6.0,"key":"LiquidMemories"},{"floor":8.0,"key":"SteroidPotion"},{"floor":14.0,"key":"SpeedPotion"},{"floor":21.0,"key":"SmokeBomb"},{"floor":31,"key":"Swift Potion"}],"is_trial":false,"path_per_floor":["M","?","$","M","M","E","T","M","T","?","R","?","R","M","R","B",null,"M","$","?","M","M","R","?","R","T","T","$","R","M","M","R","B"],"character_chosen":"THE_SILENT","items_purchased":["Escape Plan","Backflip"],"campfire_rested":3,"item_purchase_floors":[19,19],"current_hp_per_floor":[43,43,43,43,43,12,12,10,10,10,28,28,28,34,34,9,50,35,35,35,25,32,32,15,35,35,35,35,35,35,21,41,0,0],"gold":30,"neow_bonus":"THREE_RARE_CARDS","is_prod":false,"is_daily":false,"chose_seed":false,"campfire_upgraded":4,"win_rate":0,"timestamp":1607588258,"path_taken":["M","?","$","?","M","E","?","?","T","?","R","?","R","M","R","BOSS","M","$","?","M","?","R","?","R","T","?","?","R","M","?","R","BOSS"],"build_version":"2020-11-30","purchased_purges":3,"victory":false,"max_hp_per_floor":[66,63,63,63,63,63,63,63,63,63,63,63,63,63,63,63,63,63,63,63,63,63,63,68,68,68,68,68,68,68,68,68,68,68],"card_choices":[{"not_picked":["Phantasmal Killer","Doppelganger"],"picked":"Glass Knife","floor":0.0},{"not_picked":["Deadly Poison","Accuracy"],"picked":"All Out Attack","floor":1.0},{"not_picked":["Riddle With Holes","Deflect"],"picked":"Quick Slash","floor":4.0},{"not_picked":["Prepared","Reflex"],"picked":"Underhanded Strike","floor":5.0},{"not_picked":["All Out Attack","Flechettes"],"picked":"Eviscerate","floor":6.0},{"not_picked":["Eviscerate","Slice","Predator"],"picked":"SKIP","floor":8.0},{"not_picked":["Poisoned Stab","Underhanded Strike","Skewer"],"picked":"SKIP","floor":14.0},{"not_picked":["Corpse Explosion","After Image"],"picked":"Grand Finale","floor":16.0},{"not_picked":["Outmaneuver","Blade Dance"],"picked":"Dagger Throw","floor":18.0},{"not_picked":["Deflect","Accuracy","Heel Hook+1"],"picked":"SKIP","floor":21.0},{"not_picked":["Cloak And Dagger","Endless Agony"],"picked":"Tactician","floor":30},{"not_picked":["Slice","Poisoned Stab","Backflip"],"picked":"SKIP","floor":31}],"player_experience":761583,"relics_obtained":[{"floor":6.0,"key":"War Paint"},{"floor":7.0,"key":"Blood Vial"},{"floor":9.0,"key":"Toy Ornithopter"},{"floor":26,"key":"CaptainsWheel"},{"floor":27,"key":"Orichalcum"}],"event_choices":[{"cards_removed":["Parasite"],"damage_healed":0.0,"max_hp_gain":0.0,"max_hp_loss":0.0,"gold_gain":0.0,"event_name":"Bonfire Elementals","player_choice":"Offered Curse","floor":2.0,"gold_loss":0.0,"damage_taken":0.0,"relics_obtained":["Spirit Poop"]},{"damage_healed":0.0,"max_hp_gain":0.0,"max_hp_loss":0.0,"gold_gain":0.0,"event_name":"Liars Game","player_choice":"Ignored","floor":10.0,"gold_loss":0.0,"damage_taken":0.0},{"damage_healed":0.0,"max_hp_gain":0.0,"max_hp_loss":0.0,"gold_gain":0.0,"event_name":"Upgrade Shrine","player_choice":"Upgraded","floor":12.0,"gold_loss":0.0,"damage_taken":0.0,"cards_upgraded":["Glass Knife"]},{"damage_healed":0.0,"max_hp_gain":0.0,"max_hp_loss":0.0,"gold_gain":0.0,"event_name":"Accursed Blacksmith","player_choice":"Forge","floor":20.0,"gold_loss":0.0,"damage_taken":0.0,"cards_upgraded":["Escape Plan"]},{"damage_healed":0,"gold_gain":0,"player_choice":"Shed Blood","damage_taken":22,"max_hp_gain":5,"max_hp_loss":0,"event_name":"Forgotten Altar","floor":24,"gold_loss":0}],"is_beta":false,"boss_relics":[{"not_picked":["Philosopher\u0027s Stone","WristBlade"],"picked":"SlaversCollar"}],"items_purged_floors":[3,19,28],"is_endless":false,"potions_floor_spawned":[6,8,14,21,22,31],"killed_by":"Collector","ascension_level":20}}