{"host":"un97lkyah1pp4w16","time":1607615903,"event":{"mods":["BaseMod","Colored Map","Colored Powertips","Minty Spire (QoL Compilation)","StSLib","SuperFastMode"],"gold_per_floor":[119,294,294,294,294,294,304,55,81,81,32,51,51,68,68,165,165,176,176,275,275,295,295,313,313,313,387,397,397,397],"floor_reached":29,"playtime":825,"items_purged":["Strike_B"],"score":236,"play_id":"a808a3d2-fb72-4840-b405-636514a9505d","local_time":"20201210235823","is_ascension_mode":false,"campfire_choices":[{"floor":6,"key":"REST"},{"data":"Consume","floor":13,"key":"SMITH"},{"floor":15,"key":"REST"},{"floor":23,"key":"REST"},{"floor":25,"key":"REST"}],"circlet_count":0,"master_deck":["Strike_B+1","Strike_B+1","Strike_B","Defend_B","Defend_B","Defend_B","Defend_B","Zap","Dualcast","Consume+1","Doubt","Regret","Consume","Cold Snap","Cold Snap","Turbo+1","Doom and Gloom","Fission+1","Stack+1","Shame","Cold Snap","Redo+1","Consume+1"],"relics":["Inserter","Mummified Hand","Gremlin Horn","Potion Belt","Art of War","Toxic Egg 2","SacredBark","Pantograph","Tiny Chest","Sundial"],"acts_visited":["Exordium","TheCity"],"potions_floor_usage":[16,16,16,16,16,16,29],"damage_taken":[{"damage":11,"enemies":"Jaw Worm","floor":1,"turns":4},{"damage":2,"enemies":"2 Louse","floor":7,"turns":2},{"damage":8,"enemies":"Small Slimes","floor":12,"turns":7},{"damage":23,"enemies":"3 Louse","floor":14,"turns":5},{"damage":35,"enemies":"The Guardian","floor":16,"turns":9},{"damage":15,"enemies":"Spheric Guardian","floor":18,"turns":6},{"damage":30,"enemies":"3 Byrds","floor":22,"turns":6},{"damage":23,"enemies":"Centurion and Healer","floor":24,"turns":11},{"damage":33,"enemies":"3 Cultists","floor":28,"turns":7},{"damage":12,"enemies":"Snake Plant","floor":29,"turns":2}],"seed_played":"-2556139508733510402","potions_obtained":[{"floor":7,"key":"BlessingOfTheForge"},{"floor":12,"key":"EntropicBrew"},{"floor":22,"key":"DuplicationPotion"},{"floor":24,"key":"SteroidPotion"}],"is_trial":false,"path_per_floor":["M","?","?","?","?","R","M","$","T","T","$","M","R","M","R","B",null,"M","?","?","?","M","R","M","R","T","T","M","M"],"character_chosen":"DEFECT","items_purchased":["Potion Belt","Cold Snap","Cold Snap"],"campfire_rested":4,"item_purchase_floors":[8,8,11],"current_hp_per_floor":[64,64,52,37,37,59,57,57,57,57,57,49,49,26,48,13,75,60,60,60,46,16,40,17,41,41,41,8,0,0],"gold":397,"neow_bonus":"BOSS_RELIC","is_daily":false,"chose_seed":false,"campfire_upgraded":1,"win_rate":0.0,"timestamp":1607615903,"path_taken":["M","?","?","?","?","R","M","$","T","?","$","M","R","M","R","BOSS","M","?","?","?","?","R","M","R","T","?","M","M"],"build_version":"2020-11-30","purchased_purges":1,"victory":false,"max_hp_per_floor":[75,75,75,75,75,75,75,75,75,75,75,75,75,75,75,75,75,75,75,75,80,80,80,80,80,80,80,80,80,80],"card_choices":[{"not_picked":["Conserve Battery","Recycle"],"picked":"Consume","floor":1},{"not_picked":["White Noise","Turbo"],"picked":"Consume","floor":7},{"not_picked":["Beam Cell","Heatsinks"],"picked":"Turbo+1","floor":12},{"not_picked":["Reinforced Body+1","Compile Driver"],"picked":"Doom and Gloom","floor":14},{"not_picked":["Biased Cognition","Meteor Strike"],"picked":"Fission+1","floor":16},{"not_picked":["Streamline","Auto Shields+1"],"picked":"Stack+1","floor":18},{"not_picked":["Compile Driver+1","Streamline"],"picked":"Cold Snap","floor":22},{"not_picked":["Rip and Tear","Ball Lightning"],"picked":"Redo+1","floor":24},{"not_picked":["Heatsinks","Barrage"],"picked":"Consume+1","floor":28}],"player_experience":80263,"relics_obtained":[{"floor":9,"key":"Art of War"},{"floor":10,"key":"Toxic Egg 2"},{"floor":26,"key":"Tiny Chest"},{"floor":27,"key":"Sundial"}],"event_choices":[{"damage_healed":0,"gold_gain":175,"player_choice":"AGREE","damage_taken":0,"max_hp_gain":0,"max_hp_loss":0,"event_name":"Liars Game","floor":2,"gold_loss":0,"cards_obtained":["Doubt"]},{"damage_healed":0,"gold_gain":0,"player_choice":"Success","damage_taken":12,"relics_obtained":["Mummified Hand"],"max_hp_gain":0,"max_hp_loss":0,"event_name":"Scrap Ooze","floor":3,"gold_loss":0},{"damage_healed":0,"gold_gain":0,"player_choice":"Entered Light","damage_taken":15,"max_hp_gain":0,"max_hp_loss":0,"event_name":"Shining Light","floor":4,"gold_loss":0,"cards_upgraded":["Strike_B","Strike_B"]},{"damage_healed":0,"gold_gain":0,"player_choice":"Box","damage_taken":0,"relics_obtained":["Gremlin Horn"],"max_hp_gain":0,"max_hp_loss":0,"event_name":"Big Fish","floor":5,"gold_loss":0,"cards_obtained":["Regret"]},{"damage_healed":0,"gold_gain":0,"player_choice":"Stole Relic","damage_taken":0,"relics_obtained":["Pantograph"],"max_hp_gain":0,"max_hp_loss":0,"event_name":"Addict","floor":19,"gold_loss":0,"cards_obtained":["Shame"]},{"damage_healed":0,"gold_gain":99,"player_choice":"Stole From Cult","damage_taken":0,"max_hp_gain":0,"max_hp_loss":0,"event_name":"Nest","floor":20,"gold_loss":0},{"damage_healed":0,"gold_gain":0,"player_choice":"Shed Blood","damage_taken":19,"max_hp_gain":5,"max_hp_loss":0,"event_name":"Forgotten Altar","floor":21,"gold_loss":0}],"is_beta":false,"boss_relics":[{"not_picked":["Tiny House","Black Star"],"picked":"SacredBark"}],"items_purged_floors":[8],"is_endless":false,"potions_floor_spawned":[7,12,22,24],"killed_by":"Snake Plant","ascension_level":0}}