{"host":"vpnygm79y7yi43ig","time":1607585003,"event":{"gold_per_floor":[113,126,5,5,20,20,48,60,86,119,137,157,157,170,170,273,273,289,299,319,20,119,119,149,195,195,227,242,242,242],"floor_reached":29,"playtime":4900,"items_purged":["Strike_B"],"score":277,"play_id":"6c736b29-20c5-4e2b-9852-66d2bf2c05a6","local_time":"20201209232323","is_ascension_mode":false,"campfire_choices":[{"data":"Dualcast","floor":6.0,"key":"SMITH"},{"data":"Buffer","floor":13.0,"key":"SMITH"},{"data":"Rip and Tear","floor":15.0,"key":"SMITH"},{"data":"Fission","floor":23.0,"key":"SMITH"}],"neow_cost":"NONE","seed_source_timestamp":0,"circlet_count":0,"master_deck":["Defend_B","Defend_B","Defend_B","Defend_B","Zap","Dualcast+1","Seek","Rebound","Defragment","Beam Cell+1","Reboot","BootSequence","Machine Learning","Gash+1","Buffer+1","Rip and Tear+1","Sweeping Beam","Fission+1","Skim","Gash","Steam","Leap"],"special_seed":0,"relics":["Cracked Core","Boot","Bronze Scales","PreservedInsect","Empty Cage","Membership Card","Thread and Needle","Strawberry","Dream Catcher","Whetstone","Shuriken"],"potions_floor_usage":[],"damage_taken":[{"damage":1.0,"enemies":"Cultist","floor":1.0,"turns":3.0},{"damage":0.0,"enemies":"2 Louse","floor":2.0,"turns":1.0},{"damage":11.0,"enemies":"Jaw Worm","floor":5.0,"turns":2.0},{"damage":16.0,"enemies":"Gremlin Nob","floor":7.0,"turns":3.0},{"damage":0.0,"enemies":"2 Fungi Beasts","floor":8.0,"turns":3.0},{"damage":11.0,"enemies":"Lagavulin","floor":10.0,"turns":5.0},{"damage":0.0,"enemies":"Looter","floor":11.0,"turns":2.0},{"damage":0.0,"enemies":"Large Slime","floor":12.0,"turns":4.0},{"damage":0.0,"enemies":"Exordium Wildlife","floor":14.0,"turns":2.0},{"damage":24.0,"enemies":"The Guardian","floor":16.0,"turns":10.0},{"damage":19.0,"enemies":"Spheric Guardian","floor":18.0,"turns":5.0},{"damage":8.0,"enemies":"3 Byrds","floor":19.0,"turns":3.0},{"damage":18.0,"enemies":"Snake Plant","floor":20.0,"turns":4.0},{"damage":17.0,"enemies":"Gremlin Leader","floor":24.0,"turns":6.0},{"damage":18.0,"enemies":"Book of Stabbing","floor":27.0,"turns":4.0},{"damage":6.0,"enemies":"Sentry and Sphere","floor":28.0,"turns":4.0},{"damage":0,"enemies":"Snecko","floor":29,"turns":2}],"seed_played":"-9031771976624237793","potions_obtained":[{"floor":1.0,"key":"Ancient Potion"},{"floor":7.0,"key":"CultistPotion"},{"floor":11.0,"key":"Strength Potion"},{"floor":14.0,"key":"Energy Potion"},{"floor":16.0,"key":"SpeedPotion"},{"floor":18.0,"key":"Fruit Juice"},{"floor":28.0,"key":"Regen Potion"}],"is_trial":false,"path_per_floor":["M","M","$","?","M","R","E","M","T","E","M","M","R","M","R","B",null,"M","M","M","$","?","R","E","T","T","E","M","M"],"character_chosen":"DEFECT","items_purchased":["Beam Cell","Membership Card","Thread and Needle"],"campfire_rested":0,"item_purchase_floors":[3,21,21],"current_hp_per_floor":[74,74,74,74,63,63,47,47,47,36,36,36,36,36,36,12,75,61,53,35,35,35,35,25,25,25,7,1,1,1],"gold":242,"neow_bonus":"ONE_RANDOM_RARE_CARD","is_prod":false,"is_daily":false,"chose_seed":false,"campfire_upgraded":4,"win_rate":0,"timestamp":1607585003,"path_taken":["M","M","$","?","M","R","E","M","T","E","M","M","R","?","R","BOSS","M","?","M","$","?","R","E","?","T","E","M","M"],"build_version":"2020-11-30","purchased_purges":1,"victory":false,"max_hp_per_floor":[75,75,75,75,75,75,75,75,75,75,75,75,75,75,75,75,75,80,80,80,80,80,80,87,87,87,87,87,87,87],"card_choices":[{"not_picked":["Scrape","BootSequence"],"picked":"Rebound","floor":1.0},{"not_picked":["Stack","Lockon"],"picked":"Defragment","floor":2.0},{"not_picked":["Recycle","Compile Driver"],"picked":"BootSequence","floor":5.0},{"not_picked":["Streamline","Force Field"],"picked":"Machine Learning","floor":7.0},{"not_picked":["Coolheaded","Steam"],"picked":"Gash","floor":8.0},{"not_picked":["Turbo","Beam Cell"],"picked":"Buffer","floor":10.0},{"not_picked":["Static Discharge","Hologram"],"picked":"Rip and Tear","floor":11.0},{"not_picked":["Auto Shields","Ball Lightning","Chaos"],"picked":"SKIP","floor":12.0},{"not_picked":["Beam Cell","Self Repair"],"picked":"Sweeping Beam","floor":14.0},{"not_picked":["Amplify","Biased Cognition"],"picked":"Fission","floor":16.0},{"not_picked":["Recycle+1","Streamline"],"picked":"Skim","floor":18.0},{"not_picked":["Rebound","Cold Snap"],"picked":"Gash","floor":19.0},{"not_picked":["Undo","Redo+1","Stack+1"],"picked":"SKIP","floor":20.0},{"not_picked":["Aggregate","Double Energy","Stack"],"picked":"SKIP","floor":24.0},{"not_picked":["Genetic Algorithm","Double Energy"],"picked":"Steam","floor":27.0},{"not_picked":["Barrage","Streamline"],"picked":"Leap","floor":28.0}],"player_experience":158172,"relics_obtained":[{"floor":7.0,"key":"Boot"},{"floor":9.0,"key":"Bronze Scales"},{"floor":10.0,"key":"PreservedInsect"},{"floor":24.0,"key":"Strawberry"},{"floor":25.0,"key":"Dream Catcher"},{"floor":26.0,"key":"Whetstone"},{"floor":27.0,"key":"Shuriken"}],"event_choices":[{"damage_healed":0.0,"max_hp_gain":0.0,"max_hp_loss":0.0,"gold_gain":0.0,"cards_transformed":["Strike_B"],"event_name":"Transmorgrifier","player_choice":"Transformed","floor":4.0,"gold_loss":0.0,"damage_taken":0.0,"cards_obtained":["Reboot"]},{"damage_healed":0.0,"max_hp_gain":0.0,"max_hp_loss":0.0,"gold_gain":99.0,"event_name":"Nest","player_choice":"Stole From Cult","floor":22.0,"gold_loss":0.0,"damage_taken":0.0}],"is_beta":false,"boss_relics":[{"not_picked":["Ectoplasm","Astrolabe"],"picked":"Empty Cage"}],"items_purged_floors":[3],"is_endless":false,"potions_floor_spawned":[1,7,11,14,16,18,28],"killed_by":"Snecko","ascension_level":0}}