{"host":"iy58fyt9wsbv4cf1","time":1607568115,"event":{"gold_per_floor":[116,116,129,129,229,254,254,289,289,13,25,35,8,24,24,120,120,139,156,12,30,49,81,91,124,124,124,124,124,86,99,99,195,195,212,227,2,18,118,118,132,142,142,44,74,74,44,64,64,64,64,64,2,34,34],"floor_reached":56,"playtime":2404,"items_purged":["Bash","Flex+1"],"score":1454,"play_id":"62875883-483d-4827-9a2c-9727a90e7b32","local_time":"20201209214155","is_ascension_mode":false,"campfire_choices":[{"data":"Flex","floor":7.0,"key":"SMITH"},{"data":"Heavy Blade","floor":15.0,"key":"SMITH"},{"floor":27.0,"key":"RECALL"},{"data":"Inflame","floor":29.0,"key":"SMITH"},{"data":"Evolve","floor":32.0,"key":"SMITH"},{"data":"Dropkick","floor":40.0,"key":"SMITH"},{"floor":46.0,"key":"DIG"},{"floor":49.0,"key":"DIG"},{"floor":52.0,"key":"DIG"}],"neow_cost":"","seed_source_timestamp":531444459728100,"circlet_count":0,"master_deck":["Thunderclap","Dropkick+1","Shrug It Off","Heavy Blade+1","Flex+1","Evolve+1","Limit Break+1","conspire:Purge+1","Intimidate+1","Inflame+1","Offering+1","Impervious+1","Battle Trance+1","Limit Break+1"],"special_seed":0,"relics":["Burning Blood","hubris:IronBody","Membership Card","Bag of Preparation","hubris:Icosahedron","Pear","Vajra","Red Skull","Toxic Egg 2","Lee\u0027s Waffle","Astrolabe","hubris:Potato","Gremlin Horn","The Courier","Bronze Scales","hubris:Backtick","Bottled Lightning","conspire:GiftBox","Shovel","hubris:MysteriousPyramids","hubris:64BitClover","Bag of Marbles","hubris:DeckOfHolding","Letter Opener","DollysMirror","hubris:TenFootPole"],"potions_floor_usage":[55],"damage_taken":[{"damage":6.0,"enemies":"2 Louse","floor":1.0,"turns":3.0},{"damage":1.0,"enemies":"Cultist","floor":3.0,"turns":3.0},{"damage":18.0,"enemies":"3 Sentries","floor":6.0,"turns":9.0},{"damage":3.0,"enemies":"Gremlin Nob","floor":8.0,"turns":3.0},{"damage":0.0,"enemies":"Jaw Worm","floor":11.0,"turns":2.0},{"damage":3.0,"enemies":"Red Slaver","floor":12.0,"turns":2.0},{"damage":0.0,"enemies":"2 Fungi Beasts","floor":14.0,"turns":3.0},{"damage":44.0,"enemies":"Hexaghost","floor":16.0,"turns":8.0},{"damage":19.0,"enemies":"Shell Parasite","floor":18.0,"turns":6.0},{"damage":31.0,"enemies":"3 Byrds","floor":19.0,"turns":5.0},{"damage":0.0,"enemies":"Snake Plant","floor":21.0,"turns":2.0},{"damage":10.0,"enemies":"Snecko","floor":22.0,"turns":4.0},{"damage":1.0,"enemies":"Book of Stabbing","floor":23.0,"turns":4.0},{"damage":2.0,"enemies":"Centurion and Healer","floor":24.0,"turns":5.0},{"damage":25.0,"enemies":"Slavers","floor":25.0,"turns":4.0},{"damage":0.0,"enemies":"Snake Plant","floor":31.0,"turns":2.0},{"damage":0.0,"enemies":"Collector","floor":33.0,"turns":5.0},{"damage":0.0,"enemies":"3 Darklings","floor":35.0,"turns":3.0},{"damage":0.0,"enemies":"Orb Walker","floor":36.0,"turns":2.0},{"damage":9.0,"enemies":"4 Shapes","floor":38.0,"turns":2.0},{"damage":0.0,"enemies":"Sphere and 2 Shapes","floor":41.0,"turns":3.0},{"damage":0.0,"enemies":"Jaw Worm Horde","floor":42.0,"turns":2.0},{"damage":0.0,"enemies":"Giant Head","floor":45.0,"turns":3.0},{"damage":0.0,"enemies":"Writhing Mass","floor":48.0,"turns":2.0},{"damage":12.0,"enemies":"Awakened One","floor":50.0,"turns":5.0},{"damage":0.0,"enemies":"Shield and Spear","floor":54.0,"turns":3.0},{"damage":0,"enemies":"The Heart","floor":55,"turns":5}],"seed_played":"748954796039484557","potions_obtained":[{"floor":11.0,"key":"SpeedPotion"},{"floor":14.0,"key":"FearPotion"},{"floor":19.0,"key":"DuplicationPotion"},{"floor":21.0,"key":"Dexterity Potion"},{"floor":42.0,"key":"CultistPotion"}],"is_trial":false,"path_per_floor":["M","?","M","?","?","E","R","E","T","$","M","M","$","M","R","B",null,"M","M","$","M","M","E","M","E","T","R","?","R","$","M","R","B",null,"M","M","$","M","?","R","M","M","T","$","E","R","$","M","R","B",null,"R","$","E","B",null],"character_chosen":"IRONCLAD","items_purchased":["hubris:IronBody","Membership Card","Bag of Preparation","Flex","Thunderclap","Red Skull","Toxic Egg 2","Lee\u0027s Waffle","Flex+1","hubris:Potato","Offering+1","conspire:GiftBox","hubris:MysteriousPyramids","Battle Trance+1","DollysMirror"],"campfire_rested":0,"item_purchase_floors":[0,0,0,0,0,10,10,10,13,20,37,37,44,47,53],"current_hp_per_floor":[44,49,54,54,54,52,52,55,55,102,102,102,102,102,102,64,102,89,64,64,70,66,71,75,56,56,56,56,56,56,62,62,68,102,102,102,102,99,99,99,102,102,102,102,102,102,102,102,102,93,99,99,99,99,99],"gold":34,"neow_bonus":"","is_prod":false,"is_daily":false,"chose_seed":false,"campfire_upgraded":5,"win_rate":0,"timestamp":1607568115,"path_taken":["M","?","M","?","?","E","R","E","T","$","M","?","$","M","R","BOSS","M","M","$","M","M","E","M","E","T","R","?","R","$","?","R","BOSS","M","M","$","M","?","R","?","M","T","$","E","R","$","M","R","BOSS","R","$","E","BOSS"],"build_version":"2020-11-30","purchased_purges":2,"victory":true,"max_hp_per_floor":[80,85,85,85,85,95,95,95,95,102,102,102,102,102,102,102,102,102,102,102,102,102,102,102,102,102,102,102,102,102,102,102,102,102,102,102,102,102,102,102,102,102,102,102,102,102,102,102,102,99,99,99,99,99,99],"card_choices":[{"not_picked":["Entrench","Pommel Strike","Clash"],"picked":"SKIP","floor":1.0},{"not_picked":["Dark Embrace","Body Slam","Clash"],"picked":"SKIP","floor":3.0},{"not_picked":["Flame Barrier","Perfected Strike"],"picked":"Dropkick","floor":6.0},{"not_picked":["Perfected Strike","Barricade"],"picked":"Shrug It Off","floor":8.0},{"not_picked":["Shrug It Off+1","Feel No Pain"],"picked":"Heavy Blade","floor":11.0},{"not_picked":["Perfected Strike","Wild Strike","Warcry+1"],"picked":"SKIP","floor":12.0},{"not_picked":["Evolve","Reckless Charge","Anger"],"picked":"SKIP","floor":14.0},{"not_picked":["Reckless Charge","Anger"],"picked":"Evolve","floor":14.0},{"not_picked":["Reaper","Exhume+1"],"picked":"Limit Break+1","floor":16.0},{"not_picked":["Iron Wave","Thunderclap+1","Seeing Red+1"],"picked":"SKIP","floor":18.0},{"not_picked":["hubris:ReadiedAction+1","Iron Wave"],"picked":"Intimidate+1","floor":19.0},{"not_picked":["Rupture","Anger+1","Bloodletting+1"],"picked":"SKIP","floor":21.0},{"not_picked":["Whirlwind","Headbutt"],"picked":"Inflame","floor":22.0},{"not_picked":["hubris:SharpeningStone+1","Feel No Pain","Rage+1"],"picked":"SKIP","floor":23.0},{"not_picked":["Heavy Blade","Dark Embrace","Wild Strike+1"],"picked":"SKIP","floor":24.0},{"not_picked":["Second Wind+1","Flex+1","Inflame"],"picked":"SKIP","floor":25.0},{"not_picked":["Second Wind+1","Flex+1","Inflame"],"picked":"SKIP","floor":25.0},{"not_picked":["Cleave","Evolve","conspire:Purge+1"],"picked":"SKIP","floor":31.0},{"not_picked":["Evolve+1","Pommel Strike","Headbutt+1"],"picked":"SKIP","floor":35.0},{"not_picked":["hubris:CleavingFinish+1","Headbutt","Iron Wave"],"picked":"SKIP","floor":36.0},{"not_picked":["Fiend Fire","Juggernaut"],"picked":"Impervious+1","floor":37.0},{"not_picked":["Havoc+1","Cleave","Pommel Strike+1"],"picked":"SKIP","floor":38.0},{"not_picked":["Wild Strike","Whirlwind","Barricade"],"picked":"SKIP","floor":41.0},{"not_picked":["Flex+1","Sentinel+1","Intimidate+1"],"picked":"SKIP","floor":42.0},{"not_picked":["Demon Form","Warcry+1","Rampage+1"],"picked":"SKIP","floor":45.0},{"not_picked":["Havoc+1","hubris:ReadiedAction+1","Wild Strike+1"],"picked":"SKIP","floor":48.0},{"not_picked":["Rampage+1","Battle Trance+1","Brutality"],"picked":"SKIP","floor":54.0}],"player_experience":55523,"relics_obtained":[{"floor":6.0,"key":"Pear"},{"floor":8.0,"key":"Vajra"},{"floor":23.0,"key":"Gremlin Horn"},{"floor":25.0,"key":"The Courier"},{"floor":26.0,"key":"Bronze Scales"},{"floor":43.0,"key":"Shovel"},{"floor":45.0,"key":"hubris:64BitClover"},{"floor":46.0,"key":"Bag of Marbles"},{"floor":49.0,"key":"hubris:DeckOfHolding"},{"floor":52.0,"key":"Letter Opener"},{"floor":54.0,"key":"hubris:TenFootPole"}],"event_choices":[{"damage_healed":0.0,"max_hp_gain":5.0,"max_hp_loss":0.0,"gold_gain":0.0,"event_name":"Big Fish","player_choice":"Donut","floor":2.0,"gold_loss":0.0,"damage_taken":0.0},{"damage_healed":0.0,"max_hp_gain":0.0,"max_hp_loss":0.0,"gold_gain":100.0,"event_name":"Golden Shrine","player_choice":"Pray","floor":5.0,"gold_loss":0.0,"damage_taken":0.0},{"cards_removed":["Cleave"],"damage_healed":0.0,"max_hp_gain":0.0,"max_hp_loss":0.0,"gold_gain":0.0,"event_name":"Purifier","player_choice":"Purged","floor":28.0,"gold_loss":0.0,"damage_taken":0.0},{"damage_healed":0.0,"max_hp_gain":0.0,"max_hp_loss":0.0,"gold_gain":100.0,"event_name":"Golden Shrine","player_choice":"Pray","floor":39.0,"gold_loss":0.0,"damage_taken":0.0}],"is_beta":false,"boss_relics":[{"not_picked":["hubris:Stopwatch","hubris:GrandSneckoEye"],"picked":"Astrolabe"},{"not_picked":["Fusion Hammer","conspire:RoyalGoblet"],"picked":"hubris:Backtick"}],"items_purged_floors":[30,37],"is_endless":false,"potions_floor_spawned":[11,14,19,21,25,36,41,42,48,54],"ascension_level":0}}