{"host":"igj4vwc42ivwqexo","time":1607607499,"event":{"mods":["BaseMod","StSLib","Infinite Spire","Koishi","Marisa????????","Minty Spire (QoL Compilation)","Shop Mod","The Disciple","The Hierophant","The Servant 0.9.4"],"gold_per_floor":[364,0,15,28,48,48,65,95,95,95,111,111,141,141,141,241,241,253,270,286,52,68,96,96,112,138,150,150,168,203,221,221,316,316,333,333,351,351,61,61,95,95,95,95,95,110,110,142,142,142],"floor_reached":51,"playtime":6218,"items_purged":["Strike_B","Beam Cell","Strike_B"],"score":849,"play_id":"fdeb30e9-1d1e-4a4c-b0b2-38b1a85012b9","local_time":"20201210143819","is_ascension_mode":false,"campfire_choices":[{"data":"Mayhem","floor":6.0,"key":"SMITH"},{"data":"Zap","floor":10.0,"key":"SMITH"},{"data":"Loop","floor":12.0,"key":"SMITH"},{"data":"Echo Form","floor":15.0,"key":"SMITH"},{"data":"Storm","floor":24.0,"key":"SMITH"},{"data":"Biased Cognition","floor":28.0,"key":"SMITH"},{"data":"Capacitor","floor":32.0,"key":"SMITH"},{"data":"Electrodynamics","floor":40.0,"key":"SMITH"},{"data":"Dualcast","floor":42.0,"key":"SMITH"},{"data":"Chill","floor":45.0,"key":"SMITH"},{"data":"Stack","floor":47.0,"key":"SMITH"},{"data":"Reboot","floor":49.0,"key":"SMITH"}],"circlet_count":0,"master_deck":["Strike_B","Strike_B","Defend_B","Defend_B","Defend_B","Zap+1","Dualcast+1","BootSequence","Mayhem+1","Cold Snap","Coolheaded","Loop+1","Conserve Battery","Stack+1","Cold Snap","Hello World","Hologram","Echo Form+1","Biased Cognition+1","Cold Snap","Double Energy+1","Self Repair","Capacitor+1","BootSequence","Storm+1","Compile Driver","Skim","Consume+1","Reboot+1","Stack+1","Electrodynamics+1","CurseOfTheBell","Ball Lightning","Chill+1","infinitespire:TheBestDefense","Loop+1","Barrage+1","Aggregate+1"],"special_seed":0,"relics":["Cracked Core","Smiling Mask","infinitespire:Satchel","Shuriken","SlaversCollar","Oddly Smooth Stone","Thread and Needle","Tiny Chest","Art of War","Calling Bell","Juzu Bracelet","Mercury Hourglass","Mango","Eternal Feather","Ancient Tea Set","Ice Cream","ClockworkSouvenir","Akabeko"],"acts_visited":[],"potions_floor_usage":[],"damage_taken":[{"damage":1.0,"enemies":"Cultist","floor":1.0,"turns":3.0},{"damage":2.0,"enemies":"Small Slimes","floor":3.0,"turns":3.0},{"damage":0.0,"enemies":"Jaw Worm","floor":4.0,"turns":4.0},{"damage":10.0,"enemies":"Blue Slaver","floor":5.0,"turns":4.0},{"damage":0.0,"enemies":"2 Fungi Beasts","floor":7.0,"turns":4.0},{"damage":0.0,"enemies":"Large Slime","floor":11.0,"turns":5.0},{"damage":4.0,"enemies":"Gremlin Nob","floor":13.0,"turns":4.0},{"damage":0.0,"enemies":"Slime Boss","floor":16.0,"turns":9.0},{"damage":0.0,"enemies":"Chosen","floor":18.0,"turns":4.0},{"damage":13.0,"enemies":"3 Byrds","floor":19.0,"turns":5.0},{"damage":0.0,"enemies":"Snecko","floor":20.0,"turns":7.0},{"damage":4.0,"enemies":"Centurion and Healer","floor":22.0,"turns":8.0},{"damage":9.0,"enemies":"Gremlin Leader","floor":23.0,"turns":6.0},{"damage":0.0,"enemies":"Shelled Parasite and Fungi","floor":25.0,"turns":6.0},{"damage":9.0,"enemies":"Snake Plant","floor":27.0,"turns":4.0},{"damage":19.0,"enemies":"Cultist and Chosen","floor":29.0,"turns":5.0},{"damage":0.0,"enemies":"Book of Stabbing","floor":30.0,"turns":5.0},{"damage":1.0,"enemies":"Sentry and Sphere","floor":31.0,"turns":4.0},{"damage":0.0,"enemies":"Collector","floor":33.0,"turns":8.0},{"damage":0.0,"enemies":"Orb Walker","floor":35.0,"turns":4.0},{"damage":0.0,"enemies":"3 Shapes","floor":37.0,"turns":3.0},{"damage":10.0,"enemies":"Giant Head","floor":41.0,"turns":10.0},{"damage":2.0,"enemies":"Jaw Worm Horde","floor":46.0,"turns":2.0},{"damage":1.0,"enemies":"Nemesis","floor":48.0,"turns":5.0},{"damage":52,"enemies":"infinitespire:MassOfShapes","floor":50,"turns":7}],"seed_played":"-1724873677928812234","potions_obtained":[{"floor":1.0,"key":"AttackPotion"},{"floor":3.0,"key":"AttackPotion"},{"floor":4.0,"key":"infinitespire:BlackPotion"},{"floor":18.0,"key":"SteroidPotion"},{"floor":19.0,"key":"Dexterity Potion"},{"floor":41.0,"key":"BlessingOfTheForge"},{"floor":48.0,"key":"Energy Potion"}],"is_trial":false,"path_per_floor":["M","$","M","M","M","R","M","?","T","R","M","R","E","?","R","B",null,"M","M","M","$","M","E","R","M","T","M","R","M","E","M","R","B",null,"M","?","M","?","$","R","E","R","T","AVR","R","M","R","E","R","B",null],"character_chosen":"DEFECT","items_purchased":["Mayhem","Cold Snap","Coolheaded","Loop","Capacitor","Oddly Smooth Stone","Eternal Feather"],"campfire_rested":0,"item_purchase_floors":[2,2,2,2,21,21,39],"current_hp_per_floor":[67,67,65,65,55,55,55,55,55,55,55,55,51,51,51,51,68,68,55,55,55,58,63,63,68,68,66,66,47,47,53,53,60,82,82,82,82,62,62,82,79,82,82,82,82,82,82,82,82,37],"gold":142,"neow_bonus":"TWO_FIFTY_GOLD","is_daily":false,"chose_seed":false,"campfire_upgraded":12,"win_rate":0.0,"timestamp":1607607499,"path_taken":["M","$","M","M","?","R","M","?","T","R","M","R","E","?","R","BOSS","M","M","M","$","M","E","R","M","T","M","R","M","E","M","R","BOSS","M","?","M","?","?","R","E","R","T","AVR","R","M","R","E","R","BOSS"],"build_version":"2020-11-30","purchased_purges":3,"victory":true,"max_hp_per_floor":[68,68,68,68,68,68,68,68,68,68,68,68,68,68,68,68,68,68,68,68,68,68,68,68,68,68,68,68,68,68,68,68,68,82,82,82,82,82,82,82,82,82,82,82,82,82,82,82,82,82],"card_choices":[{"not_picked":["Hello World","Compile Driver"],"picked":"BootSequence","floor":1.0},{"not_picked":["Compile Driver","Barrage"],"picked":"Conserve Battery","floor":3.0},{"not_picked":["Ball Lightning","Gash"],"picked":"Stack","floor":4.0},{"not_picked":["Streamline","Stack"],"picked":"Cold Snap","floor":5.0},{"not_picked":["Sweeping Beam","Rebound"],"picked":"Hello World","floor":7.0},{"not_picked":["Rebound","Redo"],"picked":"Hologram","floor":11.0},{"not_picked":["Streamline","Coolheaded"],"picked":"Echo Form","floor":13.0},{"not_picked":["Multi-Cast","Seek"],"picked":"Biased Cognition","floor":16.0},{"not_picked":["Beam Cell+1","Coolheaded"],"picked":"Cold Snap","floor":18.0},{"not_picked":["Conserve Battery","Streamline+1"],"picked":"Double Energy+1","floor":19.0},{"not_picked":["Beam Cell","Undo"],"picked":"Self Repair","floor":20.0},{"not_picked":["Chaos","Barrage+1"],"picked":"BootSequence","floor":22.0},{"not_picked":["Glacier","Darkness"],"picked":"Storm","floor":23.0},{"not_picked":["Gash","Rebound+1"],"picked":"Compile Driver","floor":25.0},{"not_picked":["Force Field","Rip and Tear+1"],"picked":"Skim","floor":27.0},{"not_picked":["Chaos","Rip and Tear"],"picked":"Consume+1","floor":29.0},{"not_picked":["Rip and Tear","Barrage"],"picked":"Reboot","floor":30.0},{"not_picked":["Cold Snap","Streamline+1"],"picked":"Stack+1","floor":31.0},{"not_picked":["Creative AI","Fission"],"picked":"Electrodynamics","floor":33.0},{"not_picked":["Beam Cell+1","Barrage"],"picked":"Ball Lightning","floor":35.0},{"not_picked":["Leap","Coolheaded+1"],"picked":"Chill","floor":37.0},{"not_picked":["infinitespire:Gouge","infinitespire:UltimateForm"],"picked":"infinitespire:TheBestDefense","floor":38.0},{"not_picked":["Compile Driver+1","Coolheaded+1"],"picked":"Loop+1","floor":41.0},{"not_picked":["Rebound+1","Storm"],"picked":"Barrage+1","floor":46.0},{"not_picked":["Steam Power","Streamline+1"],"picked":"Aggregate+1","floor":48.0}],"player_experience":199668,"relics_obtained":[{"floor":9.0,"key":"infinitespire:Satchel"},{"floor":13.0,"key":"Shuriken"},{"floor":23.0,"key":"Thread and Needle"},{"floor":26.0,"key":"Tiny Chest"},{"floor":30.0,"key":"Art of War"},{"floor":34.0,"key":"Juzu Bracelet"},{"floor":34.0,"key":"Mercury Hourglass"},{"floor":34.0,"key":"Mango"},{"floor":41.0,"key":"Ancient Tea Set"},{"floor":43.0,"key":"Ice Cream"},{"floor":48.0,"key":"Akabeko"}],"event_choices":[{"damage_healed":0.0,"max_hp_gain":0.0,"max_hp_loss":0.0,"gold_gain":30.0,"event_name":"Dead Adventurer","player_choice":"Searched \u00273\u0027 times","floor":8.0,"gold_loss":0.0,"damage_taken":0.0,"relics_obtained":["Smiling Mask"]},{"damage_healed":0.0,"max_hp_gain":0.0,"max_hp_loss":0.0,"gold_gain":0.0,"cards_transformed":["Defend_B"],"event_name":"Living Wall","player_choice":"Change","floor":14.0,"gold_loss":0.0,"damage_taken":0.0,"cards_obtained":["Beam Cell"]},{"damage_healed":0.0,"max_hp_gain":0.0,"max_hp_loss":0.0,"gold_gain":0.0,"event_name":"Tomb of Lord Red Mask","player_choice":"Ignored","floor":36.0,"gold_loss":0.0,"damage_taken":0.0}],"is_beta":false,"boss_relics":[{"not_picked":["SacredBark","Snecko Eye"],"picked":"SlaversCollar"},{"not_picked":["Runic Dome","Empty Cage"],"picked":"Calling Bell"}],"items_purged_floors":[21,39,44],"is_endless":false,"potions_floor_spawned":[1,3,4,18,19,23,25,30,33,41,48],"ascension_level":0}}