{"host":"n3cy3kvidykvt4jk","time":1607642358,"event":{"mods":["BaseMod","The Servant 0.9.4","The Disciple","Shop Mod","StSLib","SuperFastMode","The Jungle","Colored Powertips","Marisa????????","Minty Spire (QoL Compilation)"],"gold_per_floor":[212,212,231,231,231,231,231,259,259,259,272,272,296,315,315,436,436,451,451,451,228,251,284,284,300,351,351,366,366,366,381,381,381,381],"floor_reached":33,"playtime":1267,"items_purged":["Regret"],"score":292,"play_id":"9ba74edb-e041-4ac4-b9e7-1ca88e02a2d7","local_time":"20201211021918","is_ascension_mode":true,"campfire_choices":[{"floor":12,"key":"REST"},{"floor":15,"key":"REST"},{"floor":24,"key":"REST"},{"floor":27,"key":"REST"},{"floor":30,"key":"REST"},{"floor":32,"key":"REST"}],"circlet_count":0,"master_deck":["Strike_R","Strike_R","Strike_R","Strike_R","Defend_R","Defend_R","Defend_R","Defend_R","Bash","Cleave","Thunderclap","Intimidate","Pummel+1","Flex","Pommel Strike+1","Bludgeon+1","Rage","Rampage+1","Writhe","Dropkick+1","Thunderclap+1","Thunderclap+1","Intimidate","Anger+1","Iron Wave+1"],"relics":["Burning Blood","White Beast Statue","Pantograph","Molten Egg 2","Letter Opener","Golden Idol","Philosopher\u0027s Stone","Prayer Wheel","MerchantsRug","Art of War","Happy Flower","MutagenicStrength"],"acts_visited":["Exordium","TheCity"],"potions_floor_usage":[8,11,14,16,16,18,25,28,33,33,33],"damage_taken":[{"damage":10,"enemies":"Small Slimes","floor":1,"turns":5},{"damage":2,"enemies":"2 Louse","floor":3,"turns":2},{"damage":33,"enemies":"3 Sentries","floor":8,"turns":6},{"damage":3,"enemies":"Jaw Worm","floor":11,"turns":3},{"damage":33,"enemies":"Exordium Thugs","floor":13,"turns":4},{"damage":10,"enemies":"Blue Slaver","floor":14,"turns":2},{"damage":76,"enemies":"Slime Boss","floor":16,"turns":14},{"damage":7,"enemies":"Spheric Guardian","floor":18,"turns":3},{"damage":14,"enemies":"Chosen","floor":22,"turns":3},{"damage":38,"enemies":"Slavers","floor":23,"turns":4},{"damage":53,"enemies":"Shelled Parasite and Fungi","floor":25,"turns":6},{"damage":42,"enemies":"Snecko","floor":28,"turns":5},{"damage":14,"enemies":"Centurion and Healer","floor":31,"turns":3},{"damage":107,"enemies":"Collector","floor":33,"turns":8}],"seed_played":"2983879561512044789","potions_obtained":[{"floor":3,"key":"Explosive Potion"},{"floor":8,"key":"BlessingOfTheForge"},{"floor":11,"key":"Explosive Potion"},{"floor":13,"key":"Fire Potion"},{"floor":14,"key":"HeartOfIron"},{"floor":16,"key":"CultistPotion"},{"floor":18,"key":"EssenceOfSteel"},{"floor":22,"key":"DuplicationPotion"},{"floor":23,"key":"BloodPotion"},{"floor":25,"key":"Energy Potion"},{"floor":28,"key":"LiquidBronze"},{"floor":31,"key":"Regen Potion"}],"is_trial":false,"path_per_floor":["M","?","M","?","?","T","$","E","T","?","M","R","M","M","R","B",null,"M","?","?","$","M","E","R","M","T","R","M","?","R","M","R","B"],"character_chosen":"IRONCLAD","items_purchased":["MerchantsRug"],"campfire_rested":6,"item_purchase_floors":[21],"current_hp_per_floor":[76,76,80,80,80,80,80,53,53,33,36,60,33,29,53,8,80,79,79,79,79,71,39,63,16,16,40,20,20,44,36,60,0,0],"gold":381,"neow_bonus":"HUNDRED_GOLD","is_daily":false,"chose_seed":false,"campfire_upgraded":0,"win_rate":0,"timestamp":1607642358,"path_taken":["M","?","M","?","?","?","$","E","T","?","M","R","M","M","R","BOSS","M","?","?","$","M","E","R","M","T","R","M","?","R","?","R","BOSS"],"build_version":"2020-11-30","purchased_purges":1,"victory":false,"max_hp_per_floor":[80,80,80,80,80,80,80,80,80,80,80,80,80,80,80,80,80,80,80,80,80,80,80,80,80,80,80,80,80,80,80,80,80,80],"card_choices":[{"not_picked":["Clash","Carnage"],"picked":"Cleave","floor":1},{"not_picked":["Pummel","Clothesline"],"picked":"Thunderclap","floor":3},{"not_picked":["Iron Wave+1","Wild Strike+1"],"picked":"Intimidate","floor":8},{"not_picked":["Impervious","Heavy Blade+1"],"picked":"Pummel+1","floor":11},{"not_picked":["Anger+1","Warcry"],"picked":"Flex","floor":13},{"not_picked":["Flex","Second Wind"],"picked":"Pommel Strike+1","floor":14},{"not_picked":["Immolate+1","Impervious"],"picked":"Bludgeon+1","floor":16},{"not_picked":["Power Through+1","Dual Wield"],"picked":"Rage","floor":18},{"not_picked":["Second Wind","Clash+1"],"picked":"Dropkick+1","floor":22},{"not_picked":["Flame Barrier","Wild Strike+1"],"picked":"Thunderclap+1","floor":22},{"not_picked":["Bloodletting","Anger+1"],"picked":"Thunderclap+1","floor":23},{"not_picked":["Searing Blow+1","Seeing Red"],"picked":"Intimidate","floor":25},{"not_picked":["Entrench+1","Hemokinesis+1","Dark Embrace+1"],"picked":"SKIP","floor":25},{"not_picked":["Thunderclap+1","Cleave+1"],"picked":"Anger+1","floor":28},{"not_picked":["Sword Boomerang+1","Perfected Strike+1"],"picked":"Iron Wave+1","floor":28},{"not_picked":["Entrench","Impervious","Clothesline+1"],"picked":"SKIP","floor":31},{"not_picked":["Power Through","Cleave+1","True Grit+1"],"picked":"SKIP","floor":31}],"player_experience":474488,"relics_obtained":[{"floor":6,"key":"Pantograph"},{"floor":8,"key":"Molten Egg 2"},{"floor":9,"key":"Letter Opener"},{"floor":23,"key":"Art of War"},{"floor":26,"key":"Happy Flower"}],"event_choices":[{"cards_removed":["Strike_R"],"damage_healed":0,"gold_gain":0,"player_choice":"Forget","damage_taken":0,"max_hp_gain":0,"max_hp_loss":0,"event_name":"Living Wall","floor":2,"gold_loss":0},{"damage_healed":0,"gold_gain":0,"player_choice":"Box","damage_taken":0,"relics_obtained":["White Beast Statue"],"max_hp_gain":0,"max_hp_loss":0,"event_name":"Big Fish","floor":4,"gold_loss":0,"cards_obtained":["Regret"]},{"damage_healed":0,"gold_gain":0,"player_choice":"Ignored","damage_taken":0,"max_hp_gain":0,"max_hp_loss":0,"event_name":"Shining Light","floor":5,"gold_loss":0},{"damage_healed":0,"gold_gain":0,"player_choice":"Take Damage","damage_taken":20,"relics_obtained":["Golden Idol"],"max_hp_gain":0,"max_hp_loss":0,"event_name":"Golden Idol","floor":10,"gold_loss":0},{"damage_healed":0,"gold_gain":0,"player_choice":"Read","damage_taken":0,"max_hp_gain":0,"max_hp_loss":0,"event_name":"The Library","floor":19,"gold_loss":0,"cards_obtained":["Rampage"]},{"damage_healed":0,"gold_gain":0,"player_choice":"Opened","damage_taken":0,"relics_obtained":["Prayer Wheel"],"max_hp_gain":0,"max_hp_loss":0,"event_name":"The Mausoleum","floor":20,"gold_loss":0,"cards_obtained":["Writhe"]},{"damage_healed":0,"gold_gain":0,"player_choice":"Inject Mutagens","damage_taken":0,"relics_obtained":["MutagenicStrength"],"max_hp_gain":0,"max_hp_loss":0,"event_name":"Drug Dealer","floor":29,"gold_loss":0}],"is_beta":false,"boss_relics":[{"not_picked":["Astrolabe","Cursed Key"],"picked":"Philosopher\u0027s Stone"}],"items_purged_floors":[21],"is_endless":false,"potions_floor_spawned":[3,8,11,13,14,16,18,22,23,25,28,31],"killed_by":"Collector","ascension_level":2}}