{"host":"spdo1rkrnctwf3z7","time":1607617163,"event":{"gold_per_floor":[114,134,134,134,155,155,189,189,215,228,73,73,73,91,91,210,210,224,3,23,23,23,23,42,42,42,42,132,132,132],"floor_reached":29,"playtime":941,"items_purged":["Parasite"],"score":221,"play_id":"267ad5be-1866-4cd7-bef6-d058a6e0417b","local_time":"20201211011923","is_ascension_mode":false,"campfire_choices":[{"data":"Eruption","floor":6,"key":"SMITH"},{"data":"Alpha","floor":12,"key":"SMITH"},{"data":"EmptyFist","floor":15,"key":"SMITH"},{"data":"Echo Form","floor":23,"key":"SMITH"},{"data":"Omniscience","floor":25,"key":"SMITH"},{"data":"Streamline","floor":27,"key":"SMITH"}],"neow_cost":"NONE","seed_source_timestamp":185555209627400,"circlet_count":0,"master_deck":["Strike_P","Strike_P","Strike_P","Defend_P","Defend_P","Defend_P","Defend_P","Eruption+1","Vigilance","MentalFortress","Swivel","FollowUp","EmptyFist+1","Alpha+1","Echo Form+1","Streamline+1","Omniscience+1","Wallop"],"relics":["Coffee Dripper","Golden Idol","Letter Opener","Toy Ornithopter","Dream Catcher","PrismaticShard","VioletLotus","Bag of Preparation","Sundial"],"potions_floor_usage":[16,16,29],"damage_taken":[{"damage":0,"enemies":"Jaw Worm","floor":1,"turns":4},{"damage":4,"enemies":"Small Slimes","floor":2,"turns":5},{"damage":0,"enemies":"Cultist","floor":5,"turns":4},{"damage":42,"enemies":"Gremlin Nob","floor":7,"turns":4},{"damage":7,"enemies":"2 Fungi Beasts","floor":10,"turns":4},{"damage":5,"enemies":"Looter","floor":14,"turns":3},{"damage":8,"enemies":"Hexaghost","floor":16,"turns":7},{"damage":14,"enemies":"Spheric Guardian","floor":18,"turns":4},{"damage":21,"enemies":"Shell Parasite","floor":20,"turns":5},{"damage":14,"enemies":"Centurion and Healer","floor":24,"turns":7},{"damage":24,"enemies":"Sentry and Sphere","floor":29,"turns":3}],"seed_played":"-1975538857048028352","potions_obtained":[{"floor":2,"key":"Weak Potion"},{"floor":7,"key":"PowerPotion"},{"floor":10,"key":"SpeedPotion"},{"floor":18,"key":"CultistPotion"},{"floor":20,"key":"Energy Potion"},{"floor":24,"key":"SpeedPotion"}],"is_trial":false,"path_per_floor":["M","M","?","T","M","R","E","?","T","M","$","R","?","M","R","B",null,"M","$","M","?","$","R","M","R","T","R","?","M"],"character_chosen":"WATCHER","items_purchased":["PrismaticShard","Bag of Preparation"],"campfire_rested":0,"item_purchase_floors":[11,19],"current_hp_per_floor":[72,68,50,50,50,50,8,26,26,19,19,19,19,14,14,16,69,55,55,34,34,34,34,20,20,20,20,8,0,0],"gold":132,"neow_bonus":"BOSS_RELIC","is_prod":false,"is_daily":false,"chose_seed":false,"campfire_upgraded":6,"win_rate":0.0,"timestamp":1607617163,"path_taken":["M","M","?","?","M","R","E","?","T","M","$","R","?","?","R","BOSS","M","$","M","?","$","R","M","R","T","R","?","M"],"build_version":"2020-11-30","purchased_purges":1,"victory":false,"max_hp_per_floor":[72,72,72,72,72,72,72,72,72,72,72,72,69,69,69,69,69,69,66,66,66,66,66,66,66,66,66,66,66,66],"card_choices":[{"not_picked":["FlyingSleeves","EmptyBody"],"picked":"MentalFortress","floor":1},{"not_picked":["FlurryOfBlows","Halt"],"picked":"Swivel","floor":2},{"not_picked":["CutThroughFate","PathToVictory"],"picked":"FollowUp","floor":5},{"not_picked":["Crescendo","BowlingBash"],"picked":"EmptyFist","floor":7},{"not_picked":["WaveOfTheHand","Evaluate"],"picked":"Alpha","floor":10},{"not_picked":["SashWhip","Cold Snap"],"picked":"Thunderclap","floor":14},{"not_picked":["Wraith Form v2","Night Terror"],"picked":"Echo Form","floor":16},{"not_picked":["Bane","SashWhip","Slice"],"picked":"SKIP","floor":18},{"not_picked":["Gash","FTL"],"picked":"Streamline","floor":20},{"not_picked":["Go for the Eyes","FollowUp","Chill+1"],"picked":"SKIP","floor":24}],"player_experience":110554,"relics_obtained":[{"floor":4,"key":"Letter Opener"},{"floor":7,"key":"Toy Ornithopter"},{"floor":9,"key":"Dream Catcher"},{"floor":26,"key":"Sundial"}],"event_choices":[{"damage_healed":0,"gold_gain":0,"player_choice":"Take Damage","damage_taken":18,"relics_obtained":["Golden Idol"],"max_hp_gain":0,"max_hp_loss":0,"event_name":"Golden Idol","floor":3,"gold_loss":0},{"damage_healed":18,"gold_gain":0,"player_choice":"Healed and dodged fight","damage_taken":0,"max_hp_gain":0,"max_hp_loss":0,"event_name":"Mushrooms","floor":8,"gold_loss":0,"cards_obtained":["Parasite"]},{"cards_removed":["Parasite"],"damage_healed":0,"gold_gain":0,"player_choice":"Took Card","damage_taken":0,"max_hp_gain":0,"max_hp_loss":0,"event_name":"NoteForYourself","floor":13,"gold_loss":0,"cards_obtained":["Parasite"]},{"damage_healed":0,"gold_gain":0,"cards_transformed":["Thunderclap","Strike_P"],"player_choice":"Became Test Subject","damage_taken":0,"max_hp_gain":0,"max_hp_loss":0,"event_name":"Drug Dealer","floor":21,"gold_loss":0,"cards_obtained":["Omniscience","Wallop"]},{"damage_healed":0,"gold_gain":90,"player_choice":"GOLD ","damage_taken":12,"max_hp_gain":0,"max_hp_loss":0,"event_name":"Knowing Skull","floor":28,"potions_obtained":[],"gold_loss":0,"cards_obtained":[]}],"is_beta":false,"boss_relics":[{"not_picked":["Sozu","Astrolabe"],"picked":"VioletLotus"}],"items_purged_floors":[19],"is_endless":false,"potions_floor_spawned":[2,7,10,18,20,24],"killed_by":"Sentry and Sphere","ascension_level":0}}