{"host":"hf83sijwe64ts2lm","time":1607566983,"event":{"gold_per_floor":[116,128,92,106,122,155,155,183,208,224,224,224,243,49,49,147,147,167,179,149,63,75,75,75,75],"floor_reached":24,"playtime":524,"items_purged":["Shame"],"score":260,"play_id":"3551a0e0-096d-43c9-b902-69b1718da98c","local_time":"20201209212303","is_ascension_mode":true,"campfire_choices":[{"floor":7,"key":"REST"},{"floor":11,"key":"REST"},{"floor":15,"key":"REST"},{"floor":23,"key":"REST"}],"neow_cost":"NONE","seed_source_timestamp":1056889945899,"circlet_count":0,"master_deck":["Strike_B","Strike_B","Strike_B","Strike_B","Defend_B","Defend_B","Defend_B","Defend_B","Zap","Dualcast","Cold Snap","Leap","Static Discharge","Static Discharge","Ball Lightning","Meteor Strike","Ball Lightning","White Noise","Dramatic Entrance","Beam Cell","Thunder Strike","Go for the Eyes+1","Genetic Algorithm","Storm","Gash","FIFO Queue"],"relics":["Cracked Core","NeowsBlessing","Mango","Shuriken","Incense Burner"],"potions_floor_usage":[6,6,8,16,20,22,24],"damage_taken":[{"damage":0,"enemies":"Jaw Worm","floor":1,"turns":1},{"damage":0,"enemies":"2 Louse","floor":2,"turns":1},{"damage":0,"enemies":"Cultist","floor":4,"turns":1},{"damage":30,"enemies":"Large Slime","floor":5,"turns":4},{"damage":21,"enemies":"Lagavulin","floor":6,"turns":6},{"damage":23,"enemies":"Gremlin Nob","floor":8,"turns":4},{"damage":5,"enemies":"Gremlin Gang","floor":10,"turns":5},{"damage":8,"enemies":"Exordium Thugs","floor":13,"turns":3},{"damage":54,"enemies":"Fading Forest","floor":16,"turns":11},{"damage":38,"enemies":"Chosen","floor":18,"turns":4},{"damage":2,"enemies":"Spheric Guardian","floor":19,"turns":3},{"damage":29,"enemies":"Snake Plant","floor":22,"turns":4},{"damage":41,"enemies":"Nightmare","floor":24,"turns":6}],"seed_played":"3024142722568303918","potions_obtained":[{"floor":1,"key":"Weak Potion"},{"floor":2,"key":"Swift Potion"},{"floor":4,"key":"blueLaboratory:NullPotion"},{"floor":6,"key":"LiquidBronze"},{"floor":8,"key":"blueLaboratory:FrostheartPotion"},{"floor":18,"key":"Swift Potion"},{"floor":20,"key":"SneckoOil"},{"floor":20,"key":"blueLaboratory:FruitPreserves"},{"floor":22,"key":"Swift Potion"}],"is_trial":false,"path_per_floor":["M","M","$","M","M","E","R","E","T","M","R","?","M","$","R","B",null,"M","M","?","$","M","R","NM"],"character_chosen":"DEFECT","items_purchased":["Static Discharge","Incense Burner","Storm","Gash"],"campfire_rested":4,"item_purchase_floors":[3,14,21,21],"current_hp_per_floor":[75,75,75,75,45,38,64,41,41,36,62,62,54,54,80,46,78,40,38,44,44,15,41,0,0],"gold":75,"neow_bonus":"THREE_ENEMY_KILL","is_prod":false,"is_daily":false,"chose_seed":false,"campfire_upgraded":0,"win_rate":0,"timestamp":1607566983,"path_taken":["M","M","$","M","M","E","R","E","T","M","R","?","?","$","R","BOSS","M","M","?","$","M","R","NM"],"build_version":"2020-11-30","purchased_purges":1,"victory":false,"max_hp_per_floor":[75,75,75,75,75,89,89,89,89,89,89,89,89,89,89,89,89,89,89,89,89,89,89,89,89],"relic_stats":{"counters":[13,53],"Shuriken":[10],"obtain_stats":[{"NeowsBlessing":0,"Shuriken":8,"Mango":6,"Incense Burner":14,"Cracked Core":0},{"NeowsBlessing":0,"Shuriken":6,"Mango":5,"Incense Burner":8,"Cracked Core":0},{"NeowsBlessing":0,"Shuriken":17,"Mango":13,"Incense Burner":25,"Cracked Core":0}]},"card_choices":[{"not_picked":["Redo","BasicCrystalCard"],"picked":"Cold Snap","floor":1},{"not_picked":["Barrage","Reinforced Body"],"picked":"Leap","floor":2},{"not_picked":["Gash","Cold Snap"],"picked":"Static Discharge","floor":4},{"not_picked":["Streamline","Scrape"],"picked":"Ball Lightning","floor":5},{"not_picked":["Barrage","Beam Cell"],"picked":"Meteor Strike","floor":6},{"not_picked":["Crystallizer","Hologram"],"picked":"Ball Lightning","floor":8},{"not_picked":["Panic Button","BasicCrystalCard"],"picked":"White Noise","floor":10},{"not_picked":["Mind Blast","Swift Strike"],"picked":"Dramatic Entrance","floor":12},{"not_picked":["Leap","Redo"],"picked":"Beam Cell","floor":13},{"not_picked":["Fission","Multi-Cast"],"picked":"Thunder Strike","floor":16},{"not_picked":["Crystallizer","BasicCrystalCard"],"picked":"Go for the Eyes+1","floor":18},{"not_picked":["ReplaySolidLightProjector+1","Compile Driver"],"picked":"Genetic Algorithm","floor":19},{"not_picked":["Redo+1","Gash"],"picked":"FIFO Queue","floor":22}],"player_experience":119382,"relics_obtained":[{"floor":6,"key":"Mango"},{"floor":8,"key":"Shuriken"}],"event_choices":[{"damage_healed":0,"gold_gain":1,"player_choice":"1","damage_taken":0,"max_hp_gain":0,"max_hp_loss":0,"event_name":"betterStone:BetterStone","floor":12,"gold_loss":0},{"damage_healed":0,"gold_gain":0,"player_choice":"Bought 2 Potions","damage_taken":0,"max_hp_gain":0,"max_hp_loss":0,"event_name":"The Woman in Blue","floor":20,"gold_loss":0}],"is_beta":false,"boss_relics":[{"not_picked":["Snecko Eye","Painkiller Herb","Replay:Grab Bag"]}],"items_purged_floors":[14],"is_endless":false,"potions_floor_spawned":[1,2,4,6,8,18,22],"killed_by":"Nightmare","ascension_level":5}}