{"host":"Polo","time":1607618718,"event":{"gold_per_floor":[115,132,151,151,170,199,199,199,199,199,217,217,217,242,242,270,270,270],"floor_reached":16,"playtime":3614,"items_purged":[],"score":102,"play_id":"3656090c-c888-460a-a099-107f5c05fbb1","local_time":"20201211024518","is_ascension_mode":false,"campfire_choices":[{"floor":10,"key":"REST"},{"floor":15,"key":"REST"}],"neow_cost":"NONE","seed_source_timestamp":632965666422700,"circlet_count":0,"master_deck":["theSleuth:Strike","theSleuth:Strike","theSleuth:Strike","theSleuth:Defend","theSleuth:Defend","theSleuth:Defend","theSleuth:KeyHandgun+1","theSleuth:TakeInventory","theSleuth:Diplomacy","theSleuth:Supermassive","theSleuth:FairShake","theSleuth:Diabeatdown","theSleuth:Tootshotgun","theSleuth:PezUzi","theSleuth:Pepperminthryl","theSleuth:HitTheMattresses","theSleuth:Frijolaegis"],"relics":["theSleuth:Typewriter","HushsDoor","KeepersGift","CCEMRelics:D6","halation:IllGainedPizza"],"potions_floor_usage":[],"damage_taken":[{"damage":3,"enemies":"conspire:RoseBush","floor":1,"turns":3},{"damage":0,"enemies":"2 Louse","floor":2,"turns":3},{"damage":9,"enemies":"Cultist","floor":3,"turns":7},{"damage":5,"enemies":"Lots of Slimes","floor":5,"turns":6},{"damage":51,"enemies":"3 Sentries","floor":6,"turns":12},{"damage":6,"enemies":"Blue Slaver","floor":11,"turns":4},{"damage":5,"enemies":"Gremlin Gang","floor":14,"turns":4},{"damage":32,"enemies":"Hexaghost","floor":16,"turns":12}],"seed_played":"464175818643323828","potions_obtained":[{"floor":1,"key":"Energy Potion"},{"floor":11,"key":"Elixir"}],"is_trial":false,"path_per_floor":["M","M","M","?","M","E","?","?","T","R","M","?","?","M","R","B"],"character_chosen":"THE_sleuth","items_purchased":[],"campfire_rested":2,"item_purchase_floors":[],"current_hp_per_floor":[70,70,61,73,68,17,17,17,17,38,32,32,32,27,48,16,16,16],"gold":270,"neow_bonus":"ONE_RANDOM_RARE_CARD","is_prod":false,"is_daily":false,"chose_seed":false,"campfire_upgraded":0,"win_rate":0.0,"timestamp":1607618718,"path_taken":["M","M","M","?","M","E","?","?","T","R","M","?","?","M","R","BOSS"],"build_version":"2020-11-17","purchased_purges":0,"victory":false,"max_hp_per_floor":[73,73,73,73,73,73,73,73,73,73,73,73,73,73,73,73,73,73],"card_choices":[{"not_picked":[],"picked":"ChaosCard","floor":0},{"not_picked":["theSleuth:Taze","theSleuth:Ignore"],"picked":"theSleuth:FairShake","floor":1},{"not_picked":["theSleuth:Unscale","theSleuth:Fortify"],"picked":"theSleuth:Diabeatdown","floor":2},{"not_picked":["theSleuth:ClubClubClub","theSleuth:Parry"],"picked":"theSleuth:Tootshotgun","floor":3},{"not_picked":["theSleuth:WilsonBust","theSleuth:ThinkAhead"],"picked":"theSleuth:PezUzi","floor":5},{"not_picked":["theSleuth:ClubClubClub","theSleuth:RetrieveArms"],"picked":"theSleuth:Pepperminthryl","floor":6},{"not_picked":["theSleuth:PezUzi","theSleuth:FlaskOfWhiskey"],"picked":"theSleuth:HitTheMattresses","floor":11},{"not_picked":["theSleuth:CandyCorn","theSleuth:BellyOTheWhale"],"picked":"theSleuth:Frijolaegis","floor":14}],"player_experience":3376,"relics_obtained":[{"floor":6,"key":"CCEMRelics:D6"},{"floor":9,"key":"halation:IllGainedPizza"}],"event_choices":[{"cards_removed":["theSleuth:Strike"],"damage_healed":0,"gold_gain":0,"player_choice":"Offered Basic","damage_taken":0,"max_hp_gain":0,"max_hp_loss":0,"event_name":"Bonfire Elementals","floor":12,"gold_loss":0}],"is_beta":true,"boss_relics":[],"items_purged_floors":[],"is_endless":false,"potions_floor_spawned":[1,11],"killed_by":"Hexaghost","ascension_level":0}}