{"host":"a484oiac96svwyi6","time":1607622600,"event":{"mods":["2.2 Compatiblity","BaseMod","AchievementEnabler","Act Like it!","StSLib","Astrologer","Better Altar","Better Match","Better Sensory Stone","Better Skull","Better Third Choice","Better-Laid Plans","BetterRewards","Block Reminder","Clawfect","Colored Map","Colored Powertips","Conjunction","Conspire","Custom Start","Dio Mod","Displayed Cursed Tome","Duelist Mod","GifTheSpireLib","Gold Saver","Googly Eyes","Hallownest","Hubris","Infinite Spire","Ironclad Rager","Jorbs\u0027s Wanderer Trilogy","Melee Mod","Menagerie","Minty Spire (QoL Compilation)","Quick Restart","RNG Fix","Random Character Button","Relic Filter","Relic Sorter","Relic Stats","Replay The Spire","Retaliation","Shop Mod","Small Relic Pack","Spikes Relics","Stuff the Spire","SuperFastMode","The Fake Hero","The Necromancer","The Poker Player","TheHero","Uncapped","Virulent Crown","[JumpMod]????","everything is the same but u backflip on backflip","vexMod","Spire Birthday Party","Transform Curses"],"gold_per_floor":[816,864,878,824,824,868,868,883,909,940,958,958,958,1058,1058,1179,1479,1493,1493,1514,1514,1537,1537,1575,1598,1625,1382,1402,1402,1418,1441,1441,1564,1564,1580,1580,1600,1600,1615,1615,1659,1634,1634,1653,1692,1539,1539,1562,1562,1562],"floor_reached":51,"playtime":2315,"items_purged":[],"score":993,"play_id":"7e3437ab-6e1d-47dc-a15a-01de77a25f76","local_time":"20201210125000","is_ascension_mode":true,"campfire_choices":[{"data":"dioMod:MudaMudaMuda","floor":7,"key":"SMITH"},{"floor":12,"key":"REST"},{"data":"dioMod:MudaMudaMuda","floor":23,"key":"SMITH"},{"floor":29,"key":"REST"},{"floor":32,"key":"REST"},{"data":"dioMod:TheWalk","floor":40,"key":"SMITH"},{"data":"StuffTheSpire:BrainWave","floor":47,"key":"SMITH"},{"floor":49,"key":"REST"}],"circlet_count":0,"master_deck":["dioMod:Strike","dioMod:Strike","dioMod:Strike","dioMod:Strike","Bite","dioMod:Defend","dioMod:Defend","dioMod:Defend","dioMod:Defend","dioMod:DaggerToss+1","dioMod:MudaMudaMuda+1","dioMod:MudaMudaMuda+1","dioMod:Muda","dioMod:KonoDioDa","CurseOfTheBell","dioMod:Muda","dioMod:DaggerToss","dioMod:DominatingPresence","dioMod:TheWalk+1","StuffTheSpire:BrainWave+1","dioMod:DoubleTime+1","Blind","PlatinumSkin","dioMod:DominatingPresence+1","dioMod:Minions+1","Parasite"],"relics":["dioMod:VampireBlood","HowToJump","infinitespire:CheckeredPen","StuffTheSpire:GrapeVine","Ice Cream","Pet Ghost","Golden Idol","Replay:Mystery Machine","vexMod:BarristanHead","vexMod:ScavengeHelm","Calling Bell","Potion Belt","Question Card","Old Coin","Rawhide","vexMod:MemoryStick","vexMod:Dragonfruit","vexMod:BigBerry","Smiling Mask","StuffTheSpire:Gunfinga","ReplayTheSpireMod:TigerMarble"],"acts_visited":["Exordium","TheCity","TheBeyond"],"potions_floor_usage":[10,24,24,24,50,50,50],"damage_taken":[{"damage":1,"enemies":"Cultist","floor":1,"turns":3},{"damage":5,"enemies":"Small Slimes","floor":3,"turns":3},{"damage":20,"enemies":"3 Sentries","floor":6,"turns":3},{"damage":0,"enemies":"2 Louse","floor":8,"turns":2},{"damage":21,"enemies":"Gremlin Nob","floor":10,"turns":4},{"damage":18,"enemies":"Large Slime","floor":11,"turns":3},{"damage":19,"enemies":"Slime Boss","floor":16,"turns":7},{"damage":15,"enemies":"Chosen","floor":18,"turns":5},{"damage":25,"enemies":"Shell Parasite","floor":20,"turns":5},{"damage":15,"enemies":"Sentry and Sphere","floor":22,"turns":5},{"damage":46,"enemies":"Book of Stabbing","floor":24,"turns":6},{"damage":0,"enemies":"Centurion and Healer","floor":25,"turns":3},{"damage":10,"enemies":"Shelled Parasite and Fungi","floor":28,"turns":3},{"damage":0,"enemies":"Snecko","floor":30,"turns":2},{"damage":11,"enemies":"Snake Plant","floor":31,"turns":3},{"damage":39,"enemies":"conspire:MysteriousRune","floor":33,"turns":6},{"damage":0,"enemies":"Orb Walker","floor":35,"turns":2},{"damage":28,"enemies":"3 Shapes","floor":37,"turns":2},{"damage":0,"enemies":"Sphere and 2 Shapes","floor":39,"turns":2},{"damage":11,"enemies":"R_Hoarder","floor":41,"turns":6},{"damage":3,"enemies":"3 Darklings","floor":44,"turns":2},{"damage":4,"enemies":"Nemesis","floor":45,"turns":5},{"damage":5,"enemies":"Writhing Mass","floor":48,"turns":4},{"damage":94,"enemies":"Replay:Hell Engine","floor":50,"turns":6}],"seed_played":"-4043789534485861446","potions_obtained":[{"floor":1,"key":"Weak Potion"},{"floor":10,"key":"Explosive Potion"},{"floor":11,"key":"dioMod:HumanBlood"},{"floor":16,"key":"ColorlessPotion"},{"floor":18,"key":"Energy Potion"},{"floor":22,"key":"Regen Potion"},{"floor":33,"key":"GamblersBrew"},{"floor":39,"key":"Fire Potion"},{"floor":41,"key":"PowerPotion"}],"is_trial":false,"path_per_floor":["M","T","M","$","?","E","R","M","T","E","M","R","?","?","R_BF","B",null,"M","?","M","?","M","R","E","M","T","$","M","R","M","M","R","B",null,"M","?","M","?","M","R","E","?","T","M","E","$","R","M","R_BF","B",null],"character_chosen":"THE_DEFAULT","items_purchased":["dioMod:DaggerToss","infinitespire:CheckeredPen","StuffTheSpire:GrapeVine","dioMod:MudaMudaMuda","dioMod:MudaMudaMuda","Ice Cream","dioMod:Muda","vexMod:Dragonfruit","ReplayTheSpireMod:TigerMarble"],"campfire_rested":4,"item_purchase_floors":[0,0,0,0,0,0,4,27,46],"current_hp_per_floor":[70,70,71,71,53,44,44,50,50,36,26,48,48,48,70,69,74,66,66,46,46,41,41,9,17,17,22,20,44,47,41,65,33,98,101,99,80,80,89,89,93,93,93,99,98,98,98,96,99,16],"gold":1562,"neow_bonus":"","is_daily":false,"chose_seed":false,"campfire_upgraded":4,"win_rate":0,"timestamp":1607622600,"path_taken":["M","?","M","$","?","E","R","M","T","E","M","R","?","?","R_BF","BOSS","M","?","M","?","?","R","E","M","T","$","M","R","M","?","R","BOSS","M","?","M","?","M","R","E","?","T","?","E","$","R","M","R_BF","BOSS"],"build_version":"2020-11-30","purchased_purges":0,"victory":true,"max_hp_per_floor":[75,75,75,75,75,75,75,75,75,75,75,75,75,75,75,75,75,75,75,75,75,75,75,75,75,75,80,80,80,80,80,80,80,110,110,99,99,99,99,99,99,99,99,99,99,99,99,99,99,99],"relic_stats":{"counters":[139,507],"Golden Idol":168,"Question Card":22,"Smiling Mask":0,"obtain_stats":[{"infinitespire:BottledMercury":28,"StuffTheSpire:Barrel":11,"vexMod:MemoryStick":26,"StuffTheSpire:Rhapsscallions":38,"Whetstone":8,"Ginger":9,"Boot":0,"Sling":5,"Old Coin":23,"Replay:Wanted Poster":17,"Blood Vial":19,"vexMod:InvisibilityCloak":24,"infinitespire:Golems Mask":24,"Kunai":10,"Replay:Bottled Steam":7,"MerchantsRug":0,"Counterbalance":7,"Pen Nib":45,"Akabeko":0,"relicPack:EdsArm":5,"SlaversCollar":34,"dioMod:VampireBlood":0,"vexMod:ImprovementManual":28,"vexMod:BigBerry":34,"Lantern":0,"Rawhide":11,"Replay:Multitool":40,"Bag of Preparation":27,"StuffTheSpire:GrapeVine":0,"Smiling Mask":11,"Pet Ghost":2,"Replay:Rubber Ducky":9,"StuffTheSpire:RunicConfusion":17,"StuffTheSpire:Gunfinga":43,"Shovel":30,"Toolbox":0,"hubris:FunFungus":9,"Replay:Lucky Slots":28,"Potion Belt":17,"Golden Idol":5,"StuffTheSpire:Expresso":11,"conspire:RunicOctahedron":34,"Omamori":31,"infinitespire:CheckeredPen":0,"MawBank":13,"Busted Crown":17,"StuffTheSpire:Mouthbags":43,"Ornamental Fan":13,"betterThird:SlimedRelic":3,"Bloody Idol":19,"Turnip":0,"SpikesRelics:DaevaFist":0,"ReplayTheSpireMod:Lightbulb":8,"Ice Cream":0,"Gremlin Horn":46,"DollysMirror":10,"Strawberry":26,"conspire:Dentures":27,"Girya":20,"Happy Flower":6,"vexMod:ScavengeHelm":10,"Replay:Grab Bag":17,"Oddly Smooth Stone":0,"Letter Opener":26,"BlackRope":0,"War Paint":4,"Question Card":24,"Bottled Flame":45,"Replay:Baseball":50,"relicPack:KazumaCape":34,"Shuriken":8,"StuffTheSpire:DarkSteelAnvil":41,"Simple Rune":42,"Molten Egg 2":0,"ReplayTheSpireMod:TigerMarble":28,"infinitespire:EmpoweringShard":23,"ReplayTheSpireMod:DimensionalGlitch":38,"Pocketwatch":40,"ReplayFunnel":0,"SnailShell":38,"SacredBark":17,"RetroEgg":30,"conspire:SpecialSausage":17,"BrokenLever":0,"hubris:SlimyHat":0,"Juzu Bracelet":26,"Replay:Mystery Machine":6,"Empty Cage":17,"vexMod:Spyglass":0,"ReplayTheSpireMod:EnergyBall":36,"Frozen Eye":14,"Nunchaku":44,"Replay:Bandana":0,"hubris:Icosahedron":19,"StuffTheSpire:HeavyRock":6,"MiniBlackHole":26,"Gremlin Food":10,"HowToJump":0,"vexMod:Dragonfruit":43,"Calling Bell":17,"Pondfish Scales":26,"CaptainsWheel":9,"vexMod:BarristanHead":9,"StuffTheSpire:CocoNut":44,"Snack Pack":8,"FossilizedHelix":42},{"infinitespire:BottledMercury":83,"StuffTheSpire:Barrel":72,"vexMod:MemoryStick":127,"StuffTheSpire:Rhapsscallions":108,"Whetstone":4,"Ginger":28,"Boot":25,"Sling":96,"Old Coin":81,"Replay:Wanted Poster":8,"Blood Vial":47,"vexMod:InvisibilityCloak":11,"infinitespire:Golems Mask":104,"Kunai":99,"Replay:Bottled Steam":43,"MerchantsRug":66,"Counterbalance":97,"Pen Nib":62,"Akabeko":39,"relicPack:EdsArm":26,"SlaversCollar":55,"dioMod:VampireBlood":0,"vexMod:ImprovementManual":13,"vexMod:BigBerry":131,"Lantern":66,"Rawhide":28,"Replay:Multitool":19,"Bag of Preparation":105,"StuffTheSpire:GrapeVine":115,"Smiling Mask":5,"Pet Ghost":116,"Replay:Rubber Ducky":4,"StuffTheSpire:RunicConfusion":8,"StuffTheSpire:Gunfinga":135,"Shovel":53,"Toolbox":25,"hubris:FunFungus":43,"Replay:Lucky Slots":105,"Potion Belt":122,"Golden Idol":117,"StuffTheSpire:Expresso":28,"conspire:RunicOctahedron":107,"Omamori":106,"infinitespire:CheckeredPen":115,"MawBank":45,"Busted Crown":76,"StuffTheSpire:Mouthbags":20,"Ornamental Fan":74,"betterThird:SlimedRelic":1,"Bloody Idol":47,"Turnip":25,"SpikesRelics:DaevaFist":94,"ReplayTheSpireMod:Lightbulb":43,"Ice Cream":115,"Gremlin Horn":63,"DollysMirror":43,"Strawberry":82,"conspire:Dentures":36,"Girya":9,"Happy Flower":97,"vexMod:ScavengeHelm":120,"Replay:Grab Bag":8,"Oddly Smooth Stone":25,"Letter Opener":12,"BlackRope":66,"War Paint":41,"Question Card":35,"Bottled Flame":21,"Replay:Baseball":65,"relicPack:KazumaCape":16,"Shuriken":71,"StuffTheSpire:DarkSteelAnvil":91,"Simple Rune":91,"Molten Egg 2":94,"ReplayTheSpireMod:TigerMarble":13,"infinitespire:EmpoweringShard":50,"ReplayTheSpireMod:DimensionalGlitch":18,"Pocketwatch":110,"ReplayFunnel":94,"SnailShell":18,"SacredBark":8,"RetroEgg":14,"conspire:SpecialSausage":31,"BrokenLever":94,"hubris:SlimyHat":66,"Juzu Bracelet":104,"Replay:Mystery Machine":118,"Empty Cage":8,"vexMod:Spyglass":66,"ReplayTheSpireMod:EnergyBall":88,"Frozen Eye":45,"Nunchaku":21,"Replay:Bandana":25,"hubris:Icosahedron":9,"StuffTheSpire:HeavyRock":3,"MiniBlackHole":35,"Gremlin Food":43,"HowToJump":0,"vexMod:Dragonfruit":91,"Calling Bell":122,"Pondfish Scales":51,"CaptainsWheel":71,"vexMod:BarristanHead":119,"StuffTheSpire:CocoNut":62,"Snack Pack":98,"FossilizedHelix":60},{"infinitespire:BottledMercury":314,"StuffTheSpire:Barrel":284,"vexMod:MemoryStick":464,"StuffTheSpire:Rhapsscallions":395,"Whetstone":21,"Ginger":96,"Boot":81,"Sling":356,"Old Coin":309,"Replay:Wanted Poster":32,"Blood Vial":191,"vexMod:InvisibilityCloak":40,"infinitespire:Golems Mask":379,"Kunai":364,"Replay:Bottled Steam":169,"MerchantsRug":269,"Counterbalance":359,"Pen Nib":254,"Akabeko":154,"relicPack:EdsArm":84,"SlaversCollar":227,"dioMod:VampireBlood":0,"vexMod:ImprovementManual":43,"vexMod:BigBerry":478,"Lantern":269,"Rawhide":96,"Replay:Multitool":57,"Bag of Preparation":383,"StuffTheSpire:GrapeVine":415,"Smiling Mask":24,"Pet Ghost":418,"Replay:Rubber Ducky":21,"StuffTheSpire:RunicConfusion":32,"StuffTheSpire:Gunfinga":490,"Shovel":214,"Toolbox":81,"hubris:FunFungus":169,"Replay:Lucky Slots":383,"Potion Belt":440,"Golden Idol":421,"StuffTheSpire:Expresso":96,"conspire:RunicOctahedron":392,"Omamori":385,"infinitespire:CheckeredPen":415,"MawBank":176,"Busted Crown":296,"StuffTheSpire:Mouthbags":61,"Ornamental Fan":291,"betterThird:SlimedRelic":3,"Bloody Idol":191,"Turnip":81,"SpikesRelics:DaevaFist":351,"ReplayTheSpireMod:Lightbulb":169,"Ice Cream":415,"Gremlin Horn":257,"DollysMirror":169,"Strawberry":312,"conspire:Dentures":140,"Girya":35,"Happy Flower":359,"vexMod:ScavengeHelm":430,"Replay:Grab Bag":32,"Oddly Smooth Stone":81,"Letter Opener":42,"BlackRope":269,"War Paint":160,"Question Card":137,"Bottled Flame":66,"Replay:Baseball":263,"relicPack:KazumaCape":51,"Shuriken":281,"StuffTheSpire:DarkSteelAnvil":341,"Simple Rune":341,"Molten Egg 2":351,"ReplayTheSpireMod:TigerMarble":43,"infinitespire:EmpoweringShard":204,"ReplayTheSpireMod:DimensionalGlitch":53,"Pocketwatch":400,"ReplayFunnel":351,"SnailShell":53,"SacredBark":32,"RetroEgg":45,"conspire:SpecialSausage":114,"BrokenLever":351,"hubris:SlimyHat":269,"Juzu Bracelet":379,"Replay:Mystery Machine":424,"Empty Cage":32,"vexMod:Spyglass":269,"ReplayTheSpireMod:EnergyBall":331,"Frozen Eye":176,"Nunchaku":66,"Replay:Bandana":81,"hubris:Icosahedron":35,"StuffTheSpire:HeavyRock":14,"MiniBlackHole":137,"Gremlin Food":169,"HowToJump":0,"vexMod:Dragonfruit":341,"Calling Bell":440,"Pondfish Scales":207,"CaptainsWheel":281,"vexMod:BarristanHead":426,"StuffTheSpire:CocoNut":254,"Snack Pack":362,"FossilizedHelix":249}]},"card_choices":[{"not_picked":["dioMod:BlendIn","dioMod:BloodShield","dioMod:SecretPlan"],"picked":"SKIP","floor":1},{"not_picked":["dioMod:CautiousMuda","dioMod:Hiss","dioMod:DarkRebirth"],"picked":"SKIP","floor":3},{"not_picked":["dioMod:BlendIn","dioMod:BloodSplash","dioMod:DarkRebirth"],"picked":"SKIP","floor":6},{"not_picked":["dioMod:GoodbyeJojo","dioMod:LaserVision","dioMod:Roundabout"],"picked":"SKIP","floor":8},{"not_picked":["dioMod:LaserVision","dioMod:DarkRebirth","dioMod:Minions"],"picked":"SKIP","floor":10},{"not_picked":["dioMod:CautiousMuda","dioMod:CoffinBath","dioMod:BlendIn"],"picked":"SKIP","floor":11},{"not_picked":["dioMod:GoldVial","dioMod:PhantomBlood"],"picked":"dioMod:KonoDioDa","floor":16},{"not_picked":["dioMod:TripleThreat","dioMod:DisarmingVoice+1","dioMod:Roundabout+1","dioMod:Despair"],"picked":"SKIP","floor":18},{"not_picked":["dioMod:HeavyLifting","dioMod:LaserVision","dioMod:Freeze+1","dioMod:BlendIn+1"],"picked":"SKIP","floor":20},{"not_picked":["dioMod:FlyAway","dioMod:WRYYY","dioMod:CautiousMuda","dioMod:Donut+1"],"picked":"SKIP","floor":22},{"not_picked":["dioMod:BloodShield","dioMod:BloodTransfusion","dioMod:MudaMudaMuda"],"picked":"dioMod:Muda","floor":24},{"not_picked":["dioMod:Donut","dioMod:FlyAway","dioMod:ComposedMuda+1","dioMod:VengefulMuda"],"picked":"SKIP","floor":25},{"not_picked":["dioMod:ZaWarudo","dioMod:DaggerSpree+1","dioMod:ComposedMuda","dioMod:Minions"],"picked":"SKIP","floor":28},{"not_picked":["dioMod:TripleThreat","dioMod:BloodSplash","dioMod:VengefulMuda"],"picked":"dioMod:DaggerToss","floor":30},{"not_picked":["dioMod:StreetSign","dioMod:Donut","dioMod:DaggerSpree"],"picked":"dioMod:DominatingPresence","floor":31},{"not_picked":["dioMod:PhantomBlood","dioMod:RoadRoller","dioMod:KonoDioDa"],"picked":"dioMod:TheWalk","floor":33},{"not_picked":["dioMod:StreetSign+1","dioMod:Roundabout","dioMod:BlendIn+1","dioMod:VengefulMuda"],"picked":"SKIP","floor":35},{"not_picked":["dioMod:ComposedMuda","dioMod:VengefulMuda+1","dioMod:DaggerToss"],"picked":"dioMod:DoubleTime+1","floor":37},{"not_picked":["Sadistic Nature","Reforge","Purity"],"picked":"Blind","floor":38},{"not_picked":["Discovery","Swift Strike","Enlightenment"],"picked":"PlatinumSkin","floor":38},{"not_picked":["dioMod:BloodShield+1","dioMod:ComboFever","dioMod:FlyAway+1","dioMod:StreetSign"],"picked":"SKIP","floor":39},{"not_picked":["dioMod:BlendIn","dioMod:GoodbyeJojo+1","dioMod:StreetSign+1"],"picked":"dioMod:DominatingPresence+1","floor":41},{"not_picked":["dioMod:Hiss+1","dioMod:StreetSign+1","dioMod:WRYYY","dioMod:VengefulMuda"],"picked":"SKIP","floor":44},{"not_picked":["dioMod:CautiousMuda+1","dioMod:BlendIn+1","dioMod:Despair"],"picked":"dioMod:Minions+1","floor":45},{"not_picked":["dioMod:WRYYY","dioMod:CutDeep+1","dioMod:VengefulMuda","dioMod:Hiss"],"picked":"SKIP","floor":48}],"player_experience":283576,"relics_obtained":[{"floor":2,"key":"Pet Ghost"},{"floor":6,"key":"Replay:Mystery Machine"},{"floor":9,"key":"vexMod:BarristanHead"},{"floor":10,"key":"vexMod:ScavengeHelm"},{"floor":17,"key":"Potion Belt"},{"floor":17,"key":"Question Card"},{"floor":17,"key":"Old Coin"},{"floor":24,"key":"Rawhide"},{"floor":26,"key":"vexMod:MemoryStick"},{"floor":41,"key":"Smiling Mask"},{"floor":43,"key":"StuffTheSpire:Gunfinga"}],"event_choices":[{"damage_healed":0,"gold_gain":0,"player_choice":"Take Damage","damage_taken":18,"relics_obtained":["Golden Idol"],"max_hp_gain":0,"max_hp_loss":0,"event_name":"Golden Idol","floor":5,"gold_loss":0},{"damage_healed":0,"gold_gain":0,"player_choice":"Ignored","damage_taken":958,"max_hp_gain":0,"max_hp_loss":0,"event_name":"betterThird:BetterSerpent","floor":13,"gold_loss":0},{"damage_healed":0,"gold_gain":100,"player_choice":"Gold","damage_taken":0,"max_hp_gain":0,"max_hp_loss":0,"event_name":"Wheel of Change","floor":14,"gold_loss":0},{"damage_healed":0,"gold_gain":0,"player_choice":"Leave","damage_taken":0,"max_hp_gain":0,"max_hp_loss":0,"event_name":"conspire:Investor","floor":21,"gold_loss":0},{"damage_healed":0,"gold_gain":3,"player_choice":"1","damage_taken":0,"max_hp_gain":0,"max_hp_loss":0,"event_name":"betterStone:BetterStone","floor":38,"gold_loss":0}],"is_beta":false,"boss_relics":[{"not_picked":["conspire:RunicOctahedron","Tiny House"],"picked":"Calling Bell"},{"not_picked":["Replay:Bronze Core","StuffTheSpire:RunicHypercube"],"picked":"vexMod:BigBerry"}],"items_purged_floors":[],"is_endless":false,"potions_floor_spawned":[1,10,11,16,18,22,33,39,41,44,45],"ascension_level":6}}