{"host":"cglr1m0d8tytrlaz","time":1607584867,"event":{"gold_per_floor":[115,132,143,153,167,198,210,241,241,258,258,258,291,304,304,403,403,414,424,444,444,444,444,477,392,392,67,67,67,82,111,111,214,214,232,245,259,271,286,286,38,61,61,76,76,94,94,126,126,126,126,126,1,28,28,28],"floor_reached":55,"playtime":4946,"items_purged":["Normality","Runesmith:Strike_RS","Decay"],"score":917,"play_id":"7a860e31-4e10-4913-bcd6-53b8f6f2dde0","local_time":"20201210012107","is_ascension_mode":true,"campfire_choices":[{"data":"1","floor":12,"key":"LIFT"},{"data":"2","floor":15,"key":"LIFT"},{"data":"Ghostly","floor":23,"key":"SMITH"},{"data":"3","floor":29,"key":"LIFT"},{"floor":32,"key":"RECALL"},{"floor":40,"key":"REST"},{"floor":45,"key":"REST"},{"floor":47,"key":"REST"},{"floor":49,"key":"REST"},{"floor":52,"key":"REST"}],"neow_cost":"NONE","seed_source_timestamp":5242265134100,"circlet_count":0,"master_deck":["Runesmith:Strike_RS","Runesmith:Strike_RS","Runesmith:Strike_RS","Runesmith:Defend_RS","Runesmith:Defend_RS","Runesmith:Defend_RS","Runesmith:Defend_RS","Runesmith:CraftFirestone","Runesmith:Fortify","Runesmith:Grindstone","Runesmith:PerfectChisel","Runesmith:HammerTime+1","Runesmith:HammerAndChisel","Runesmith:Repurpose","Runesmith:EarthShield","Runesmith:UnstableHammer","Runesmith:Accelerate","Runesmith:HeatExchange+1","Runesmith:Empowerment","Runesmith:FissionHammer","Runesmith:NanitesCloud+1","Runesmith:CraftReservo","Runesmith:Grindstone","Runesmith:PoweredAnvil","Ghostly+1","Ghostly","Ghostly","Ghostly","Ghostly","Runesmith:StaticCage","Apotheosis+1","Deep Breath+1","Runesmith:EarthShield+1","Runesmith:EarthShield+1","Runesmith:UnstableHammer","Runesmith:StaticCage+1","Runesmith:FrozenChisel","Runesmith:HammerAndChisel+1","Runesmith:Firestorm","Runesmith:HammerThrow","Runesmith:CraftSpiculum+1"],"relics":["Runesmith:BrokenRuby","Girya","Runesmith:MiniCore","Letter Opener","Whetstone","Cursed Key","Darkstone Periapt","Toxic Egg 2","WingedGreaves","Membership Card","Bottled Lightning","Sozu","Bottled Tornado","Bag of Marbles","Gremlin Horn","Orichalcum"],"potions_floor_usage":[6,7,8,8,13,16,33,55],"damage_taken":[{"damage":1,"enemies":"Cultist","floor":1,"turns":4},{"damage":0,"enemies":"Small Slimes","floor":2,"turns":5},{"damage":0,"enemies":"2 Louse","floor":3,"turns":3},{"damage":5,"enemies":"2 Fungi Beasts","floor":4,"turns":5},{"damage":3,"enemies":"Blue Slaver","floor":5,"turns":5},{"damage":25,"enemies":"3 Sentries","floor":6,"turns":6},{"damage":5,"enemies":"Gremlin Gang","floor":7,"turns":5},{"damage":20,"enemies":"Gremlin Nob","floor":8,"turns":4},{"damage":8,"enemies":"Red Slaver","floor":10,"turns":3},{"damage":11,"enemies":"3 Sentries","floor":13,"turns":3},{"damage":5,"enemies":"Lots of Slimes","floor":14,"turns":4},{"damage":21,"enemies":"Slime Boss","floor":16,"turns":7},{"damage":0,"enemies":"Chosen","floor":18,"turns":3},{"damage":17,"enemies":"Shell Parasite","floor":19,"turns":5},{"damage":9,"enemies":"Centurion and Healer","floor":20,"turns":5},{"damage":9,"enemies":"Slavers","floor":24,"turns":4},{"damage":8,"enemies":"Shelled Parasite and Fungi","floor":30,"turns":8},{"damage":1,"enemies":"Book of Stabbing","floor":31,"turns":6},{"damage":0,"enemies":"Collector","floor":33,"turns":11},{"damage":0,"enemies":"3 Darklings","floor":35,"turns":3},{"damage":0,"enemies":"Orb Walker","floor":36,"turns":3},{"damage":1,"enemies":"Sphere and 2 Shapes","floor":37,"turns":3},{"damage":21,"enemies":"Writhing Mass","floor":38,"turns":7},{"damage":0,"enemies":"4 Shapes","floor":39,"turns":4},{"damage":0,"enemies":"Spire Growth","floor":44,"turns":5},{"damage":6,"enemies":"Maw","floor":46,"turns":5},{"damage":27,"enemies":"Reptomancer","floor":48,"turns":6},{"damage":35,"enemies":"Awakened One","floor":50,"turns":11},{"damage":46,"enemies":"Shield and Spear","floor":54,"turns":6},{"damage":56,"enemies":"The Heart","floor":55,"turns":2}],"seed_played":"-415719867469014338","potions_obtained":[{"floor":0,"key":"Fire Potion"},{"floor":0,"key":"SkillPotion"},{"floor":0,"key":"EssenceOfSteel"},{"floor":3,"key":"ColorlessPotion"},{"floor":6,"key":"Fruit Juice"},{"floor":7,"key":"Regen Potion"},{"floor":10,"key":"ColorlessPotion"},{"floor":16,"key":"FearPotion"},{"floor":20,"key":"Weak Potion"},{"floor":24,"key":"LiquidBronze"},{"floor":33,"key":"LiquidMemories"}],"is_trial":false,"path_per_floor":["M","M","M","M","M","E","M","E","T","M","?","R","E","M","R","B",null,"M","M","M","?","?","R","E","?","T","$","?","R","M","E","R","B",null,"M","M","M","M","M","R","$","T","T","M","R","M","R","E","R","B",null,"R","$","E","B"],"character_chosen":"RUNESMITH_CLASS","items_purchased":["Membership Card","Apotheosis+1","Deep Breath+1","Bottled Tornado","Bag of Marbles","Runesmith:Firestorm","Runesmith:HammerThrow"],"campfire_rested":5,"item_purchase_floors":[27,27,27,41,41,53,53],"current_hp_per_floor":[69,69,69,64,61,36,31,20,20,12,35,35,24,19,19,3,75,75,58,49,49,37,37,28,28,34,34,34,34,26,25,25,25,43,43,43,42,21,21,33,33,39,39,39,49,43,49,22,36,1,49,49,49,3,0,0],"gold":28,"neow_bonus":"THREE_SMALL_POTIONS","is_prod":false,"is_daily":false,"chose_seed":false,"campfire_upgraded":1,"win_rate":0,"timestamp":1607584867,"path_taken":["M","M","?","M","M","E","M","E","T","M","?","R","E","M","R","BOSS","M","M","M","?","?","R","E","?","T","$","?","R","?","E","R","BOSS","M","M","M","?","?","R","$","?","T","?","R","M","R","E","R","BOSS","R","$","E","BOSS"],"build_version":"2020-11-30","purchased_purges":3,"victory":false,"max_hp_per_floor":[70,70,70,70,70,70,70,70,70,70,70,70,70,70,70,75,75,75,75,75,75,37,37,37,37,43,43,43,43,43,43,43,43,43,43,43,43,43,43,43,43,49,49,49,49,49,49,49,49,49,49,49,49,49,49,49],"relic_stats":{"Darkstone Periapt":12,"Sozu":5,"Gremlin Horn":[4,4],"counters":[30,151],"Letter Opener":[368],"Whetstone":["Runesmith:HammerTime","Runesmith:HeatExchange"],"Orichalcum":[12],"Cursed Key":2,"obtain_stats":[{"Darkstone Periapt":24,"Girya":6,"Runesmith:BrokenRuby":0,"Gremlin Horn":48,"Runesmith:MiniCore":8,"Letter Opener":9,"Whetstone":13,"Bottled Tornado":41,"Orichalcum":54,"Cursed Key":17,"Sozu":34,"WingedGreaves":26,"Bag of Marbles":41,"Membership Card":27,"Bottled Lightning":31,"Toxic Egg 2":25},{"Darkstone Periapt":16,"Girya":6,"Runesmith:BrokenRuby":0,"Gremlin Horn":27,"Runesmith:MiniCore":8,"Letter Opener":8,"Whetstone":10,"Bottled Tornado":24,"Orichalcum":29,"Cursed Key":12,"Sozu":19,"WingedGreaves":16,"Bag of Marbles":24,"Membership Card":16,"Bottled Lightning":18,"Toxic Egg 2":16},{"Darkstone Periapt":71,"Girya":28,"Runesmith:BrokenRuby":0,"Gremlin Horn":132,"Runesmith:MiniCore":37,"Letter Opener":37,"Whetstone":43,"Bottled Tornado":116,"Orichalcum":149,"Cursed Key":54,"Sozu":96,"WingedGreaves":71,"Bag of Marbles":116,"Membership Card":71,"Bottled Lightning":85,"Toxic Egg 2":71}]},"card_choices":[{"not_picked":["Runesmith:EarthShield","Runesmith:RuneHurl"],"picked":"Runesmith:Grindstone","floor":1},{"not_picked":["Runesmith:StaticCage","Runesmith:Grindstone"],"picked":"Runesmith:PerfectChisel","floor":2},{"not_picked":["Runesmith:Grindstone","Runesmith:Duplicate"],"picked":"Runesmith:HammerTime","floor":3},{"not_picked":["Runesmith:CraftVitae","Runesmith:ShiftingStrike"],"picked":"Runesmith:HammerAndChisel","floor":4},{"not_picked":["Runesmith:BackupBattery","Runesmith:ChiselStab"],"picked":"Runesmith:Repurpose","floor":5},{"not_picked":["Runesmith:EnergizedChisel","Runesmith:Reinforce"],"picked":"Runesmith:EarthShield","floor":6},{"not_picked":["Runesmith:HeatedChisel","Runesmith:CraftProtectio"],"picked":"Runesmith:UnstableHammer","floor":7},{"not_picked":["Runesmith:ChaoticBlast","Runesmith:StaticCage"],"picked":"Runesmith:Accelerate","floor":8},{"not_picked":["Runesmith:Supernova","Runesmith:StaticCage"],"picked":"Runesmith:HeatExchange","floor":10},{"not_picked":["Runesmith:BackupBattery","Runesmith:StaticCage"],"picked":"Runesmith:Empowerment","floor":13},{"not_picked":["Runesmith:Repurpose","Runesmith:RuneHurl","Runesmith:HeatExchange"],"picked":"SKIP","floor":14},{"not_picked":["Runesmith:LightningRod","Runesmith:MetallurgicalResearch"],"picked":"Runesmith:FissionHammer","floor":16},{"not_picked":["Runesmith:ShiftingStrike","Runesmith:ChiselStab"],"picked":"Runesmith:NanitesCloud+1","floor":18},{"not_picked":["Runesmith:Empowerment","Runesmith:OneForEveryone"],"picked":"Runesmith:CraftReservo","floor":19},{"not_picked":["Runesmith:CraftProtectio","Runesmith:RuneHurl"],"picked":"Runesmith:Grindstone","floor":20},{"not_picked":["Runesmith:Supernova","Runesmith:Grindstone"],"picked":"Runesmith:StaticCage","floor":24},{"not_picked":["Runesmith:Overpower+1","Runesmith:CraftProtectio+1"],"picked":"Runesmith:EarthShield+1","floor":30},{"not_picked":["Runesmith:ChiselStab","Runesmith:CraftMagma+1"],"picked":"Runesmith:EarthShield+1","floor":31},{"not_picked":["Runesmith:ShiftingStrike","Runesmith:CraftProtectio+1"],"picked":"Runesmith:UnstableHammer","floor":35},{"not_picked":["Runesmith:EarthShield+1","Runesmith:Discharge"],"picked":"Runesmith:StaticCage+1","floor":36},{"not_picked":["Runesmith:HeatExchange+1","Runesmith:ShiftingStrike+1","Runesmith:CraftProtectio+1"],"picked":"SKIP","floor":37},{"not_picked":["Runesmith:Attraction+1","Runesmith:HammerThrow+1"],"picked":"Runesmith:FrozenChisel","floor":38},{"not_picked":["Runesmith:CraftProtectio+1","Runesmith:Repurpose+1","Runesmith:GoWithTheFlow"],"picked":"SKIP","floor":39},{"not_picked":["Runesmith:Malloc+1","Runesmith:Grindstone+1"],"picked":"Runesmith:HammerAndChisel+1","floor":44},{"not_picked":["Runesmith:Empowerment+1","Runesmith:Repurpose+1","Runesmith:PerfectChisel+1"],"picked":"SKIP","floor":46},{"not_picked":["Runesmith:OneForEveryone","Runesmith:CraftPrismatica+1","Runesmith:StaticCage+1"],"picked":"SKIP","floor":48},{"not_picked":["Runesmith:HeatedChisel","Runesmith:DoubleUp+1"],"picked":"Runesmith:CraftSpiculum+1","floor":54}],"player_experience":1175120,"relics_obtained":[{"floor":6,"key":"Girya"},{"floor":8,"key":"Runesmith:MiniCore"},{"floor":9,"key":"Letter Opener"},{"floor":13,"key":"Whetstone"},{"floor":24,"key":"Darkstone Periapt"},{"floor":26,"key":"WingedGreaves"},{"floor":31,"key":"Bottled Lightning"},{"floor":48,"key":"Gremlin Horn"},{"floor":54,"key":"Orichalcum"}],"event_choices":[{"damage_healed":23,"gold_gain":0,"player_choice":"Banana","damage_taken":0,"max_hp_gain":0,"max_hp_loss":0,"event_name":"Big Fish","floor":11,"gold_loss":0},{"damage_healed":0,"gold_gain":0,"player_choice":"Read","damage_taken":0,"max_hp_gain":0,"max_hp_loss":0,"event_name":"The Library","floor":21,"gold_loss":0,"cards_obtained":["Runesmith:PoweredAnvil"]},{"damage_healed":0,"gold_gain":0,"player_choice":"Became a Ghost","damage_taken":0,"max_hp_gain":0,"max_hp_loss":38,"event_name":"Ghosts","floor":22,"gold_loss":0,"cards_obtained":["Ghostly","Ghostly","Ghostly","Ghostly","Ghostly"]},{"damage_healed":0,"gold_gain":0,"player_choice":"Obtained Relic","damage_taken":0,"relics_obtained":["Toxic Egg 2"],"max_hp_gain":0,"max_hp_loss":0,"event_name":"Addict","floor":25,"gold_loss":85},{"damage_healed":0,"gold_gain":0,"player_choice":"Ignored","damage_taken":0,"max_hp_gain":0,"max_hp_loss":0,"event_name":"Vampires","floor":28,"gold_loss":0}],"is_beta":false,"boss_relics":[{"not_picked":["Calling Bell","Astrolabe"],"picked":"Cursed Key"},{"not_picked":["Busted Crown","Philosopher\u0027s Stone"],"picked":"Sozu"}],"items_purged_floors":[27,41,53],"is_endless":false,"potions_floor_spawned":[2,3,6,7,10,16,20,24,33,36,37,38,46,48],"killed_by":"The Heart","ascension_level":2}}