{"host":"qwttrqaysb380yri","time":1607627319,"event":{"mods":["BaseMod","Custom Start","Puzzle Mod","StSLib","The Hierophant","Minty Spire (QoL Compilation)","Relic Stats","The Cursed"],"gold_per_floor":[118,138,153,174,172,172,186,186,186,237,263,256,23,61,61,131,131,231,291,44,36,36],"floor_reached":21,"playtime":963,"items_purged":["hierophant:Strike_Hierophant","hierophant:Punish"],"score":293,"play_id":"2bf8823d-b6a7-423a-b2b7-a9e44b579e0f","local_time":"20201210200839","is_ascension_mode":true,"campfire_choices":[{"data":"hierophant:Purify","floor":6.0,"key":"SMITH"},{"floor":8.0,"key":"REST"},{"floor":15.0,"key":"REST"}],"circlet_count":0,"master_deck":["AscendersBane","hierophant:Defend_Hierophant","hierophant:Defend_Hierophant","hierophant:Defend_Hierophant","hierophant:Defend_Hierophant","hierophant:ChurchCoffers","hierophant:Purify+1","hierophant:Sermon","hierophant:PassingBell","hierophant:Doubloon","hierophant:Remorse","hierophant:HammerAndAnvil","hierophant:SealAway","hierophant:Kindle","hierophant:RustyCrate","hierophant:Doubloon","hierophant:Doubloon+1","hierophant:FieryStrike","hierophant:RustyCrate","hierophant:Doubloon","hierophant:Doubloon+1","hierophant:Chorus","Good Instincts","hierophant:Empathy","hierophant:Martyrdom","hierophant:BulkyChest","hierophant:Cornucopia+1","hierophant:Doomsaying+1","hierophant:Doomsaying+1","hierophant:Doubloon","hierophant:Remorse"],"special_seed":0,"relics":["hierophant:PropheticMaskRelic","Dream Catcher","Art of War","Strawberry","HornCleat","Astrolabe","War Paint"],"acts_visited":["Exordium","TheCity"],"potions_floor_usage":[21],"damage_taken":[{"damage":6.0,"enemies":"Cultist","floor":1.0,"turns":3.0},{"damage":0.0,"enemies":"2 Louse","floor":2.0,"turns":2.0},{"damage":3.0,"enemies":"Small Slimes","floor":3.0,"turns":2.0},{"damage":11.0,"enemies":"3 Louse","floor":4.0,"turns":3.0},{"damage":21.0,"enemies":"Exordium Thugs","floor":5.0,"turns":4.0},{"damage":10.0,"enemies":"3 Sentries","floor":7.0,"turns":6.0},{"damage":5.0,"enemies":"Exordium Wildlife","floor":10.0,"turns":4.0},{"damage":10.0,"enemies":"3 Louse","floor":11.0,"turns":2.0},{"damage":14.0,"enemies":"Gremlin Nob","floor":12.0,"turns":3.0},{"damage":19.0,"enemies":"3 Sentries","floor":14.0,"turns":5.0},{"damage":18.0,"enemies":"Slime Boss","floor":16.0,"turns":8.0},{"damage":25.0,"enemies":"Chosen","floor":18.0,"turns":5.0},{"damage":27.0,"enemies":"2 Thieves","floor":19.0,"turns":5.0},{"damage":24,"enemies":"Chosen and Byrds","floor":21,"turns":3}],"seed_played":"-7339336871746191508","potions_obtained":[{"floor":3.0,"key":"SteroidPotion"},{"floor":4.0,"key":"DuplicationPotion"},{"floor":7.0,"key":"Fruit Juice"},{"floor":19.0,"key":"SkillPotion"}],"is_trial":false,"path_per_floor":["M","M","M","M","M","R","E","R","T","M","M","E","$","E","R","B",null,"M","M","$","M"],"character_chosen":"HIEROPHANT","items_purchased":["DuplicationPotion","Good Instincts","War Paint"],"campfire_rested":2,"item_purchase_floors":[13,13,20],"current_hp_per_floor":[62,62,59,48,27,27,22,46,46,41,31,24,24,5,31,13,69,44,17,17,0,0],"gold":36,"neow_bonus":"THREE_CARDS","is_daily":false,"chose_seed":false,"campfire_upgraded":1,"win_rate":0,"timestamp":1607627319,"path_taken":["M","M","M","M","?","R","E","R","T","M","M","E","$","E","R","BOSS","M","M","$","M"],"build_version":"2020-11-30","purchased_purges":2,"victory":false,"max_hp_per_floor":[75,75,75,75,75,75,80,80,80,80,80,87,87,87,87,87,87,87,87,87,87,87],"relic_stats":{"Dream Catcher":2,"counters":[14,55],"Astrolabe":["hierophant:Cornucopia","hierophant:Doomsaying","hierophant:Doomsaying"],"Art of War":[6],"War Paint":["hierophant:Doubloon","hierophant:Doubloon"],"obtain_stats":[{"Dream Catcher":7,"HornCleat":14,"hierophant:PropheticMaskRelic":0,"Strawberry":12,"Astrolabe":17,"Art of War":9,"War Paint":20},{"Dream Catcher":6,"HornCleat":10,"hierophant:PropheticMaskRelic":0,"Strawberry":9,"Astrolabe":11,"Art of War":6,"War Paint":13},{"Dream Catcher":20,"HornCleat":34,"hierophant:PropheticMaskRelic":0,"Strawberry":29,"Astrolabe":42,"Art of War":20,"War Paint":52}]},"card_choices":[{"not_picked":["hierophant:Dazzle","hierophant:PassingBell"],"picked":"hierophant:Purify","floor":0.0},{"not_picked":["hierophant:AuricBeam","hierophant:Shelter"],"picked":"hierophant:Sermon","floor":1.0},{"not_picked":["hierophant:AuricBeam","hierophant:FlamingChariot"],"picked":"hierophant:PassingBell","floor":2.0},{"not_picked":["hierophant:AuricBeam","hierophant:Encroach"],"picked":"hierophant:Remorse","floor":3.0},{"not_picked":["hierophant:Smite","hierophant:DisplayOfPower"],"picked":"hierophant:HammerAndAnvil","floor":4.0},{"not_picked":["hierophant:Charity","hierophant:Encroach"],"picked":"hierophant:SealAway","floor":5.0},{"not_picked":["hierophant:FlamingChariot","hierophant:Purify"],"picked":"hierophant:Kindle","floor":7.0},{"not_picked":["hierophant:SealAway","hierophant:SolarFlare"],"picked":"hierophant:RustyCrate","floor":8.0},{"not_picked":["hierophant:Sermon","hierophant:RepressedViolence"],"picked":"hierophant:FieryStrike","floor":10.0},{"not_picked":["hierophant:Patience","hierophant:FlamingChariot"],"picked":"hierophant:RustyCrate","floor":11.0},{"not_picked":["hierophant:Alms","hierophant:PristineSoul"],"picked":"hierophant:Chorus","floor":12.0},{"not_picked":["hierophant:Community","hierophant:RepressedViolence"],"picked":"hierophant:Empathy","floor":14.0},{"not_picked":["hierophant:RecallFunds","hierophant:Exaltation"],"picked":"hierophant:Martyrdom","floor":15.0},{"not_picked":["hierophant:Cornucopia","hierophant:Batter"],"picked":"hierophant:BulkyChest","floor":16.0},{"not_picked":["hierophant:PristineSoul","hierophant:Zeal"],"picked":"hierophant:Remorse","floor":18.0},{"not_picked":["hierophant:RustyCrate","hierophant:Purify","hierophant:Doomsaying"],"picked":"SKIP","floor":19.0}],"player_experience":1800227,"relics_obtained":[{"floor":7.0,"key":"Dream Catcher"},{"floor":9.0,"key":"Art of War"},{"floor":12.0,"key":"Strawberry"},{"floor":14.0,"key":"HornCleat"}],"event_choices":[],"is_beta":false,"boss_relics":[{"not_picked":["Snecko Eye","Empty Cage"],"picked":"Astrolabe"}],"items_purged_floors":[13,20],"is_endless":false,"potions_floor_spawned":[3,4,7,19],"killed_by":"Chosen and Byrds","ascension_level":15}}