{"host":"t0dvmwh9w61bq0j7","time":1607644185,"event":{"mods":["2.2 Compatiblity","AchievementEnabler","BaseMod","Better Note","Block Reminder","Colored Map","DeckTracker","Highlight Path","Minty Spire (QoL Compilation)","Random Character Button","Rare Cards Sparkle","Relic Stats","StSLib","The Hierophant"],"gold_per_floor":[110,185,199,374,152,486,486,511,511,526,526,115,115,129,129,234,234,249,174,174,174,17,42,42,77,169,191,233,245,257,257],"floor_reached":30,"playtime":2191,"items_purged":["Doubt","Defend_R"],"score":361,"play_id":"f0a4bcde-0d68-454e-8dc4-885fd7bcf8a9","local_time":"20201211004945","is_ascension_mode":true,"campfire_choices":[{"floor":7.0,"key":"REST"},{"floor":11.0,"key":"REST"},{"floor":15.0,"key":"REST"},{"floor":24,"key":"REST"},{"floor":29,"key":"REST"}],"circlet_count":0,"master_deck":["Strike_R+1","Strike_R+1","Strike_R+1","Strike_R+1","Strike_R+1","Defend_R+1","Defend_R+1","Defend_R+1","Bash+1","Shrug It Off","Iron Wave","Berserk","Armaments","Impervious","Dark Embrace","Seeing Red+1","Decay","Uppercut+1","Armaments","Shockwave"],"relics":["Burning Blood","Oddly Smooth Stone","Old Coin","Bird Faced Urn","Gambling Chip","Black Star","PreservedInsect","Pen Nib","StrikeDummy","MawBank","Centennial Puzzle","Pear","StoneCalendar","Boot"],"acts_visited":["Exordium","TheCity"],"potions_floor_usage":[23,23,30],"damage_taken":[{"damage":5.0,"enemies":"Small Slimes","floor":1.0,"turns":5.0},{"damage":7.0,"enemies":"Jaw Worm","floor":3.0,"turns":3.0},{"damage":38.0,"enemies":"Gremlin Nob","floor":6.0,"turns":5.0},{"damage":30.0,"enemies":"3 Sentries","floor":8.0,"turns":12.0},{"damage":0.0,"enemies":"2 Louse","floor":10.0,"turns":3.0},{"damage":29.0,"enemies":"Large Slime","floor":14.0,"turns":7.0},{"damage":19.0,"enemies":"The Guardian","floor":16.0,"turns":12.0},{"damage":25.0,"enemies":"Shell Parasite","floor":18.0,"turns":9.0},{"damage":25.0,"enemies":"2 Thieves","floor":19.0,"turns":5.0},{"damage":49,"enemies":"Book of Stabbing","floor":23,"turns":5},{"damage":22,"enemies":"Gremlin Leader","floor":25,"turns":6},{"damage":5,"enemies":"Shelled Parasite and Fungi","floor":27,"turns":7},{"damage":32,"enemies":"Book of Stabbing","floor":28,"turns":6},{"damage":39,"enemies":"Chosen and Byrds","floor":30,"turns":6}],"seed_played":"266079123103650809","potions_obtained":[{"floor":6.0,"key":"EssenceOfSteel"},{"floor":8.0,"key":"PowerPotion"},{"floor":14.0,"key":"Dexterity Potion"},{"floor":25,"key":"BlessingOfTheForge"},{"floor":27,"key":"Dexterity Potion"}],"is_trial":false,"path_per_floor":["M","?","M","?","$","E","R","E","T","M","R","$","?","M","R","B",null,"M","M","?","?","$","E","R","E","T","M","E","R","M"],"character_chosen":"IRONCLAD","items_purchased":["Oddly Smooth Stone","Gambling Chip","PreservedInsect"],"campfire_rested":5,"item_purchase_floors":[5,12,22],"current_hp_per_floor":[80,69,68,68,68,36,60,36,36,42,66,66,50,29,53,42,80,61,44,44,44,44,7,31,19,29,32,8,35,0,0],"gold":257,"neow_bonus":"UPGRADE_CARD","is_daily":false,"chose_seed":false,"campfire_upgraded":0,"win_rate":0.0,"timestamp":1607644185,"path_taken":["M","?","M","?","?","E","R","E","T","M","R","$","?","M","R","BOSS","M","M","?","?","$","E","R","E","T","M","E","R","M"],"items_purchased_type":["Relic","Relic","Relic"],"build_version":"2020-11-30","purchased_purges":2,"victory":false,"max_hp_per_floor":[80,80,80,80,80,80,80,80,80,80,80,80,80,80,80,80,80,80,80,80,80,80,80,80,80,90,90,90,90,90,90],"relic_stats":{"Centennial Puzzle":[9],"counters":[14,91],"Bird Faced Urn":[24],"Gambling Chip":[21],"StoneCalendar":[0],"PreservedInsect":127,"Pen Nib":[3],"Black Star":3,"MawBank":60,"Boot":[0],"obtain_stats":[{"Pear":26,"Oddly Smooth Stone":5,"StoneCalendar":28,"PreservedInsect":22,"Pen Nib":23,"MawBank":25,"Boot":28,"Burning Blood":0,"Old Coin":6,"Centennial Puzzle":25,"Bird Faced Urn":8,"Gambling Chip":12,"Black Star":17,"StrikeDummy":23},{"Pear":11,"Oddly Smooth Stone":2,"StoneCalendar":13,"PreservedInsect":9,"Pen Nib":10,"MawBank":11,"Boot":13,"Burning Blood":0,"Old Coin":3,"Centennial Puzzle":11,"Bird Faced Urn":4,"Gambling Chip":5,"Black Star":7,"StrikeDummy":10},{"Pear":72,"Oddly Smooth Stone":8,"StoneCalendar":85,"PreservedInsect":61,"Pen Nib":66,"MawBank":72,"Boot":85,"Burning Blood":0,"Old Coin":13,"Centennial Puzzle":72,"Bird Faced Urn":25,"Gambling Chip":28,"Black Star":47,"StrikeDummy":66}],"Burning Blood":77},"card_choices":[{"not_picked":["Perfected Strike","Pommel Strike"],"picked":"Shrug It Off","floor":1.0},{"not_picked":["Infernal Blade","Bloodletting"],"picked":"Iron Wave","floor":3.0},{"not_picked":["Feel No Pain","Havoc","Iron Wave"],"picked":"SKIP","floor":6.0},{"not_picked":["Twin Strike","Impervious"],"picked":"Berserk","floor":8.0},{"not_picked":["Body Slam","Thunderclap"],"picked":"Armaments","floor":10.0},{"not_picked":["Bloodletting","Clash","Headbutt"],"picked":"SKIP","floor":14.0},{"not_picked":["Corruption","Bludgeon"],"picked":"Impervious","floor":16.0},{"not_picked":["Thunderclap","Wild Strike"],"picked":"Dark Embrace","floor":18.0},{"not_picked":["Havoc","Impervious"],"picked":"Seeing Red+1","floor":19.0},{"not_picked":["Anger","Clash+1"],"picked":"Uppercut+1","floor":23},{"not_picked":["Dual Wield+1","Sentinel"],"picked":"Armaments","floor":25},{"not_picked":["Armaments","Iron Wave","Infernal Blade"],"picked":"SKIP","floor":27},{"not_picked":["Perfected Strike","Anger"],"picked":"Shockwave","floor":28}],"player_experience":242230,"relics_obtained":[{"floor":6.0,"key":"Old Coin"},{"floor":8.0,"key":"Bird Faced Urn"},{"floor":23,"key":"Pen Nib"},{"floor":23,"key":"StrikeDummy"},{"floor":25,"key":"MawBank"},{"floor":25,"key":"Centennial Puzzle"},{"floor":26,"key":"Pear"},{"floor":28,"key":"StoneCalendar"},{"floor":28,"key":"Boot"}],"event_choices":[{"damage_healed":0.0,"max_hp_gain":0.0,"max_hp_loss":0.0,"gold_gain":75.0,"event_name":"World of Goop","player_choice":"Gather Gold","floor":2.0,"gold_loss":0.0,"damage_taken":11.0},{"damage_healed":0.0,"max_hp_gain":0.0,"max_hp_loss":0.0,"gold_gain":175.0,"event_name":"Liars Game","player_choice":"AGREE","floor":4.0,"gold_loss":0.0,"damage_taken":0.0,"cards_obtained":["Doubt"]},{"damage_healed":0.0,"max_hp_gain":0.0,"max_hp_loss":0.0,"gold_gain":0.0,"event_name":"Shining Light","player_choice":"Entered Light","floor":13.0,"gold_loss":0.0,"damage_taken":16.0,"cards_upgraded":["Defend_R","Defend_R"]},{"damage_healed":0.0,"max_hp_gain":0.0,"max_hp_loss":0.0,"gold_gain":0.0,"event_name":"Back to Basics","player_choice":"Simplicity","floor":20.0,"gold_loss":0.0,"damage_taken":0.0,"cards_upgraded":["Strike_R","Strike_R","Strike_R","Strike_R","Strike_R","Defend_R"]},{"damage_healed":0.0,"max_hp_gain":0.0,"max_hp_loss":0.0,"gold_gain":0.0,"event_name":"Forgotten Altar","player_choice":"Smashed Altar","floor":21.0,"gold_loss":0.0,"damage_taken":0.0,"cards_obtained":["Decay"]}],"is_beta":false,"boss_relics":[{"not_picked":["Black Blood","SacredBark"],"picked":"Black Star"}],"items_purged_floors":[5,12],"is_endless":false,"potions_floor_spawned":[6,8,14,25,27],"killed_by":"Chosen and Byrds","ascension_level":3}}