{"host":"bhd7w41xoomj69wi","time":1607625532,"event":{"mods":["BaseMod","Act Like it!","Minty Spire (QoL Compilation)","Quick Restart","StSLib"],"gold_per_floor":[115,115,115,127,77,77,89,89,89,121,121,121,85,85,85,85,85],"floor_reached":16,"playtime":368,"items_purged":[],"score":101,"play_id":"8041801d-0aa2-472a-9f03-8290409c7ad9","local_time":"20201210203852","is_ascension_mode":true,"campfire_choices":[{"floor":6,"key":"REST"},{"floor":11,"key":"REST"},{"data":"Wild Strike","floor":15,"key":"SMITH"}],"circlet_count":0,"master_deck":["Strike_R","Strike_R","Strike_R","Defend_R","Defend_R","Defend_R","Defend_R","Bash+1","Shrug It Off","Wild Strike+1","Iron Wave","Shrug It Off","Bash","Reckless Charge"],"special_seed":0,"relics":["Burning Blood","Juzu Bracelet","White Beast Statue","Bag of Preparation"],"acts_visited":[],"potions_floor_usage":[16,16],"damage_taken":[{"damage":0.0,"enemies":"2 Louse","floor":1.0,"turns":4.0},{"damage":7,"enemies":"Jaw Worm","floor":4,"turns":6},{"damage":4,"enemies":"Small Slimes","floor":7,"turns":3},{"damage":31,"enemies":"3 Sentries","floor":10,"turns":12},{"damage":78,"enemies":"Slime Boss","floor":16,"turns":13}],"seed_played":"3869483885014866518","potions_obtained":[{"floor":7,"key":"BlessingOfTheForge"},{"floor":10,"key":"Weak Potion"}],"is_trial":false,"path_per_floor":["M","?","?","M","?","R","M","?","T","E","R","?","$","?","R","B"],"character_chosen":"IRONCLAD","items_purchased":["Reckless Charge"],"campfire_rested":2,"item_purchase_floors":[13],"current_hp_per_floor":[88,46,46,45,45,71,73,73,73,48,74,74,74,74,74,0,0],"gold":85,"neow_bonus":"TEN_PERCENT_HP_BONUS","is_daily":false,"chose_seed":false,"campfire_upgraded":1,"win_rate":0,"timestamp":1607625532,"path_taken":["M","?","?","M","?","R","M","?","T","E","R","?","?","?","R","BOSS"],"build_version":"2020-11-30","purchased_purges":0,"victory":false,"max_hp_per_floor":[88,88,88,88,88,88,88,88,88,88,88,88,88,88,88,88,88],"card_choices":[{"not_picked":["Dual Wield","Flex"],"picked":"Shrug It Off","floor":1.0},{"not_picked":["Anger","Flame Barrier"],"picked":"Wild Strike","floor":4},{"not_picked":["Pummel","Combust"],"picked":"Iron Wave","floor":7},{"not_picked":["Havoc","Dark Embrace"],"picked":"Shrug It Off","floor":10}],"player_experience":78011,"relics_obtained":[{"floor":9,"key":"White Beast Statue"},{"floor":10,"key":"Bag of Preparation"}],"event_choices":[{"damage_healed":0.0,"max_hp_gain":0.0,"max_hp_loss":0.0,"gold_gain":0.0,"event_name":"Scrap Ooze","player_choice":"Success","floor":2.0,"gold_loss":0.0,"damage_taken":42.0,"relics_obtained":["Juzu Bracelet"]},{"damage_healed":0.0,"max_hp_gain":0.0,"max_hp_loss":0.0,"gold_gain":0.0,"event_name":"Golden Wing","player_choice":"Ignored","floor":3.0,"gold_loss":0.0,"damage_taken":0.0},{"cards_removed":["Strike_R"],"damage_healed":0,"gold_gain":0,"player_choice":"Card Removal","damage_taken":0,"max_hp_gain":0,"max_hp_loss":0,"event_name":"The Cleric","floor":5,"gold_loss":50},{"cards_removed":["Strike_R"],"damage_healed":0,"gold_gain":0,"player_choice":"Purged","damage_taken":0,"max_hp_gain":0,"max_hp_loss":0,"event_name":"Purifier","floor":8,"gold_loss":0},{"damage_healed":0,"gold_gain":0,"player_choice":"1 cards matched","damage_taken":0,"max_hp_gain":0,"max_hp_loss":0,"event_name":"Match and Keep!","floor":12,"gold_loss":0,"cards_obtained":["Bash"]},{"damage_healed":0,"gold_gain":0,"player_choice":"Grow","damage_taken":0,"max_hp_gain":0,"max_hp_loss":0,"event_name":"Living Wall","floor":14,"gold_loss":0,"cards_upgraded":["Bash"]}],"is_beta":false,"boss_relics":[],"items_purged_floors":[],"is_endless":false,"potions_floor_spawned":[7,10],"killed_by":"Slime Boss","ascension_level":1}}