{"host":"o5or1zybx7au40zl","time":1607636204,"event":{"mods":["BaseMod","Minty Spire (QoL Compilation)","StSLib","The Bug Knight","Better Third Choice","Conspire","Hubris","Replay The Spire","2.2 Compatiblity","Act Like it!","Dota2Spire","GifTheSpireLib","Infinite Spire"],"gold_per_floor":[119,136,136,146,157,191,191,233,233,258,14,59,25,47,47,156,156,191,191,222,222,244,244],"floor_reached":22,"playtime":651,"items_purged":["Decay"],"score":206,"play_id":"59f96aa5-ff02-41b2-ac94-0e7490faed64","local_time":"20201210223644","is_ascension_mode":false,"campfire_choices":[{"floor":7,"key":"RECALL"},{"floor":15,"key":"REST"}],"circlet_count":0,"master_deck":["Bash","hubris:CleavingFinish","ReplayTheSpireMod:Stacked","Uppercut","Rage","conspire:HitWhereItHurts","Inflame+1","Sever Soul","Inflame+1","Panacea","Sword Boomerang+1","Double Tap","Metallicize","Defy Death","Sword Boomerang","Feel No Pain","Twin Strike","Barricade","Sentinel","Rampage","hubris:ReadiedAction","Perfected Strike+1","Iron Wave+1"],"relics":["Burning Blood","Happy Flower","Replay:Bandana","Blood Vial","Replay:Bottled Eggs","Pandora\u0027s Box","Dota2Spire:Satanic"],"acts_visited":["Exordium","TheCity"],"potions_floor_usage":[6,12,18],"damage_taken":[{"damage":1,"enemies":"conspire:RoseBush","floor":1,"turns":3},{"damage":6,"enemies":"Cultist","floor":2,"turns":3},{"damage":3,"enemies":"Jaw Worm","floor":4,"turns":3},{"damage":7,"enemies":"conspire:2 RoseBushes","floor":5,"turns":5},{"damage":27,"enemies":"HollowMod:MossKnight","floor":6,"turns":8},{"damage":33,"enemies":"3 Sentries","floor":8,"turns":9},{"damage":1,"enemies":"Large Slime","floor":10,"turns":5},{"damage":10,"enemies":"Gremlin Nob","floor":12,"turns":3},{"damage":6,"enemies":"Red Slaver","floor":14,"turns":4},{"damage":33,"enemies":"Hexaghost","floor":16,"turns":8},{"damage":34,"enemies":"3 Byrds","floor":18,"turns":5},{"damage":37,"enemies":"2 Thieves","floor":20,"turns":4},{"damage":40,"enemies":"Shelled Parasite and Fungi","floor":22,"turns":3}],"seed_played":"1461334378447591811","potions_obtained":[{"floor":1,"key":"Elixir"},{"floor":4,"key":"AttackPotion"},{"floor":10,"key":"AttackPotion"},{"floor":14,"key":"SneckoOil"},{"floor":18,"key":"ColorlessPotion"},{"floor":19,"key":"Ancient Potion"}],"is_trial":false,"path_per_floor":["M","M","?","M","M","E","R","E","T","M","$","E","$","M","R","B",null,"M","?","M","AVR","M"],"character_chosen":"IRONCLAD","items_purchased":["Inflame","Panacea","Sword Boomerang+1"],"campfire_rested":1,"item_purchase_floors":[11,11,13],"current_hp_per_floor":[80,80,80,80,79,58,58,31,31,38,38,36,36,38,62,37,80,52,52,23,23,0,0],"gold":244,"neow_bonus":"RANDOM_COMMON_RELIC","is_daily":false,"chose_seed":false,"campfire_upgraded":0,"win_rate":0,"timestamp":1607636204,"path_taken":["M","M","?","M","M","E","R","E","T","M","$","E","$","M","R","BOSS","M","?","?","AVR","M"],"build_version":"2020-11-30","purchased_purges":1,"victory":false,"max_hp_per_floor":[80,80,80,80,80,80,80,80,80,80,80,80,80,80,80,80,80,80,80,80,80,80,80],"card_choices":[{"not_picked":["Thunderclap","Warcry"],"picked":"hubris:CleavingFinish","floor":1},{"not_picked":["Pommel Strike","hubris:ReadiedAction"],"picked":"ReplayTheSpireMod:Stacked","floor":2},{"not_picked":["Anger","Heavy Blade"],"picked":"Uppercut","floor":4},{"not_picked":["hubris:ReadiedAction","ReplayTheSpireMod:Strike From Hell"],"picked":"Rage","floor":5},{"not_picked":["Anger","Shockwave"],"picked":"conspire:HitWhereItHurts","floor":6},{"not_picked":["hubris:SharpeningStone","Defy Death"],"picked":"Inflame","floor":8},{"not_picked":["ReplayTheSpireMod:Strike From Hell","Entrench"],"picked":"Sever Soul","floor":10},{"not_picked":["Iron Wave","Feel No Pain","Clash"],"picked":"SKIP","floor":12},{"not_picked":["Iron Wave","Feel No Pain","Clash"],"picked":"SKIP","floor":12},{"not_picked":["Perfected Strike","Juggernaut","Sentinel"],"picked":"SKIP","floor":14},{"not_picked":["Barricade","Hemogenesis"],"picked":"Double Tap","floor":16},{"not_picked":["ReplayTheSpireMod:Strike From Hell","Run Through"],"picked":"Perfected Strike+1","floor":18},{"not_picked":["Perfected Strike","Evolve"],"picked":"Iron Wave+1","floor":20}],"player_experience":955764,"relics_obtained":[{"floor":6,"key":"Replay:Bandana"},{"floor":8,"key":"Blood Vial"},{"floor":12,"key":"Replay:Bottled Eggs"}],"event_choices":[{"damage_healed":0,"gold_gain":0,"player_choice":"Cursed","damage_taken":0,"max_hp_gain":0,"max_hp_loss":0,"event_name":"Wheel of Change","floor":3,"gold_loss":0,"cards_obtained":["Decay"]},{"damage_healed":0,"gold_gain":0,"player_choice":"Got Potions","damage_taken":0,"max_hp_gain":0,"max_hp_loss":0,"event_name":"Lab","floor":19,"gold_loss":0}],"is_beta":false,"boss_relics":[{"not_picked":["hubris:HollowSoul","hubris:Stopwatch"],"picked":"Pandora\u0027s Box"}],"items_purged_floors":[11],"is_endless":false,"potions_floor_spawned":[1,4,10,14,18],"killed_by":"Shelled Parasite and Fungi","ascension_level":0}}