{"host":"c2uqqd95064gpl63","time":1607629317,"event":{"mods":["BaseMod","StSLib","Bard","Quick Restart","The Exalted","The Trickster","Minty Spire (QoL Compilation)","The Cursed","Melee Mod","Better Match","Downfall","Better Third Choice","Better Skull","Act Like it!","Elementarium","Menagerie","The Dragon Tamer","Luminous","Robot Space Explorer"],"gold_per_floor":[119,119,119,132,179,198,42,63,63,63,103,127,15,53,53,178,178,199,199,199,218,218,218,239,279,305,6,6,6,42,66,66,191,191,207,223,556,571,586,586,586,611,611,637,649,669,669,234,234,234],"floor_reached":51,"playtime":2543,"items_purged":[],"score":805,"play_id":"8a8d1177-c3af-4ae7-890f-baceddc0b4e3","local_time":"20201210114157","is_ascension_mode":false,"campfire_choices":[{"data":"RobotSpaceExplorer:PowerGlove","floor":10.0,"key":"SMITH"},{"floor":15.0,"key":"REST"},{"data":"Apotheosis","floor":23.0,"key":"SMITH"},{"floor":29.0,"key":"REST"},{"floor":32.0,"key":"REST"},{"floor":40,"key":"REST"},{"floor":49,"key":"REST"}],"circlet_count":0,"master_deck":["RobotSpaceExplorer:Strike","RobotSpaceExplorer:Strike","RobotSpaceExplorer:Strike","RobotSpaceExplorer:Strike","RobotSpaceExplorer:Defend","RobotSpaceExplorer:Defend","RobotSpaceExplorer:Defend","RobotSpaceExplorer:Scan","RobotSpaceExplorer:MiniLasers","RobotSpaceExplorer:PowerGlove+1","RobotSpaceExplorer:ScrapToss","RobotSpaceExplorer:SurgingShield","RobotSpaceExplorer:ExhaustFan","Panacea","RobotSpaceExplorer:MiniBoosters","RobotSpaceExplorer:PowerCollector","RobotSpaceExplorer:StarLightning","RobotSpaceExplorer:PowerCollector","RobotSpaceExplorer:SelfCleaning","RobotSpaceExplorer:GearShield","RobotSpaceExplorer:Comet","RobotSpaceExplorer:ExhaustFan+1","RobotSpaceExplorer:LaserBurst","Apotheosis+1","RobotSpaceExplorer:ExhaustFan","RobotSpaceExplorer:ImprovisedAttack+1","RobotSpaceExplorer:MiniBoosters","RobotSpaceExplorer:Accelerator","RobotSpaceExplorer:MetalStrike+1","RobotSpaceExplorer:PowerCollector","RobotSpaceExplorer:Ammunition+1","RobotSpaceExplorer:ScrapToss+1","RobotSpaceExplorer:ScrapMissile+1","RobotSpaceExplorer:GlueShot+1","Panache","RobotSpaceExplorer:LuckyStrike"],"special_seed":0,"relics":["RobotSpaceExplorer:RoboCore","Orichalcum","Regal Pillow","Ornamental Fan","Ginger","Philosopher\u0027s Stone","Blood Vial","Pantograph","Happy Flower","RobotSpaceExplorer:FoglandsKnife","OrangePellets","MutagenicStrength","TungstenRod","SlaversCollar","Bromod:ArcaneConsequence","Bottled Flame","Lizard Tail","Toy Ornithopter","Lantern","Bronze Scales"],"acts_visited":["Exordium","TheCity","TheBeyond"],"potions_floor_usage":[39,50,50],"damage_taken":[{"damage":1.0,"enemies":"2 Louse","floor":1.0,"turns":3.0},{"damage":1.0,"enemies":"Small Slimes","floor":4.0,"turns":4.0},{"damage":0.0,"enemies":"Cultist","floor":6.0,"turns":4.0},{"damage":2.0,"enemies":"Exordium Wildlife","floor":8.0,"turns":4.0},{"damage":11.0,"enemies":"Gremlin Nob","floor":11.0,"turns":4.0},{"damage":8.0,"enemies":"Exordium Thugs","floor":12.0,"turns":5.0},{"damage":5.0,"enemies":"3 Sentries","floor":14.0,"turns":6.0},{"damage":37.0,"enemies":"Hexaghost","floor":16.0,"turns":8.0},{"damage":24.0,"enemies":"3 Byrds","floor":18.0,"turns":4.0},{"damage":10.0,"enemies":"Spheric Guardian","floor":21.0,"turns":6.0},{"damage":7.0,"enemies":"Chosen and Byrds","floor":24.0,"turns":4.0},{"damage":19.0,"enemies":"Slavers","floor":25.0,"turns":4.0},{"damage":26.0,"enemies":"Gremlin Leader","floor":30.0,"turns":6.0},{"damage":12.0,"enemies":"3 Cultists","floor":31.0,"turns":3.0},{"damage":46.0,"enemies":"Collector","floor":33.0,"turns":7.0},{"damage":6.0,"enemies":"3 Darklings","floor":35.0,"turns":5.0},{"damage":20.0,"enemies":"Orb Walker","floor":36.0,"turns":3.0},{"damage":18.0,"enemies":"Maw","floor":38.0,"turns":6.0},{"damage":20,"enemies":"Sphere and 2 Shapes","floor":39,"turns":4},{"damage":37,"enemies":"Nemesis","floor":42,"turns":5},{"damage":10,"enemies":"Giant Head","floor":44,"turns":5},{"damage":11,"enemies":"3 Darklings","floor":45,"turns":5},{"damage":9,"enemies":"Transient","floor":46,"turns":5},{"damage":32,"enemies":"Donu and Deca","floor":50,"turns":7}],"seed_played":"-4100519579729054163","potions_obtained":[{"floor":8.0,"key":"RobotSpaceExplorer:LiquidFusion"},{"floor":14.0,"key":"Ancient Potion"},{"floor":16.0,"key":"DuplicationPotion"},{"floor":24.0,"key":"BlessingOfTheForge"},{"floor":30.0,"key":"FairyPotion"},{"floor":35.0,"key":"Dexterity Potion"},{"floor":39,"key":"SmokeBomb"}],"is_trial":false,"path_per_floor":["M","?","?","M","T","M","$","M","T","R","E","M","$","E","R","B",null,"M","?","?","M","?","R","M","E","T","$","?","R","E","M","R","B",null,"M","M","?","M","M","R","?","E","T","E","M","M","?","$","R","B",null],"character_chosen":"RobotSpaceExplorer","items_purchased":["RobotSpaceExplorer:ExhaustFan","Panacea","RobotSpaceExplorer:PowerCollector","RobotSpaceExplorer:SelfCleaning","RobotSpaceExplorer:FoglandsKnife","OrangePellets","Lantern","RobotSpaceExplorer:LuckyStrike","DistilledChaos","Bronze Scales"],"campfire_rested":5,"item_purchase_floors":[7,7,13,13,27,27,48,48,48,48],"current_hp_per_floor":[81,61,61,60,60,60,60,58,58,58,47,39,39,34,73,36,82,58,58,58,50,50,50,45,28,28,28,28,67,43,33,72,36,82,76,58,58,42,24,63,63,28,28,20,11,4,4,4,43,48],"gold":234,"neow_bonus":"TEN_PERCENT_HP_BONUS","is_daily":false,"chose_seed":false,"campfire_upgraded":2,"win_rate":0.0,"timestamp":1607629317,"path_taken":["M","?","?","?","?","M","?","M","T","R","E","?","$","E","R","BOSS","M","?","?","M","?","R","M","E","T","?","?","R","E","M","R","BOSS","M","M","?","M","M","R","?","E","T","E","M","M","?","$","R","BOSS"],"build_version":"2020-11-30","purchased_purges":0,"victory":true,"max_hp_per_floor":[82,82,82,82,82,82,82,82,82,82,82,82,82,82,82,82,82,82,82,82,82,82,82,82,82,82,82,82,82,82,82,82,82,82,82,82,82,82,82,82,82,82,82,82,82,82,82,82,82,82],"card_choices":[{"not_picked":["RobotSpaceExplorer:Probe","RobotSpaceExplorer:ScrapMissile"],"picked":"RobotSpaceExplorer:PowerGlove","floor":1.0},{"not_picked":["RobotSpaceExplorer:ShockKick","RobotSpaceExplorer:ShovelStrike"],"picked":"RobotSpaceExplorer:ScrapToss","floor":4.0},{"not_picked":["RobotSpaceExplorer:Asteroid","RobotSpaceExplorer:TurboDodge"],"picked":"RobotSpaceExplorer:SurgingShield","floor":6.0},{"not_picked":["RobotSpaceExplorer:SurgingShield","RobotSpaceExplorer:SlimeMissile"],"picked":"RobotSpaceExplorer:MiniBoosters","floor":8.0},{"not_picked":["RobotSpaceExplorer:Electropulse","RobotSpaceExplorer:TurboDodge"],"picked":"RobotSpaceExplorer:PowerCollector","floor":11.0},{"not_picked":["RobotSpaceExplorer:DualCore","RobotSpaceExplorer:Pulsar"],"picked":"RobotSpaceExplorer:StarLightning","floor":12.0},{"not_picked":["RobotSpaceExplorer:IronShell","RobotSpaceExplorer:GlueShot"],"picked":"RobotSpaceExplorer:GearShield","floor":14.0},{"not_picked":["RobotSpaceExplorer:ShockMissile","RobotSpaceExplorer:Scanner"],"picked":"RobotSpaceExplorer:Comet","floor":16.0},{"not_picked":["RobotSpaceExplorer:MetalStrike","RobotSpaceExplorer:Probe+1"],"picked":"RobotSpaceExplorer:ExhaustFan+1","floor":18.0},{"not_picked":["RobotSpaceExplorer:StarDust","RobotSpaceExplorer:SlimeMissile"],"picked":"RobotSpaceExplorer:LaserBurst","floor":21.0},{"not_picked":["RobotSpaceExplorer:FrostMissile","RobotSpaceExplorer:SurgingShield"],"picked":"RobotSpaceExplorer:ExhaustFan","floor":24.0},{"not_picked":["RobotSpaceExplorer:ShockKick","RobotSpaceExplorer:SlimeMissile+1"],"picked":"RobotSpaceExplorer:ImprovisedAttack+1","floor":25.0},{"not_picked":["RobotSpaceExplorer:FrostMissile","RobotSpaceExplorer:ShockKick+1"],"picked":"RobotSpaceExplorer:MiniBoosters","floor":30.0},{"not_picked":["RobotSpaceExplorer:Counterblock+1","RobotSpaceExplorer:ImprovisedAttack"],"picked":"RobotSpaceExplorer:Exploration","floor":31.0},{"not_picked":["RobotSpaceExplorer:ShockMissile","RobotSpaceExplorer:DroneSwarm"],"picked":"RobotSpaceExplorer:Accelerator","floor":33.0},{"not_picked":["RobotSpaceExplorer:FrostMissile","RobotSpaceExplorer:PlasmaMissile+1"],"picked":"RobotSpaceExplorer:MetalStrike+1","floor":35.0},{"not_picked":["RobotSpaceExplorer:StunGrenade","RobotSpaceExplorer:GlueShot"],"picked":"RobotSpaceExplorer:PowerCollector","floor":36.0},{"not_picked":["RobotSpaceExplorer:FreezingShield","RobotSpaceExplorer:ScrapToss"],"picked":"RobotSpaceExplorer:Ammunition+1","floor":38.0},{"not_picked":["RobotSpaceExplorer:BigMissile","RobotSpaceExplorer:SwiftStep"],"picked":"RobotSpaceExplorer:ScrapToss+1","floor":39},{"not_picked":["RobotSpaceExplorer:StunGrenade+1","RobotSpaceExplorer:ImprovisedAttack"],"picked":"RobotSpaceExplorer:ScrapMissile+1","floor":42},{"not_picked":["RobotSpaceExplorer:Blitz+1","RobotSpaceExplorer:FrostMissile+1"],"picked":"RobotSpaceExplorer:GlueShot+1","floor":44},{"not_picked":["RobotSpaceExplorer:Asteroid","RobotSpaceExplorer:ShovelStrike","RobotSpaceExplorer:SwiftStep"],"picked":"SKIP","floor":45},{"not_picked":["RobotSpaceExplorer:Electroshield","RobotSpaceExplorer:JunkDive","RobotSpaceExplorer:SwiftStep"],"picked":"SKIP","floor":46},{"not_picked":["expansioncontent:Torchfire","Purity"],"picked":"Panache","floor":47}],"player_experience":693182,"relics_obtained":[{"floor":5.0,"key":"Orichalcum"},{"floor":9.0,"key":"Regal Pillow"},{"floor":11.0,"key":"Ornamental Fan"},{"floor":14.0,"key":"Ginger"},{"floor":25.0,"key":"Pantograph"},{"floor":26.0,"key":"Happy Flower"},{"floor":30.0,"key":"TungstenRod"},{"floor":42,"key":"Bromod:ArcaneConsequence"},{"floor":43,"key":"Bottled Flame"},{"floor":44,"key":"Lizard Tail"},{"floor":45,"key":"Toy Ornithopter"}],"event_choices":[{"damage_healed":0.0,"max_hp_gain":0.0,"max_hp_loss":0.0,"gold_gain":0.0,"event_name":"Golden Idol","player_choice":"Take Damage","floor":2.0,"gold_loss":0.0,"damage_taken":20.0,"relics_obtained":["Golden Idol"]},{"damage_healed":0.0,"max_hp_gain":0.0,"max_hp_loss":0.0,"gold_gain":0.0,"event_name":"Purifier","player_choice":"Ignored","floor":3.0,"gold_loss":0.0,"damage_taken":0.0},{"damage_healed":0.0,"max_hp_gain":0.0,"max_hp_loss":0.0,"gold_gain":0.0,"event_name":"The Mausoleum","player_choice":"Opened","floor":19.0,"gold_loss":0.0,"damage_taken":0.0,"relics_obtained":["Blood Vial"]},{"damage_healed":0.0,"max_hp_gain":0.0,"max_hp_loss":0.0,"gold_gain":0.0,"event_name":"Drug Dealer","player_choice":"Inject Mutagens","floor":28.0,"gold_loss":0.0,"damage_taken":0.0,"relics_obtained":["MutagenicStrength"]},{"damage_healed":0.0,"max_hp_gain":0.0,"max_hp_loss":0.0,"gold_gain":333.0,"event_name":"The Moai Head","player_choice":"Gave Idol","floor":37.0,"relics_lost":["Golden Idol"],"gold_loss":0.0,"damage_taken":0.0},{"cards_removed":["RobotSpaceExplorer:Defend"],"damage_healed":0,"gold_gain":0,"player_choice":"Removed Skill","damage_taken":0,"max_hp_gain":0,"max_hp_loss":0,"event_name":"Falling","floor":41,"gold_loss":0},{"damage_healed":0,"gold_gain":0,"player_choice":"Memory 1","damage_taken":0,"max_hp_gain":0,"max_hp_loss":0,"event_name":"SensoryStone","floor":47,"gold_loss":0}],"is_beta":false,"boss_relics":[{"not_picked":["Tiny House","Pandora\u0027s Box"],"picked":"Philosopher\u0027s Stone"},{"not_picked":["Calling Bell","Sozu"],"picked":"SlaversCollar"}],"items_purged_floors":[],"is_endless":false,"potions_floor_spawned":[8,14,16,24,30,35,38,39],"ascension_level":0}}