{"host":"usrgk25etjl0nf5i","time":1607573731,"event":{"gold_per_floor":[111,111,127,127,127,152,169,203,203,203,108,108,128,138,138,238,238,254,102,112,112,211,244,254,169,247,272,272,297,310,79,79,79,79],"floor_reached":33,"playtime":1135,"items_purged":[],"score":440,"play_id":"7d5daa13-c260-4676-8686-2f55692e31af","local_time":"20201209201531","is_ascension_mode":true,"campfire_choices":[{"floor":10,"key":"REST"},{"floor":12,"key":"REST"},{"data":"Footwork","floor":15,"key":"SMITH"},{"floor":32,"key":"REST"}],"neow_cost":"NONE","seed_source_timestamp":2481687719100800,"circlet_count":0,"master_deck":["AscendersBane","Strike_G","Strike_G","Strike_G","Strike_G","Defend_G","Defend_G","Defend_G","Defend_G","Defend_G","Survivor","Neutralize","Dagger Spray","Underhanded Strike","Blade Dance","Die Die Die","Riddle With Holes","Slice","Blade Dance","Footwork+1","PiercingWail","Dagger Throw","Venomology","Slice","Infinite Blades","Panacea","Infinite Blades","Backflip","Footwork","Backstab","Riddle With Holes+1","Finisher"],"relics":["Ring of the Snake","Ornamental Fan","hubris:DeckOfHolding","hubris:Spice","hubris:OldNail","Red Mask","Mercury Hourglass","Oddly Smooth Stone"],"potions_floor_usage":[8,16,16,16,20,20,23,23,24,27,29,33,33],"damage_taken":[{"damage":2,"enemies":"Jaw Worm","floor":1,"turns":4},{"damage":1,"enemies":"Cultist","floor":3,"turns":4},{"damage":54,"enemies":"Gremlin Nob","floor":6,"turns":6},{"damage":1,"enemies":"2 Louse","floor":7,"turns":2},{"damage":14,"enemies":"Lagavulin","floor":8,"turns":6},{"damage":4,"enemies":"Exordium Wildlife","floor":13,"turns":3},{"damage":0,"enemies":"Red Slaver","floor":14,"turns":2},{"damage":22,"enemies":"Hexaghost","floor":16,"turns":10},{"damage":1,"enemies":"Spheric Guardian","floor":18,"turns":3},{"damage":15,"enemies":"2 Thieves","floor":20,"turns":4},{"damage":12,"enemies":"Masked Bandits","floor":23,"turns":3},{"damage":7,"enemies":"Centurion and Healer","floor":24,"turns":5},{"damage":22,"enemies":"Slavers","floor":27,"turns":5},{"damage":11,"enemies":"Book of Stabbing","floor":29,"turns":4},{"damage":0,"enemies":"Chosen and Byrds","floor":30,"turns":3},{"damage":27,"enemies":"Champ","floor":33,"turns":6}],"seed_played":"636366581024001795","potions_obtained":[{"floor":1,"key":"SmokeBomb"},{"floor":6,"key":"Dexterity Potion"},{"floor":7,"key":"DistilledChaos"},{"floor":13,"key":"AttackPotion"},{"floor":14,"key":"FearPotion"},{"floor":18,"key":"CultistPotion"},{"floor":27,"key":"Strength Potion"},{"floor":30,"key":"Block Potion"}],"is_trial":false,"path_per_floor":["M","?","M","?","T","E","M","E","T","R","$","R","M","M","R","B",null,"M","$","M","?","?","?","M","?","T","E","T","E","M","$","R","B"],"character_chosen":"THE_SILENT","items_purchased":["Blade Dance","Footwork","Infinite Blades","Panacea","Oddly Smooth Stone","Finisher"],"campfire_rested":3,"item_purchase_floors":[11,11,19,19,31,31],"current_hp_per_floor":[68,68,67,64,64,18,17,3,11,38,38,65,61,61,61,39,74,73,73,58,58,58,46,39,39,39,17,17,6,6,6,21,0,0],"gold":79,"neow_bonus":"TEN_PERCENT_HP_BONUS","is_prod":false,"is_daily":false,"chose_seed":false,"campfire_upgraded":1,"win_rate":0,"timestamp":1607573731,"path_taken":["M","?","?","?","?","E","?","E","T","R","$","R","M","M","R","BOSS","M","$","M","?","?","?","M","?","T","E","?","E","M","$","R","BOSS"],"build_version":"2020-11-30","purchased_purges":0,"victory":false,"max_hp_per_floor":[77,77,77,77,77,85,85,85,93,93,93,93,93,93,93,93,85,85,85,85,85,85,85,85,77,77,69,61,53,53,53,53,53,53],"card_choices":[{"not_picked":["Crippling Poison","Backflip"],"picked":"Dagger Spray","floor":1},{"not_picked":["Concentrate","Terror"],"picked":"Blade Dance","floor":3},{"not_picked":["Acrobatics","PiercingWail"],"picked":"Die Die Die","floor":6},{"not_picked":["Quick Slash","hubris:SlightOfHand"],"picked":"Riddle With Holes","floor":7},{"not_picked":["Dash","Catalyst"],"picked":"Slice","floor":8},{"not_picked":["Dagger Spray","Sucker Punch"],"picked":"PiercingWail","floor":13},{"not_picked":["Doppelganger","Dagger Spray"],"picked":"Dagger Throw","floor":14},{"not_picked":["Bullet Time","Doppelganger"],"picked":"Venomology","floor":16},{"not_picked":["Deadly Poison+1","Noxious Fumes"],"picked":"Slice","floor":18},{"not_picked":["Outmaneuver+1","Dagger Throw"],"picked":"Infinite Blades","floor":20},{"not_picked":["hubris:SlightOfHand+1","Prepared"],"picked":"Backflip","floor":24},{"not_picked":["Flying Knee+1","Quick Slash+1"],"picked":"Footwork","floor":27},{"not_picked":["PiercingWail","Escape Plan"],"picked":"Backstab","floor":29},{"not_picked":["Eviscerate+1","Unload"],"picked":"Riddle With Holes+1","floor":30}],"player_experience":619517,"relics_obtained":[{"floor":5,"key":"hubris:DeckOfHolding"},{"floor":6,"key":"hubris:Spice"},{"floor":8,"key":"hubris:OldNail"},{"floor":9,"key":"hubris:Spice"},{"floor":23,"key":"Red Mask"},{"floor":26,"key":"Mercury Hourglass"},{"floor":27,"key":"hubris:Spice"},{"floor":28,"key":"hubris:Spice"},{"floor":29,"key":"hubris:Spice"}],"event_choices":[{"damage_healed":0,"gold_gain":0,"cards_transformed":["Strike_G"],"player_choice":"Transformed","damage_taken":0,"max_hp_gain":0,"max_hp_loss":0,"event_name":"Transmorgrifier","floor":2,"gold_loss":0,"cards_obtained":["Underhanded Strike"]},{"damage_healed":0,"gold_gain":0,"player_choice":"Success","damage_taken":3,"relics_obtained":["Ornamental Fan"],"max_hp_gain":0,"max_hp_loss":0,"event_name":"Scrap Ooze","floor":4,"gold_loss":0},{"damage_healed":0,"gold_gain":0,"player_choice":"Ignored","damage_taken":0,"max_hp_gain":0,"max_hp_loss":0,"event_name":"Vampires","floor":21,"gold_loss":0},{"damage_healed":0,"gold_gain":99,"player_choice":"Stole From Cult","damage_taken":0,"max_hp_gain":0,"max_hp_loss":0,"event_name":"Nest","floor":22,"gold_loss":0},{"damage_healed":0,"gold_gain":0,"player_choice":"Fought Bandits","damage_taken":0,"max_hp_gain":0,"max_hp_loss":0,"event_name":"Masked Bandits","floor":23,"gold_loss":0},{"damage_healed":0,"gold_gain":0,"player_choice":"Obtained Relic","damage_taken":0,"relics_obtained":["hubris:Spice"],"max_hp_gain":0,"max_hp_loss":0,"event_name":"Addict","floor":25,"gold_loss":85}],"is_beta":false,"boss_relics":[{"not_picked":["hubris:GrandSneckoEye","hubris:Spice"],"picked":"hubris:Spice"}],"items_purged_floors":[],"is_endless":false,"potions_floor_spawned":[1,6,7,13,14,18,27,30],"killed_by":"Champ","ascension_level":10}}