{"host":"wshh0nphwn6jv7vj","time":1607627212,"event":{"mods":["BaseMod","Bestiary","Minty Spire (QoL Compilation)"],"gold_per_floor":[113,127,145,163,163,197,197,197,197,197,229,240,273,298,310,396,408,430,217,231,249,264,289,11,11,11],"floor_reached":25,"playtime":1459,"items_purged":["Strike_R"],"score":429,"play_id":"afb9d448-7ddf-48c6-89ef-89b951289694","local_time":"20201210140652","is_ascension_mode":true,"campfire_choices":[{"data":"Metallicize","floor":7.0,"key":"SMITH"},{"floor":10.0,"key":"REST"},{"data":"Evolve","floor":15.0,"key":"SMITH"}],"circlet_count":0,"master_deck":["AscendersBane","Strike_R","Strike_R","Strike_R","Defend_R","Defend_R","Defend_R","Defend_R+1","Bash+1","Inflame","Carnage","Cleave","Metallicize+1","Flame Barrier","Battle Trance","Twin Strike","Inflame","Evolve+1","Wild Strike","Feed","Twin Strike","Sword Boomerang","Metallicize","Fire Breathing","Havoc"],"special_seed":0,"relics":["Burning Blood","NeowsBlessing","Gremlin Horn","Ornamental Fan","Vajra","MawBank","Mark of Pain","Pen Nib","Bronze Scales","Happy Flower"],"acts_visited":["TheCity"],"potions_floor_usage":[20,23,25],"damage_taken":[{"damage":0.0,"enemies":"Small Slimes","floor":1.0,"turns":1.0},{"damage":0.0,"enemies":"2 Louse","floor":2.0,"turns":1.0},{"damage":0.0,"enemies":"Cultist","floor":3.0,"turns":1.0},{"damage":6.0,"enemies":"Lots of Slimes","floor":4.0,"turns":3.0},{"damage":22.0,"enemies":"3 Sentries","floor":6.0,"turns":9.0},{"damage":6.0,"enemies":"Gremlin Nob","floor":11.0,"turns":4.0},{"damage":9.0,"enemies":"Looter","floor":12.0,"turns":3.0},{"damage":16.0,"enemies":"3 Sentries","floor":13.0,"turns":3.0},{"damage":0.0,"enemies":"3 Louse","floor":14.0,"turns":3.0},{"damage":48.0,"enemies":"Hexaghost","floor":16.0,"turns":10.0},{"damage":0.0,"enemies":"Chosen","floor":18.0,"turns":4.0},{"damage":6,"enemies":"2 Thieves","floor":20,"turns":3},{"damage":24,"enemies":"Snecko","floor":21,"turns":5},{"damage":8,"enemies":"Chosen and Byrds","floor":22,"turns":5},{"damage":46,"enemies":"Slavers","floor":23,"turns":6},{"damage":23,"enemies":"Gremlin Leader","floor":25,"turns":4}],"seed_played":"-1220088362015531161","potions_obtained":[{"floor":1.0,"key":"Ancient Potion"},{"floor":3.0,"key":"Strength Potion"},{"floor":12.0,"key":"SkillPotion"},{"floor":14.0,"key":"Dexterity Potion"},{"floor":18,"key":"DuplicationPotion"},{"floor":21,"key":"ColorlessPotion"},{"floor":23,"key":"Energy Potion"}],"is_trial":false,"path_per_floor":["M","M","M","M","?","E","R","?","T","R","E","M","E","M","R","B",null,"M","$","M","M","M","E","$","E"],"character_chosen":"IRONCLAD","items_purchased":["Pen Nib","Fire Breathing","Happy Flower","Havoc"],"campfire_rested":1,"item_purchase_floors":[19,24,24,24],"current_hp_per_floor":[74,75,75,75,52,36,36,36,36,58,58,55,45,51,51,9,59,68,68,71,56,57,20,20,0,0],"gold":11,"neow_bonus":"THREE_ENEMY_KILL","is_daily":false,"chose_seed":false,"campfire_upgraded":2,"win_rate":0,"timestamp":1607627212,"path_taken":["M","M","M","M","?","E","R","?","T","R","E","M","E","M","R","BOSS","M","$","M","M","?","E","?","E"],"build_version":"2020-11-30","purchased_purges":1,"victory":false,"max_hp_per_floor":[75,75,75,75,75,75,75,75,75,75,75,75,75,75,75,75,75,78,78,81,84,87,90,90,90,90],"card_choices":[{"not_picked":["Disarm","Rampage"],"picked":"Inflame","floor":1.0},{"not_picked":["Shrug It Off","Warcry"],"picked":"Carnage","floor":2.0},{"not_picked":["Wild Strike","Disarm"],"picked":"Cleave","floor":3.0},{"not_picked":["Pummel","Thunderclap"],"picked":"Metallicize","floor":4.0},{"not_picked":["Feel No Pain","Cleave"],"picked":"Flame Barrier","floor":6.0},{"not_picked":["Second Wind","Iron Wave"],"picked":"Twin Strike","floor":11.0},{"not_picked":["Pommel Strike","Headbutt"],"picked":"Inflame","floor":12.0},{"not_picked":["Spot Weakness","Feel No Pain"],"picked":"Evolve","floor":13.0},{"not_picked":["Dark Embrace","Double Tap"],"picked":"Wild Strike","floor":14.0},{"not_picked":["Corruption","Barricade"],"picked":"Feed","floor":16.0},{"not_picked":["Iron Wave","Clash"],"picked":"Twin Strike","floor":18},{"not_picked":["Headbutt","Perfected Strike"],"picked":"Sword Boomerang","floor":20},{"not_picked":["Blood for Blood","Shrug It Off+1"],"picked":"Metallicize","floor":21},{"not_picked":["Twin Strike+1","Flex","Thunderclap"],"picked":"SKIP","floor":22},{"not_picked":["Power Through","Dropkick+1","Perfected Strike+1"],"picked":"SKIP","floor":23}],"player_experience":1357215,"relics_obtained":[{"floor":6.0,"key":"Gremlin Horn"},{"floor":9.0,"key":"Ornamental Fan"},{"floor":11.0,"key":"Vajra"},{"floor":13.0,"key":"MawBank"},{"floor":23,"key":"Bronze Scales"}],"event_choices":[{"damage_healed":0.0,"max_hp_gain":0.0,"max_hp_loss":0.0,"gold_gain":0.0,"event_name":"Shining Light","player_choice":"Entered Light","floor":5.0,"gold_loss":0.0,"damage_taken":23.0,"cards_upgraded":["Bash","Defend_R"]},{"damage_healed":0.0,"max_hp_gain":0.0,"max_hp_loss":0.0,"gold_gain":0.0,"cards_transformed":["Strike_R"],"event_name":"Transmorgrifier","player_choice":"Transformed","floor":8.0,"gold_loss":0.0,"damage_taken":0.0,"cards_obtained":["Battle Trance"]}],"is_beta":false,"boss_relics":[{"not_picked":["Runic Cube","SacredBark"],"picked":"Mark of Pain"}],"items_purged_floors":[19],"is_endless":false,"potions_floor_spawned":[1,3,12,14,18,21,23],"killed_by":"Gremlin Leader","ascension_level":15}}