{"host":"fr59kc135u003izd","time":1607570972,"event":{"gold_per_floor":[114,129,35,55,73,117,117,144,144,144,168,168,202,220,220,220,220],"floor_reached":16,"playtime":1033,"items_purged":[],"score":114,"play_id":"8f8e9ebf-f43d-4739-9b23-f2072a39a332","local_time":"20201209212932","is_ascension_mode":false,"campfire_choices":[{"floor":7,"key":"REST"},{"data":"HollowMod:VengefulSpirit","floor":10,"key":"SMITH"},{"floor":12,"key":"REST"},{"floor":15,"key":"REST"}],"neow_cost":"NONE","seed_source_timestamp":25467626011800,"circlet_count":0,"master_deck":["HollowMod:NailStrikeStart","HollowMod:NailStrikeStart","HollowMod:NailStrikeStart","HollowMod:NailStrikeStart","HollowMod:QuickDashStart","HollowMod:QuickDashStart","HollowMod:QuickDashStart","HollowMod:QuickDashStart","HollowMod:FocusHealStart","HollowMod:PogoStrike","HollowMod:LifebloodCocoon","Panacea","HollowMod:HuntersJournal","HollowMod:ChannelNail","HollowMod:VengefulSpirit+1","HollowMod:SoulShaman","HollowMod:FallenFury"],"special_seed":0,"relics":["HollowMod:VesselMask","CeramicFish","MealTicket","PreservedInsect"],"potions_floor_usage":[6,6,6,13,16],"damage_taken":[{"damage":1.0,"enemies":"Cultist","floor":1.0,"turns":3.0},{"damage":15.0,"enemies":"Jaw Worm","floor":2.0,"turns":4.0},{"damage":4.0,"enemies":"Small Slimes","floor":4.0,"turns":3.0},{"damage":6.0,"enemies":"Looter","floor":5.0,"turns":4.0},{"damage":67,"enemies":"HollowMod:MossKnight","floor":6,"turns":16},{"damage":1,"enemies":"Large Slime","floor":8,"turns":7},{"damage":13,"enemies":"3 Louse","floor":11,"turns":3},{"damage":49,"enemies":"Lagavulin","floor":13,"turns":7},{"damage":0,"enemies":"HollowMod:HuskWarrior","floor":14,"turns":4},{"damage":26,"enemies":"The Guardian","floor":16,"turns":9}],"seed_played":"-9191322757266790341","potions_obtained":[{"floor":0.0,"key":"EssenceOfSteel"},{"floor":0.0,"key":"EssenceOfSteel"},{"floor":0.0,"key":"GamblersBrew"},{"floor":2.0,"key":"Block Potion"},{"floor":6,"key":"SkillPotion"},{"floor":8,"key":"PowerPotion"}],"is_trial":false,"path_per_floor":["M","M","$","M","M","E","R","M","T","R","M","R","E","M","R","B"],"character_chosen":"THE_BUGKNIGHT","items_purchased":["Panacea"],"campfire_rested":3,"item_purchase_floors":[3],"current_hp_per_floor":[74,65,65,67,67,10,32,37,37,37,24,46,3,3,25,0,0],"gold":220,"neow_bonus":"THREE_SMALL_POTIONS","is_prod":false,"is_daily":false,"chose_seed":false,"campfire_upgraded":1,"win_rate":0.0,"timestamp":1607570972,"path_taken":["M","M","$","M","M","E","R","M","T","R","M","R","E","M","R","BOSS"],"build_version":"2020-11-30","purchased_purges":0,"victory":false,"max_hp_per_floor":[75,75,75,75,75,75,75,75,75,75,75,75,75,75,75,75,75],"relic_stats":{"counters":[10,60],"CeramicFish":36,"MealTicket":0,"PreservedInsect":0,"obtain_stats":[{"CeramicFish":6,"HollowMod:VesselMask":0,"MealTicket":9,"PreservedInsect":13},{"CeramicFish":5,"HollowMod:VesselMask":0,"MealTicket":6,"PreservedInsect":8},{"CeramicFish":30,"HollowMod:VesselMask":0,"MealTicket":37,"PreservedInsect":47}]},"card_choices":[{"not_picked":["HollowMod:Grubsong","HollowMod:SiblingsShadow","HollowMod:CornifersMapStart"],"picked":"SKIP","floor":1.0},{"not_picked":["HollowMod:NewJinnsSoul","HollowMod:WraithStrike"],"picked":"HollowMod:LifebloodCocoon","floor":2.0},{"not_picked":["HollowMod:NewLittleFool","HollowMod:DreamGate","HollowMod:NewJinnsSoul"],"picked":"SKIP","floor":4.0},{"not_picked":["HollowMod:BlackTendrils","HollowMod:WraithStrike"],"picked":"HollowMod:HuntersJournal","floor":5.0},{"not_picked":["HollowMod:CycloneSlash","HollowMod:DescendingDark"],"picked":"HollowMod:ChannelNail","floor":6},{"not_picked":["HollowMod:AbyssShriek","HollowMod:NewLittleFool"],"picked":"HollowMod:VengefulSpirit","floor":8},{"not_picked":["HollowMod:GreatSlash","HollowMod:InfectionAssault"],"picked":"HollowMod:SoulShaman","floor":11},{"not_picked":["HollowMod:GrimmsGift","HollowMod:PerfectDash"],"picked":"HollowMod:FallenFury","floor":13},{"not_picked":["HollowMod:Hiveblood","HollowMod:Grubsong","HollowMod:VengefulVoid"],"picked":"SKIP","floor":14}],"player_experience":158534,"relics_obtained":[{"floor":6,"key":"CeramicFish"},{"floor":9,"key":"MealTicket"},{"floor":13,"key":"PreservedInsect"}],"event_choices":[],"is_beta":false,"boss_relics":[],"items_purged_floors":[],"is_endless":false,"potions_floor_spawned":[2,6,8],"killed_by":"The Guardian","ascension_level":0}}