{"host":"6b00v7211em4ihns","time":1607599335,"event":{"gold_per_floor":[214,214,229,245,261,281,19,36,36,36,52,67,97,109,109,183,183,193,193,193,193,193,193,207,207,207,207,79,79,79],"floor_reached":29,"playtime":1828,"items_purged":["Strike_R"],"score":458,"play_id":"85068c74-4335-4bec-9683-65f294749ec4","local_time":"20201210112215","is_ascension_mode":true,"campfire_choices":[{"data":"Flame Barrier","floor":15.0,"key":"SMITH"},{"floor":23.0,"key":"REST"},{"floor":27,"key":"REST"}],"neow_cost":"NONE","seed_source_timestamp":0,"circlet_count":0,"master_deck":["AscendersBane","Strike_R","Strike_R","Strike_R","Strike_R","Defend_R","Defend_R","Defend_R","Defend_R","Bash","Flame Barrier+1","Disarm","Twin Strike","Thunderclap","Wild Strike","Feel No Pain","Disarm","Infernal Blade","Combust","Dark Embrace","Battle Trance","Exhume","Intimidate","Disarm+1","Decay","True Grit"],"special_seed":0,"relics":["Burning Blood","Pen Nib","Potion Belt","Runic Pyramid","Matryoshka"],"potions_floor_usage":[24,24,24],"damage_taken":[{"damage":8.0,"enemies":"Small Slimes","floor":1.0,"turns":4.0},{"damage":6.0,"enemies":"Cultist","floor":3.0,"turns":3.0},{"damage":5.0,"enemies":"Jaw Worm","floor":4.0,"turns":7.0},{"damage":19.0,"enemies":"Lots of Slimes","floor":5.0,"turns":6.0},{"damage":20.0,"enemies":"Large Slime","floor":6.0,"turns":7.0},{"damage":0.0,"enemies":"2 Fungi Beasts","floor":8.0,"turns":4.0},{"damage":10.0,"enemies":"Exordium Thugs","floor":11.0,"turns":6.0},{"damage":4.0,"enemies":"Looter","floor":12.0,"turns":3.0},{"damage":17.0,"enemies":"3 Sentries","floor":13.0,"turns":6.0},{"damage":1.0,"enemies":"3 Louse","floor":14.0,"turns":6.0},{"damage":36.0,"enemies":"The Guardian","floor":16.0,"turns":10.0},{"damage":6.0,"enemies":"Chosen","floor":18.0,"turns":9.0},{"damage":20.0,"enemies":"Spheric Guardian","floor":20.0,"turns":7.0},{"damage":48,"enemies":"Centurion and Healer","floor":24,"turns":13},{"damage":41,"enemies":"Cultist and Chosen","floor":29,"turns":5}],"seed_played":"4594696604238826528","potions_obtained":[{"floor":5.0,"key":"BlessingOfTheForge"},{"floor":6.0,"key":"SteroidPotion"},{"floor":13.0,"key":"PowerPotion"},{"floor":14.0,"key":"ColorlessPotion"},{"floor":19.0,"key":"Explosive Potion"},{"floor":19.0,"key":"SmokeBomb"}],"is_trial":false,"path_per_floor":["M","?","M","M","M","M","$","M","T","?","M","M","E","M","R","B",null,"M","?","M","?","?","R","M","?","T","R","$","M"],"character_chosen":"IRONCLAD","items_purchased":["Feel No Pain","Disarm","True Grit"],"campfire_rested":2,"item_purchase_floors":[7,7,28],"current_hp_per_floor":[66,66,66,67,54,40,40,46,46,46,42,44,33,38,38,8,58,58,58,44,44,38,60,18,18,18,40,40,0,0],"gold":79,"neow_bonus":"HUNDRED_GOLD","is_prod":false,"is_daily":false,"chose_seed":false,"campfire_upgraded":1,"win_rate":0,"timestamp":1607599335,"path_taken":["M","?","M","M","M","M","$","M","T","?","M","M","E","M","R","BOSS","M","?","?","?","?","R","?","?","T","R","$","M"],"build_version":"2020-11-30","purchased_purges":1,"victory":false,"max_hp_per_floor":[75,75,75,75,75,75,75,75,75,75,75,75,75,75,75,75,75,75,75,75,75,75,75,75,75,75,75,75,75,75],"relic_stats":{"counters":[15,96],"Pen Nib":[7],"obtain_stats":[{"Potion Belt":13,"Matryoshka":26,"Pen Nib":9,"Burning Blood":0,"Runic Pyramid":17},{"Potion Belt":9,"Matryoshka":14,"Pen Nib":6,"Burning Blood":0,"Runic Pyramid":11},{"Potion Belt":46,"Matryoshka":91,"Pen Nib":31,"Burning Blood":0,"Runic Pyramid":62}],"Burning Blood":84},"card_choices":[{"not_picked":["Sword Boomerang","Flex"],"picked":"Flame Barrier","floor":1.0},{"not_picked":["Power Through","Armaments"],"picked":"Disarm","floor":3.0},{"not_picked":["Heavy Blade","Clash"],"picked":"Twin Strike","floor":4.0},{"not_picked":["Heavy Blade","Clash"],"picked":"Thunderclap","floor":5.0},{"not_picked":["Flex","Clash"],"picked":"Wild Strike","floor":6.0},{"not_picked":["Iron Wave","Perfected Strike"],"picked":"Infernal Blade","floor":8.0},{"not_picked":["Flex","Armaments","Sword Boomerang"],"picked":"SKIP","floor":11.0},{"not_picked":["Perfected Strike","Second Wind"],"picked":"Combust","floor":12.0},{"not_picked":["Reaper","Clothesline"],"picked":"Dark Embrace","floor":13.0},{"not_picked":["Carnage","Headbutt"],"picked":"Battle Trance","floor":14.0},{"not_picked":["Bludgeon","Limit Break"],"picked":"Exhume","floor":16.0},{"not_picked":["Clothesline","Cleave"],"picked":"Intimidate","floor":18.0},{"not_picked":["Iron Wave","Perfected Strike"],"picked":"Disarm+1","floor":24}],"player_experience":2432032,"relics_obtained":[{"floor":9.0,"key":"Pen Nib"},{"floor":13.0,"key":"Potion Belt"},{"floor":26,"key":"Matryoshka"}],"event_choices":[{"damage_healed":0.0,"max_hp_gain":0.0,"max_hp_loss":0.0,"gold_gain":0.0,"event_name":"Liars Game","player_choice":"Ignored","floor":2.0,"gold_loss":0.0,"damage_taken":0.0},{"damage_healed":0.0,"max_hp_gain":0.0,"max_hp_loss":0.0,"gold_gain":0.0,"event_name":"Golden Idol","player_choice":"Ignored","floor":10.0,"gold_loss":0.0,"damage_taken":0.0},{"damage_healed":0.0,"max_hp_gain":0.0,"max_hp_loss":0.0,"gold_gain":0.0,"event_name":"Lab","player_choice":"Got Potions","floor":19.0,"gold_loss":0.0,"damage_taken":0.0},{"damage_healed":0.0,"max_hp_gain":0.0,"max_hp_loss":0.0,"gold_gain":0.0,"event_name":"Ghosts","player_choice":"Ignored","floor":21.0,"gold_loss":0.0,"damage_taken":0.0},{"damage_healed":0.0,"max_hp_gain":0.0,"max_hp_loss":0.0,"gold_gain":0.0,"event_name":"Knowing Skull","player_choice":"","floor":22.0,"potions_obtained":[],"gold_loss":0.0,"damage_taken":6.0,"cards_obtained":[]},{"damage_healed":0,"gold_gain":0,"player_choice":"Smashed Altar","damage_taken":0,"max_hp_gain":0,"max_hp_loss":0,"event_name":"Forgotten Altar","floor":25,"gold_loss":0,"cards_obtained":["Decay"]}],"is_beta":false,"boss_relics":[{"not_picked":["SlaversCollar","Snecko Eye"],"picked":"Runic Pyramid"}],"items_purged_floors":[28],"is_endless":false,"potions_floor_spawned":[5,6,8,13,14,20],"killed_by":"Cultist and Chosen","ascension_level":20}}