{"host":"yiit85oc4oi3nqs8","time":1607644494,"event":{"mods":["BaseMod","AchievementEnabler","StSLib","Better Third Choice","Block Reminder","DeckTracker","Highlight Path","Keyboard Shortcuts","Minty Spire (QoL Compilation)","Relic Stats","MonsterHotkey","Quick Restart","Random Character Button"],"gold_per_floor":[362,115,77,89,107,34,34,34,34,34,34,34,9,58,58,83,101,115,156,177,177,177,307,307,332,347,347,347,347,374,399,399,399,399,422,463,489,569,569,569,494,593,612,612,612,208,125,125,125,251,251,269,269,269,290,290,623,736,510,376,376,376,402,420,420,471,471,504,504,504,515,515,515,544,544,544,544,544,544,405,216,242,242],"floor_reached":84,"playtime":4203,"items_purged":["Strike_B","Strike_B","Defend_B","Normality","Sweeping Beam","Dualcast+1","Writhe"],"score":1921,"play_id":"37b4b1bc-1326-4768-8670-7709b85ca8ff","local_time":"20201211085454","is_ascension_mode":true,"campfire_choices":[{"data":"Defragment","floor":8.0,"key":"SMITH"},{"data":"Zap","floor":9.0,"key":"SMITH"},{"data":"Chill","floor":21.0,"key":"SMITH"},{"floor":22.0,"key":"REST"},{"data":"Dualcast","floor":32.0,"key":"SMITH"},{"data":"Go for the Eyes","floor":33.0,"key":"SMITH"},{"data":"Gash","floor":39.0,"key":"SMITH"},{"data":"Gash","floor":40.0,"key":"SMITH"},{"data":"Hologram","floor":44.0,"key":"SMITH"},{"data":"Hologram","floor":45.0,"key":"SMITH"},{"data":"Hologram","floor":48.0,"key":"SMITH"},{"floor":49.0,"key":"RECALL"},{"data":"Madness","floor":61.0,"key":"SMITH"},{"data":"Deep Breath","floor":62.0,"key":"SMITH"},{"data":"Impatience","floor":69.0,"key":"SMITH"},{"data":"All For One","floor":70.0,"key":"SMITH"},{"data":"Rebound","floor":72.0,"key":"SMITH"},{"floor":73.0,"key":"REST"},{"floor":75.0,"key":"REST"},{"data":"FTL","floor":76.0,"key":"SMITH"},{"floor":79,"key":"REST"}],"circlet_count":0,"master_deck":["Defend_B+1","Defend_B+1","Zap+1","Hologram+1","Defragment+1","Go for the Eyes+1","Rebound+1","Gash+1","Chill+1","Gash+1","All For One+1","Hologram+1","Hologram+1","Defragment+1","Impatience+1","Madness+1","Deep Breath+1","Coolheaded+1","Beam Cell+1","FTL+1","Defragment+1","Capacitor+1"],"special_seed":0,"relics":["Cracked Core","Membership Card","Oddly Smooth Stone","Vajra","Toy Ornithopter","Letter Opener","SacredBark","Ginger","Lantern","Orichalcum","Blood Vial","Frozen Egg 2","Runic Capacitor","Kunai","Torii","Cursed Key","Mercury Hourglass","War Paint","Medical Kit","Cables","DataDisk","Akabeko","Whetstone","Orrery","InkBottle"],"acts_visited":["Exordium","TheCity","TheBeyond","TheEnding"],"potions_floor_usage":[83],"damage_taken":[{"damage":0.0,"enemies":"2 Louse","floor":1.0,"turns":1.0},{"damage":0.0,"enemies":"Jaw Worm","floor":4.0,"turns":4.0},{"damage":0.0,"enemies":"Small Slimes","floor":5.0,"turns":4.0},{"damage":13.0,"enemies":"Exordium Wildlife","floor":16.0,"turns":3.0},{"damage":8.0,"enemies":"Blue Slaver","floor":17.0,"turns":4.0},{"damage":0.0,"enemies":"Large Slime","floor":18.0,"turns":3.0},{"damage":14.0,"enemies":"3 Sentries","floor":19.0,"turns":6.0},{"damage":4.0,"enemies":"Gremlin Gang","floor":20.0,"turns":2.0},{"damage":15.0,"enemies":"The Guardian","floor":23.0,"turns":8.0},{"damage":14.0,"enemies":"2 Thieves","floor":25.0,"turns":4.0},{"damage":0.0,"enemies":"Spheric Guardian","floor":26.0,"turns":3.0},{"damage":0.0,"enemies":"Cultist and Chosen","floor":31.0,"turns":4.0},{"damage":0.0,"enemies":"Snecko","floor":35.0,"turns":4.0},{"damage":11.0,"enemies":"Book of Stabbing","floor":36.0,"turns":5.0},{"damage":20.0,"enemies":"Snake Plant","floor":43.0,"turns":3.0},{"damage":15.0,"enemies":"Champ","floor":50.0,"turns":6.0},{"damage":1.0,"enemies":"3 Darklings","floor":52.0,"turns":5.0},{"damage":8.0,"enemies":"3 Shapes","floor":55.0,"turns":5.0},{"damage":1.0,"enemies":"Nemesis","floor":63.0,"turns":3.0},{"damage":1.0,"enemies":"Jaw Worm Horde","floor":64.0,"turns":3.0},{"damage":7.0,"enemies":"Reptomancer","floor":68.0,"turns":4.0},{"damage":0.0,"enemies":"Sphere and 2 Shapes","floor":71.0,"turns":2.0},{"damage":1.0,"enemies":"Giant Head","floor":74.0,"turns":3.0},{"damage":22,"enemies":"Donu and Deca","floor":77,"turns":7},{"damage":0,"enemies":"Shield and Spear","floor":82,"turns":3},{"damage":62,"enemies":"The Heart","floor":83,"turns":4}],"seed_played":"2421409977560504199","potions_obtained":[{"floor":5.0,"key":"Energy Potion"},{"floor":16.0,"key":"EntropicBrew"},{"floor":20.0,"key":"ColorlessPotion"},{"floor":25.0,"key":"Explosive Potion"},{"floor":35.0,"key":"Block Potion"},{"floor":36.0,"key":"SkillPotion"},{"floor":58.0,"key":"FairyPotion"},{"floor":64.0,"key":"Energy Potion"},{"floor":68.0,"key":"FearPotion"},{"floor":71.0,"key":"Swift Potion"}],"is_trial":false,"path_per_floor":["M","$","$","M","M","$","$","R","R","?","?","$","?","T","T","M","M","M","E","M","R","R","B",null,"M","M","?","?","T","?","M","R","R","?","M","E","T","T","R","R","?","?","M","R","R","$","?","R","R","B",null,"M","?","?","M","?","?","?","$","$","R","R","E","M","?","T","T","E","R","R","M","R","R","E","R","R","B",null,"R","$","$","E","B",null],"character_chosen":"DEFECT","items_purchased":["Membership Card","Defragment","Oddly Smooth Stone","Vajra","Gash","Runic Capacitor","Kunai","Torii","Defragment+1","War Paint","Medical Kit","Deep Breath","LiquidMemories","Orrery"],"campfire_rested":4,"item_purchase_floors":[2,2,2,6,13,46,46,46,47,59,59,60,80,81],"current_hp_per_floor":[68,68,68,68,68,68,68,68,68,51,51,51,51,51,51,38,30,30,16,12,12,32,22,57,43,43,43,43,43,43,43,43,43,37,57,61,61,61,61,61,61,61,43,43,43,43,43,43,43,30,59,60,60,60,54,54,54,54,54,54,54,54,55,56,56,56,56,51,51,51,53,53,68,67,68,68,46,63,68,68,68,68,11],"gold":242,"neow_bonus":"TWO_FIFTY_GOLD","is_daily":false,"chose_seed":false,"campfire_upgraded":16,"win_rate":0,"timestamp":1607644494,"path_taken":["M","$","$","M","M","$","$","R","R","?","?","?","?","T","T","M","M","M","E","M","R","R","BOSS","M","M","?","?","?","?","M","R","R","?","?","E","T","T","R","R","?","?","M","R","R","?","?","R","R","BOSS","M","?","?","?","?","?","?","$","$","R","R","E","?","?","T","T","E","R","R","M","R","R","E","R","R","R","BOSS","R","$","$","E","BOSS"],"build_version":"2020-11-30","purchased_purges":7,"victory":true,"max_hp_per_floor":[68,68,68,68,68,68,68,68,68,68,68,68,68,68,68,68,68,68,68,68,68,68,68,68,68,68,68,68,68,68,68,68,68,68,68,68,68,68,68,68,68,68,68,68,68,68,68,68,68,68,68,68,68,68,68,68,68,68,68,68,68,68,68,68,68,68,68,68,68,68,68,68,68,68,68,68,68,68,68,68,68,68,68],"relic_stats":{"Torii":6,"counters":[26,103],"Letter Opener":[331],"Ginger":[4],"Whetstone":[],"Orichalcum":[30],"War Paint":["Defend_B","Defend_B"],"Cursed Key":2,"Medical Kit":[4],"Mercury Hourglass":[106],"Cables":[19,11,8,0,0],"Blood Vial":16,"Kunai":[51],"obtain_stats":[{"Lantern":30,"Torii":46,"SacredBark":24,"Vajra":6,"Runic Capacitor":46,"Ginger":29,"Whetstone":74,"Cursed Key":51,"Blood Vial":37,"Kunai":46,"Cracked Core":0,"InkBottle":82,"Golden Idol":10,"Oddly Smooth Stone":2,"Letter Opener":19,"Orichalcum":36,"Frozen Egg 2":38,"War Paint":59,"Medical Kit":59,"Akabeko":68,"Mercury Hourglass":58,"Cables":63,"DataDisk":66,"Orrery":81,"Membership Card":2,"Toy Ornithopter":15},{"Lantern":11,"Torii":15,"SacredBark":9,"Vajra":3,"Runic Capacitor":15,"Ginger":11,"Whetstone":23,"Cursed Key":16,"Blood Vial":14,"Kunai":15,"Cracked Core":0,"InkBottle":25,"Golden Idol":3,"Oddly Smooth Stone":1,"Letter Opener":7,"Orichalcum":14,"Frozen Egg 2":14,"War Paint":18,"Medical Kit":18,"Akabeko":21,"Mercury Hourglass":18,"Cables":19,"DataDisk":20,"Orrery":24,"Membership Card":1,"Toy Ornithopter":3},{"Lantern":42,"Torii":58,"SacredBark":35,"Vajra":9,"Runic Capacitor":58,"Ginger":42,"Whetstone":89,"Cursed Key":64,"Blood Vial":55,"Kunai":58,"Cracked Core":0,"InkBottle":99,"Golden Idol":9,"Oddly Smooth Stone":1,"Letter Opener":25,"Orichalcum":55,"Frozen Egg 2":55,"War Paint":74,"Medical Kit":74,"Akabeko":84,"Mercury Hourglass":74,"Cables":77,"DataDisk":80,"Orrery":96,"Membership Card":1,"Toy Ornithopter":9}],"Toy Ornithopter":45,"InkBottle":[6]},"card_choices":[{"not_picked":["Compile Driver","Tempest"],"picked":"Hologram","floor":1.0},{"not_picked":["Beam Cell","Compile Driver"],"picked":"Go for the Eyes","floor":4.0},{"not_picked":["Ball Lightning","Conserve Battery"],"picked":"Rebound","floor":5.0},{"not_picked":["Recycle","Go for the Eyes"],"picked":"Sweeping Beam","floor":16.0},{"not_picked":["Force Field","Lockon"],"picked":"Chill","floor":17.0},{"not_picked":["Go for the Eyes","Rip and Tear","Cold Snap"],"picked":"SKIP","floor":18.0},{"not_picked":["Defragment","Stack"],"picked":"Gash","floor":19.0},{"not_picked":["Reinforced Body","Biased Cognition","Turbo"],"picked":"SKIP","floor":20.0},{"not_picked":["Core Surge","Reboot"],"picked":"All For One","floor":23.0},{"not_picked":["Coolheaded","Rebound","Sweeping Beam"],"picked":"SKIP","floor":25.0},{"not_picked":["Blizzard","Doom and Gloom"],"picked":"Hologram","floor":26.0},{"not_picked":["Conserve Battery","Turbo","Steam"],"picked":"SKIP","floor":31.0},{"not_picked":["Stack","Coolheaded","Lockon"],"picked":"SKIP","floor":35.0},{"not_picked":["Rebound","Steam Power","Compile Driver"],"picked":"SKIP","floor":36.0},{"not_picked":["Go for the Eyes","Conserve Battery"],"picked":"Hologram","floor":43.0},{"not_picked":["Blizzard+1","Turbo","Conserve Battery"],"picked":"SKIP","floor":52.0},{"not_picked":["Good Instincts","Flash of Steel"],"picked":"Impatience","floor":54.0},{"not_picked":["Barrage+1","Streamline","Steam+1"],"picked":"SKIP","floor":55.0},{"not_picked":["Discovery","Magnetism+1"],"picked":"Madness","floor":58.0},{"not_picked":["Tempest+1","White Noise"],"picked":"Coolheaded+1","floor":63.0},{"not_picked":["Go for the Eyes","Conserve Battery"],"picked":"Beam Cell+1","floor":64.0},{"not_picked":["Rip and Tear","Redo+1","Lockon+1"],"picked":"SKIP","floor":68.0},{"not_picked":["Barrage+1","Steam+1","Turbo+1"],"picked":"SKIP","floor":71.0},{"not_picked":["Chill+1","Skim"],"picked":"FTL","floor":74.0},{"not_picked":["Genetic Algorithm+1","Cold Snap+1"],"picked":"Defragment+1","floor":81},{"not_picked":["All For One","Steam+1"],"picked":"Capacitor+1","floor":82}],"player_experience":364090,"relics_obtained":[{"floor":15.0,"key":"Toy Ornithopter"},{"floor":19.0,"key":"Letter Opener"},{"floor":29.0,"key":"Ginger"},{"floor":30.0,"key":"Lantern"},{"floor":36.0,"key":"Orichalcum"},{"floor":37.0,"key":"Blood Vial"},{"floor":38.0,"key":"Frozen Egg 2"},{"floor":58.0,"key":"Mercury Hourglass"},{"floor":63.0,"key":"Cables"},{"floor":66.0,"key":"DataDisk"},{"floor":68.0,"key":"Akabeko"},{"floor":74.0,"key":"Whetstone"},{"floor":82,"key":"InkBottle"}],"event_choices":[{"damage_healed":0.0,"max_hp_gain":0.0,"max_hp_loss":0.0,"gold_gain":0.0,"event_name":"Golden Idol","player_choice":"Take Damage","floor":10.0,"gold_loss":0.0,"damage_taken":17.0,"relics_obtained":["Golden Idol"]},{"damage_healed":0.0,"max_hp_gain":0.0,"max_hp_loss":0.0,"gold_gain":0.0,"event_name":"betterThird:BetterSerpent","player_choice":"Ignored","floor":11.0,"gold_loss":0.0,"damage_taken":34.0},{"damage_healed":0.0,"max_hp_gain":0.0,"max_hp_loss":0.0,"gold_gain":0.0,"event_name":"Ghosts","player_choice":"Ignored","floor":27.0,"gold_loss":0.0,"damage_taken":0.0},{"cards_removed":["Strike_B"],"damage_healed":0.0,"max_hp_gain":0.0,"max_hp_loss":0.0,"gold_gain":0.0,"event_name":"betterThird:BetterWriting","player_choice":"Elegance","floor":28.0,"gold_loss":0.0,"damage_taken":0.0},{"damage_healed":0.0,"max_hp_gain":0.0,"max_hp_loss":0.0,"gold_gain":0.0,"event_name":"Wheel of Change","player_choice":"Damaged","floor":34.0,"gold_loss":0.0,"damage_taken":6.0},{"cards_removed":["Strike_B"],"damage_healed":0.0,"max_hp_gain":0.0,"max_hp_loss":0.0,"gold_gain":0.0,"event_name":"Beggar","player_choice":"Gave Gold","floor":41.0,"gold_loss":75.0,"damage_taken":0.0},{"damage_healed":0.0,"max_hp_gain":0.0,"max_hp_loss":0.0,"gold_gain":99.0,"event_name":"betterThird:BetterNest","player_choice":"Steal","floor":42.0,"gold_loss":0.0,"damage_taken":0.0},{"cards_removed":["Defend_B"],"damage_healed":0.0,"max_hp_gain":0.0,"max_hp_loss":0.0,"gold_gain":0.0,"event_name":"Falling","player_choice":"Removed Skill","floor":53.0,"gold_loss":0.0,"damage_taken":0.0},{"damage_healed":0.0,"max_hp_gain":0.0,"max_hp_loss":0.0,"gold_gain":0.0,"event_name":"SensoryStone","player_choice":"Memory 1","floor":54.0,"gold_loss":0.0,"damage_taken":0.0},{"damage_healed":0.0,"max_hp_gain":0.0,"max_hp_loss":0.0,"gold_gain":333.0,"event_name":"The Moai Head","player_choice":"Gave Idol","floor":57.0,"relics_lost":["Golden Idol"],"gold_loss":0.0,"damage_taken":0.0},{"damage_healed":0.0,"max_hp_gain":0.0,"max_hp_loss":0.0,"gold_gain":0.0,"event_name":"betterThird:BetterPortal","player_choice":"Random: Red","floor":58.0,"gold_loss":0.0,"damage_taken":0.0}],"is_beta":false,"boss_relics":[{"not_picked":["Tiny House","Philosopher\u0027s Stone"],"picked":"SacredBark"},{"not_picked":["Sozu","Fusion Hammer"],"picked":"Cursed Key"}],"items_purged_floors":[3,46,47,59,60,80,81],"is_endless":false,"potions_floor_spawned":[5,16,20,25,35,36,64,68,71],"ascension_level":8}}