{"host":"Jinnai","time":1607578122,"event":{"gold_per_floor":[113,124,124,124,84,84,31,66,366,366,401,401,416,445,445,445,445],"floor_reached":16,"playtime":489,"items_purged":[],"score":261,"play_id":"c6bcb57b-6b9c-4825-95fb-9dbc927ccb61","local_time":"20201210002842","is_ascension_mode":true,"campfire_choices":[{"floor":6,"key":"REST"},{"data":"Wraith Form v2","floor":10,"key":"SMITH"},{"floor":12,"key":"REST"},{"data":"Neutralize","floor":15,"key":"SMITH"}],"neow_cost":"NONE","seed_source_timestamp":90831216123200,"circlet_count":0,"master_deck":["AscendersBane","Strike_G","Strike_G","Strike_G","Strike_G","Strike_G","Defend_G","Defend_G","Defend_G","Defend_G","Defend_G","Survivor","Neutralize+1","Blade Dance","Underhanded Strike","Dagger Spray","Wraith Form v2+1","Cloak And Dagger+1","Prepared+1","Endless Agony"],"relics":["Ring of the Snake","NeowsBlessing","Mummified Hand","Old Coin","Toxic Egg 2","Regal Pillow"],"potions_floor_usage":[14,16,16],"damage_taken":[{"damage":0,"enemies":"Jaw Worm","floor":1,"turns":1},{"damage":0,"enemies":"Cultist","floor":2,"turns":2},{"damage":0,"enemies":"Lagavulin","floor":8,"turns":1},{"damage":37,"enemies":"3 Sentries","floor":11,"turns":9},{"damage":1,"enemies":"2 Louse","floor":13,"turns":3},{"damage":14,"enemies":"Lagavulin","floor":14,"turns":6},{"damage":42,"enemies":"The Guardian","floor":16,"turns":16}],"seed_played":"-1639418811262753590","potions_obtained":[{"floor":5,"key":"EntropicBrew"},{"floor":5,"key":"FearPotion"}],"is_trial":false,"path_per_floor":["M","M","?","?","?","R","$","E","T","R","E","R","M","E","R","B"],"character_chosen":"THE_SILENT","items_purchased":["Dagger Spray"],"campfire_rested":2,"item_purchase_floors":[7],"current_hp_per_floor":[59,59,59,64,64,71,71,71,71,71,34,55,54,40,40,0,0],"gold":445,"neow_bonus":"THREE_ENEMY_KILL","is_prod":false,"is_daily":false,"chose_seed":false,"campfire_upgraded":2,"win_rate":0,"timestamp":1607578122,"path_taken":["M","M","?","?","?","R","$","E","T","R","E","R","?","E","R","BOSS"],"build_version":"2020-12-07","purchased_purges":0,"victory":false,"max_hp_per_floor":[66,66,66,71,71,71,71,71,71,71,71,71,71,71,71,71,71],"relic_stats":{"Regal Pillow":0,"counters":[7,38],"Mummified Hand":[0],"obtain_stats":[{"Regal Pillow":14,"NeowsBlessing":0,"Mummified Hand":8,"Toxic Egg 2":11,"Ring of the Snake":0,"Old Coin":9},{"Regal Pillow":6,"NeowsBlessing":0,"Mummified Hand":3,"Toxic Egg 2":4,"Ring of the Snake":0,"Old Coin":3},{"Regal Pillow":22,"NeowsBlessing":0,"Mummified Hand":4,"Toxic Egg 2":13,"Ring of the Snake":0,"Old Coin":4}],"Ring of the Snake":[14]},"card_choices":[{"not_picked":["Dodge and Roll","Quick Slash"],"picked":"Blade Dance","floor":1},{"not_picked":["Expertise","Deadly Poison"],"picked":"Underhanded Strike","floor":2},{"not_picked":["Underhanded Strike","Dodge and Roll"],"picked":"Wraith Form v2","floor":8},{"not_picked":["Outmaneuver+1","Skewer"],"picked":"Cloak And Dagger+1","floor":11},{"not_picked":["Slice","Endless Agony"],"picked":"Prepared+1","floor":13},{"not_picked":["Choke","Dodge and Roll+1"],"picked":"Endless Agony","floor":14}],"player_experience":1467282,"relics_obtained":[{"floor":8,"key":"Mummified Hand"},{"floor":9,"key":"Old Coin"},{"floor":11,"key":"Toxic Egg 2"},{"floor":14,"key":"Regal Pillow"}],"event_choices":[{"damage_healed":0,"gold_gain":0,"player_choice":"Ignored","damage_taken":0,"max_hp_gain":0,"max_hp_loss":0,"event_name":"Liars Game","floor":3,"gold_loss":0},{"damage_healed":0,"gold_gain":0,"player_choice":"Donut","damage_taken":0,"max_hp_gain":5,"max_hp_loss":0,"event_name":"Big Fish","floor":4,"gold_loss":0},{"damage_healed":0,"gold_gain":0,"player_choice":"Bought 3 Potions","damage_taken":0,"max_hp_gain":0,"max_hp_loss":0,"event_name":"The Woman in Blue","floor":5,"gold_loss":0}],"is_beta":true,"boss_relics":[],"items_purged_floors":[],"is_endless":false,"potions_floor_spawned":[8],"killed_by":"The Guardian","ascension_level":17}}