{"host":"0azimyi6n3ugndj4","time":1607631416,"event":{"mods":["BaseMod","StSLib","Curses Come First","Conspire","Hyrulean Relics","Infinite Spire","Minty Spire (QoL Compilation)","Relic Stats","Replay The Spire","Uncapped","¡¼?Úª?ø«¡½REMEMod","Bestiary","Defuse TimeMaze Blight","SuperFastMode"],"gold_per_floor":[99,249,249,249,317,317,317],"floor_reached":6,"playtime":73,"items_purged":[],"score":214,"play_id":"432ab3ad-7cf3-4b2d-83c7-0186889e7d86","local_time":"20201211051656","daily_mods":["Draft","Hoarder","Insanity","Chimera","Specialized","Vintage","ControlledChaos","Allstar","Diverse","Colorless Cards","Heirloom","Time Dilation","Flight","DeadlyEvents","Elite Swarm","Lethality","Midas","Night Terrors","Binary"],"is_ascension_mode":true,"campfire_choices":[],"circlet_count":0,"master_deck":["Demon Form","Wraith Form v2","Echo Form","DevaForm","AscendersBane","Bash","Survivor","Zap","Eruption","Strike_R","Strike_G","Strike_B","Defend_R","Defend_G","Defend_P","Leap","Ball Lightning","Flechettes","REME_Repentance","Setup","Evaluate","Defy Death","EmptyFist","Wild Strike","Outmaneuver","Bane","Deadly Poison","Fire Breathing","Run Through","Flex","ReplayTheSpireMod:Strike From Hell","Gash","PathToVictory","Flex","SashWhip","Armaments","Bane","FollowUp","SignatureMove","Metallicize","ReplayTheSpireMod:Stacked","REME_ShortnessOfBreath","Dropkick","True Grit","Crystallizer","Flying Knee","Hologram","Searing Blow","EmptyFist","FTL","Gash","Beam Cell","Armaments","Melter","ForeignInfluence","ThirdEye","conspire:Charge","Dodge and Roll","ThirdEye","PathToVictory","Armaments","Rage","Glacier","Anger","Deep Breath","Deep Breath","Deep Breath","Deep Breath","Deep Breath","Deep Breath","Deep Breath","Deep Breath","Deep Breath","Deep Breath","Deep Breath","Deep Breath","Deep Breath","Deep Breath","Deep Breath","Thunderclap","Thunderclap","Thunderclap","Stack","Stack","Stack","Pommel Strike","Pommel Strike","Pommel Strike","Dagger Spray","Dagger Spray","Dagger Spray","Forethought","Forethought","Forethought","Rip and Tear","Rip and Tear","Rip and Tear","Leap","Leap","Leap","ReplayTheSpireMod:Muscle Training","ReplayTheSpireMod:Muscle Training","ReplayTheSpireMod:Muscle Training","Sword Boomerang","Sword Boomerang","Sword Boomerang","Blur","Blur","Blur","CrushJoints","CrushJoints","CrushJoints","Metallicize","Metallicize","Metallicize","Thunderclap","Thunderclap","Thunderclap","Auto Shields","Auto Shields","Auto Shields","Crescendo","Crescendo","Crescendo","HandOfGreed","HandOfGreed","HandOfGreed","Doubt","Doubt","Doubt","Abandon+1","Abandon+1","Abandon+1"],"relics":["Frozen Eye","Busted Crown","REME_ComplimentaryCards","Shovel","Sizzling Blood","conspire:TopHat"],"acts_visited":["Exordium"],"potions_floor_usage":[],"damage_taken":[{"damage":55,"enemies":"Jaw Worm","floor":5,"turns":4},{"damage":26,"enemies":"Gremlin Nob","floor":6,"turns":2}],"seed_played":"5193359212252750955","potions_obtained":[],"is_trial":true,"path_per_floor":["?","?","?","WH","M","E"],"character_chosen":"THE_SILENT","items_purchased":[],"campfire_rested":0,"item_purchase_floors":[],"current_hp_per_floor":[63,63,63,70,19,0,0],"gold":317,"neow_bonus":"TEN_PERCENT_HP_BONUS","is_daily":false,"chose_seed":false,"campfire_upgraded":0,"win_rate":0,"timestamp":1607631416,"path_taken":["?","?","?","WH","?","E"],"build_version":"2020-11-30","purchased_purges":0,"victory":false,"max_hp_per_floor":[70,70,70,77,77,77,77],"relic_stats":{"Busted Crown":0,"Shovel":0,"counters":[2,6],"obtain_stats":[{"Frozen Eye":0,"Busted Crown":0,"Shovel":0,"Sizzling Blood":1,"conspire:TopHat":5,"Ring of the Snake":0,"REME_ComplimentaryCards":0},{"Frozen Eye":0,"Busted Crown":0,"Shovel":0,"Sizzling Blood":0,"conspire:TopHat":1,"Ring of the Snake":0,"REME_ComplimentaryCards":0},{"Frozen Eye":0,"Busted Crown":0,"Shovel":0,"Sizzling Blood":0,"conspire:TopHat":4,"Ring of the Snake":0,"REME_ComplimentaryCards":0}]},"card_choices":[{"not_picked":["EmptyBody","Spot Weakness"],"picked":"Thunderclap","floor":0},{"not_picked":["Deflect","Replay:Hum"],"picked":"Stack","floor":0},{"not_picked":["Ball Lightning","Acrobatics"],"picked":"Pommel Strike","floor":0},{"not_picked":["conspire:Rain","Feel No Pain"],"picked":"Dagger Spray","floor":0},{"not_picked":["Clash","REME_GreenPollution"],"picked":"Forethought","floor":0},{"not_picked":["Body Slam","Wild Strike"],"picked":"Rip and Tear","floor":0},{"not_picked":["Ghostly Armor","WheelKick"],"picked":"Leap","floor":0},{"not_picked":["Deadly Poison","Shockwave"],"picked":"ReplayTheSpireMod:Muscle Training","floor":0},{"not_picked":["Consecrate","conspire:DoublingDagger"],"picked":"Sword Boomerang","floor":0},{"not_picked":["Blade Dance","Coolheaded"],"picked":"Blur","floor":0},{"not_picked":["Poisoned Stab","Study"],"picked":"CrushJoints","floor":0},{"not_picked":["infinitespire:OneForAll","Replay:ManipulateFuture"],"picked":"Metallicize","floor":0},{"not_picked":["JustLucky","Consecrate"],"picked":"Thunderclap","floor":0},{"not_picked":["Ball Lightning","ReplayTheSpireMod:Stacked"],"picked":"Auto Shields","floor":0},{"not_picked":["Dagger Spray","conspire:Banana"],"picked":"Crescendo","floor":0}],"player_experience":1427750,"relics_obtained":[{"floor":5,"key":"conspire:TopHat"}],"event_choices":[{"damage_healed":0,"gold_gain":150,"player_choice":"AGREE","damage_taken":0,"max_hp_gain":0,"max_hp_loss":0,"event_name":"Liars Game","floor":2,"gold_loss":0,"cards_obtained":["Doubt"]}],"is_beta":false,"boss_relics":[],"items_purged_floors":[],"is_endless":false,"potions_floor_spawned":[],"killed_by":"Gremlin Nob","ascension_level":20}}