{"host":"4qkvkh7pd9qr2mca","time":1607644126,"event":{"mods":["AchievementEnabler","BaseMod","Colored Map","Colored Powertips","Highlight Path","Minty Spire (QoL Compilation)","Permanent Neow","Quick Restart","StSLib","SuperFastMode","everything is the same but u backflip on backflip","slay the spire mod where everything is the same but ironclad has a cowboy hat"],"gold_per_floor":[117,127,52,66,81,116,136,154,154,3,38,113,113,127,127,229,229,240,254,194,211,228,257,270,270],"floor_reached":24,"playtime":1079,"items_purged":["Writhe","Strike_G"],"score":234,"play_id":"a8aaa7c5-114a-492d-905e-e5a67e432faa","local_time":"20201211004846","is_ascension_mode":false,"campfire_choices":[{"floor":13.0,"key":"REST"},{"floor":15.0,"key":"REST"}],"circlet_count":0,"master_deck":["Strike_G","Strike_G","Defend_G","Defend_G","Defend_G","Defend_G","Survivor","Neutralize","Phantasmal Killer","Underhanded Strike","Predator","Dagger Spray","Backflip","Well Laid Plans","Blade Dance","Crippling Poison","Slice","Tools of the Trade","Envenom+1","Blur+1","Cloak And Dagger+1","Flying Knee","Dodge and Roll+1","Quick Slash+1","Catalyst+1"],"relics":["Ring of the Snake","Mercury Hourglass","Letter Opener","Art of War","Astrolabe","Question Card","Bottled Flame"],"acts_visited":[],"potions_floor_usage":[],"damage_taken":[{"damage":0.0,"enemies":"Cultist","floor":1.0,"turns":4.0},{"damage":0.0,"enemies":"2 Louse","floor":2.0,"turns":3.0},{"damage":3.0,"enemies":"Small Slimes","floor":4.0,"turns":3.0},{"damage":1.0,"enemies":"Red Slaver","floor":5.0,"turns":2.0},{"damage":16.0,"enemies":"Gremlin Nob","floor":6.0,"turns":3.0},{"damage":2.0,"enemies":"Blue Slaver","floor":7.0,"turns":3.0},{"damage":4.0,"enemies":"Large Slime","floor":8.0,"turns":3.0},{"damage":21.0,"enemies":"Lagavulin","floor":11.0,"turns":6.0},{"damage":4.0,"enemies":"Gremlin Gang","floor":14.0,"turns":3.0},{"damage":16.0,"enemies":"Slime Boss","floor":16.0,"turns":6.0},{"damage":4.0,"enemies":"Chosen","floor":18.0,"turns":5.0},{"damage":14.0,"enemies":"Shell Parasite","floor":19.0,"turns":6.0},{"damage":14.0,"enemies":"Centurion and Healer","floor":21.0,"turns":7.0},{"damage":14.0,"enemies":"Snecko","floor":22.0,"turns":4.0},{"damage":22.0,"enemies":"Book of Stabbing","floor":23.0,"turns":6.0},{"damage":0,"enemies":"Chosen and Byrds","floor":24,"turns":6}],"seed_played":"8714713751980173641","potions_obtained":[{"floor":1.0,"key":"LiquidMemories"},{"floor":6.0,"key":"LiquidMemories"},{"floor":7.0,"key":"SneckoOil"},{"floor":11.0,"key":"Strength Potion"},{"floor":23.0,"key":"Ancient Potion"},{"floor":24,"key":"Poison Potion"}],"is_trial":false,"path_per_floor":["M","M","$","M","M","E","M","M","T","$","E","?","R","M","R","B",null,"M","M","?","M","M","E","M"],"character_chosen":"THE_SILENT","items_purchased":["Blade Dance"],"campfire_rested":2,"item_purchase_floors":[10],"current_hp_per_floor":[70,70,70,67,66,50,48,44,44,44,23,12,33,29,50,34,70,66,52,52,38,24,2,2,2],"gold":270,"neow_bonus":"THREE_RARE_CARDS","is_daily":false,"chose_seed":false,"campfire_upgraded":0,"win_rate":0.0,"timestamp":1607644126,"path_taken":["M","M","$","M","M","E","?","M","T","$","E","?","R","M","R","BOSS","M","M","?","M","M","E","M"],"items_purchased_type":["Card"],"build_version":"2020-11-30","purchased_purges":2,"victory":false,"max_hp_per_floor":[70,70,70,70,70,70,70,70,70,70,70,70,70,70,70,70,70,70,70,70,70,70,70,70,70],"card_choices":[{"not_picked":["A Thousand Cuts","Envenom"],"picked":"Phantasmal Killer","floor":0.0},{"not_picked":["Backflip","Riddle With Holes"],"picked":"Underhanded Strike","floor":1.0},{"not_picked":["Sucker Punch","Dodge and Roll","Underhanded Strike"],"picked":"SKIP","floor":2.0},{"not_picked":["Dagger Spray","Dagger Throw"],"picked":"Predator","floor":4.0},{"not_picked":["Cloak And Dagger","A Thousand Cuts"],"picked":"Dagger Spray","floor":5.0},{"not_picked":["Poisoned Stab","Sucker Punch"],"picked":"Backflip","floor":6.0},{"not_picked":["Sucker Punch","Poisoned Stab","Deflect"],"picked":"SKIP","floor":7.0},{"not_picked":["Deadly Poison","Noxious Fumes"],"picked":"Well Laid Plans","floor":8.0},{"not_picked":["Flechettes","Slice"],"picked":"Crippling Poison","floor":11.0},{"not_picked":["Deadly Poison","Slice","Flechettes"],"picked":"SKIP","floor":14.0},{"not_picked":["Deadly Poison","Flechettes"],"picked":"Slice","floor":14.0},{"not_picked":["Glass Knife","Corpse Explosion"],"picked":"Tools of the Trade","floor":16.0},{"not_picked":["Masterful Stab","Dagger Spray"],"picked":"Flying Knee","floor":18.0},{"not_picked":["Outmaneuver","Predator"],"picked":"Dodge and Roll+1","floor":19.0},{"not_picked":["Distraction","Dodge and Roll","Flying Knee"],"picked":"Quick Slash+1","floor":21.0},{"not_picked":["Skewer+1","Terror","Setup+1"],"picked":"Catalyst+1","floor":22.0},{"not_picked":["Dagger Spray","Slice","Bouncing Flask","Infinite Blades+1"],"picked":"SKIP","floor":23.0}],"player_experience":225764,"relics_obtained":[{"floor":6.0,"key":"Mercury Hourglass"},{"floor":9.0,"key":"Letter Opener"},{"floor":11.0,"key":"Art of War"},{"floor":23.0,"key":"Bottled Flame"}],"event_choices":[{"damage_healed":0.0,"max_hp_gain":0.0,"max_hp_loss":0.0,"gold_gain":75.0,"event_name":"World of Goop","player_choice":"Gather Gold","floor":12.0,"gold_loss":0.0,"damage_taken":11.0},{"damage_healed":0.0,"max_hp_gain":0.0,"max_hp_loss":0.0,"gold_gain":0.0,"event_name":"WeMeetAgain","player_choice":"Paid Gold","floor":20.0,"gold_loss":60.0,"damage_taken":0.0,"relics_obtained":["Question Card"]}],"is_beta":false,"boss_relics":[{"not_picked":["SacredBark","Pandora\u0027s Box"],"picked":"Astrolabe"}],"items_purged_floors":[3,10],"is_endless":false,"potions_floor_spawned":[1,6,7,11,16,18,23,24],"killed_by":"Chosen and Byrds","ascension_level":0}}