{"host":"1mv6gj0zv8k9e9tz","time":1607619174,"event":{"mods":["BaseMod","AchievementEnabler","StSLib","Colored Map","Minty Spire (QoL Compilation)","Rare Cards Sparkle","Better Third Choice","KOR Keyword Fix","Permanent Neow"],"gold_per_floor":[116,66,66,66,81,81,98,98,124,124,138,138,154,172,172,172,172],"floor_reached":16,"playtime":550,"items_purged":[],"score":143,"play_id":"3f11b843-d41e-4a09-8b4f-7812f116aae4","local_time":"20201211015254","is_ascension_mode":true,"campfire_choices":[{"data":"Backstab","floor":6.0,"key":"SMITH"},{"data":"Backflip","floor":8.0,"key":"SMITH"},{"data":"Neutralize","floor":10.0,"key":"SMITH"},{"data":"Dodge and Roll","floor":15,"key":"SMITH"}],"circlet_count":0,"master_deck":["AscendersBane","Strike_G","Strike_G+1","Strike_G","Defend_G","Defend_G+1","Defend_G","Defend_G","Survivor","Neutralize+1","Dagger Spray+1","Backstab+1","Backflip+1","Dodge and Roll+1"],"special_seed":0,"relics":["Empty Cage","Omamori"],"acts_visited":["Exordium"],"potions_floor_usage":[16,16],"damage_taken":[{"damage":1.0,"enemies":"Small Slimes","floor":1.0,"turns":5.0},{"damage":0.0,"enemies":"2 Louse","floor":5.0,"turns":3.0},{"damage":1.0,"enemies":"Cultist","floor":7.0,"turns":3.0},{"damage":3.0,"enemies":"Blue Slaver","floor":11.0,"turns":3.0},{"damage":0,"enemies":"Large Slime","floor":13,"turns":6},{"damage":0,"enemies":"2 Fungi Beasts","floor":14,"turns":2},{"damage":40,"enemies":"Slime Boss","floor":16,"turns":8}],"seed_played":"3098787466659632320","potions_obtained":[{"floor":5.0,"key":"Swift Potion"},{"floor":11.0,"key":"DistilledChaos"},{"floor":14,"key":"Explosive Potion"}],"is_trial":false,"path_per_floor":["M","?","?","?","M","R","M","R","T","R","M","?","M","M","R","B"],"character_chosen":"THE_SILENT","items_purchased":[],"campfire_rested":0,"item_purchase_floors":[],"current_hp_per_floor":[62,62,62,55,55,55,54,54,54,54,51,37,37,37,37,0,0],"gold":172,"neow_bonus":"BOSS_RELIC","is_daily":false,"chose_seed":false,"campfire_upgraded":4,"win_rate":0,"timestamp":1607619174,"path_taken":["M","?","?","?","M","R","M","R","T","R","?","?","M","M","R","BOSS"],"build_version":"2020-11-30","purchased_purges":0,"victory":false,"max_hp_per_floor":[70,70,70,70,70,70,70,70,70,70,70,70,70,70,70,70,70],"card_choices":[{"not_picked":["Backflip","All Out Attack"],"picked":"Dagger Spray","floor":1.0},{"not_picked":["Slice","Concentrate"],"picked":"Backstab","floor":5.0},{"not_picked":["Riddle With Holes","Bane"],"picked":"Backflip","floor":7.0},{"not_picked":["Prepared","Quick Slash"],"picked":"Dodge and Roll","floor":11.0},{"not_picked":["Endless Agony","Flying Knee","A Thousand Cuts"],"picked":"SKIP","floor":13},{"not_picked":["Endless Agony","Quick Slash","Outmaneuver"],"picked":"SKIP","floor":14}],"player_experience":452908,"relics_obtained":[{"floor":9.0,"key":"Omamori"}],"event_choices":[{"cards_removed":["Strike_G"],"damage_healed":0.0,"max_hp_gain":0.0,"max_hp_loss":0.0,"gold_gain":0.0,"event_name":"The Cleric","player_choice":"Card Removal","floor":2.0,"gold_loss":50.0,"damage_taken":0.0},{"damage_healed":0.0,"max_hp_gain":0.0,"max_hp_loss":0.0,"gold_gain":0.0,"event_name":"Living Wall","player_choice":"Grow","floor":3.0,"gold_loss":0.0,"damage_taken":0.0,"cards_upgraded":["Dagger Spray"]},{"damage_healed":0.0,"max_hp_gain":0.0,"max_hp_loss":0.0,"gold_gain":0.0,"event_name":"Wheel of Change","player_choice":"Damaged","floor":4.0,"gold_loss":0.0,"damage_taken":7.0},{"damage_healed":51,"gold_gain":0,"player_choice":"Upgrade","damage_taken":14,"max_hp_gain":0,"max_hp_loss":70,"event_name":"betterThird:BetterShining","floor":12,"gold_loss":0,"cards_upgraded":["Defend_G","Strike_G"]}],"is_beta":false,"boss_relics":[],"items_purged_floors":[],"is_endless":false,"potions_floor_spawned":[5,11,14],"killed_by":"Slime Boss","ascension_level":11}}