{"host":"0jor5hi4rp0tpy7j","time":1607608487,"event":{"gold_per_floor":[114,125,135,147,162,162,174,174,174,188,205,220,220,247,247,247,247],"floor_reached":16,"playtime":579,"items_purged":[],"score":167,"play_id":"e6df4c19-d85e-48b3-9f29-08b0c2d1e412","local_time":"20201210145447","is_ascension_mode":true,"campfire_choices":[{"data":"Armaments","floor":6,"key":"SMITH"},{"floor":8,"key":"REST"},{"floor":13,"key":"REST"},{"floor":15,"key":"REST"}],"neow_cost":"NONE","seed_source_timestamp":79403545958500,"circlet_count":0,"master_deck":["AscendersBane","Strike_R","Strike_R","Strike_R","Strike_R","Strike_R","Defend_R","Defend_R","Defend_R","Defend_R","Bash","Body Slam","Armaments","Dropkick","Armaments+1","Body Slam","Dropkick","Exhume","Body Slam","Cleave"],"relics":["Runic Dome","Bag of Preparation","StrikeDummy"],"potions_floor_usage":[5,12,13,16],"damage_taken":[{"damage":1,"enemies":"Cultist","floor":1,"turns":4},{"damage":7,"enemies":"Jaw Worm","floor":2,"turns":3},{"damage":3,"enemies":"2 Louse","floor":3,"turns":2},{"damage":15,"enemies":"Large Slime","floor":4,"turns":5},{"damage":6,"enemies":"Gremlin Gang","floor":5,"turns":5},{"damage":16,"enemies":"Exordium Wildlife","floor":7,"turns":4},{"damage":22,"enemies":"Large Slime","floor":10,"turns":5},{"damage":0,"enemies":"Blue Slaver","floor":11,"turns":3},{"damage":5,"enemies":"Lots of Slimes","floor":12,"turns":5},{"damage":25,"enemies":"3 Sentries","floor":14,"turns":7},{"damage":54,"enemies":"The Guardian","floor":16,"turns":9}],"seed_played":"7906559499230680340","potions_obtained":[{"floor":1,"key":"Fruit Juice"},{"floor":2,"key":"PowerPotion"},{"floor":11,"key":"AttackPotion"},{"floor":14,"key":"AttackPotion"}],"is_trial":false,"path_per_floor":["M","M","M","M","M","R","M","R","T","M","M","M","R","E","R","B"],"character_chosen":"IRONCLAD","items_purchased":[],"campfire_rested":3,"item_purchase_floors":[],"current_hp_per_floor":[71,64,61,46,40,40,24,48,48,26,26,21,51,26,51,0,0],"gold":247,"neow_bonus":"BOSS_RELIC","is_prod":false,"is_daily":false,"chose_seed":false,"campfire_upgraded":1,"win_rate":0,"timestamp":1607608487,"path_taken":["M","M","M","M","M","R","M","R","T","M","?","M","R","E","R","BOSS"],"build_version":"2020-11-30","purchased_purges":0,"victory":false,"max_hp_per_floor":[80,80,80,80,80,80,80,80,80,80,80,80,85,85,85,85,85],"card_choices":[{"not_picked":["Thunderclap","Cleave"],"picked":"Body Slam","floor":1},{"not_picked":["Cleave","Pommel Strike"],"picked":"Armaments","floor":2},{"not_picked":["Perfected Strike","Intimidate"],"picked":"Dropkick","floor":3},{"not_picked":["Feel No Pain","Sentinel"],"picked":"Armaments","floor":4},{"not_picked":["Sword Boomerang","Shrug It Off"],"picked":"Body Slam","floor":5},{"not_picked":["Clash","Dark Embrace"],"picked":"Dropkick","floor":7},{"not_picked":["Twin Strike","Clothesline"],"picked":"Exhume","floor":10},{"not_picked":["Heavy Blade","True Grit"],"picked":"Body Slam","floor":11},{"not_picked":["Iron Wave","Clash"],"picked":"Cleave","floor":12},{"not_picked":["Anger","Armaments","Heavy Blade"],"picked":"SKIP","floor":14}],"player_experience":346455,"relics_obtained":[{"floor":9,"key":"Bag of Preparation"},{"floor":14,"key":"StrikeDummy"}],"event_choices":[],"is_beta":false,"boss_relics":[],"items_purged_floors":[],"is_endless":false,"potions_floor_spawned":[1,2,11,14],"killed_by":"The Guardian","ascension_level":11}}