{"host":"fqid566djxhwi0rl","time":1607632395,"event":{"mods":["BaseMod","AchievementEnabler","GifTheSpireLib","StSLib","Aspiration","Downfall","Energized Spire","Faster Ascension Climbing","Minty Spire (QoL Compilation)","The Blackbeard","Trackpad","Yuri Mod","Replay The Spire","2.2 Compatiblity","The Gatherer","Robot Space Explorer"],"gold_per_floor":[113,113,354,369,394,432,432,470,515,515,515,528,528,556,556,575,575,698,698,723,723,738,738,759,759,218,253,303,323,361,361,361,400,400,400,400,400],"floor_reached":35,"playtime":1454,"items_purged":["Normality"],"score":468,"play_id":"d236bb94-92f0-4b53-b757-e62e3f21b3bc","local_time":"20201210223315","is_ascension_mode":true,"metric_token":1041,"campfire_choices":[{"floor":7.0,"key":"REST"},{"floor":13,"key":"REST"},{"floor":15,"key":"REST"},{"data":"sneckomod:WideSting","floor":32,"key":"SMITH"},{"floor":34,"key":"REST"}],"circlet_count":0,"master_deck":["Gatherer:Strike_Gatherer","Gatherer:Strike_Gatherer","Gatherer:Strike_Gatherer","Gatherer:Strike_Gatherer","Gatherer:Strike_Gatherer","Gatherer:Defend_Gatherer","Gatherer:Defend_Gatherer","Gatherer:Defend_Gatherer","Gatherer:Defend_Gatherer","Gatherer:Defend_Gatherer","Gatherer:Centralize","Gatherer:FlowerWhip","Gatherer:AcidicSpray","Gatherer:TacticalStrike","Gatherer:FlamingBottle","Gatherer:FlowerBeam","Gatherer:FlowerShield","Gatherer:WitheringStrike","Gatherer:Snatch","Gatherer:CursedBlade","Gatherer:BambuSword+1","Gatherer:ScherryThrow+1","ReplayTheSpireMod:Uncanny Aura","Gatherer:AcidicSpray+1","Buffer","sneckomod:WideSting+1","Hidden Blade+1","Voices"],"special_seed":0,"relics":["Gatherer:AlchemyBag","NeowsBlessing","Golden Idol","aspiration:ArtOfWarUpgrade","Regal Pillow","trackpad:Mousetrap","Odd Mushroom","Gatherer:ExplorersPath","PrismaticShard","Gambling Chip","Orrery","trackpad:DisasterInABottle","Akabeko","Gatherer:FlyingFruit","ReplayTheSpireMod:Ring of Exchange","Ring of Misfortune","Ornamental Fan"],"acts_visited":["Exordium","TheCity"],"potions_floor_usage":[24,24,27,35],"damage_taken":[{"damage":0.0,"enemies":"2 Louse","floor":1.0,"turns":1.0},{"damage":0.0,"enemies":"Small Slimes","floor":4.0,"turns":1.0},{"damage":0.0,"enemies":"Jaw Worm","floor":5.0,"turns":1.0},{"damage":28.0,"enemies":"Gremlin Nob","floor":6.0,"turns":4.0},{"damage":29.0,"enemies":"Lagavulin","floor":8.0,"turns":9.0},{"damage":1.0,"enemies":"Looter","floor":12.0,"turns":3.0},{"damage":9,"enemies":"The Mushroom Lair","floor":14,"turns":2},{"damage":3,"enemies":"3 Louse","floor":16,"turns":3},{"damage":32,"enemies":"The Guardian","floor":18,"turns":13},{"damage":0,"enemies":"Spheric Guardian","floor":20,"turns":3},{"damage":14,"enemies":"Shell Parasite","floor":22,"turns":2},{"damage":0,"enemies":"Snake Plant","floor":24,"turns":2},{"damage":7,"enemies":"Book of Stabbing","floor":27,"turns":4},{"damage":0,"enemies":"Shelled Parasite and Fungi","floor":29,"turns":2},{"damage":10,"enemies":"Replay:Snechameleon","floor":30,"turns":4},{"damage":14,"enemies":"Book of Stabbing","floor":33,"turns":4},{"damage":81,"enemies":"Automaton","floor":35,"turns":12}],"seed_played":"-1470270574339852399","potions_obtained":[{"floor":4.0,"key":"FearPotion"},{"floor":6.0,"key":"PowerPotion"},{"floor":16,"key":"Reflective Coating"},{"floor":18,"key":"BottledMiracle"},{"floor":22,"key":"ColorlessPotion"},{"floor":29,"key":"BloodPotion"}],"is_trial":false,"path_per_floor":["M","?","?","M","M","E","R","E","T","PTL","PTL","M","R","?","R","M","R","B",null,"M","?","M","?","M","R","$","E","T","M","E","?","R","E","R","B"],"character_chosen":"THE_GATHERER","items_purchased":["Gambling Chip","Orrery"],"campfire_rested":4,"item_purchase_floors":[26,26],"current_hp_per_floor":[65,65,39,39,39,11,31,2,2,2,2,1,36,27,62,59,59,27,57,57,49,35,67,67,67,67,60,60,60,50,50,50,40,71,8,8,8],"gold":400,"neow_bonus":"THREE_ENEMY_KILL","is_daily":false,"chose_seed":false,"campfire_upgraded":1,"win_rate":0,"timestamp":1607632395,"path_taken":["M","?","?","?","M","E","R","E","T","PTL","PTL","M","R","?","R","M","R","BOSS","M","?","M","?","?","R","$","E","T","M","E","?","R","E","R","BOSS"],"build_version":"2020-11-30","purchased_purges":1,"victory":false,"max_hp_per_floor":[72,67,67,67,67,67,67,67,67,67,67,67,67,67,67,67,67,67,67,67,67,67,67,67,67,67,67,67,67,67,67,67,71,71,75,75,75],"card_choices":[{"not_picked":["Gatherer:ScherryThrow","Gatherer:FeelingFine"],"picked":"Gatherer:AcidicSpray","floor":1.0},{"not_picked":["Gatherer:GlowingPlant","Gatherer:PotentialSlash"],"picked":"Gatherer:TacticalStrike","floor":3.0},{"not_picked":["Gatherer:AlchemyTrial","Gatherer:ScherryThrow"],"picked":"Gatherer:FlamingBottle","floor":4.0},{"not_picked":["Gatherer:Snatch","Gatherer:FragileHammer"],"picked":"Gatherer:FlowerPower","floor":5.0},{"not_picked":["Gatherer:Duplicator","Gatherer:AcidicSpray","Gatherer:UpgradeBag"],"picked":"SKIP","floor":6.0},{"not_picked":["Gatherer:TacticalStrike","Gatherer:Enchant"],"picked":"Gatherer:FlowerBeam","floor":8.0},{"not_picked":["Gatherer:GatherMaterial","Gatherer:SealedBomb"],"picked":"Gatherer:FlowerShield","floor":12.0},{"not_picked":["Gatherer:PotentialSlash","Gatherer:BalancedGrowth"],"picked":"Gatherer:WitheringStrike","floor":14},{"not_picked":["Gatherer:RecipeChange","Gatherer:GlowingPlant"],"picked":"Gatherer:Snatch","floor":16},{"not_picked":["Gatherer:FinishingStrike","Gatherer:Bulldoze"],"picked":"Gatherer:CursedBlade","floor":18},{"not_picked":["Gatherer:Convert","Gatherer:Herbalism"],"picked":"Gatherer:BambuSword+1","floor":20},{"not_picked":["Gatherer:Enchant","Gatherer:UpgradeBag"],"picked":"Gatherer:ScherryThrow+1","floor":21},{"not_picked":["blackbeard:Sword","Electrodynamics","Expertise"],"picked":"SKIP","floor":22},{"not_picked":["Slimebound:SplitAcid","Gatherer:CarefulStrike","Deep Breath+1"],"picked":"SKIP","floor":24},{"not_picked":["hexamod:BacktrackSmack","yuri:GlitchedStrike"],"picked":"ReplayTheSpireMod:Uncanny Aura","floor":26},{"not_picked":["EmptyFist","yuri:CalmingAura+1"],"picked":"Gatherer:AcidicSpray+1","floor":26},{"not_picked":["blackbeard:DoubleBottom","yuri:GrowingInsanity+1"],"picked":"Buffer","floor":26},{"not_picked":["Rebound","Heavy Blade","Guardian:ExploitGems"],"picked":"SKIP","floor":27},{"not_picked":["Stack","sneckomod:MasterEye"],"picked":"sneckomod:WideSting","floor":29},{"not_picked":["sneckomod:IronFang+1","yuri:CalmingAura"],"picked":"Hidden Blade+1","floor":30},{"not_picked":["Ball Lightning","sneckomod:UnknownClassBLACKBEARD_BLACK","Guardian:ExploitGems"],"picked":"SKIP","floor":33}],"player_experience":642136,"relics_obtained":[{"floor":6.0,"key":"Art of War"},{"floor":8.0,"key":"Regal Pillow"},{"floor":9.0,"key":"trackpad:Mousetrap"},{"floor":14,"key":"Odd Mushroom"},{"floor":21,"key":"PrismaticShard"},{"floor":27,"key":"trackpad:DisasterInABottle"},{"floor":28,"key":"Akabeko"},{"floor":30,"key":"Gatherer:FlyingFruit"},{"floor":31,"key":"ReplayTheSpireMod:Ring of Exchange"},{"floor":31,"key":"Ring of Misfortune"},{"floor":33,"key":"Ornamental Fan"}],"event_choices":[{"damage_healed":0.0,"max_hp_gain":0.0,"max_hp_loss":5.0,"gold_gain":0.0,"event_name":"Golden Idol","player_choice":"Lose Max HP","floor":2.0,"gold_loss":0.0,"damage_taken":0.0,"relics_obtained":["Golden Idol"]},{"damage_healed":0,"gold_gain":0,"player_choice":"Fought Mushrooms","damage_taken":0,"max_hp_gain":0,"max_hp_loss":0,"event_name":"Mushrooms","floor":14,"gold_loss":0},{"cards_removed":["Gatherer:FlowerPower"],"damage_healed":32,"gold_gain":0,"player_choice":"Offered Uncommon","damage_taken":0,"max_hp_gain":0,"max_hp_loss":0,"event_name":"Bonfire Elementals","floor":23,"gold_loss":0}],"is_beta":false,"boss_relics":[{"not_picked":["Replay:Wanted Poster","energizedSpire:StickyHand"],"picked":"Gatherer:ExplorersPath"}],"items_purged_floors":[26],"is_endless":false,"potions_floor_spawned":[4,6,16,18,22,29],"killed_by":"Automaton","ascension_level":9}}