{"host":"dntw6kil9p09eemm","time":1607592740,"event":{"gold_per_floor":[99,114,114,130,140,140,140,166,166,189,205,220,220,232,244,256,268,268],"floor_reached":17,"playtime":991,"items_purged":[],"score":130,"play_id":"13466b15-baff-48d3-9567-d8a775403ee3","local_time":"20201210183220","is_ascension_mode":false,"campfire_choices":[{"data":"Zap","floor":7,"key":"SMITH"},{"floor":14,"key":"REST"},{"floor":16,"key":"REST"}],"neow_cost":"NONE","seed_source_timestamp":2871875282400,"circlet_count":0,"master_deck":["Strike_B","Strike_B","Strike_B","Defend_B","Defend_B","Defend_B","Zap+1","Dualcast","Crystallizer","Beam Cell","JustLucky","Beam Cell"],"relics":["Cracked Core","aspiration:Nostalgia","Replay:M_StaffOfTheSnake","ReplayTheSpireMod:Lightbulb","Smiling Mask","MawBank"],"potions_floor_usage":[17,17,17],"damage_taken":[{"damage":0,"enemies":"3 Shapes","floor":2,"turns":1},{"damage":1,"enemies":"Cultist","floor":4,"turns":3},{"damage":1,"enemies":"Jaw Worm","floor":5,"turns":3},{"damage":16,"enemies":"Lagavulin","floor":8,"turns":6},{"damage":12,"enemies":"Exordium Thugs","floor":11,"turns":3},{"damage":10,"enemies":"Exordium Wildlife","floor":12,"turns":3},{"damage":64,"enemies":"Fading Forest","floor":17,"turns":10}],"seed_played":"4209962647256541207","potions_obtained":[{"floor":2,"key":"SkillPotion"},{"floor":5,"key":"Dexterity Potion"},{"floor":11,"key":"FocusPotion"}],"is_trial":false,"path_per_floor":["M","M","?","M","M","$","R","E","?","T","M","M","?","R","?","R","B"],"character_chosen":"DEFECT","items_purchased":[],"campfire_rested":2,"item_purchase_floors":[],"current_hp_per_floor":[75,75,68,67,66,66,66,50,50,50,38,28,3,25,25,47,0,0],"gold":268,"neow_bonus":"NOSTALGIA","is_prod":false,"is_daily":false,"chose_seed":false,"campfire_upgraded":1,"win_rate":0,"timestamp":1607592740,"path_taken":["M","?","M","M","$","R","E","?","T","?","M","?","R","?","R","BOSS"],"build_version":"2020-11-30","purchased_purges":0,"victory":false,"max_hp_per_floor":[75,75,75,75,75,75,75,75,75,75,75,75,75,75,75,75,75,75],"card_choices":[{"not_picked":["Well Laid Plans","Compile Driver","ClearTheMind"],"picked":"SKIP","floor":2},{"not_picked":["Go for the Eyes","ReplaySort"],"picked":"Crystallizer","floor":4},{"not_picked":["Masterful Stab","Acrobatics"],"picked":"Beam Cell","floor":5},{"not_picked":["Night Terror","Storm","CutThroughFate"],"picked":"SKIP","floor":8},{"not_picked":["Compile Driver","Setup"],"picked":"Beam Cell","floor":11},{"not_picked":["Crescendo","ReplayGash","White Noise"],"picked":"SKIP","floor":12}],"player_experience":91951,"relics_obtained":[{"floor":8,"key":"ReplayTheSpireMod:Lightbulb"},{"floor":10,"key":"Smiling Mask"}],"event_choices":[{"cards_removed":["Strike_B"],"damage_healed":0,"gold_gain":0,"player_choice":"Card Removal","damage_taken":7,"max_hp_gain":0,"max_hp_loss":0,"event_name":"Golden Wing","floor":3,"gold_loss":0},{"damage_healed":0,"gold_gain":0,"cards_transformed":["Defend_B"],"player_choice":"Transformed","damage_taken":0,"max_hp_gain":0,"max_hp_loss":0,"event_name":"Transmorgrifier","floor":9,"gold_loss":0,"cards_obtained":["JustLucky"]},{"damage_healed":0,"gold_gain":0,"player_choice":"Success","damage_taken":25,"relics_obtained":["MawBank"],"max_hp_gain":0,"max_hp_loss":0,"event_name":"Scrap Ooze","floor":13,"gold_loss":0},{"damage_healed":0,"gold_gain":0,"player_choice":"Bought 0 Potions","damage_taken":0,"max_hp_gain":0,"max_hp_loss":0,"event_name":"The Woman in Blue","floor":15,"gold_loss":0}],"is_beta":false,"boss_relics":[],"items_purged_floors":[],"is_endless":false,"potions_floor_spawned":[2,5,11],"killed_by":"Fading Forest","ascension_level":0}}