{"host":"ixl9a8gzl87gveif","time":1607576635,"event":{"gold_per_floor":[113,132,132,148,161,189,189,215,215,215,244,244,244,269,269,269,269],"floor_reached":16,"playtime":479,"items_purged":[],"score":134,"play_id":"10828f8f-316a-4944-976c-6985e635bab7","local_time":"20201210050355","is_ascension_mode":true,"campfire_choices":[{"floor":7,"key":"REST"},{"floor":10,"key":"REST"},{"floor":12,"key":"REST"},{"floor":15,"key":"REST"}],"neow_cost":"CURSE","seed_source_timestamp":390050137806000,"circlet_count":0,"master_deck":["Strike_B+1","Strike_B","Strike_B","Strike_B","Defend_B","Defend_B","Defend_B","Defend_B","Zap","Dualcast+1","Echo Form","Glacier","Compile Driver","Beam Cell","Rebound","Reprogram","Steam Power","Rebound+1","Creative AI"],"relics":["Cracked Core","Toy Ornithopter","Pear","Molten Egg 2","Bottled Lightning","Emotion Chip"],"potions_floor_usage":[6,16],"damage_taken":[{"damage":0,"enemies":"Small Slimes","floor":1,"turns":2},{"damage":7,"enemies":"2 Louse","floor":2,"turns":3},{"damage":11,"enemies":"Jaw Worm","floor":4,"turns":2},{"damage":15,"enemies":"Exordium Thugs","floor":5,"turns":4},{"damage":16,"enemies":"3 Sentries","floor":6,"turns":5},{"damage":15,"enemies":"Gremlin Nob","floor":8,"turns":4},{"damage":25,"enemies":"Lagavulin","floor":11,"turns":7},{"damage":18,"enemies":"3 Sentries","floor":14,"turns":6},{"damage":60,"enemies":"Slime Boss","floor":16,"turns":11}],"seed_played":"3819912596726737820","potions_obtained":[{"floor":5,"key":"AttackPotion"},{"floor":8,"key":"SneckoOil"},{"floor":14,"key":"Dexterity Potion"}],"is_trial":false,"path_per_floor":["M","M","?","M","M","E","R","E","T","R","E","R","?","E","R","B"],"character_chosen":"DEFECT","items_purchased":[],"campfire_rested":4,"item_purchase_floors":[],"current_hp_per_floor":[75,68,53,42,27,11,33,28,28,53,28,53,46,28,53,0,0],"gold":269,"neow_bonus":"THREE_RARE_CARDS","is_prod":false,"is_daily":false,"chose_seed":false,"campfire_upgraded":0,"win_rate":0,"timestamp":1607576635,"path_taken":["M","M","?","M","M","E","R","E","T","R","E","R","?","E","R","BOSS"],"build_version":"2020-11-30","purchased_purges":0,"victory":false,"max_hp_per_floor":[75,75,75,75,75,75,75,85,85,85,85,85,85,85,85,85,85],"relic_stats":{"Emotion Chip":[6,2,4,0,0],"counters":[9,44],"obtain_stats":[{"Emotion Chip":14,"Pear":8,"Molten Egg 2":9,"Bottled Lightning":11,"Cracked Core":0,"Toy Ornithopter":6},{"Emotion Chip":8,"Pear":6,"Molten Egg 2":6,"Bottled Lightning":7,"Cracked Core":0,"Toy Ornithopter":5},{"Emotion Chip":33,"Pear":20,"Molten Egg 2":20,"Bottled Lightning":27,"Cracked Core":0,"Toy Ornithopter":16}],"Toy Ornithopter":5},"card_choices":[{"not_picked":["Seek","Creative AI"],"picked":"Echo Form","floor":0},{"not_picked":["Gash","Reinforced Body"],"picked":"Glacier","floor":1},{"not_picked":["Scrape","Hologram"],"picked":"Compile Driver","floor":2},{"not_picked":["Glacier","Rip and Tear"],"picked":"Beam Cell","floor":4},{"not_picked":["Cold Snap","Consume"],"picked":"Rebound","floor":5},{"not_picked":["Beam Cell","Storm"],"picked":"Reprogram","floor":6},{"not_picked":["Skim","Stack"],"picked":"Steam Power","floor":8},{"not_picked":["Leap","Reprogram"],"picked":"Rebound+1","floor":11},{"not_picked":["Tempest","Redo"],"picked":"Creative AI","floor":14}],"player_experience":345967,"relics_obtained":[{"floor":6,"key":"Toy Ornithopter"},{"floor":8,"key":"Pear"},{"floor":9,"key":"Molten Egg 2"},{"floor":11,"key":"Bottled Lightning"},{"floor":14,"key":"Emotion Chip"}],"event_choices":[{"damage_healed":0,"gold_gain":0,"player_choice":"Entered Light","damage_taken":15,"max_hp_gain":0,"max_hp_loss":0,"event_name":"Shining Light","floor":3,"gold_loss":0,"cards_upgraded":["Strike_B","Dualcast"]},{"cards_removed":["Clumsy"],"damage_healed":0,"gold_gain":0,"player_choice":"Card Removal","damage_taken":7,"max_hp_gain":0,"max_hp_loss":0,"event_name":"Golden Wing","floor":13,"gold_loss":0}],"is_beta":false,"boss_relics":[],"items_purged_floors":[],"is_endless":false,"potions_floor_spawned":[5,8,14],"killed_by":"Slime Boss","ascension_level":1}}