{"host":"xxi53rn2ndafw16n","time":1607586505,"event":{"gold_per_floor":[1283,1296,624,635,655,684,684,387,414,439,456,490,506,539,336,436,-964,-953,18,16,36,60,97,108,136,136,155,168,51,63,82,172,272,272,288,305,316,332,343,369,246,275,329,362,379,399,399,435,435,435],"floor_reached":51,"playtime":2818,"items_purged":["Hololive_Strike","Hololive_Strike","Hololive_CallUruhaRushia","Hololive_CallMinatoAqua","Hololive_Defend+1","Hololive_Defend","Hololive_CallNakiriAyame","Hololive_CallManoAloe","Hololive_Breathe","Hololive_Breathe","Hololive_Breathe","Hololive_Breathe"],"score":1659,"play_id":"9287444d-2fe5-4fa6-8362-2a464cf39ecc","local_time":"20201210154825","is_ascension_mode":true,"campfire_choices":[{"data":"MostiFishMod:SephirahHod","floor":47,"key":"SMITH"},{"data":"Hololive_CallMomosuzuNene+15","floor":49,"key":"SMITH"}],"neow_cost":"NONE","seed_source_timestamp":8430023672600,"circlet_count":0,"master_deck":["Hololive_Breathe+1","Hololive_CallAkaiHaato","Hololive_CallOzoraSubaru","MostiFishMod:SephirahHod+1","Hololive_FlyingPonyTail+1","Hololive_CandyCastle","Hololive_Breathe+1","Hololive_CallUsadaPekora","Hololive_Breathe","Hololive_BeCareful","Hololive_Yoholoon","Hololive_CallMomosuzuNene+17","Hololive_Yoholoon+1","Hololive_Thief","CurseOfTheBell","Hololive_CandyCastle+1","Hololive_BeCareful","Hololive_Thief"],"relics":["Hololive_TheStar","DaveBox","MostiFishMod:Hod","Question Card","Strange Spoon","Pondfish Scales","ReplayTheSpireMod:TigerMarble","Art of War","DollysMirror","Ancient Tea Set","Dota2Spire:EchoSabre","War Paint","Toy Ornithopter","SynthV","ImportantClient","SynthV:MejaisSoulstealer","Gremlin Food","Thread and Needle","HollowMod:LifeEnderRelic","ChiLing","Chi","Ling","Calling Bell","Dota2Spire:PowerTreads","MagicDraw2","Replay:Towering Pillar of Hats","Eternal Feather","Replay:Baseball","vexMod:BarristanHead","Dota2Spire:ArcaneBoots","Dota2Spire:MonkeyKingBar","CeramicFish"],"potions_floor_usage":[33],"damage_taken":[{"damage":0,"enemies":"Small Slimes","floor":1,"turns":2},{"damage":0,"enemies":"Jaw Worm","floor":2,"turns":2},{"damage":0,"enemies":"2 Louse","floor":4,"turns":2},{"damage":0,"enemies":"Gremlin Gang","floor":5,"turns":2},{"damage":0,"enemies":"Lagavulin","floor":6,"turns":3},{"damage":0,"enemies":"3 Sentries","floor":10,"turns":3},{"damage":0,"enemies":"Exordium Thugs","floor":11,"turns":3},{"damage":0,"enemies":"Lagavulin","floor":12,"turns":2},{"damage":0,"enemies":"Lots of Slimes","floor":13,"turns":2},{"damage":0,"enemies":"Gremlin Nob","floor":14,"turns":2},{"damage":0,"enemies":"Fading Forest","floor":16,"turns":5},{"damage":0,"enemies":"Chosen","floor":18,"turns":2},{"damage":0,"enemies":"2 Thieves","floor":19,"turns":2},{"damage":0,"enemies":"Centurion and Healer","floor":21,"turns":2},{"damage":0,"enemies":"Shelled Parasite and Fungi","floor":22,"turns":2},{"damage":0,"enemies":"HollowMod:Nosk","floor":23,"turns":2},{"damage":0,"enemies":"3 Cultists","floor":24,"turns":2},{"damage":0,"enemies":"Book of Stabbing","floor":25,"turns":2},{"damage":0,"enemies":"Snake Plant","floor":27,"turns":1},{"damage":0,"enemies":"Shelled Parasite and Fungi","floor":28,"turns":1},{"damage":0,"enemies":"Chosen and Byrds","floor":30,"turns":2},{"damage":2,"enemies":"Snecko","floor":31,"turns":1},{"damage":1,"enemies":"Collector","floor":33,"turns":2},{"damage":0,"enemies":"Orb Walker","floor":35,"turns":2},{"damage":0,"enemies":"3 Darklings","floor":36,"turns":1},{"damage":0,"enemies":"Maw","floor":37,"turns":2},{"damage":3,"enemies":"Jaw Worm Horde","floor":38,"turns":1},{"damage":0,"enemies":"Sphere and 2 Shapes","floor":39,"turns":1},{"damage":2,"enemies":"Giant Head","floor":40,"turns":3},{"damage":2,"enemies":"Reptomancer","floor":42,"turns":2},{"damage":1,"enemies":"Giant Head","floor":44,"turns":2},{"damage":0,"enemies":"Transient","floor":45,"turns":2},{"damage":1,"enemies":"Maw","floor":46,"turns":2},{"damage":1,"enemies":"R_Hoarder","floor":48,"turns":2},{"damage":1,"enemies":"Awakened One","floor":50,"turns":3}],"seed_played":"-4208362124632954548","potions_obtained":[{"floor":2,"key":"Energy Potion"},{"floor":5,"key":"FearPotion"},{"floor":11,"key":"Dota2Spire:HealingSalve"},{"floor":12,"key":"Weak Potion"},{"floor":46,"key":"Swift Potion"}],"is_trial":false,"path_per_floor":["M","M","$","M","M","E","R","$","T","E","M","E","M","E","R","B",null,"M","M","$","M","M","E","M","E","T","M","M","$","M","M","R_BF","B",null,"M","M","M","M","M","E","$","E","T","E","M","M","R","E","R","B",null],"character_chosen":"Hololive_HololiveCharacter","items_purchased":["Strange Spoon","Pondfish Scales","ReplayTheSpireMod:TigerMarble","Hololive_FlyingPonyTail","Art of War","DollysMirror","SynthV","Hololive_Breathe","ChiLing","Replay:Baseball"],"campfire_rested":0,"item_purchase_floors":[3,3,3,3,8,8,15,15,29,41],"current_hp_per_floor":[35,35,35,35,35,35,35,35,35,35,35,35,35,35,35,35,35,35,35,35,35,35,35,35,35,35,35,35,35,35,33,33,35,35,35,35,35,32,32,30,30,28,28,27,27,26,35,34,35,34],"gold":435,"neow_bonus":"RANDOM_EVENT","is_prod":false,"is_daily":false,"chose_seed":false,"campfire_upgraded":2,"win_rate":0,"timestamp":1607586505,"path_taken":["M","M","$","M","M","E","R","$","T","E","M","E","M","E","R","BOSS","M","M","$","M","M","E","M","E","T","M","M","$","M","M","R_BF","BOSS","M","M","M","M","M","E","$","E","T","E","M","M","R","E","R","BOSS"],"build_version":"2020-11-30","purchased_purges":12,"victory":true,"max_hp_per_floor":[35,35,35,35,35,35,35,35,35,35,35,35,35,35,35,35,35,35,35,35,35,35,35,35,35,35,35,35,35,35,35,35,35,35,35,35,35,35,35,35,35,35,35,35,35,35,35,35,35,35],"card_choices":[{"not_picked":["Hololive_CallRoboco","Hololive_FlyingPonyTail","Hololive_CallMinatoAqua"],"picked":"Hololive_Breathe","floor":1},{"not_picked":["Hololive_Trident","Hololive_Drill","Hololive_CocoNews","Hololive_RevenueBasedLive"],"picked":"Hololive_Breathe","floor":2},{"not_picked":["Hololive_OvertimeWork","Hololive_Trident","Hololive_HighAtkLowDef","Hololive_HuntDinosaur"],"picked":"Hololive_Breathe","floor":4},{"not_picked":["Hololive_RevenueBasedLive","Hololive_CallKiryuuCoco","Hololive_SoulCatcher","Hololive_Rebound","Hololive_Spy"],"picked":"SKIP","floor":5},{"not_picked":["Hololive_CallYogiri","Hololive_Rebound","Hololive_DurableLive","Hololive_Spy"],"picked":"Hololive_CandyCastle","floor":6},{"not_picked":["Hololive_Rebound","Hololive_Psychosis","Hololive_Watashimo","Hololive_RevenueBasedLive"],"picked":"Hololive_CallManoAloe","floor":10},{"not_picked":["Hololive_CallArtia","Hololive_FlyingPonyTail","Hololive_SummonFox","Hololive_Drill"],"picked":"Hololive_CallUsadaPekora","floor":11},{"not_picked":["Hololive_CallShiranuiFlare","Hololive_CallInugamiKorone","Hololive_RevenueBasedLive","Hololive_Nanodesu","Hololive_Psychosis"],"picked":"SKIP","floor":12},{"not_picked":["Hololive_CocoNews","Hololive_ManjiGathering","Hololive_Rebound","Hololive_StrengthChampion","Hololive_CallNakiriAyame"],"picked":"SKIP","floor":13},{"not_picked":["Hololive_OvertimeWork","Hololive_LuckPotion","Hololive_CallYuzukiChoco","Hololive_CallAmaneKanata"],"picked":"Hololive_Breathe","floor":14},{"not_picked":["Hololive_Recruit","Hololive_ScarfAndHalo","Hololive_ASMR","Hololive_DiamondStrike"],"picked":"Hololive_BeCareful","floor":16},{"not_picked":["Hololive_CallCivia","Hololive_OvertimeWork","Hololive_RevenueBasedLive","Hololive_Drill","Hololive_CocoNews"],"picked":"SKIP","floor":18},{"not_picked":["Hololive_Drill+1","Hololive_Rebound+1","Hololive_OvertimeWork","Hololive_CocoNews"],"picked":"Hololive_Yoholoon","floor":19},{"not_picked":["Hololive_Spy+1","Hololive_LuckPotion+1","Hololive_Sequa","Hololive_StrengthChampion+1","Hololive_CallRosalyn"],"picked":"SKIP","floor":21},{"not_picked":["Hololive_HuntDinosaur","Hololive_Rebirth","Hololive_CallManoAloe","Hololive_FlyingPonyTail","Hololive_Psychosis"],"picked":"SKIP","floor":22},{"not_picked":["Hololive_CocoNews+1","Hololive_Rebound","Hololive_CallShiranuiFlare","Hololive_CallSpadeEcho"],"picked":"Hololive_CallMomosuzuNene+1","floor":23},{"not_picked":["Hololive_Rebound","Hololive_CallShishiroBotan","Hololive_HuntDinosaur+1","Hololive_CallDoris"],"picked":"Hololive_Yoholoon+1","floor":24},{"not_picked":["Hololive_HuntDinosaur","Hololive_CallAkaiHaato","Hololive_Spy","Hololive_Sequa","Hololive_CallYogiri"],"picked":"SKIP","floor":25},{"not_picked":["Hololive_CallTokoyamiTowa+1","Hololive_CallHoshimachiSuisei","Hololive_CallRosalyn","Hololive_RevenueBasedLive","Hololive_CallShishiroBotan"],"picked":"SKIP","floor":27},{"not_picked":["Hololive_CallShirakamiFubuki+1","Hololive_Psychosis+1","Hololive_CallFriendA+1","Hololive_Drill","Hololive_LuckPotion+1"],"picked":"SKIP","floor":28},{"not_picked":["Hololive_Sequa+1","Hololive_HighAtkLowDef","Hololive_StrengthChampion+1","Hololive_Rebound","Hololive_Trident+1"],"picked":"SKIP","floor":30},{"not_picked":["Hololive_Breathe","Hololive_Sequa","Hololive_CallUsadaPekora+1","Hololive_Rebound","Hololive_FlyingPonyTail+1"],"picked":"SKIP","floor":31},{"not_picked":["Hololive_BeCareful","Hololive_StarCraft","Hololive_Nanodesu","Hololive_Rebirth"],"picked":"Hololive_Thief","floor":33},{"not_picked":["Hololive_Trident+1","Hololive_FlyingPonyTail+1","Hololive_CallAZKi+1","Hololive_Psychosis+1","Hololive_CallOmaruPolka"],"picked":"SKIP","floor":35},{"not_picked":["Hololive_Trident+1","Hololive_Sequa","Hololive_StrengthChampion+1","Hololive_Teleport+1"],"picked":"Hololive_CandyCastle+1","floor":36},{"not_picked":["Hololive_OvertimeWork+1","Hololive_CallDoris+1","Hololive_Drill","Hololive_StrengthChampion+1","Hololive_CallRosalyn+1"],"picked":"SKIP","floor":37},{"not_picked":["Hololive_CallNekomataOkayu","Hololive_CallSpadeEcho","Hololive_Spy+1","Hololive_Watashimo","Hololive_CallArtia"],"picked":"SKIP","floor":38},{"not_picked":["Hololive_CocoNews+1","Hololive_Psychosis","Hololive_CallAiraniIofifteen","Hololive_Breathe+1","Hololive_RevenueBasedLive"],"picked":"SKIP","floor":39},{"not_picked":["Hololive_FlyingPonyTail+1","Hololive_OvertimeWork+1","Hololive_Trident","Hololive_CallMurasakiShion"],"picked":"Hololive_BeCareful","floor":40},{"not_picked":["Hololive_StrengthChampion","Hololive_FlyingPonyTail","Hololive_CallOzoraSubaru","Hololive_HuntDinosaur"],"picked":"Hololive_Thief","floor":42},{"not_picked":["Hololive_CallRosalyn+1","Hololive_SoulCatcher","Hololive_CallSakuraMiko+1","Hololive_CallHimemoriLuna","Hololive_Psychosis"],"picked":"SKIP","floor":44},{"not_picked":["Hololive_Sequa","Hololive_OvertimeWork+1","Hololive_CandyCastle","Hololive_CallYuzukiChoco","Hololive_CallAiraniIofifteen+1"],"picked":"SKIP","floor":45},{"not_picked":["Hololive_Breathe","Hololive_StrengthChampion","Hololive_HuntDinosaur+1","Hololive_Psychosis+1","Hololive_Drill"],"picked":"SKIP","floor":46},{"not_picked":["Hololive_Drill+1","Hololive_CallTokinoSora","Hololive_CallYozoraMel","Hololive_OvertimeWork","Hololive_CocoNews"],"picked":"SKIP","floor":48}],"player_experience":444471,"relics_obtained":[{"floor":1,"key":"Question Card"},{"floor":9,"key":"Ancient Tea Set"},{"floor":10,"key":"Dota2Spire:EchoSabre"},{"floor":12,"key":"War Paint"},{"floor":14,"key":"Toy Ornithopter"},{"floor":16,"key":"ImportantClient"},{"floor":23,"key":"Gremlin Food"},{"floor":25,"key":"Thread and Needle"},{"floor":26,"key":"HollowMod:LifeEnderRelic"},{"floor":34,"key":"Dota2Spire:PowerTreads"},{"floor":34,"key":"MagicDraw2"},{"floor":34,"key":"Replay:Towering Pillar of Hats"},{"floor":40,"key":"Eternal Feather"},{"floor":42,"key":"vexMod:BarristanHead"},{"floor":43,"key":"Dota2Spire:ArcaneBoots"},{"floor":44,"key":"Dota2Spire:MonkeyKingBar"},{"floor":48,"key":"CeramicFish"}],"event_choices":[{"damage_healed":0,"gold_gain":0,"player_choice":"Grow","damage_taken":0,"max_hp_gain":0,"max_hp_loss":0,"event_name":"Living Wall","floor":0,"gold_loss":0,"cards_upgraded":["Hololive_Breathe"]}],"is_beta":false,"boss_relics":[{"not_picked":["FrostBlade","Replay:Grab Bag"],"picked":"SynthV:MejaisSoulstealer"},{"not_picked":["Snecko Eye","Velvet Choker"],"picked":"Calling Bell"}],"items_purged_floors":[3,3,3,3,15,15,15,15,20,41,41,41],"is_endless":false,"potions_floor_spawned":[2,5,10,11,12,13,18,19,21,24,28,36,40,45,46],"ascension_level":4}}