{"host":"ko40t1o51xotjt2v","time":1607628184,"event":{"mods":["BaseMod","GifTheSpireLib","StSLib","AchievementEnabler","Downfall","Downfall-Rebalance","2.2 Compatiblity","Aspiration","Energized Spire","Halation","Hubris","Jedi Mod","MostiFishMod","Spikes Relics","Stuff the Spire","TestMod","Conspire","Spicy Shops","Minty Spire (QoL Compilation)","vexMod"],"gold_per_floor":[114,264,264,280,298,333,333,333,333],"floor_reached":8,"playtime":314,"items_purged":[],"score":70,"play_id":"f4ce3437-3615-407c-a53f-feb64811b60e","local_time":"20201210202304","is_ascension_mode":true,"campfire_choices":[{"data":"White Noise","floor":7,"key":"SMITH"}],"circlet_count":0,"master_deck":["Strike_B","Strike_B","Strike_B","Strike_B","Defend_B","Defend_B","Defend_B","Defend_B","Zap","Dualcast","Gash","White Noise","White Noise+1"],"relics":["Cracked Core","DaveBox","testmod-TestBox","BrkXgEgg","NeowsBlessing","Question Card","halation:YellowSoulGem","Bird Faced Urn"],"acts_visited":["Exordium"],"potions_floor_usage":[6],"damage_taken":[{"damage":0,"enemies":"conspire:RoseBush","floor":1,"turns":1},{"damage":0,"enemies":"Small Slimes","floor":4,"turns":1},{"damage":0,"enemies":"2 Louse","floor":5,"turns":1},{"damage":45,"enemies":"Gremlin Nob","floor":6,"turns":4},{"damage":40,"enemies":"Lagavulin","floor":8,"turns":7}],"seed_played":"7910375828643419425","potions_obtained":[{"floor":4,"key":"Regen Potion"}],"is_trial":false,"path_per_floor":["M","?","?","M","M","E","R","E"],"character_chosen":"DEFECT","items_purchased":[],"campfire_rested":0,"item_purchase_floors":[],"current_hp_per_floor":[75,75,75,75,75,35,35,0,0],"gold":333,"neow_bonus":"THREE_ENEMY_KILL","is_daily":false,"chose_seed":false,"campfire_upgraded":1,"win_rate":0,"timestamp":1607628184,"path_taken":["M","?","?","M","M","E","R","E"],"build_version":"2020-11-30","purchased_purges":0,"victory":false,"max_hp_per_floor":[75,75,75,75,75,75,75,75,75],"card_choices":[{"not_picked":["Leap","jedi:blockon"],"picked":"Gash","floor":1},{"not_picked":["Scrape","Rebound","Streamline","conspire:SharedLibrary"],"picked":"SKIP","floor":4},{"not_picked":["Go for the Eyes","Stack","jedi:BurstLightning"],"picked":"White Noise","floor":5},{"not_picked":["hubris:Ukulele","Rebound","Barrage"],"picked":"White Noise","floor":6}],"player_experience":413076,"relics_obtained":[{"floor":1,"key":"Question Card"},{"floor":6,"key":"Bird Faced Urn"}],"event_choices":[{"damage_healed":0,"gold_gain":150,"player_choice":"Sell","damage_taken":0,"max_hp_gain":0,"max_hp_loss":0,"event_name":"Plate Of N\u0027loth","floor":2,"relics_lost":["testmod-MagicalMallet"],"gold_loss":0}],"is_beta":false,"boss_relics":[],"items_purged_floors":[],"is_endless":false,"potions_floor_spawned":[4],"killed_by":"Lagavulin","ascension_level":5}}