{"host":"c10fjmjt4zmpjqlg","time":1607601462,"event":{"gold_per_floor":[118,135,135,135,135,162,162,189,215,240,252,252,177,193,193,318,318,338,353,268,268,282,320,345,384,431,119,119,158,158,158,158,277,277,295,315,17,33,56,56,95,95,95,114,114,114,149,165,165,165],"floor_reached":51,"playtime":1944,"items_purged":["Regret"],"score":846,"play_id":"976d54ac-1d7e-4a59-af82-1e398e602d47","local_time":"20201210225742","is_ascension_mode":true,"campfire_choices":[{"floor":7,"key":"REST"},{"floor":15,"key":"REST"},{"floor":28,"key":"REST"},{"floor":30,"key":"REST"},{"floor":32,"key":"REST"},{"floor":40,"key":"REST"},{"floor":42,"key":"REST"},{"data":"Corruption","floor":49,"key":"SMITH"}],"neow_cost":"NONE","seed_source_timestamp":1135949539906241616,"circlet_count":0,"master_deck":["Strike_R+1","Strike_R","Strike_R","Strike_R+1","Strike_R","Defend_R","Defend_R","Defend_R","Defend_R","Bash+1","Metallicize","Rampage","Clothesline","Power Through","Cleave","Ghostly Armor","Corruption+1","Whirlwind+1","Sword Boomerang","Armaments+1","Infernal Blade+1","Sword Boomerang+1","Second Wind+1","Reaper","Limit Break+1","Thunderclap","Twin Strike+1","Spot Weakness+1","Armaments+1","Inflame","Thunderclap","Limit Break+1","Spot Weakness+1","Armaments+1"],"relics":["Burning Blood","Art of War","Letter Opener","Question Card","Boot","Red Skull","Golden Idol","Mark of Pain","Toxic Egg 2","Toy Ornithopter","Smiling Mask","Anchor","Strange Spoon","Tiny Chest","Matryoshka","Snecko Eye","Torii","Bottled Tornado","Orichalcum","White Beast Statue","Oddly Smooth Stone","Self Forming Clay","Ornamental Fan"],"potions_floor_usage":[6,6,16,22,24,29,33,50,50,50],"damage_taken":[{"damage":7,"enemies":"Small Slimes","floor":1,"turns":5},{"damage":0,"enemies":"2 Louse","floor":2,"turns":3},{"damage":31,"enemies":"3 Sentries","floor":6,"turns":12},{"damage":26,"enemies":"Gremlin Nob","floor":8,"turns":5},{"damage":38,"enemies":"Lagavulin","floor":10,"turns":6},{"damage":6,"enemies":"Jaw Worm","floor":11,"turns":3},{"damage":9,"enemies":"2 Fungi Beasts","floor":14,"turns":3},{"damage":27,"enemies":"Hexaghost","floor":16,"turns":12},{"damage":29,"enemies":"Spheric Guardian","floor":18,"turns":5},{"damage":12,"enemies":"Chosen","floor":19,"turns":5},{"damage":20,"enemies":"Shelled Parasite and Fungi","floor":22,"turns":4},{"damage":27,"enemies":"Book of Stabbing","floor":23,"turns":6},{"damage":7,"enemies":"Centurion and Healer","floor":24,"turns":10},{"damage":19,"enemies":"Slavers","floor":25,"turns":2},{"damage":35,"enemies":"Book of Stabbing","floor":29,"turns":6},{"damage":75,"enemies":"Collector","floor":33,"turns":10},{"damage":42,"enemies":"3 Darklings","floor":35,"turns":5},{"damage":0,"enemies":"Orb Walker","floor":36,"turns":3},{"damage":39,"enemies":"Transient","floor":38,"turns":5},{"damage":27,"enemies":"Sphere and 2 Shapes","floor":39,"turns":4},{"damage":30,"enemies":"Giant Head","floor":41,"turns":6},{"damage":12,"enemies":"Spire Growth","floor":44,"turns":4},{"damage":2,"enemies":"Nemesis","floor":47,"turns":5},{"damage":0,"enemies":"Writhing Mass","floor":48,"turns":4},{"damage":42,"enemies":"Time Eater","floor":50,"turns":8}],"seed_played":"-4114393717038609747","potions_obtained":[{"floor":1,"key":"SkillPotion"},{"floor":2,"key":"SkillPotion"},{"floor":8,"key":"SpeedPotion"},{"floor":16,"key":"AttackPotion"},{"floor":19,"key":"Dexterity Potion"},{"floor":25,"key":"AttackPotion"},{"floor":29,"key":"Regen Potion"},{"floor":35,"key":"CultistPotion"},{"floor":36,"key":"BloodPotion"},{"floor":44,"key":"Explosive Potion"}],"is_trial":false,"path_per_floor":["M","M","$","?","?","E","R","E","T","E","M","?","$","M","R","B",null,"M","M","?","?","M","E","M","E","T","$","R","E","R","?","R","B",null,"M","M","$","M","M","R","E","R","T","M","?","T","E","M","R","B",null],"character_chosen":"IRONCLAD","items_purchased":["Strange Spoon","Tiny Chest","Torii"],"campfire_rested":7,"item_purchase_floors":[27,27,37],"current_hp_per_floor":[79,80,80,80,64,39,63,43,43,11,11,11,11,8,32,11,80,57,51,51,51,37,16,20,7,7,7,31,7,31,31,55,7,80,54,65,65,37,36,60,52,76,76,75,75,75,80,80,80,65],"gold":165,"neow_bonus":"UPGRADE_CARD","is_prod":false,"is_daily":false,"chose_seed":false,"campfire_upgraded":1,"win_rate":0,"timestamp":1607601462,"path_taken":["M","M","$","?","?","E","R","E","T","E","M","?","?","M","R","BOSS","M","M","?","?","M","E","M","E","T","$","R","E","R","?","R","BOSS","M","M","$","M","?","R","E","R","T","M","?","?","E","M","R","BOSS"],"build_version":"2020-11-30","purchased_purges":1,"victory":true,"max_hp_per_floor":[80,80,80,80,80,80,80,80,80,80,80,80,80,80,80,80,80,80,80,80,80,80,80,80,80,80,80,80,80,80,80,80,80,80,80,80,80,80,80,80,80,80,80,80,80,80,80,80,80,80],"relic_stats":{"Torii":7,"counters":[25,141],"Golden Idol":154,"Self Forming Clay":[21],"Letter Opener":[92],"Orichalcum":[0],"Question Card":20,"Boot":[96],"Smiling Mask":0,"Burning Blood":134,"Strange Spoon":[58],"Ornamental Fan":[20],"Snecko Eye":[58,80,60,82],"Tiny Chest":1,"Art of War":[3],"obtain_stats":[{"Torii":37,"Golden Idol":12,"Self Forming Clay":46,"Oddly Smooth Stone":46,"Letter Opener":6,"Bottled Tornado":41,"Orichalcum":43,"Question Card":8,"Boot":9,"Smiling Mask":25,"Burning Blood":0,"White Beast Statue":43,"Strange Spoon":27,"Anchor":26,"Matryoshka":29,"Ornamental Fan":47,"Snecko Eye":34,"Tiny Chest":27,"Mark of Pain":17,"Art of War":4,"Toxic Egg 2":20,"Red Skull":10,"Toy Ornithopter":23},{"Torii":18,"Golden Idol":6,"Self Forming Clay":22,"Oddly Smooth Stone":22,"Letter Opener":3,"Bottled Tornado":21,"Orichalcum":21,"Question Card":4,"Boot":4,"Smiling Mask":14,"Burning Blood":0,"White Beast Statue":21,"Strange Spoon":14,"Anchor":14,"Matryoshka":15,"Ornamental Fan":23,"Snecko Eye":16,"Tiny Chest":14,"Mark of Pain":8,"Art of War":2,"Toxic Egg 2":10,"Red Skull":5,"Toy Ornithopter":12},{"Torii":105,"Golden Idol":34,"Self Forming Clay":124,"Oddly Smooth Stone":124,"Letter Opener":20,"Bottled Tornado":120,"Orichalcum":120,"Question Card":25,"Boot":25,"Smiling Mask":81,"Burning Blood":0,"White Beast Statue":120,"Strange Spoon":81,"Anchor":81,"Matryoshka":87,"Ornamental Fan":129,"Snecko Eye":97,"Tiny Chest":81,"Mark of Pain":49,"Art of War":8,"Toxic Egg 2":59,"Red Skull":31,"Toy Ornithopter":69}],"Toy Ornithopter":20},"card_choices":[{"not_picked":["Dropkick","Rampage"],"picked":"Metallicize","floor":1},{"not_picked":["Shrug It Off","Anger"],"picked":"Iron Wave","floor":2},{"not_picked":["Wild Strike","Combust"],"picked":"Rampage","floor":6},{"not_picked":["Searing Blow","Bloodletting"],"picked":"Clothesline","floor":8},{"not_picked":["Dual Wield","Twin Strike","Rupture"],"picked":"Power Through","floor":10},{"not_picked":["Shrug It Off","Perfected Strike","Pommel Strike"],"picked":"Cleave","floor":11},{"not_picked":["Clash","Heavy Blade","Bludgeon"],"picked":"Ghostly Armor","floor":14},{"not_picked":["Brutality","Juggernaut","Reaper"],"picked":"Corruption","floor":16},{"not_picked":["Battle Trance","Twin Strike","Shrug It Off"],"picked":"Whirlwind+1","floor":18},{"not_picked":["Hemokinesis","Body Slam","Shrug It Off"],"picked":"Sword Boomerang","floor":19},{"not_picked":["Twin Strike","Rage+1","Anger"],"picked":"Armaments+1","floor":22},{"not_picked":["Twin Strike","Disarm+1","Reaper"],"picked":"Infernal Blade+1","floor":23},{"not_picked":["Fire Breathing","Reckless Charge+1","Wild Strike"],"picked":"Sword Boomerang+1","floor":24},{"not_picked":["Bloodletting+1","Searing Blow","Anger"],"picked":"Second Wind+1","floor":25},{"not_picked":["Iron Wave","Perfected Strike+1","Reckless Charge"],"picked":"Reaper","floor":29},{"not_picked":["Exhume+1","Offering+1","Berserk"],"picked":"Limit Break+1","floor":33},{"not_picked":["Body Slam","Burning Pact+1","Twin Strike"],"picked":"Thunderclap","floor":35},{"not_picked":["Disarm+1","Wild Strike","Battle Trance+1"],"picked":"Twin Strike+1","floor":36},{"not_picked":["Impervious+1","Sword Boomerang","Seeing Red+1"],"picked":"Spot Weakness+1","floor":38},{"not_picked":["Headbutt+1","Fire Breathing","Perfected Strike"],"picked":"Armaments+1","floor":39},{"not_picked":["True Grit+1","Anger","Fire Breathing"],"picked":"Inflame","floor":41},{"not_picked":["Iron Wave","Rampage+1","Perfected Strike"],"picked":"Thunderclap","floor":44},{"not_picked":["Battle Trance+1","Whirlwind","Bludgeon"],"picked":"Spot Weakness+1","floor":47},{"not_picked":["Disarm+1","True Grit+1","Rage+1"],"picked":"Armaments+1","floor":48}],"player_experience":306288,"relics_obtained":[{"floor":6,"key":"Letter Opener"},{"floor":8,"key":"Question Card"},{"floor":9,"key":"Boot"},{"floor":10,"key":"Red Skull"},{"floor":23,"key":"Toy Ornithopter"},{"floor":25,"key":"Smiling Mask"},{"floor":26,"key":"Anchor"},{"floor":29,"key":"Matryoshka"},{"floor":41,"key":"Bottled Tornado"},{"floor":43,"key":"Orichalcum"},{"floor":43,"key":"White Beast Statue"},{"floor":46,"key":"Oddly Smooth Stone"},{"floor":46,"key":"Self Forming Clay"},{"floor":47,"key":"Ornamental Fan"}],"event_choices":[{"damage_healed":0,"gold_gain":0,"player_choice":"Box","damage_taken":0,"relics_obtained":["Art of War"],"max_hp_gain":0,"max_hp_loss":0,"event_name":"Big Fish","floor":4,"gold_loss":0,"cards_obtained":["Regret"]},{"damage_healed":0,"gold_gain":0,"player_choice":"Entered Light","damage_taken":16,"max_hp_gain":0,"max_hp_loss":0,"event_name":"Shining Light","floor":5,"gold_loss":0,"cards_upgraded":["Strike_R","Strike_R"]},{"damage_healed":0,"gold_gain":0,"player_choice":"Take Wound","damage_taken":0,"relics_obtained":["Golden Idol"],"max_hp_gain":0,"max_hp_loss":0,"event_name":"Golden Idol","floor":12,"gold_loss":0,"cards_obtained":["Injury"]},{"damage_healed":0,"gold_gain":0,"player_choice":"Obtained Relic","damage_taken":0,"relics_obtained":["Toxic Egg 2"],"max_hp_gain":0,"max_hp_loss":0,"event_name":"Addict","floor":20,"gold_loss":85},{"cards_removed":["Iron Wave"],"damage_healed":0,"gold_gain":0,"player_choice":"Elegance","damage_taken":0,"max_hp_gain":0,"max_hp_loss":0,"event_name":"Back to Basics","floor":21,"gold_loss":0},{"cards_removed":["Injury"],"damage_healed":0,"gold_gain":0,"player_choice":"Removed Curses","damage_taken":0,"max_hp_gain":0,"max_hp_loss":0,"event_name":"Fountain of Cleansing","floor":31,"gold_loss":0},{"damage_healed":0,"gold_gain":0,"player_choice":"Copied","damage_taken":0,"max_hp_gain":0,"max_hp_loss":0,"event_name":"Duplicator","floor":45,"gold_loss":0,"cards_obtained":["Limit Break"]}],"is_beta":false,"boss_relics":[{"not_picked":["Fusion Hammer","Astrolabe"],"picked":"Mark of Pain"},{"not_picked":["Coffee Dripper","Busted Crown"],"picked":"Snecko Eye"}],"items_purged_floors":[13],"is_endless":false,"potions_floor_spawned":[1,2,8,16,19,25,29,35,36,44,47,48],"ascension_level":1}}