{"host":"bq442wlpwbozasgc","time":1607618795,"event":{"mods":["BaseMod","StSLib","Minty Spire (QoL Compilation)","Quick Restart","SuperFastMode","Replay The Spire"],"gold_per_floor":[114,114,126,126,151,177,177,196,221,252,252,271,271,286,286,387,387,354,64,75,93,106,131,143,175,262,290,302,314,326,12,12,40,40,143,143,157,177,189,203,203,203,22,48,48,77,89,89,89,139,139,139],"floor_reached":53,"playtime":6642,"items_purged":["Overencumbered","Doubt"],"score":667,"play_id":"ae4b32b3-ccac-48b4-9a06-ceea427c3558","local_time":"20201211014635","is_ascension_mode":false,"campfire_choices":[{"data":"Genetic Algorithm","floor":7.0,"key":"SMITH"},{"data":"Doom and Gloom","floor":11.0,"key":"SMITH"},{"data":"Seek","floor":30.0,"key":"SMITH"},{"data":"Amplify","floor":32.0,"key":"SMITH"},{"data":"Amnesia","floor":34.0,"key":"PURGE"},{"data":"ReplayTheSpireMod:Fabricate Wheel","floor":42.0,"key":"SMITH"},{"data":"Apotheosis","floor":48.0,"key":"SMITH"},{"data":"Strike_B","floor":51.0,"key":"PURGE"}],"circlet_count":0,"master_deck":["Strike_B","Strike_B+1","Defend_B","Defend_B+1","Defend_B+1","Defend_B","Dualcast","Genetic Algorithm+1","Creative AI+1","Loop+1","Redo","Doom and Gloom+1","Cold Snap","Iron Wave+1","Hologram","Seek+1","Amplify+1","Chaos+1","Multi-Cast","Reinforced Body","ReplayTheSpireMod:Omega Cannon","Compile Driver","Purity","Master of Strategy","Stack+1","Reinforced Body","Go for the Eyes+1","Apotheosis+1","Creative AI+1","Amplify","Heatsinks+1","Consume+1","Replay:Sssssssssshield","Finesse","Finesse","Defragment+1"],"special_seed":0,"relics":["Cracked Core","NeowsBlessing","Bag of Preparation","Frozen Egg 2","Orichalcum","TungstenRod","Replay:Ancient Bell","Blue Doll","Mummified Hand","Bird Faced Urn","Chemical X","MawBank","Snack Pack","Question Card","Boot","Nuclear Battery","Ring of Shattering","Prayer Wheel","Replay:Rubber Ducky","Simple Rune","Whetstone","Replay:Multitool"],"acts_visited":["Exordium","TheCity","TheBeyond"],"potions_floor_usage":[],"damage_taken":[{"damage":0.0,"enemies":"Jaw Worm","floor":1.0,"turns":1.0},{"damage":0.0,"enemies":"2 Louse","floor":3.0,"turns":1.0},{"damage":0.0,"enemies":"3 Sentries","floor":6.0,"turns":1.0},{"damage":3.0,"enemies":"Cultist","floor":8.0,"turns":4.0},{"damage":16.0,"enemies":"Lagavulin","floor":10.0,"turns":8.0},{"damage":3.0,"enemies":"Looter","floor":12.0,"turns":3.0},{"damage":9.0,"enemies":"Gremlin Gang","floor":14.0,"turns":4.0},{"damage":15.0,"enemies":"Fading Forest","floor":16.0,"turns":11.0},{"damage":27.0,"enemies":"2 Thieves","floor":18.0,"turns":5.0},{"damage":0.0,"enemies":"Chosen","floor":20.0,"turns":6.0},{"damage":20.0,"enemies":"Centurion and Healer","floor":21.0,"turns":6.0},{"damage":12.0,"enemies":"Sentry and Sphere","floor":22.0,"turns":8.0},{"damage":8.0,"enemies":"Replay:Snechameleon","floor":23.0,"turns":3.0},{"damage":4.0,"enemies":"Chosen and Byrds","floor":25.0,"turns":5.0},{"damage":1.0,"enemies":"Cultist and Chosen","floor":27.0,"turns":7.0},{"damage":30.0,"enemies":"Slavers","floor":33.0,"turns":5.0},{"damage":19.0,"enemies":"Champ","floor":35.0,"turns":9.0},{"damage":0.0,"enemies":"3 Shapes","floor":37.0,"turns":4.0},{"damage":7.0,"enemies":"3 Darklings","floor":38.0,"turns":6.0},{"damage":40.0,"enemies":"Writhing Mass","floor":39.0,"turns":6.0},{"damage":25.0,"enemies":"Spire Growth","floor":40.0,"turns":8.0},{"damage":8.0,"enemies":"R_Hoarder","floor":44.0,"turns":7.0},{"damage":0.0,"enemies":"Nemesis","floor":46.0,"turns":5.0},{"damage":0.0,"enemies":"4 Shapes","floor":47.0,"turns":6.0},{"damage":0.0,"enemies":"Mind Bloom Boss Battle","floor":50.0,"turns":6.0},{"damage":0,"enemies":"Replay:Hell Engine","floor":52,"turns":10}],"seed_played":"-5730502078691460877","potions_obtained":[{"floor":1.0,"key":"Weak Potion"},{"floor":3.0,"key":"GamblersBrew"},{"floor":10.0,"key":"Strength Potion"},{"floor":12.0,"key":"CultistPotion"},{"floor":20.0,"key":"Languid Potion"},{"floor":23.0,"key":"Adrenaline Potion"},{"floor":35.0,"key":"SkillPotion"},{"floor":39.0,"key":"Block Potion"},{"floor":46.0,"key":"AttackPotion"}],"is_trial":false,"path_per_floor":["M","?","M","?","T","E","R","M","T","E","R","M","?","M","R","B",null,"M","$","M","M","M","E","T","M","T","M","PTL","PTL","R","$","R","E","R","B",null,"M","M","M","M","?","R","$","E","T","E","M","R","?","?","R","B",null],"character_chosen":"DEFECT","items_purchased":["Chemical X","Multi-Cast","Purity","Master of Strategy","Apotheosis","Creative AI+1"],"campfire_rested":0,"item_purchase_floors":[19,19,31,31,43,43],"current_hp_per_floor":[75,80,80,80,80,80,80,77,77,61,61,58,58,49,49,48,80,61,61,75,63,80,76,76,80,80,80,80,80,80,80,80,56,56,59,80,80,80,60,69,69,69,69,80,80,80,80,80,71,80,80,80],"gold":139,"neow_bonus":"THREE_ENEMY_KILL","is_daily":false,"chose_seed":false,"campfire_upgraded":6,"win_rate":0.0,"timestamp":1607618795,"path_taken":["M","?","M","?","?","E","R","M","T","E","R","?","?","M","R","BOSS","M","$","M","M","?","E","?","M","T","M","PTL","PTL","R","?","R","E","R","BOSS","M","M","M","?","?","R","$","E","T","E","M","R","?","?","R","BOSS"],"build_version":"2020-11-30","purchased_purges":2,"victory":true,"max_hp_per_floor":[75,80,80,80,80,80,80,80,80,80,80,80,80,80,80,80,80,80,80,80,80,80,80,80,80,80,80,80,80,80,80,80,80,80,80,80,80,80,80,80,80,80,80,80,80,80,80,80,80,80,80,80],"card_choices":[{"not_picked":["Rip and Tear","Leap"],"picked":"Coolheaded","floor":1.0},{"not_picked":["Loop","Reprogram"],"picked":"Genetic Algorithm","floor":3.0},{"not_picked":["Ball Lightning","Cold Snap"],"picked":"Loop+1","floor":6.0},{"not_picked":["Steam","Gash"],"picked":"Redo","floor":8.0},{"not_picked":["Conserve Battery","Steam"],"picked":"Doom and Gloom","floor":10.0},{"not_picked":["Ball Lightning","Hello World+1"],"picked":"Cold Snap","floor":12.0},{"not_picked":["Barrage","Cold Snap"],"picked":"Hologram","floor":14.0},{"not_picked":["ReplayRNGCard","Mirror Shield"],"picked":"Amplify","floor":16.0},{"not_picked":["AbeCurse","Normality"],"picked":"Doubt","floor":17.0},{"not_picked":["Writhe","Replay:Hysterical Blindness"],"picked":"Amnesia","floor":17.0},{"not_picked":["ReplayTheSpireMod:Restless Dread","Normality"],"picked":"Overencumbered","floor":17.0},{"not_picked":["Panic Button+1","Capacitor+1"],"picked":"Chaos+1","floor":18.0},{"not_picked":["Stack+1","ReplaySort","Ball Lightning"],"picked":"SKIP","floor":20.0},{"not_picked":["ReplayTheSpireMod:Repulse","Leap","Sweeping Beam"],"picked":"SKIP","floor":21.0},{"not_picked":["Ball Lightning","Steam"],"picked":"Reinforced Body","floor":22.0},{"not_picked":["Storm+1","Capacitor+1"],"picked":"ReplayTheSpireMod:Omega Cannon","floor":23.0},{"not_picked":["ReplayTheSpireMod:Repulse+1","Panic Button"],"picked":"Compile Driver","floor":25.0},{"not_picked":["Double Energy","Panic Button","Cold Snap","Compile Driver+1"],"picked":"SKIP","floor":27.0},{"not_picked":["All For One","Redo","BasicCrystalCard"],"picked":"Stack+1","floor":33.0},{"not_picked":["Machine Learning+1","ReplayRNGCard","Mirror Shield"],"picked":"ReplayTheSpireMod:Fabricate Wheel","floor":35.0},{"not_picked":["Leap","BasicCrystalCard","Panic Button+1"],"picked":"Reinforced Body","floor":37.0},{"not_picked":["Ball Lightning+1","Beam Cell","Cold Snap","Doom and Gloom+1"],"picked":"SKIP","floor":38.0},{"not_picked":["Doom and Gloom","Melter","Barrage"],"picked":"Go for the Eyes+1","floor":39.0},{"not_picked":["Reprogram+1","Compile Driver","ReplaySort+1","Leap+1"],"picked":"SKIP","floor":40.0},{"not_picked":["Genetic Algorithm","Cold Snap+1","Fission"],"picked":"Heatsinks+1","floor":44.0},{"not_picked":["Steam+1","Panic Button+1","Go for the Eyes","Leap+1"],"picked":"SKIP","floor":46.0},{"not_picked":["Streamline","Compile Driver+1","Steam"],"picked":"Consume+1","floor":47.0},{"not_picked":["Barrage","Cold Snap","ReplaySort","Blizzard"],"picked":"SKIP","floor":47.0},{"not_picked":["Trip","Specialist+1","Replay:Parry"],"picked":"Replay:Sssssssssshield","floor":49.0},{"not_picked":["Panacea","Violence","Transmutation"],"picked":"Finesse","floor":49.0},{"not_picked":["Poisoned Strike","Panacea","Impatience"],"picked":"Finesse","floor":49.0},{"not_picked":["Heatsinks+1","Redo","Leap+1"],"picked":"Defragment+1","floor":50.0}],"player_experience":112,"relics_obtained":[{"floor":5.0,"key":"Bag of Preparation"},{"floor":6.0,"key":"Frozen Egg 2"},{"floor":9.0,"key":"Orichalcum"},{"floor":10.0,"key":"TungstenRod"},{"floor":23.0,"key":"MawBank"},{"floor":24.0,"key":"Snack Pack"},{"floor":26.0,"key":"Question Card"},{"floor":33.0,"key":"Boot"},{"floor":41.0,"key":"Ring of Shattering"},{"floor":44.0,"key":"Replay:Rubber Ducky"},{"floor":45.0,"key":"Simple Rune"},{"floor":46.0,"key":"Whetstone"},{"floor":50.0,"key":"Replay:Multitool"}],"event_choices":[{"damage_healed":0.0,"max_hp_gain":5.0,"max_hp_loss":0.0,"gold_gain":0.0,"event_name":"Big Fish","player_choice":"Donut","floor":2.0,"gold_loss":0.0,"damage_taken":0.0},{"cards_removed":["Zap"],"damage_healed":0.0,"max_hp_gain":0.0,"max_hp_loss":0.0,"gold_gain":0.0,"event_name":"NoteForYourself","player_choice":"Took Card","floor":13.0,"gold_loss":0.0,"damage_taken":0.0,"cards_obtained":["Iron Wave"]},{"damage_healed":0.0,"max_hp_gain":0.0,"max_hp_loss":0.0,"gold_gain":0.0,"event_name":"SensoryStone","player_choice":"Memory 3","floor":49.0,"gold_loss":0.0,"damage_taken":10.0},{"damage_healed":0.0,"max_hp_gain":0.0,"max_hp_loss":0.0,"gold_gain":0.0,"event_name":"MindBloom","player_choice":"Fight","floor":50.0,"gold_loss":0.0,"damage_taken":0.0}],"is_beta":false,"boss_relics":[{"not_picked":["Sozu","ReplayTheSpireMod:DimensionalGlitch"],"picked":"Replay:Ancient Bell"},{"not_picked":["Regal Pillow","Vajra"],"picked":"Blue Doll"},{"not_picked":["Replay:Bottled Flurry","Kunai"],"picked":"Mummified Hand"},{"not_picked":["Mango","Calipers"],"picked":"Bird Faced Urn"},{"not_picked":["Replay:Wanted Poster","Cursed Key"],"picked":"Nuclear Battery"}],"items_purged_floors":[19,31],"is_endless":false,"potions_floor_spawned":[1,3,10,12,20,21,22,23,35,39,40,46],"ascension_level":0}}