{"host":"n4fty02wqqi95laq","time":1607604073,"event":{"gold_per_floor":[368,385,355,280,292,318,337,337,337,337,356,356,386,118,118,118,118],"floor_reached":16,"playtime":411,"items_purged":["Writhe","Strike_R"],"score":320,"play_id":"c2dd8371-4d1c-4817-a5f4-43d7c499cd2a","local_time":"20201210204113","is_ascension_mode":true,"campfire_choices":[{"data":"Armaments","floor":15,"key":"SMITH"}],"neow_cost":"CURSE","seed_source_timestamp":454485161031100,"circlet_count":0,"master_deck":["AscendersBane","Strike_R","Strike_R+1","Strike_R","Strike_R+1","Defend_R","Defend_R","Defend_R","Defend_R","Bash","Sword Boomerang","Armaments+1","Fire Breathing","Evolve","Berserk","Corruption"],"special_seed":0,"relics":["Burning Blood","InkBottle","Bronze Scales","Toxic Egg 2","Ancient Tea Set"],"potions_floor_usage":[13,16,16],"damage_taken":[{"damage":11.0,"enemies":"2 Louse","floor":1.0,"turns":3.0},{"damage":1.0,"enemies":"Cultist","floor":2.0,"turns":3.0},{"damage":4.0,"enemies":"Small Slimes","floor":5.0,"turns":4.0},{"damage":4.0,"enemies":"Lagavulin","floor":6.0,"turns":5.0},{"damage":4.0,"enemies":"Red Slaver","floor":7.0,"turns":3.0},{"damage":12.0,"enemies":"Looter","floor":11.0,"turns":3.0},{"damage":8,"enemies":"Gremlin Nob","floor":13,"turns":3}],"seed_played":"1621269484177230116","potions_obtained":[{"floor":3.0,"key":"DuplicationPotion"},{"floor":3.0,"key":"AttackPotion"},{"floor":6.0,"key":"AttackPotion"},{"floor":7.0,"key":"SpeedPotion"},{"floor":11.0,"key":"PowerPotion"},{"floor":13,"key":"BloodPotion"}],"is_trial":false,"path_per_floor":["M","M","?","$","M","E","M","?","T","?","M","?","E","$","R","B"],"character_chosen":"IRONCLAD","items_purchased":["Corruption"],"campfire_rested":0,"item_purchase_floors":[14],"current_hp_per_floor":[63,68,68,68,70,72,74,69,69,46,40,40,38,38,38,0,0],"gold":118,"neow_bonus":"TWO_FIFTY_GOLD","is_prod":false,"is_daily":false,"chose_seed":false,"campfire_upgraded":1,"win_rate":0,"timestamp":1607604073,"path_taken":["M","M","?","$","?","E","M","?","T","?","M","?","E","$","R","BOSS"],"build_version":"2020-11-30","purchased_purges":2,"victory":false,"max_hp_per_floor":[75,75,75,75,75,75,75,75,75,75,75,75,75,75,75,75,75],"card_choices":[{"not_picked":["Havoc","Iron Wave","Heavy Blade"],"picked":"SKIP","floor":1.0},{"not_picked":["Shockwave","Perfected Strike"],"picked":"Sword Boomerang","floor":2.0},{"not_picked":["Intimidate","Reckless Charge"],"picked":"Armaments","floor":5.0},{"not_picked":["Reckless Charge","Flame Barrier"],"picked":"Whirlwind","floor":6.0},{"not_picked":["Pommel Strike","Clothesline"],"picked":"Fire Breathing","floor":7.0},{"not_picked":["Thunderclap","Perfected Strike","Headbutt"],"picked":"SKIP","floor":11.0},{"not_picked":["Reaper","Pommel Strike"],"picked":"Berserk","floor":13}],"player_experience":608794,"relics_obtained":[{"floor":6.0,"key":"InkBottle"},{"floor":9.0,"key":"Toxic Egg 2"},{"floor":13,"key":"Ancient Tea Set"}],"event_choices":[{"damage_healed":0.0,"max_hp_gain":0.0,"max_hp_loss":0.0,"gold_gain":0.0,"event_name":"The Woman in Blue","player_choice":"Bought 2 Potions","floor":3.0,"gold_loss":0.0,"damage_taken":0.0},{"damage_healed":0.0,"max_hp_gain":0.0,"max_hp_loss":0.0,"gold_gain":0.0,"event_name":"Scrap Ooze","player_choice":"Success","floor":8.0,"gold_loss":0.0,"damage_taken":5.0,"relics_obtained":["Bronze Scales"]},{"damage_healed":0.0,"max_hp_gain":0.0,"max_hp_loss":0.0,"gold_gain":0.0,"event_name":"Shining Light","player_choice":"Entered Light","floor":10.0,"gold_loss":0.0,"damage_taken":23.0,"cards_upgraded":["Strike_R","Strike_R"]},{"damage_healed":0.0,"max_hp_gain":0.0,"max_hp_loss":0.0,"gold_gain":0.0,"cards_transformed":["Whirlwind"],"event_name":"Transmorgrifier","player_choice":"Transformed","floor":12.0,"gold_loss":0.0,"damage_taken":0.0,"cards_obtained":["Evolve"]}],"is_beta":false,"boss_relics":[],"items_purged_floors":[4,14],"is_endless":false,"potions_floor_spawned":[6,7,11,13],"killed_by":"The Guardian","ascension_level":20}}