{"host":"87fdiiwflhrwsj8a","time":1607577976,"event":{"gold_per_floor":[117,117,117,134,134,134,165,176,176,194,194,194,209,224,224,224,224],"floor_reached":16,"playtime":337,"items_purged":[],"score":204,"play_id":"f69f3aeb-52e5-4799-80e5-7464a13f3d02","local_time":"20201210002616","is_ascension_mode":true,"campfire_choices":[{"data":"Barrage","floor":6.0,"key":"SMITH"},{"floor":12,"key":"REST"},{"data":"Chaos","floor":15,"key":"SMITH"}],"neow_cost":"NONE","seed_source_timestamp":132631664864800,"circlet_count":0,"master_deck":["AscendersBane","Strike_B","Strike_B","Strike_B","Strike_B","Defend_B","Defend_B","Defend_B","Defend_B","Zap","Dualcast","Beam Cell","Ball Lightning","Barrage+1","Chaos+1","Coolheaded"],"special_seed":0,"relics":["Inserter","StuffTheSpire:Mouthbags","Bottled Flame","Kunai"],"potions_floor_usage":[16],"damage_taken":[{"damage":6.0,"enemies":"Jaw Worm","floor":1.0,"turns":4.0},{"damage":7.0,"enemies":"2 Louse","floor":4.0,"turns":3.0},{"damage":30.0,"enemies":"Lagavulin","floor":7.0,"turns":5.0},{"damage":0.0,"enemies":"Cultist","floor":8.0,"turns":3.0},{"damage":0.0,"enemies":"Exordium Wildlife","floor":10.0,"turns":2.0},{"damage":2,"enemies":"Looter","floor":13,"turns":3},{"damage":18,"enemies":"3 Louse","floor":14,"turns":4},{"damage":22,"enemies":"Slime Boss","floor":16,"turns":4}],"seed_played":"-1872634040117835891","potions_obtained":[{"floor":1.0,"key":"SkillPotion"},{"floor":7.0,"key":"EssenceOfSteel"},{"floor":14,"key":"Fire Potion"}],"is_trial":false,"path_per_floor":["M","?","?","M","?","R","E","M","T","M","?","R","M","M","R","B"],"character_chosen":"DEFECT","items_purchased":[],"campfire_rested":1,"item_purchase_floors":[],"current_hp_per_floor":[58,47,47,40,40,40,10,10,10,10,10,31,29,11,11,0,0],"gold":224,"neow_bonus":"BOSS_RELIC","is_prod":false,"is_daily":false,"chose_seed":false,"campfire_upgraded":2,"win_rate":0,"timestamp":1607577976,"path_taken":["M","?","?","?","?","R","E","M","T","M","?","R","M","M","R","BOSS"],"build_version":"2020-11-30","purchased_purges":0,"victory":false,"max_hp_per_floor":[71,71,71,71,71,71,71,71,71,71,71,71,71,71,71,71,71],"card_choices":[{"not_picked":["BootSequence","Reinforced Body"],"picked":"Barrage","floor":1.0},{"not_picked":["Conserve Battery","aspiration:Polymerization"],"picked":"Ball Lightning","floor":4.0},{"not_picked":["Stack","Undo","Beam Cell"],"picked":"SKIP","floor":7.0},{"not_picked":["Rebound","Turbo","Compile Driver"],"picked":"SKIP","floor":8.0},{"not_picked":["Go for the Eyes","StuffTheSpire:Synthwave","Compile Driver"],"picked":"SKIP","floor":10.0},{"not_picked":["Steam","Reinforced Body"],"picked":"Chaos","floor":13},{"not_picked":["Leap","Stack"],"picked":"Coolheaded","floor":14}],"player_experience":2518433,"relics_obtained":[{"floor":7.0,"key":"Bottled Flame"},{"floor":9.0,"key":"Kunai"}],"event_choices":[{"damage_healed":0.0,"max_hp_gain":0.0,"max_hp_loss":0.0,"gold_gain":0.0,"event_name":"betterThird:BetterScrap","player_choice":"Relic ","floor":2.0,"gold_loss":0.0,"damage_taken":11.0,"cards_obtained":["StuffTheSpire:Repulse"]},{"damage_healed":0.0,"max_hp_gain":0.0,"max_hp_loss":0.0,"gold_gain":0.0,"event_name":"betterNote:BetterNote","player_choice":"Take","floor":3.0,"gold_loss":0.0,"damage_taken":0.0,"cards_obtained":["Beam Cell"]},{"damage_healed":0,"gold_gain":0,"player_choice":"Searched \u00271\u0027 times","damage_taken":0,"max_hp_gain":0,"max_hp_loss":0,"event_name":"Dead Adventurer","floor":11,"gold_loss":0}],"is_beta":false,"boss_relics":[],"items_purged_floors":[],"is_endless":false,"potions_floor_spawned":[1,7,14],"killed_by":"Slime Boss","ascension_level":20}}