{"host":"8dpalrttb7ksmhgg","time":1607569362,"event":{"gold_per_floor":[369,544,557,575,4,4,16,29,52,69,69,99,99,110,110,206,206,226,173,173,173,87,87,99,99,130,130,150,150,166,178,178,276,276,296,296,296,296,308,340,352,367,436,451,501,546,43,64,64,64,64],"floor_reached":50,"playtime":2340,"items_purged":["Doubt","Parasite"],"score":803,"play_id":"a6297766-2d74-449b-92d7-186e7353142d","local_time":"20201209220242","is_ascension_mode":false,"campfire_choices":[{"floor":6,"key":"REST"},{"data":"hubris:DuctTapeCard","floor":13,"key":"SMITH"},{"data":"Accuracy","floor":15,"key":"SMITH"},{"data":"After Image","floor":23,"key":"SMITH"},{"data":"Accuracy","floor":25,"key":"SMITH"},{"data":"1","floor":29,"key":"LIFT"},{"data":"2","floor":32,"key":"LIFT"},{"data":"ReplayTheSpireMod:Book of Names","floor":49,"key":"SMITH"}],"neow_cost":"PERCENT_DAMAGE","seed_source_timestamp":1206383497406300,"circlet_count":0,"master_deck":["Strike_G+1","Strike_G","Strike_G","Strike_G","Defend_G","Defend_G","Defend_G","Defend_G","Survivor","Neutralize","Blade Dance","Footwork","Unload+1","Backstab","Blur","Accuracy+1","hubris:DuctTapeCard+2","After Image+1","Accuracy+1","Blade Dance","StuffTheSpire:BrainWave","Blur","ReplayTheSpireMod:Book of Names+1","Exhume","Blur","hubris:StunningStrike","Pummel","Entrench","Riddle With Holes+1","Pot Of Greed","Pot Of Greed","Pot Of Greed","Prepared+1","infinitespire:Fortify","ReplayTheSpireMod:Necrogeddon","expansioncontent:FaceSlap","Footwork+1"],"relics":["Ring of the Snake","HushsDoor","Void","Mirror","hubris:Towel","hubris:DuctTape","aspiration:IroncladSkillbook","GuppysTail","GuppysHead","hubris:BottledHeart","Matryoshka","Girya","Empty Cage","hubris:TenFootPole","Juzu Bracelet","Grinning Jar","halation:BottledLove","Tiny House","infinitespire:EvilPickle","Bag of Preparation"],"potions_floor_usage":[33,39,39,39,48,48,48],"damage_taken":[{"damage":2,"enemies":"Jaw Worm","floor":1,"turns":6},{"damage":0,"enemies":"2 Louse","floor":3,"turns":3},{"damage":0,"enemies":"conspire:RoseBush","floor":4,"turns":5},{"damage":0,"enemies":"Large Slime","floor":7,"turns":4},{"damage":0,"enemies":"Blue Slaver","floor":8,"turns":2},{"damage":5,"enemies":"Looter","floor":10,"turns":2},{"damage":5,"enemies":"Replay:BlueRogue","floor":12,"turns":6},{"damage":0,"enemies":"Large Slime","floor":14,"turns":9},{"damage":2,"enemies":"Fading Forest","floor":16,"turns":11},{"damage":0,"enemies":"Chosen","floor":18,"turns":4},{"damage":0,"enemies":"3 Byrds","floor":24,"turns":4},{"damage":0,"enemies":"Shelled Parasite and Fungi","floor":26,"turns":6},{"damage":0,"enemies":"Shelled Parasite and Fungi","floor":28,"turns":4},{"damage":0,"enemies":"Centurion and Healer","floor":30,"turns":3},{"damage":0,"enemies":"Chosen and Byrds","floor":31,"turns":8},{"damage":0,"enemies":"Pondfish","floor":33,"turns":8},{"damage":0,"enemies":"Orb Walker","floor":35,"turns":2},{"damage":0,"enemies":"3 Darklings","floor":39,"turns":3},{"damage":0,"enemies":"R_Hoarder","floor":40,"turns":7},{"damage":0,"enemies":"Writhing Mass","floor":41,"turns":5},{"damage":0,"enemies":"Sphere and 2 Shapes","floor":42,"turns":3},{"damage":0,"enemies":"Transient","floor":44,"turns":5},{"damage":0,"enemies":"4 Shapes","floor":46,"turns":4},{"damage":0,"enemies":"3 Darklings","floor":48,"turns":4},{"damage":1,"enemies":"Donu and Deca","floor":50,"turns":4}],"seed_played":"8277976304432179510","potions_obtained":[{"floor":3,"key":"Explosive Potion"},{"floor":7,"key":"PowerPotion"},{"floor":8,"key":"Poison Potion"},{"floor":35,"key":"Weak Potion"},{"floor":39,"key":"Poison Potion"},{"floor":45,"key":"LifebloodPotion"},{"floor":46,"key":"GhostInAJar"}],"is_trial":false,"path_per_floor":["M","?","M","M","$","R","M","M","T","M","?","E","R","M","R","B",null,"M","$","?","?","?","R","M","R","MIM","AVR","M","R","M","M","R","B",null,"M","?","$","?","M","E","M","M","T","M","AVR","M","$","M","R","B"],"character_chosen":"THE_SILENT","items_purchased":["Footwork","Unload+1","Backstab","Mirror","GuppysTail","GuppysHead","Accuracy","Blade Dance","ReplayTheSpireMod:Necrogeddon","expansioncontent:FaceSlap","Bag of Preparation"],"campfire_rested":1,"item_purchase_floors":[5,5,5,5,17,17,17,19,47,47,47],"current_hp_per_floor":[47,47,47,47,47,68,68,68,68,63,63,58,58,58,58,56,47,47,47,1,1,1,1,1,1,1,1,1,1,1,1,1,1,1,1,1,1,1,1,1,1,1,1,1,1,1,1,1,1,0,0],"gold":64,"neow_bonus":"TWO_FIFTY_GOLD","is_prod":false,"is_daily":false,"chose_seed":false,"campfire_upgraded":5,"win_rate":0,"timestamp":1607569362,"path_taken":["M","?","M","M","$","R","M","M","T","M","?","E","R","M","R","BOSS","M","$","?","?","?","R","M","R","MIM","AVR","M","R","M","M","R","BOSS","M","?","?","?","M","E","M","M","T","M","AVR","M","$","M","R","BOSS"],"build_version":"2020-11-30","purchased_purges":2,"victory":false,"max_hp_per_floor":[70,70,70,70,70,70,70,70,70,70,70,70,70,70,70,70,47,47,47,1,1,1,1,1,1,1,1,1,1,1,1,1,1,1,1,1,1,1,1,1,1,1,1,1,1,1,1,1,1,1,1],"card_choices":[{"not_picked":["Acrobatics","Bane"],"picked":"Deflect","floor":1},{"not_picked":["Escape Plan","Accuracy"],"picked":"Blade Dance","floor":3},{"not_picked":["Outmaneuver","Deadly Poison"],"picked":"StuffTheSpire:Sprint","floor":4},{"not_picked":["Terror","StuffTheSpire:BumpUp"],"picked":"Blur","floor":7},{"not_picked":["StuffTheSpire:MirrorStance","Dodge and Roll"],"picked":"Accuracy","floor":8},{"not_picked":["StuffTheSpire:Repulse","Backflip","Flying Knee"],"picked":"SKIP","floor":10},{"not_picked":["aspiration:Lunge","Terror","StuffTheSpire:Fury"],"picked":"SKIP","floor":12},{"not_picked":["StuffTheSpire:BrimstoneBlast","Noxious Fumes"],"picked":"Bomb","floor":14},{"not_picked":["Malaise","Phantasmal Killer"],"picked":"After Image","floor":16},{"not_picked":["StuffTheSpire:BumpUp+1","Concentrate","Heavy Blade","StuffTheSpire:Incineration"],"picked":"SKIP","floor":18},{"not_picked":["StuffTheSpire:MirrorStance+1","Fire Breathing","Warcry+1","StuffTheSpire:ReptileScales+1"],"picked":"SKIP","floor":24},{"not_picked":["Defy Death","Infinite Blades","Hidden Blade"],"picked":"Blur","floor":26},{"not_picked":["Deflect","ReplayTheSpireMod:Corrosion Curse","StuffTheSpire:RockThrow+1"],"picked":"Exhume","floor":28},{"not_picked":["Quick Slash","Sucker Punch","Bouncing Flask","Tactician"],"picked":"SKIP","floor":30},{"not_picked":["StuffTheSpire:Incineration+1","DDmod:SpikedSkill+1","Warcry+1"],"picked":"Blur","floor":31},{"not_picked":["DDmod:PlatedThornsSkill","StuffTheSpire:TitanForm","Bludgeon"],"picked":"hubris:StunningStrike","floor":33},{"not_picked":["Havoc","Reflex+1","Hidden Blade+1"],"picked":"Pummel","floor":35},{"not_picked":["Slice","Shrug It Off+1","Thunderclap","Caltrops"],"picked":"SKIP","floor":39},{"not_picked":["StuffTheSpire:DoubleShiv","StuffTheSpire:MirrorStance+1","Body Slam"],"picked":"Entrench","floor":40},{"not_picked":["StuffTheSpire:ClusterCrunch","PiercingWail","DDmod:SpikedSkill","DDmod:PokeAttack+1"],"picked":"SKIP","floor":41},{"not_picked":["ReplayTheSpireMod:Strike From Hell","Sword Boomerang","StuffTheSpire:Sprint+1"],"picked":"Riddle With Holes+1","floor":42},{"not_picked":["Massacre+1","DDmod:SpikedSkill+1","Headbutt+1"],"picked":"Prepared+1","floor":44},{"not_picked":["Ghostly Armor","Clash","StuffTheSpire:Incineration+1","Abandon+1"],"picked":"SKIP","floor":46},{"not_picked":["Distraction","DDmod:UnstoppableAttack","Prepared+1"],"picked":"Footwork+1","floor":48}],"player_experience":703519,"relics_obtained":[{"floor":9,"key":"Pet Ghost"},{"floor":12,"key":"hubris:DuctTape"},{"floor":26,"key":"DeathBook"},{"floor":26,"key":"Matryoshka"},{"floor":40,"key":"Juzu Bracelet"},{"floor":43,"key":"Grinning Jar"},{"floor":43,"key":"halation:BottledLove"}],"event_choices":[{"damage_healed":0,"gold_gain":175,"player_choice":"AGREE","damage_taken":0,"max_hp_gain":0,"max_hp_loss":0,"event_name":"Liars Game","floor":2,"gold_loss":0,"cards_obtained":["Doubt"]}],"is_beta":false,"boss_relics":[{"not_picked":["beaked:MawFillet","StuffTheSpire:Kangaroo"],"picked":"aspiration:IroncladSkillbook"},{"not_picked":[]},{"not_picked":["infinitespire:Cupcake","Replay:Ancient Bell"],"picked":"Empty Cage"},{"not_picked":[]}],"items_purged_floors":[5,47],"is_endless":false,"potions_floor_spawned":[3,7,8,14,18,28,31,35,39,46],"killed_by":"Donu and Deca","ascension_level":0}}