{"host":"wai1qg6fwno6vgg7","time":1607615589,"event":{"mods":["BaseMod","AchievementEnabler","BetterRewards","Colored Map","Colored Powertips","DeckTracker","Displayed Cursed Tome","Googly Eyes","Minty Spire (QoL Compilation)","Quick Restart","Relic Sorter","Relic Stats","StSLib","Replay The Spire"],"gold_per_floor":[109,127,185,198,373,373,390,390,390,422,432,432,46,121,121,121,121],"floor_reached":16,"playtime":418,"items_purged":["Doubt"],"score":100,"play_id":"ea1739d5-ce8c-4c68-9651-2a60addab460","local_time":"20201210165309","is_ascension_mode":false,"campfire_choices":[{"floor":6,"key":"REST"},{"data":"Metamorphosis","floor":8,"key":"SMITH"},{"floor":12,"key":"REST"},{"data":"Demon Form","floor":15,"key":"SMITH"},{"data":"Disarm","floor":15,"key":"SMITH"}],"circlet_count":0,"master_deck":["Strike_R","Strike_R","Strike_R","Strike_R","Strike_R","Defend_R","Defend_R","Defend_R","Defend_R","Bash","Metamorphosis+1","Evolve","ReplayTheSpireMod:Limb From Limb","Disarm+1","Demon Form+1"],"relics":["Burning Blood","Question Card","Happy Flower","Gremlin Horn","Replay:Arrowhead"],"acts_visited":["Exordium"],"potions_floor_usage":[7,7,16],"damage_taken":[{"damage":5,"enemies":"Small Slimes","floor":1,"turns":3},{"damage":6,"enemies":"Jaw Worm","floor":2,"turns":3},{"damage":10,"enemies":"Cultist","floor":4,"turns":4},{"damage":13,"enemies":"Large Slime","floor":7,"turns":5},{"damage":46,"enemies":"3 Sentries","floor":10,"turns":8},{"damage":12,"enemies":"Blue Slaver","floor":11,"turns":4},{"damage":33,"enemies":"The Guardian","floor":16,"turns":4}],"seed_played":"-6423883065830392991","potions_obtained":[{"floor":2,"key":"BloodPotion"},{"floor":3,"key":"GamblersBrew"},{"floor":10,"key":"Reflective Coating"}],"is_trial":false,"path_per_floor":["M","M","?","M","?","R","M","R","T","E","M","R","$","?","R","B"],"character_chosen":"IRONCLAD","items_purchased":["Replay:Arrowhead"],"campfire_rested":2,"item_purchase_floors":[13],"current_hp_per_floor":[57,57,37,33,33,57,66,66,66,26,20,44,44,33,33,0,0],"gold":121,"neow_bonus":"RANDOM_COLORLESS_2","is_daily":false,"chose_seed":false,"campfire_upgraded":3,"win_rate":0,"timestamp":1607615589,"path_taken":["M","M","?","?","?","R","M","R","T","E","M","R","$","?","R","BOSS"],"build_version":"2020-11-30","purchased_purges":1,"victory":false,"max_hp_per_floor":[80,80,80,80,80,80,80,80,80,80,80,80,80,80,80,80,80],"relic_stats":{"Happy Flower":[5],"Gremlin Horn":[0,0],"counters":[7,31],"Question Card":4,"obtain_stats":[{"Happy Flower":9,"Gremlin Horn":10,"Question Card":3,"Burning Blood":0,"Replay:Arrowhead":13},{"Happy Flower":4,"Gremlin Horn":5,"Question Card":2,"Burning Blood":0,"Replay:Arrowhead":6},{"Happy Flower":15,"Gremlin Horn":23,"Question Card":6,"Burning Blood":0,"Replay:Arrowhead":27}],"Burning Blood":36},"card_choices":[{"not_picked":["Mayhem","Sadistic Nature"],"picked":"Metamorphosis","floor":0},{"not_picked":["Anger","Replay:Undeath\u0027s Touch","Massacre"],"picked":"SKIP","floor":1},{"not_picked":["Heavy Blade","Body Slam"],"picked":"Evolve","floor":2},{"not_picked":["Inflame","Thunderclap","ReplayTheSpireMod:Strike From Hell"],"picked":"ReplayTheSpireMod:Limb From Limb","floor":4},{"not_picked":["Iron Wave","Searing Blow","Havoc"],"picked":"Disarm","floor":7},{"not_picked":["Thunderclap","Second Wind","Shockwave"],"picked":"Demon Form","floor":10},{"not_picked":["Flex","Iron Wave","Life Link","Heavy Blade"],"picked":"SKIP","floor":11}],"player_experience":892588,"relics_obtained":[{"floor":3,"key":"Question Card"},{"floor":9,"key":"Happy Flower"},{"floor":10,"key":"Gremlin Horn"}],"event_choices":[{"damage_healed":0,"gold_gain":175,"player_choice":"AGREE","damage_taken":0,"max_hp_gain":0,"max_hp_loss":0,"event_name":"Liars Game","floor":5,"gold_loss":0,"cards_obtained":["Doubt"]},{"damage_healed":0,"gold_gain":75,"player_choice":"Gather Gold","damage_taken":11,"max_hp_gain":0,"max_hp_loss":0,"event_name":"World of Goop","floor":14,"gold_loss":0}],"is_beta":false,"boss_relics":[],"items_purged_floors":[13],"is_endless":false,"potions_floor_spawned":[2,10],"killed_by":"The Guardian","ascension_level":0}}