{"host":"rmsq46plbpwfbxcc","time":1607595365,"event":{"gold_per_floor":[119,133,283,128,128,128,162,181,181,81,100,100,175,204,204,204,204],"floor_reached":16,"playtime":387,"items_purged":["Doubt","Strike_G"],"score":194,"play_id":"a62f4976-2db7-4d02-b8c3-a648b3036099","local_time":"20201210191605","is_ascension_mode":true,"campfire_choices":[{"data":"Neutralize","floor":6,"key":"SMITH"},{"floor":12,"key":"REST"},{"data":"Trip","floor":15,"key":"SMITH"}],"neow_cost":"NONE","seed_source_timestamp":1980401599173700,"circlet_count":0,"master_deck":["AscendersBane","Strike_G","Strike_G","Strike_G","Strike_G","Defend_G","Defend_G","Defend_G","Defend_G","Defend_G","Survivor","Neutralize+1","Trip+1","PiercingWail","Tactician","Infinite Blades"],"relics":["Ring of the Snake","Singing Bowl","Lantern","HornCleat","Letter Opener"],"potions_floor_usage":[14,16,16],"damage_taken":[{"damage":2,"enemies":"2 Louse","floor":1,"turns":6},{"damage":0,"enemies":"Jaw Worm","floor":2,"turns":5},{"damage":13,"enemies":"Lagavulin","floor":7,"turns":10},{"damage":11,"enemies":"Small Slimes","floor":8,"turns":4},{"damage":5,"enemies":"Blue Slaver","floor":11,"turns":7},{"damage":1,"enemies":"Gremlin Nob","floor":14,"turns":4},{"damage":20,"enemies":"Hexaghost","floor":16,"turns":9}],"seed_played":"7723086337357493493","potions_obtained":[{"floor":8,"key":"FearPotion"},{"floor":11,"key":"LiquidBronze"},{"floor":14,"key":"PowerPotion"}],"is_trial":false,"path_per_floor":["M","M","?","$","?","R","E","M","T","$","M","R","?","E","R","B"],"character_chosen":"THE_SILENT","items_purchased":["Infinite Blades"],"campfire_rested":1,"item_purchase_floors":[4],"current_hp_per_floor":[57,57,57,57,31,31,20,11,11,11,8,29,18,19,19,0,0],"gold":204,"neow_bonus":"RANDOM_COLORLESS","is_prod":false,"is_daily":false,"chose_seed":false,"campfire_upgraded":2,"win_rate":0,"timestamp":1607595365,"path_taken":["M","M","?","$","?","R","E","M","T","?","M","R","?","E","R","BOSS"],"build_version":"2020-11-30","purchased_purges":2,"victory":false,"max_hp_per_floor":[66,66,66,66,66,66,68,70,70,70,72,72,72,74,74,74,74],"card_choices":[{"not_picked":["Madness","Bandage Up"],"picked":"Trip","floor":0},{"not_picked":["Distraction","Prepared"],"picked":"PiercingWail","floor":1},{"not_picked":["Deadly Poison","Bane"],"picked":"Tactician","floor":2},{"not_picked":["Deflect","Skewer","Calculated Gamble"],"picked":"Singing Bowl","floor":7},{"not_picked":["Acrobatics","Backflip","Quick Slash"],"picked":"Singing Bowl","floor":8},{"not_picked":["Flying Knee","Deflect","Dagger Spray"],"picked":"Singing Bowl","floor":11},{"not_picked":["Deadly Poison","Sucker Punch","Bane"],"picked":"Singing Bowl","floor":14}],"player_experience":1306602,"relics_obtained":[{"floor":7,"key":"Lantern"},{"floor":9,"key":"HornCleat"},{"floor":14,"key":"Letter Opener"}],"event_choices":[{"damage_healed":0,"gold_gain":150,"player_choice":"AGREE","damage_taken":0,"max_hp_gain":0,"max_hp_loss":0,"event_name":"Liars Game","floor":3,"gold_loss":0,"cards_obtained":["Doubt"]},{"damage_healed":0,"gold_gain":0,"player_choice":"Success","damage_taken":26,"relics_obtained":["Singing Bowl"],"max_hp_gain":0,"max_hp_loss":0,"event_name":"Scrap Ooze","floor":5,"gold_loss":0},{"damage_healed":0,"gold_gain":75,"player_choice":"Gather Gold","damage_taken":11,"max_hp_gain":0,"max_hp_loss":0,"event_name":"World of Goop","floor":13,"gold_loss":0}],"is_beta":false,"boss_relics":[],"items_purged_floors":[4,10],"is_endless":false,"potions_floor_spawned":[8,11,14],"killed_by":"Hexaghost","ascension_level":16}}