{"host":"igj4vwc42ivwqexo","time":1607640836,"event":{"mods":["BaseMod","StSLib","Infinite Spire","Koishi","Marisa????????","Minty Spire (QoL Compilation)","Shop Mod","The Disciple","The Hierophant","The Servant 0.9.4"],"gold_per_floor":[116,135,152,152,163,163,173,208,208,283,283,309,320,330,330,434,434,452,452,452,452],"floor_reached":20,"playtime":1917,"items_purged":["Barrage"],"score":214,"play_id":"879a5237-e0a8-46e3-8c8b-148aed8e02a1","local_time":"20201210235356","is_ascension_mode":true,"campfire_choices":[{"data":"Zap","floor":6,"key":"SMITH"},{"data":"Defragment","floor":11,"key":"SMITH"},{"data":"Sunder","floor":15,"key":"SMITH"}],"circlet_count":0,"master_deck":["Zap+1","Dualcast","FTL","Doom and Gloom","Coolheaded","Go for the Eyes","Reinforced Body","Stack","Defragment+1","Sunder+1","BootSequence","Coolheaded","All For One","Sweeping Beam","Doom and Gloom","Leap","Skim","Force Field","Force Field+1","infinitespire:FutureSight"],"relics":["Cracked Core","Blood Vial","Happy Flower","Orichalcum","Pandora\u0027s Box","infinitespire:Lucky Rock","Black Star"],"acts_visited":["Exordium","TheCity"],"potions_floor_usage":[12],"damage_taken":[{"damage":7,"enemies":"Jaw Worm","floor":1,"turns":3},{"damage":4,"enemies":"Small Slimes","floor":2,"turns":3},{"damage":0,"enemies":"Cultist","floor":3,"turns":3},{"damage":22,"enemies":"Lots of Slimes","floor":5,"turns":3},{"damage":0,"enemies":"2 Fungi Beasts","floor":7,"turns":4},{"damage":21,"enemies":"3 Sentries","floor":8,"turns":6},{"damage":6,"enemies":"Lagavulin","floor":12,"turns":5},{"damage":2,"enemies":"Looter","floor":13,"turns":3},{"damage":0,"enemies":"Blue Slaver","floor":14,"turns":2},{"damage":1,"enemies":"Hexaghost","floor":16,"turns":9},{"damage":5,"enemies":"Shell Parasite","floor":18,"turns":5}],"seed_played":"-7917476716927892904","potions_obtained":[{"floor":1,"key":"GamblersBrew"},{"floor":5,"key":"Energy Potion"},{"floor":7,"key":"FocusPotion"}],"is_trial":false,"path_per_floor":["M","M","M","?","M","R","M","E","T","?","R","E","M","M","R","B",null,"M","AVR","?"],"character_chosen":"DEFECT","items_purchased":[],"campfire_rested":0,"item_purchase_floors":[],"current_hp_per_floor":[75,71,71,71,49,49,49,28,28,17,17,13,13,15,15,16,82,77,77,77,77],"gold":452,"neow_bonus":"TEN_PERCENT_HP_BONUS","is_daily":false,"chose_seed":false,"campfire_upgraded":3,"win_rate":0,"timestamp":1607640836,"path_taken":["M","M","M","?","M","R","M","E","T","?","R","E","M","M","R","BOSS","M","AVR","?"],"build_version":"2020-11-30","purchased_purges":1,"victory":false,"max_hp_per_floor":[82,82,82,82,82,82,82,82,82,82,82,82,82,82,82,82,82,82,82,82,82],"card_choices":[{"not_picked":["Compile Driver","Darkness"],"picked":"FTL","floor":1},{"not_picked":["Gash","Beam Cell"],"picked":"Doom and Gloom","floor":2},{"not_picked":["Sweeping Beam","Gash"],"picked":"Coolheaded","floor":3},{"not_picked":["Reprogram","Scrape"],"picked":"Reinforced Body","floor":5},{"not_picked":["Redo","Compile Driver"],"picked":"Stack","floor":7},{"not_picked":["Streamline","Machine Learning"],"picked":"Defragment","floor":8},{"not_picked":["Reprogram","Static Discharge"],"picked":"Sunder","floor":12},{"not_picked":["Doom and Gloom","Auto Shields"],"picked":"BootSequence","floor":13},{"not_picked":["Sweeping Beam","Reprogram"],"picked":"Coolheaded","floor":14},{"not_picked":["Hyperbeam","Creative AI"],"picked":"All For One","floor":16},{"not_picked":["Leap","Ball Lightning+1"],"picked":"Force Field+1","floor":18}],"player_experience":229946,"relics_obtained":[{"floor":8,"key":"Blood Vial"},{"floor":9,"key":"Happy Flower"},{"floor":12,"key":"Orichalcum"}],"event_choices":[{"damage_healed":0,"gold_gain":0,"cards_transformed":["Strike_B"],"player_choice":"Change","damage_taken":0,"max_hp_gain":0,"max_hp_loss":0,"event_name":"Living Wall","floor":4,"gold_loss":0,"cards_obtained":["Go for the Eyes"]},{"damage_healed":0,"gold_gain":75,"player_choice":"Gather Gold","damage_taken":11,"max_hp_gain":0,"max_hp_loss":0,"event_name":"World of Goop","floor":10,"gold_loss":0},{"cards_removed":["Double Energy"],"damage_healed":0,"gold_gain":0,"player_choice":"Elegance","damage_taken":0,"max_hp_gain":0,"max_hp_loss":0,"event_name":"Back to Basics","floor":20,"gold_loss":0}],"is_beta":false,"boss_relics":[{"not_picked":["Tiny House","SacredBark"],"picked":"Pandora\u0027s Box"}],"items_purged_floors":[19],"is_endless":false,"potions_floor_spawned":[1,5,7],"ascension_level":3}}