{"host":"ea1gz0s8chhg5p89","time":1607592642,"event":{"gold_per_floor":[112,112,62,115,14,46,46,66,66,66,122,76,76,125,125,241,241,267,47,47,47,146,146,146,192,192,117,117,147,22,22,22,154,154,197,239,269,311,359,359,29,0,48,413,413,444,444,472,472,472,472],"floor_reached":50,"playtime":13257,"items_purged":["Strike_MRS","Strike_MRS","Defend_MRS","WitchOfGreed"],"score":519,"play_id":"69ac9254-3166-401c-b2f7-29c7cb41f604","local_time":"20201210173042","is_ascension_mode":false,"campfire_choices":[{"data":"GalacticHalo","floor":7.0,"key":"SMITH"},{"data":"PropBag","floor":10.0,"key":"SMITH"},{"data":"ShootTheMoon","floor":13.0,"key":"SMITH"},{"data":"MasterSpark","floor":15.0,"key":"SMITH"},{"data":"UltimateShortwave","floor":23.0,"key":"SMITH"},{"data":"EventHorizon","floor":28.0,"key":"SMITH"},{"data":"DeepEcoloBomb","floor":32.0,"key":"SMITH"},{"data":"UltimateShortwave","floor":40,"key":"SMITH"},{"floor":45,"key":"REST"},{"data":"PowerUp","floor":49,"key":"SMITH"}],"neow_cost":"NONE","seed_source_timestamp":3655571468800,"circlet_count":0,"master_deck":["Defend_MRS","Defend_MRS+1","MasterSpark+1","UpSweep","MagicAbsorber+1","PropBag+1","AsteroidBelt","GalacticHalo+1","PowerUp+1","ShootTheMoon+1","WitchOfGreed","IllusionStar+1","UltimateShortwave+1","DeepEcoloBomb+1","PowerUp","UltimateShortwave+1","PowerUp","Singularity+1","EnergyRecoil","OortCloud","MagicAbsorber","OneTimeOff","GrandCross","DeepEcoloBomb+1"],"special_seed":0,"relics":["MiniHakkero","Art of War","Bronze Scales","HandmadeGrimoire","Sundial","InkBottle","Runic Pyramid","Nilry\u0027s Codex","BreadOfAWashokuLover","Black Star","Red Mask","Blood Vial","Old Coin","AmplifyWand","Gremlin Horn"],"potions_floor_usage":[33,33,33,38,38,38,39,48,48,50],"damage_taken":[{"damage":0.0,"enemies":"2 Louse","floor":1.0,"turns":3.0},{"damage":10.0,"enemies":"3 Sentries","floor":6.0,"turns":13.0},{"damage":0.0,"enemies":"Small Slimes","floor":8.0,"turns":4.0},{"damage":23.0,"enemies":"3 Sentries","floor":11.0,"turns":10.0},{"damage":10.0,"enemies":"Lagavulin","floor":14.0,"turns":6.0},{"damage":3.0,"enemies":"Slime Boss","floor":16.0,"turns":9.0},{"damage":10.0,"enemies":"Spheric Guardian","floor":18.0,"turns":3.0},{"damage":10.0,"enemies":"Chosen","floor":25.0,"turns":6.0},{"damage":18.0,"enemies":"Snecko","floor":29.0,"turns":5.0},{"damage":14,"enemies":"Collector","floor":33,"turns":6},{"damage":0,"enemies":"Orb Walker","floor":35,"turns":3},{"damage":19,"enemies":"3 Shapes","floor":36,"turns":4},{"damage":22,"enemies":"Jaw Worm Horde","floor":37,"turns":4},{"damage":32,"enemies":"4 Shapes","floor":38,"turns":10},{"damage":18,"enemies":"Sphere and 2 Shapes","floor":39,"turns":10},{"damage":0,"enemies":"Mind Bloom Boss Battle","floor":44,"turns":10},{"damage":7,"enemies":"Maw","floor":46,"turns":8},{"damage":6,"enemies":"Jaw Worm Horde","floor":48,"turns":6},{"damage":31,"enemies":"Donu and Deca","floor":50,"turns":7}],"seed_played":"-8892543427144793995","potions_obtained":[{"floor":1.0,"key":"GamblersBrew"},{"floor":6.0,"key":"Explosive Potion"},{"floor":14.0,"key":"AttackPotion"},{"floor":16.0,"key":"Ancient Potion"},{"floor":16.0,"key":"LiquidMemories"},{"floor":18.0,"key":"Fire Potion"},{"floor":25.0,"key":"Regen Potion"},{"floor":25.0,"key":"CultistPotion"},{"floor":29.0,"key":"Dexterity Potion"},{"floor":33,"key":"Block Potion"},{"floor":33,"key":"DistilledChaos"},{"floor":35,"key":"Fire Potion"},{"floor":37,"key":"PowerPotion"},{"floor":38,"key":"LiquidMemories"},{"floor":39,"key":"DuplicationPotion"},{"floor":44,"key":"Fire Potion"},{"floor":44,"key":"SmokeBomb"},{"floor":46,"key":"PowerPotion"},{"floor":48,"key":"EntropicBrew"}],"is_trial":false,"path_per_floor":["M","?","?","T","$","E","R","M","T","R","?","$","R","E","R","B",null,"M","$","?","?","?","R","?","M","T","?","R","M","$","?","R","B",null,"M","M","M","M","M","R","$","?","T","?","R","M","?","M","R","B"],"character_chosen":"MARISA","items_purchased":["AsteroidBelt","WitchOfGreed","DeepEcoloBomb","WitchOfGreed","OortCloud","MagicAbsorber","OneTimeOff"],"campfire_rested":1,"item_purchase_floors":[5,12,19,19,41,41,41],"current_hp_per_floor":[75,60,60,60,60,50,50,50,50,50,39,39,39,29,29,26,75,65,65,65,65,65,65,49,39,39,39,39,26,26,26,26,12,75,75,56,34,14,10,10,10,10,10,12,38,33,33,29,29,0,0],"gold":472,"neow_bonus":"TRANSFORM_CARD","is_prod":false,"is_daily":false,"chose_seed":false,"campfire_upgraded":9,"win_rate":0,"timestamp":1607592642,"path_taken":["M","?","?","?","$","E","R","M","T","R","?","?","R","E","R","BOSS","M","$","?","?","?","R","?","M","T","?","R","M","$","?","R","BOSS","M","M","?","M","M","R","$","?","T","?","R","M","?","M","R","BOSS"],"build_version":"2020-11-30","purchased_purges":4,"victory":false,"max_hp_per_floor":[75,75,75,75,75,75,75,75,75,75,75,75,75,75,75,75,75,75,75,75,75,75,75,75,75,75,75,75,75,75,75,75,75,75,75,75,75,75,88,88,88,88,88,88,88,88,88,88,88,88,88],"card_choices":[{"not_picked":["OpenUniverse","MilkyWay"],"picked":"PropBag","floor":1.0},{"not_picked":["Occultation","SporeBomb"],"picked":"GalacticHalo","floor":6.0},{"not_picked":["MilkyWay","MysteriousBeam"],"picked":"PowerUp","floor":8.0},{"not_picked":["MeteoricShower","MilkyWay"],"picked":"ShootTheMoon","floor":11.0},{"not_picked":["SporeBomb","WitchLeyline"],"picked":"IllusionStar","floor":14.0},{"not_picked":["ManaRampage","AbsoluteMagnitude"],"picked":"UltimateShortwave","floor":16.0},{"not_picked":["GrandCross","DragonMeteor"],"picked":"EventHorizon","floor":18.0},{"not_picked":["BlazeAway","WitchLeyline"],"picked":"PowerUp","floor":25.0},{"not_picked":["AsteroidBelt","NonDirectionalLaser","UnstableBomb"],"picked":"SKIP","floor":29.0},{"not_picked":["BigCrunch","TreasureHunter"],"picked":"UltimateShortwave","floor":33},{"not_picked":["DC","IllusionStar","GravityBeat+1"],"picked":"SKIP","floor":35},{"not_picked":["AsteroidBelt+1","MilkyWay+1"],"picked":"PowerUp","floor":36},{"not_picked":["MilkyWay","ChargeUpSpray+1","AsteroidBelt"],"picked":"SKIP","floor":37},{"not_picked":["MysteriousBeam+1","SporeBomb"],"picked":"Singularity+1","floor":38},{"not_picked":["WitchOfGreed","ChargingUp"],"picked":"EnergyRecoil","floor":39},{"not_picked":["ShootingEcho","MeteoricShower"],"picked":"GrandCross","floor":44},{"not_picked":["AsteroidBelt","WitchOfGreed","DoubleSpark"],"picked":"SKIP","floor":46},{"not_picked":["GalacticHalo","BlazingStar"],"picked":"DeepEcoloBomb+1","floor":48}],"player_experience":449239,"relics_obtained":[{"floor":4.0,"key":"Art of War"},{"floor":6.0,"key":"Bronze Scales"},{"floor":9.0,"key":"HandmadeGrimoire"},{"floor":14.0,"key":"InkBottle"},{"floor":24.0,"key":"Nilry\u0027s Codex"},{"floor":26.0,"key":"BreadOfAWashokuLover"},{"floor":43,"key":"Blood Vial"},{"floor":44,"key":"Old Coin"}],"event_choices":[{"damage_healed":0.0,"max_hp_gain":0.0,"max_hp_loss":0.0,"gold_gain":0.0,"event_name":"Shining Light","player_choice":"Entered Light","floor":2.0,"gold_loss":0.0,"damage_taken":15.0,"cards_upgraded":["Defend_MRS","MagicAbsorber"]},{"cards_removed":["Strike_MRS"],"damage_healed":0.0,"max_hp_gain":0.0,"max_hp_loss":0.0,"gold_gain":0.0,"event_name":"The Cleric","player_choice":"Card Removal","floor":3.0,"gold_loss":50.0,"damage_taken":0.0},{"damage_healed":0.0,"max_hp_gain":0.0,"max_hp_loss":0.0,"gold_gain":0.0,"event_name":"Dead Adventurer","player_choice":"Searched \u00272\u0027 times","floor":11.0,"gold_loss":0.0,"damage_taken":0.0,"relics_obtained":["Sundial"]},{"damage_healed":0.0,"max_hp_gain":0.0,"max_hp_loss":0.0,"gold_gain":0.0,"event_name":"Ghosts","player_choice":"Ignored","floor":20.0,"gold_loss":0.0,"damage_taken":0.0},{"damage_healed":0.0,"max_hp_gain":0.0,"max_hp_loss":0.0,"gold_gain":0.0,"event_name":"Vampires","player_choice":"Ignored","floor":21.0,"gold_loss":0.0,"damage_taken":0.0},{"damage_healed":0.0,"max_hp_gain":0.0,"max_hp_loss":0.0,"gold_gain":99.0,"event_name":"Nest","player_choice":"Stole From Cult","floor":22.0,"gold_loss":0.0,"damage_taken":0.0},{"damage_healed":0.0,"max_hp_gain":0.0,"max_hp_loss":0.0,"gold_gain":0.0,"event_name":"Cursed Tome","player_choice":"Obtained Book","floor":24.0,"gold_loss":0.0,"damage_taken":16.0},{"cards_removed":["Defend_MRS"],"damage_healed":0.0,"max_hp_gain":0.0,"max_hp_loss":0.0,"gold_gain":0.0,"event_name":"Beggar","player_choice":"Gave Gold","floor":27.0,"gold_loss":75.0,"damage_taken":0.0},{"damage_healed":0.0,"max_hp_gain":0.0,"max_hp_loss":0.0,"gold_gain":0.0,"event_name":"Accursed Blacksmith","player_choice":"Forge","floor":31.0,"gold_loss":0.0,"damage_taken":0.0,"cards_upgraded":["IllusionStar"]},{"damage_healed":0,"gold_gain":0,"player_choice":"Paid","damage_taken":0,"relics_obtained":["Red Mask"],"max_hp_gain":0,"max_hp_loss":0,"event_name":"Tomb of Lord Red Mask","floor":42,"gold_loss":29},{"damage_healed":0,"gold_gain":0,"player_choice":"Fight","damage_taken":0,"max_hp_gain":0,"max_hp_loss":0,"event_name":"MindBloom","floor":44,"gold_loss":0},{"cards_removed":["EventHorizon"],"damage_healed":0,"gold_gain":0,"player_choice":"Removed Power","damage_taken":0,"max_hp_gain":0,"max_hp_loss":0,"event_name":"Falling","floor":47,"gold_loss":0}],"is_beta":false,"boss_relics":[{"not_picked":["Coffee Dripper","SlaversCollar"],"picked":"Runic Pyramid"},{"not_picked":["Sozu","Fusion Hammer"],"picked":"Black Star"}],"items_purged_floors":[5,19,30,41],"is_endless":false,"potions_floor_spawned":[1,6,16,25,35,37,44,46],"killed_by":"Donu and Deca","ascension_level":0}}