{"host":"u5hfrceatticevdm","time":1607623650,"event":{"mods":["BaseMod","StSLib","Conspire","Hubris","Minty Spire (QoL Compilation)","Act Like it!","Halation","Useless Jewels Mod","Aspiration","Energized Spire","vexMod","GifTheSpireLib","HexUI Lib","Replay The Spire","Stuff the Spire","Unceasing Turn Reminder","2.2 Compatiblity","Better Synergies","Magineer Mod","Spikes Relics","Waifu the Spire","Alarm Clock","Downfall","Spicy Shops","Humility","Small Relic Pack","Hyrulean Relics","The Construct","Friendly Minions"],"gold_per_floor":[110,128,128,128,83,99,118,118,143,163,21,21,21,21],"floor_reached":13,"playtime":998,"items_purged":[],"score":75,"play_id":"f00de2bc-52c7-45a9-bc25-7f844808625a","local_time":"20201210130730","is_ascension_mode":false,"campfire_choices":[{"floor":8.0,"key":"REST"},{"data":"Self Repair","floor":12,"key":"SMITH"}],"circlet_count":0,"master_deck":["Strike_B","Strike_B","Strike_B","Strike_B","Defend_B","Defend_B","Defend_B","Defend_B","Zap","Dualcast","Machine Learning+1","Melter","aspiration:Polymerization+1","Cold Snap","Steam","Tempest","Fusion","Self Repair+1"],"special_seed":0,"relics":["Cracked Core"],"acts_visited":["Exordium"],"potions_floor_usage":[],"damage_taken":[{"damage":1.0,"enemies":"conspire:RoseBush","floor":1.0,"turns":3.0},{"damage":5.0,"enemies":"Small Slimes","floor":2.0,"turns":3.0},{"damage":0.0,"enemies":"2 Louse","floor":6.0,"turns":2.0},{"damage":10.0,"enemies":"Exordium Wildlife","floor":7.0,"turns":5.0},{"damage":10,"enemies":"Exordium Thugs","floor":10,"turns":5},{"damage":57,"enemies":"Gremlin Nob","floor":13,"turns":8}],"seed_played":"-1317125543075880866","potions_obtained":[{"floor":1.0,"key":"sneckomod:MuddlingPotion"},{"floor":2.0,"key":"Milkshake"},{"floor":7.0,"key":"FocusPotion"}],"is_trial":false,"path_per_floor":["M","M","?","?","$","M","M","R","T","M","$","R","E"],"character_chosen":"DEFECT","items_purchased":["Cold Snap","Self Repair"],"campfire_rested":1,"item_purchase_floors":[5,11],"current_hp_per_floor":[74,69,69,69,69,69,59,75,75,65,65,65,8,8],"gold":21,"neow_bonus":"ONE_RANDOM_RARE_CARD","is_daily":false,"chose_seed":false,"campfire_upgraded":1,"win_rate":0,"timestamp":1607623650,"path_taken":["M","?","?","?","?","M","M","R","T","M","$","R","E"],"build_version":"2020-11-30","purchased_purges":0,"victory":false,"max_hp_per_floor":[75,75,75,75,75,75,75,75,75,75,75,75,75,75],"card_choices":[{"not_picked":["White Noise","Hologram"],"picked":"Melter","floor":1.0},{"not_picked":["BasicCrystalCard","Go for the Eyes"],"picked":"aspiration:Polymerization","floor":2.0},{"not_picked":["Barrage","Time Bomb"],"picked":"Steam","floor":6.0},{"not_picked":["Hello World","BootSequence"],"picked":"Tempest","floor":7.0},{"not_picked":["BasicCrystalCard","Turbo"],"picked":"Fusion","floor":10}],"player_experience":749201,"relics_obtained":[],"event_choices":[],"is_beta":false,"boss_relics":[],"items_purged_floors":[],"is_endless":false,"potions_floor_spawned":[1,2,7],"killed_by":"Gremlin Nob","ascension_level":0}}