{"host":"3l94tha3a4jgu0q4","time":1607581179,"event":{"gold_per_floor":[119,119,131,150,150,150,179,179,179,206,206,206,218,230,230,330,330,342,342,342],"floor_reached":19,"playtime":408,"items_purged":[],"score":266,"play_id":"f1987ff2-c6b6-4a1b-a5ba-ce32a6e45bda","local_time":"20201209221939","is_ascension_mode":true,"campfire_choices":[{"data":"Eruption","floor":6.0,"key":"SMITH"},{"data":"MentalFortress","floor":8.0,"key":"SMITH"},{"floor":12,"key":"REST"},{"data":"Vigilance","floor":15,"key":"SMITH"}],"neow_cost":"NONE","seed_source_timestamp":619956812739400,"circlet_count":0,"master_deck":["AscendersBane","Strike_P","Strike_P+1","Strike_P","Strike_P+1","Defend_P","Defend_P","Defend_P","Defend_P","Eruption+1","Vigilance+1","MentalFortress+1","Crescendo","MentalFortress+1","InnerPeace","Halt","Devotion+1","Evaluate"],"special_seed":0,"relics":["SlaversCollar","Frozen Egg 2","Eternal Feather","Letter Opener","Runic Pyramid"],"potions_floor_usage":[10,18],"damage_taken":[{"damage":0.0,"enemies":"Small Slimes","floor":1.0,"turns":3.0},{"damage":4.0,"enemies":"Cultist","floor":3.0,"turns":6.0},{"damage":0.0,"enemies":"2 Louse","floor":4.0,"turns":4.0},{"damage":20.0,"enemies":"3 Sentries","floor":7.0,"turns":8.0},{"damage":15,"enemies":"Lagavulin","floor":10,"turns":8},{"damage":0,"enemies":"Large Slime","floor":13,"turns":6},{"damage":17,"enemies":"Lots of Slimes","floor":14,"turns":6},{"damage":13,"enemies":"The Guardian","floor":16,"turns":11},{"damage":42,"enemies":"2 Thieves","floor":18,"turns":5},{"damage":20,"enemies":"3 Byrds","floor":19,"turns":4}],"seed_played":"7020442443256524442","potions_obtained":[{"floor":1.0,"key":"DistilledChaos"},{"floor":3.0,"key":"Ancient Potion"},{"floor":4.0,"key":"SteroidPotion"},{"floor":16,"key":"Explosive Potion"}],"is_trial":false,"path_per_floor":["M","?","M","M","?","R","E","R","T","E","?","R","M","M","R","B",null,"M","M"],"character_chosen":"WATCHER","items_purchased":[],"campfire_rested":1,"item_purchase_floors":[],"current_hp_per_floor":[65,65,61,61,47,47,27,27,27,12,12,42,42,25,34,21,59,17,0,0],"gold":342,"neow_bonus":"BOSS_RELIC","is_prod":false,"is_daily":false,"chose_seed":false,"campfire_upgraded":3,"win_rate":0,"timestamp":1607581179,"path_taken":["M","?","M","?","?","R","E","R","T","E","?","R","M","M","R","BOSS","M","M"],"build_version":"2020-11-30","purchased_purges":0,"victory":false,"max_hp_per_floor":[72,72,72,72,72,72,72,72,72,72,72,72,72,72,72,72,72,72,72,72],"card_choices":[{"not_picked":["FlyingSleeves","PathToVictory"],"picked":"MentalFortress","floor":1.0},{"not_picked":["SignatureMove","BowlingBash"],"picked":"Crescendo","floor":3.0},{"not_picked":["BowlingBash","ThirdEye"],"picked":"MentalFortress","floor":4.0},{"not_picked":["BowlingBash","Weave","Prostrate"],"picked":"SKIP","floor":7.0},{"not_picked":["WaveOfTheHand","BattleHymn+1"],"picked":"InnerPeace","floor":10},{"not_picked":["ClearTheMind","Consecrate"],"picked":"Halt","floor":13},{"not_picked":["SashWhip","CrushJoints","BowlingBash"],"picked":"SKIP","floor":14},{"not_picked":["DeusExMachina","SpiritShield"],"picked":"Devotion+1","floor":16},{"not_picked":["Protect","Conclude"],"picked":"Evaluate","floor":18}],"player_experience":1858373,"relics_obtained":[{"floor":7.0,"key":"Frozen Egg 2"},{"floor":9.0,"key":"Eternal Feather"},{"floor":10,"key":"Letter Opener"}],"event_choices":[{"damage_healed":0.0,"max_hp_gain":0.0,"max_hp_loss":0.0,"gold_gain":0.0,"event_name":"Match and Keep!","player_choice":"0 cards matched","floor":2.0,"gold_loss":0.0,"damage_taken":0.0,"cards_obtained":[]},{"damage_healed":0.0,"max_hp_gain":0.0,"max_hp_loss":0.0,"gold_gain":0.0,"event_name":"Shining Light","player_choice":"Entered Light","floor":5.0,"gold_loss":0.0,"damage_taken":14.0,"cards_upgraded":["Strike_P","Strike_P"]},{"damage_healed":0,"gold_gain":0,"player_choice":"Upgraded","damage_taken":0,"max_hp_gain":0,"max_hp_loss":0,"event_name":"Upgrade Shrine","floor":11,"gold_loss":0,"cards_upgraded":["MentalFortress"]}],"is_beta":false,"boss_relics":[{"not_picked":["Empty Cage","Tiny House"],"picked":"Runic Pyramid"}],"items_purged_floors":[],"is_endless":false,"potions_floor_spawned":[1,3,4,16],"killed_by":"3 Byrds","ascension_level":10}}