{"host":"4edbuligkc8x13l4","time":1607617147,"event":{"mods":["BaseMod","SuperFastMode","StSLib","Minty Spire (QoL Compilation)"],"gold_per_floor":[115,115,1,1,17,42,54,54,54,80,80,107,107,119,119,193,193,208,208,57,57,76,76,76,86,86,1,1,1,1,17,17,96,96,115,25,41,41,54,54,65,65,65,100,100,31,31,42,42,42],"floor_reached":51,"playtime":1694,"items_purged":["Strike_G","Strike_G"],"score":1225,"play_id":"77623687-15b6-49c6-9410-8fb34bdfc5eb","local_time":"20201211001907","is_ascension_mode":true,"campfire_choices":[{"data":"Malaise","floor":8,"key":"SMITH"},{"data":"After Image","floor":11,"key":"SMITH"},{"data":"Neutralize","floor":13,"key":"SMITH"},{"floor":15,"key":"REST"},{"floor":23,"key":"REST"},{"floor":29,"key":"REST"},{"floor":32,"key":"REST"},{"data":"Prepared","floor":40,"key":"SMITH"},{"floor":42,"key":"REST"},{"data":"Tools of the Trade","floor":45,"key":"SMITH"},{"data":"Night Terror","floor":49,"key":"SMITH"}],"circlet_count":0,"master_deck":["AscendersBane","Defend_G","Defend_G","Defend_G","Defend_G","Survivor","Neutralize+1","Dagger Throw","Tactician","Malaise+1","Accuracy","Flying Knee+1","Dagger Throw+1","After Image+1","Slice+1","Accuracy","Die Die Die+1","Blade Dance+1","Blade Dance","Backflip","Endless Agony+1","Calculated Gamble","Night Terror+1","Prepared+1","Acrobatics+1","Reflex","Tactician","Tools of the Trade+1","After Image","Finisher+1"],"relics":["Ring of the Snake","NeowsBlessing","Molten Egg 2","Pear","Incense Burner","Toy Ornithopter","HoveringKite","Enchiridion","StrikeDummy","Oddly Smooth Stone","Sozu","Paper Crane","InkBottle","Mercury Hourglass"],"acts_visited":["Exordium","TheCity","TheBeyond"],"potions_floor_usage":[16,16,50,50],"damage_taken":[{"damage":0,"enemies":"2 Louse","floor":1,"turns":1},{"damage":0,"enemies":"Jaw Worm","floor":5,"turns":1},{"damage":0,"enemies":"Lagavulin","floor":6,"turns":1},{"damage":3,"enemies":"Cultist","floor":7,"turns":4},{"damage":20,"enemies":"Gremlin Nob","floor":10,"turns":5},{"damage":11,"enemies":"Lagavulin","floor":12,"turns":9},{"damage":4,"enemies":"3 Louse","floor":14,"turns":3},{"damage":53,"enemies":"Slime Boss","floor":16,"turns":16},{"damage":10,"enemies":"3 Byrds","floor":18,"turns":7},{"damage":2,"enemies":"Shell Parasite","floor":22,"turns":5},{"damage":7,"enemies":"3 Cultists","floor":25,"turns":5},{"damage":1,"enemies":"Sentry and Sphere","floor":31,"turns":3},{"damage":57,"enemies":"Collector","floor":33,"turns":9},{"damage":6,"enemies":"3 Darklings","floor":35,"turns":4},{"damage":0,"enemies":"3 Shapes","floor":37,"turns":5},{"damage":6,"enemies":"Sphere and 2 Shapes","floor":39,"turns":4},{"damage":0,"enemies":"Writhing Mass","floor":41,"turns":4},{"damage":1,"enemies":"Giant Head","floor":44,"turns":5},{"damage":0,"enemies":"Spire Growth","floor":48,"turns":4},{"damage":2,"enemies":"Donu and Deca","floor":50,"turns":6}],"seed_played":"-2911263477296440503","potions_obtained":[{"floor":1,"key":"GhostInAJar"},{"floor":7,"key":"AttackPotion"},{"floor":10,"key":"DuplicationPotion"},{"floor":25,"key":"Fire Potion"},{"floor":33,"key":"Energy Potion"}],"is_trial":false,"path_per_floor":["M","?","$","?","M","E","M","R","T","E","R","E","R","M","R","B",null,"M","?","$","?","M","R","?","M","T","?","?","R","$","M","R","B",null,"M","?","M","T","M","R","M","R","T","E","R","$","?","M","R","B",null],"character_chosen":"THE_SILENT","items_purchased":["Tactician","Blade Dance","After Image"],"campfire_rested":5,"item_purchase_floors":[3,20,46],"current_hp_per_floor":[59,59,59,59,59,59,56,56,66,46,46,35,35,31,53,10,60,50,50,50,36,34,58,42,35,35,35,35,59,59,58,81,24,67,61,61,61,61,55,55,55,79,79,78,78,78,78,78,78,79],"gold":42,"neow_bonus":"THREE_ENEMY_KILL","is_daily":false,"chose_seed":false,"campfire_upgraded":6,"win_rate":0,"timestamp":1607617147,"path_taken":["M","?","$","?","?","E","M","R","T","E","R","E","R","M","R","BOSS","M","?","$","?","M","R","?","M","T","?","?","R","?","M","R","BOSS","M","?","?","?","M","R","M","R","T","E","R","$","?","?","R","BOSS"],"build_version":"2020-11-30","purchased_purges":2,"victory":true,"max_hp_per_floor":[66,66,66,66,66,66,66,66,76,76,76,76,76,76,76,76,76,76,76,76,81,81,81,81,81,81,81,81,81,81,81,81,81,81,81,81,81,81,81,81,81,81,81,81,81,81,81,81,81,81],"card_choices":[{"not_picked":["Heel Hook","Outmaneuver"],"picked":"Dagger Throw","floor":1},{"not_picked":["Calculated Gamble","Outmaneuver"],"picked":"Accuracy","floor":5},{"not_picked":["Quick Slash+1","Dagger Throw+1"],"picked":"Flying Knee+1","floor":6},{"not_picked":["Outmaneuver","Bouncing Flask"],"picked":"Dagger Throw+1","floor":7},{"not_picked":["Poisoned Stab+1","PiercingWail"],"picked":"After Image","floor":10},{"not_picked":["Flying Knee+1","Blur"],"picked":"Slice+1","floor":12},{"not_picked":["PiercingWail","Flying Knee+1"],"picked":"Accuracy","floor":14},{"not_picked":["Corpse Explosion","Tools of the Trade"],"picked":"Die Die Die+1","floor":16},{"not_picked":["Expertise","Underhanded Strike+1"],"picked":"Blade Dance","floor":18},{"not_picked":["Outmaneuver","Bouncing Flask","Blade Dance"],"picked":"SKIP","floor":22},{"not_picked":["Blur+1","Leg Sweep"],"picked":"Backflip","floor":25},{"not_picked":["Underhanded Strike+1","Masterful Stab+1","Deadly Poison"],"picked":"SKIP","floor":31},{"not_picked":["Glass Knife+1","Malaise"],"picked":"Night Terror","floor":33},{"not_picked":["Dodge and Roll+1","Quick Slash+1"],"picked":"Prepared","floor":35},{"not_picked":["Acrobatics+1","Quick Slash+1","Outmaneuver"],"picked":"SKIP","floor":37},{"not_picked":["Quick Slash+1","Outmaneuver"],"picked":"Acrobatics+1","floor":37},{"not_picked":["Backflip","Backstab+1"],"picked":"Reflex","floor":39},{"not_picked":["Cloak And Dagger","Poisoned Stab+1"],"picked":"Tactician","floor":41},{"not_picked":["Doppelganger","Acrobatics"],"picked":"Tools of the Trade","floor":44},{"not_picked":["Poisoned Stab+1","Dagger Spray+1"],"picked":"Finisher+1","floor":48}],"player_experience":890057,"relics_obtained":[{"floor":6,"key":"Molten Egg 2"},{"floor":9,"key":"Pear"},{"floor":10,"key":"Incense Burner"},{"floor":12,"key":"Toy Ornithopter"},{"floor":24,"key":"Enchiridion"},{"floor":26,"key":"StrikeDummy"},{"floor":38,"key":"Paper Crane"},{"floor":43,"key":"InkBottle"},{"floor":44,"key":"Mercury Hourglass"}],"event_choices":[{"damage_healed":0,"gold_gain":0,"player_choice":"Ignored","damage_taken":0,"max_hp_gain":0,"max_hp_loss":0,"event_name":"Shining Light","floor":2,"gold_loss":0},{"damage_healed":0,"gold_gain":0,"cards_transformed":["Defend_G"],"player_choice":"Transformed","damage_taken":0,"max_hp_gain":0,"max_hp_loss":0,"event_name":"Transmorgrifier","floor":4,"gold_loss":0,"cards_obtained":["Malaise"]},{"damage_healed":0,"gold_gain":0,"player_choice":"Ignored","damage_taken":0,"max_hp_gain":0,"max_hp_loss":0,"event_name":"Ghosts","floor":19,"gold_loss":0},{"damage_healed":0,"gold_gain":0,"player_choice":"Shed Blood","damage_taken":19,"max_hp_gain":5,"max_hp_loss":0,"event_name":"Forgotten Altar","floor":21,"gold_loss":0},{"damage_healed":0,"gold_gain":0,"player_choice":"Obtained Book","damage_taken":16,"max_hp_gain":0,"max_hp_loss":0,"event_name":"Cursed Tome","floor":24,"gold_loss":0},{"damage_healed":0,"gold_gain":0,"player_choice":"Obtained Relic","damage_taken":0,"relics_obtained":["Oddly Smooth Stone"],"max_hp_gain":0,"max_hp_loss":0,"event_name":"Addict","floor":27,"gold_loss":85},{"damage_healed":0,"gold_gain":0,"cards_transformed":["Strike_G","Strike_G"],"player_choice":"Became Test Subject","damage_taken":0,"max_hp_gain":0,"max_hp_loss":0,"event_name":"Drug Dealer","floor":28,"gold_loss":0,"cards_obtained":["Endless Agony","Calculated Gamble"]},{"cards_removed":["Strike_G"],"damage_healed":0,"gold_gain":0,"player_choice":"Upgrade and Remove","damage_taken":0,"max_hp_gain":0,"max_hp_loss":0,"event_name":"Designer","floor":36,"gold_loss":90,"cards_upgraded":["Blade Dance"]},{"damage_healed":0,"gold_gain":0,"player_choice":"Ignored","damage_taken":0,"max_hp_gain":0,"max_hp_loss":0,"event_name":"Mysterious Sphere","floor":47,"gold_loss":0}],"is_beta":false,"boss_relics":[{"not_picked":["Cursed Key","Runic Dome"],"picked":"HoveringKite"},{"not_picked":["Velvet Choker","Philosopher\u0027s Stone"],"picked":"Sozu"}],"items_purged_floors":[3,20],"is_endless":false,"potions_floor_spawned":[1,7,10,25,33,35,39,44],"ascension_level":14}}