{"host":"w67240tx264gh7zw","time":1607631598,"event":{"mods":["2.2 Compatiblity","BaseMod","AchievementEnabler","StSLib","Aspiration","Better Third Choice","Block Reminder","Colored Powertips","Conspire","Highlight Path","Hubris","Infinite Spire","Marked Mod","Minty Spire (QoL Compilation)","Quick Restart","RNG Fix","Rare Cards Sparkle","Replay The Spire","Spicy Shops","Relic Stats","Spikes Relics","The Blue Laboratory","Shop Mod","??????REMEMod","Hermit"],"gold_per_floor":[118,138,138,138,149,179,179,179,179,197,207,207,207,232,232,232,232],"floor_reached":16,"playtime":1131,"items_purged":[],"score":110,"play_id":"b5147499-511c-4860-8e62-5fc5d5666530","local_time":"20201210121958","is_ascension_mode":false,"campfire_choices":[{"floor":7.0,"key":"REST"},{"floor":15,"key":"REST"}],"circlet_count":0,"master_deck":["hermit:Strike_Hermit","hermit:Strike_Hermit","hermit:Strike_Hermit","hermit:Strike_Hermit","hermit:Defend_Hermit","hermit:Defend_Hermit","hermit:Defend_Hermit","hermit:Defend_Hermit","hermit:Snapshot","hermit:Covet","hubris:Counter","hermit:Quickdraw","hermit:Glare+1","hermit:Deadeye+1","hermit:Reprieve","hermit:Vantage","hermit:PistolWhip","hermit:TakeCover"],"special_seed":0,"relics":["hermit:Momento","REME_ComplimentaryCards","NeowsBlessing","Chameleon Ring","Lantern"],"acts_visited":["Exordium"],"potions_floor_usage":[14,16,16],"damage_taken":[{"damage":0.0,"enemies":"Small Slimes","floor":1.0,"turns":1.0},{"damage":0.0,"enemies":"Jaw Worm","floor":2.0,"turns":1.0},{"damage":0.0,"enemies":"Cultist","floor":5.0,"turns":1.0},{"damage":49.0,"enemies":"3 Sentries","floor":6.0,"turns":12.0},{"damage":3.0,"enemies":"3 Louse","floor":10.0,"turns":3.0},{"damage":8.0,"enemies":"Gremlin Gang","floor":11.0,"turns":7.0},{"damage":19,"enemies":"Lagavulin","floor":14,"turns":4},{"damage":44,"enemies":"The Guardian","floor":16,"turns":11}],"seed_played":"-8475930997714866188","potions_obtained":[{"floor":2.0,"key":"EssenceOfSteel"},{"floor":11.0,"key":"Strength Potion"},{"floor":13,"key":"Ancient Potion"},{"floor":13,"key":"hermit:BlackBile"},{"floor":14,"key":"EssenceOfSteel"}],"is_trial":false,"path_per_floor":["M","M","?","$","M","E","R","?","T","M","M","?","?","E","R","B"],"character_chosen":"HERMIT","items_purchased":[],"campfire_rested":2,"item_purchase_floors":[],"current_hp_per_floor":[75,75,75,75,75,26,48,48,48,45,37,37,37,18,40,0,0],"gold":232,"neow_bonus":"THREE_ENEMY_KILL","is_daily":false,"chose_seed":false,"campfire_upgraded":0,"win_rate":0.0,"timestamp":1607631598,"path_taken":["M","M","?","$","?","E","R","?","T","M","M","?","?","E","R","BOSS"],"build_version":"2020-11-30","purchased_purges":0,"victory":false,"max_hp_per_floor":[75,75,75,75,75,75,75,75,75,75,75,75,75,75,75,75,75],"relic_stats":{"counters":[8,40],"obtain_stats":[{"Lantern":14,"Chameleon Ring":6,"NeowsBlessing":0,"hermit:Momento":0,"REME_ComplimentaryCards":0},{"Lantern":7,"Chameleon Ring":4,"NeowsBlessing":0,"hermit:Momento":0,"REME_ComplimentaryCards":0},{"Lantern":29,"Chameleon Ring":15,"NeowsBlessing":0,"hermit:Momento":0,"REME_ComplimentaryCards":0}]},"card_choices":[{"not_picked":["hermit:HighCaliber","hermit:BodyArmor"],"picked":"hermit:Quickdraw","floor":1.0},{"not_picked":["hermit:BigShot","hermit:WideOpen"],"picked":"hermit:Glare","floor":2.0},{"not_picked":["hermit:Desperado","hermit:Determination"],"picked":"hermit:Deadeye","floor":5.0},{"not_picked":["hermit:Quickdraw","hermit:Coalescence"],"picked":"hermit:Reprieve","floor":6.0},{"not_picked":["hermit:HighCaliber","hermit:Coalescence"],"picked":"hermit:Vantage","floor":10.0},{"not_picked":["hermit:Roulette","hermit:Quickdraw"],"picked":"hermit:PistolWhip","floor":11.0},{"not_picked":["hermit:HighCaliber","hermit:SprayPray"],"picked":"hermit:TakeCover","floor":14}],"player_experience":474739,"relics_obtained":[{"floor":6.0,"key":"Chameleon Ring"},{"floor":14,"key":"Lantern"}],"event_choices":[{"damage_healed":0.0,"max_hp_gain":0.0,"max_hp_loss":0.0,"gold_gain":0.0,"event_name":"Living Wall","player_choice":"Grow","floor":3.0,"gold_loss":0.0,"damage_taken":0.0,"cards_upgraded":["hermit:Glare"]},{"damage_healed":0.0,"max_hp_gain":0.0,"max_hp_loss":0.0,"gold_gain":0.0,"event_name":"Upgrade Shrine","player_choice":"Upgraded","floor":8.0,"gold_loss":0.0,"damage_taken":0.0,"cards_upgraded":["hermit:Deadeye"]},{"damage_healed":0,"gold_gain":0,"player_choice":"Got Potions","damage_taken":0,"max_hp_gain":0,"max_hp_loss":0,"event_name":"Lab","floor":13,"gold_loss":0}],"is_beta":false,"boss_relics":[],"items_purged_floors":[],"is_endless":false,"potions_floor_spawned":[2,11,14],"killed_by":"The Guardian","ascension_level":0}}