{"host":"27hat5v0dffgaxzm","time":1607586851,"event":{"gold_per_floor":[117,136,149,176,193,522,542,542,542],"floor_reached":8,"playtime":314,"items_purged":[],"score":120,"play_id":"578a2269-0cc4-4ff6-847d-8c232ba4e881","local_time":"20201210165411","is_ascension_mode":true,"campfire_choices":[],"neow_cost":"NONE","seed_source_timestamp":23555851589300,"circlet_count":0,"master_deck":["AscendersBane","Strike_G","Strike_G","Strike_G","Strike_G","Strike_G","Defend_G","Defend_G","Defend_G","Defend_G","Defend_G","Survivor","Neutralize","Quick Slash","Crippling Poison","All Out Attack","Acrobatics","Footwork"],"special_seed":0,"relics":["Ring of the Snake","Anchor","Juzu Bracelet","Old Coin"],"potions_floor_usage":[6,8],"damage_taken":[{"damage":6,"enemies":"Cultist","floor":1,"turns":6},{"damage":6,"enemies":"Jaw Worm","floor":2,"turns":5},{"damage":4,"enemies":"Small Slimes","floor":3,"turns":4},{"damage":6,"enemies":"2 Fungi Beasts","floor":5,"turns":3},{"damage":24,"enemies":"Gremlin Nob","floor":6,"turns":4},{"damage":6,"enemies":"Red Slaver","floor":7,"turns":5},{"damage":11,"enemies":"Lagavulin","floor":8,"turns":5}],"seed_played":"-8538190170573263660","potions_obtained":[{"floor":2,"key":"AttackPotion"},{"floor":6,"key":"DuplicationPotion"}],"is_trial":false,"path_per_floor":["M","M","M","T","M","E","M","E"],"character_chosen":"THE_SILENT","items_purchased":[],"campfire_rested":0,"item_purchase_floors":[],"current_hp_per_floor":[53,47,43,43,37,13,7,0,0],"gold":542,"neow_bonus":"RANDOM_COMMON_RELIC","is_prod":false,"is_daily":false,"chose_seed":false,"campfire_upgraded":0,"win_rate":0,"timestamp":1607586851,"path_taken":["M","M","?","?","M","E","M","E"],"build_version":"2020-11-30","purchased_purges":0,"victory":false,"max_hp_per_floor":[66,66,66,66,66,66,66,66,66],"card_choices":[{"not_picked":["Sucker Punch","Flying Knee"],"picked":"Quick Slash","floor":1},{"not_picked":["Poisoned Stab","Catalyst"],"picked":"Crippling Poison","floor":2},{"not_picked":["Unload","Bane"],"picked":"All Out Attack","floor":3},{"not_picked":["Sucker Punch","Slice"],"picked":"Acrobatics","floor":5},{"not_picked":["Catalyst","Deflect"],"picked":"Footwork","floor":6},{"not_picked":["Blade Dance","Acrobatics","Finisher"],"picked":"SKIP","floor":7}],"player_experience":293702,"relics_obtained":[{"floor":4,"key":"Juzu Bracelet"},{"floor":6,"key":"Old Coin"}],"event_choices":[],"is_beta":false,"boss_relics":[],"items_purged_floors":[],"is_endless":false,"potions_floor_spawned":[2,6],"killed_by":"Lagavulin","ascension_level":20}}