{"host":"h792lphzw6wlba86","time":1607566634,"event":{"gold_per_floor":[112,132,132,11,24,106,123,133,158,175,175,204,204,204,204,301,301,311,311,311],"floor_reached":19,"playtime":1513,"items_purged":["beaked:Ceremony"],"score":169,"play_id":"da9968c0-680c-4be9-8688-37c187d72fb7","local_time":"20201209201714","is_ascension_mode":false,"campfire_choices":[{"data":"beaked:CrazyRituals","floor":11,"key":"SMITH"},{"data":"beaked:Evade","floor":13,"key":"SMITH"},{"data":"beaked:BraceForImpact","floor":15,"key":"SMITH"}],"neow_cost":"NONE","seed_source_timestamp":89861499328800,"circlet_count":0,"master_deck":["beaked:Strike_Y","beaked:Strike_Y","beaked:Strike_Y+1","beaked:Strike_Y","beaked:Defend_Y","beaked:Defend_Y","beaked:Defend_Y","beaked:Defend_Y","beaked:Ceremony","beaked:Ceremony","beaked:CrazyRituals+1","beaked:MaddeningMurmurs","beaked:Windmill+1","beaked:HuntressSpirit","beaked:TuckingFeathers+1","beaked:Evade+1","beaked:BraceForImpact+1","beaked:ScreechingChant","beaked:Insight"],"relics":["beaked:MendingPlumage","conspire:DeflatedDodgeball","CCEMRelics:SpiritsEdge","Whetstone","aspiration:MobileForge"],"potions_floor_usage":[],"damage_taken":[{"damage":11,"enemies":"2 Louse","floor":1,"turns":5},{"damage":17,"enemies":"Cultist","floor":2,"turns":6},{"damage":10,"enemies":"Jaw Worm","floor":5,"turns":5},{"damage":6,"enemies":"3 Louse","floor":7,"turns":3},{"damage":0,"enemies":"Blue Slaver","floor":8,"turns":5},{"damage":9,"enemies":"2 Fungi Beasts","floor":10,"turns":5},{"damage":14,"enemies":"Gremlin Nob","floor":12,"turns":3},{"damage":3,"enemies":"The Guardian","floor":16,"turns":9},{"damage":10,"enemies":"theJungle:5_Spyders","floor":18,"turns":10},{"damage":4,"enemies":"theJungle:GiantWrat","floor":19,"turns":5}],"seed_played":"-3393536999022050561","potions_obtained":[{"floor":1,"key":"Venom Potion"},{"floor":10,"key":"SkillPotion"},{"floor":12,"key":"Explosive Potion"}],"is_trial":false,"path_per_floor":["M","M","?","$","M","T","M","M","T","M","R","E","R","?","R","B",null,"M","M"],"character_chosen":"BEAKED_THE_CULTIST","items_purchased":["beaked:Windmill"],"campfire_rested":0,"item_purchase_floors":[4],"current_hp_per_floor":[49,41,41,41,46,46,50,50,50,50,50,44,44,44,44,50,50,50,49,49],"gold":311,"neow_bonus":"TRANSFORM_CARD","is_prod":false,"is_daily":false,"chose_seed":false,"campfire_upgraded":3,"win_rate":0.0,"timestamp":1607566634,"path_taken":["M","M","?","$","?","?","M","M","T","M","R","E","R","?","R","BOSS","M","M"],"build_version":"2020-11-30","purchased_purges":1,"victory":false,"max_hp_per_floor":[50,50,50,50,50,50,50,50,50,50,50,50,50,50,50,50,50,50,50,50],"card_choices":[{"not_picked":["beaked:Flinch","beaked:Cower","beaked:BarbedWire"],"picked":"SKIP","floor":1},{"not_picked":["beaked:Flinch","beaked:Poke"],"picked":"beaked:MaddeningMurmurs","floor":2},{"not_picked":["beaked:Daydream","beaked:SurvivalInstinct"],"picked":"beaked:HuntressSpirit","floor":5},{"not_picked":["beaked:Daydream","beaked:HuntressSpirit"],"picked":"beaked:TuckingFeathers","floor":7},{"not_picked":["beaked:Resilience","beaked:SacrificialDive","beaked:Mantra"],"picked":"SKIP","floor":8},{"not_picked":["beaked:Tradeoff","beaked:Devastation"],"picked":"beaked:Evade","floor":10},{"not_picked":["beaked:ScreechingChant","beaked:FakeOut"],"picked":"beaked:BraceForImpact","floor":12},{"not_picked":["beaked:FakeOut","beaked:WildInstinct"],"picked":"beaked:ScreechingChant","floor":16},{"not_picked":["beaked:Daydream","beaked:SacrificialAttack"],"picked":"beaked:Insight","floor":18}],"player_experience":566699,"relics_obtained":[{"floor":6,"key":"conspire:DeflatedDodgeball"},{"floor":9,"key":"CCEMRelics:SpiritsEdge"},{"floor":12,"key":"Whetstone"}],"event_choices":[{"cards_removed":["beaked:Strike_Y"],"damage_healed":0,"gold_gain":0,"player_choice":"Purged","damage_taken":0,"max_hp_gain":0,"max_hp_loss":0,"event_name":"Purifier","floor":3,"gold_loss":0}],"is_beta":false,"boss_relics":[{"not_picked":["Astrolabe","Painkiller Herb"],"picked":"aspiration:MobileForge"}],"items_purged_floors":[4],"is_endless":false,"potions_floor_spawned":[1,10,12,18],"killed_by":"theJungle:GiantWrat","ascension_level":0}}