{"host":"e87rn453naquue3h","time":1607629538,"event":{"mods":["BaseMod","StSLib","Minty Spire (QoL Compilation)","AchievementEnabler","Relic Stats"],"gold_per_floor":[116,134,149,168,118,118,136,167,191,203,244,266,353,431,443,557,569,592,236,236,249,268,268,297,257,257,257,302,302,319,17,17,120,120,130,143,95,95,105,135,135,147,147,147,177,177,191,239,239,239],"floor_reached":51,"playtime":3273,"items_purged":["Strike_P"],"score":1180,"play_id":"3d38b532-ab0e-4286-ba2d-89c2db67e46b","local_time":"20201210144538","is_ascension_mode":true,"campfire_choices":[{"data":"Eruption","floor":6,"key":"SMITH"},{"data":"ReachHeaven","floor":10,"key":"SMITH"},{"floor":15,"key":"REST"},{"floor":23,"key":"REST"},{"floor":27,"key":"REST"},{"floor":29,"key":"REST"},{"floor":32,"key":"REST"},{"floor":41,"key":"REST"},{"data":"Strike_P+1","floor":44,"key":"PURGE"},{"floor":49,"key":"REST"}],"circlet_count":0,"master_deck":["Strike_P+1","Strike_P+1","Defend_P+1","Defend_P+1","Defend_P+1","Eruption+1","Vigilance+1","ReachHeaven+1","WheelKick+1","Crescendo+1","Meditate+1","SpiritShield+1","LessonLearned+1","Tantrum+1","Wish+1","EmptyFist+1","Halt+1","Wish+1","Halt+1","ClearTheMind+1"],"relics":["PureWater","Mango","Pear","MawBank","Nunchaku","Runic Pyramid","Turnip","War Paint","Yang","Thread and Needle","Velvet Choker","Incense Burner","Peace Pipe","Regal Pillow","Unceasing Top"],"acts_visited":["Exordium","TheCity","TheBeyond"],"potions_floor_usage":[8,16,22,22,24,47,50,50],"damage_taken":[{"damage":0,"enemies":"2 Louse","floor":1,"turns":2},{"damage":1,"enemies":"Jaw Worm","floor":2,"turns":4},{"damage":1,"enemies":"Cultist","floor":3,"turns":3},{"damage":8,"enemies":"Lots of Slimes","floor":4,"turns":5},{"damage":0,"enemies":"2 Fungi Beasts","floor":7,"turns":2},{"damage":0,"enemies":"Gremlin Nob","floor":8,"turns":2},{"damage":2,"enemies":"3 Sentries","floor":11,"turns":3},{"damage":39,"enemies":"Exordium Thugs","floor":12,"turns":5},{"damage":17,"enemies":"The Guardian","floor":16,"turns":7},{"damage":0,"enemies":"Chosen","floor":18,"turns":4},{"damage":42,"enemies":"2 Thieves","floor":21,"turns":4},{"damage":1,"enemies":"Shelled Parasite and Fungi","floor":22,"turns":4},{"damage":31,"enemies":"Gremlin Leader","floor":24,"turns":6},{"damage":2,"enemies":"Centurion and Healer","floor":28,"turns":4},{"damage":0,"enemies":"Sentry and Sphere","floor":30,"turns":3},{"damage":5,"enemies":"Champ","floor":33,"turns":10},{"damage":5,"enemies":"3 Shapes","floor":35,"turns":5},{"damage":0,"enemies":"Orb Walker","floor":36,"turns":2},{"damage":0,"enemies":"3 Darklings","floor":39,"turns":5},{"damage":10,"enemies":"Nemesis","floor":40,"turns":5},{"damage":0,"enemies":"4 Shapes","floor":42,"turns":4},{"damage":0,"enemies":"Reptomancer","floor":45,"turns":3},{"damage":16,"enemies":"Writhing Mass","floor":47,"turns":3},{"damage":0,"enemies":"Transient","floor":48,"turns":5},{"damage":0,"enemies":"Donu and Deca","floor":50,"turns":8}],"seed_played":"-3940399898533892180","potions_obtained":[{"floor":1,"key":"SteroidPotion"},{"floor":3,"key":"Swift Potion"},{"floor":4,"key":"LiquidMemories"},{"floor":8,"key":"Dexterity Potion"},{"floor":18,"key":"PowerPotion"},{"floor":21,"key":"PowerPotion"},{"floor":22,"key":"StancePotion"},{"floor":33,"key":"Energy Potion"},{"floor":35,"key":"BlessingOfTheForge"},{"floor":45,"key":"SkillPotion"},{"floor":48,"key":"Strength Potion"}],"is_trial":false,"path_per_floor":["M","M","M","M","?","R","M","E","T","R","E","M","?","?","R","B",null,"M","$","?","M","M","R","E","?","T","R","M","R","M","$","R","B",null,"M","M","$","?","M","E","R","M","T","R","E","T","M","M","R","B",null],"character_chosen":"WATCHER","items_purchased":["Turnip","Thread and Needle","Halt"],"campfire_rested":7,"item_purchase_floors":[19,31,37],"current_hp_per_floor":[79,78,77,69,69,69,69,79,79,79,77,38,27,27,53,36,76,76,76,59,17,16,44,13,13,13,41,39,67,67,67,94,89,93,88,88,88,79,79,69,94,94,94,94,94,94,78,78,94,94],"gold":239,"neow_bonus":"ONE_RARE_RELIC","is_daily":false,"chose_seed":false,"campfire_upgraded":2,"win_rate":0,"timestamp":1607629538,"path_taken":["M","M","M","M","?","R","M","E","T","R","E","M","?","?","R","BOSS","M","$","?","M","M","R","E","?","T","R","M","R","?","$","R","BOSS","M","M","?","?","?","E","R","M","T","R","E","?","M","M","R","BOSS"],"build_version":"2020-11-30","purchased_purges":1,"victory":true,"max_hp_per_floor":[79,79,79,79,79,79,79,89,89,89,89,89,89,89,89,89,89,89,89,94,94,94,94,94,94,94,94,94,94,94,94,94,94,94,94,94,94,94,94,94,94,94,94,94,94,94,94,94,94,94],"relic_stats":{"Peace Pipe":1,"Nunchaku":[15],"Regal Pillow":0,"counters":[25,108],"Yang":[110],"Turnip":[13],"War Paint":["SpiritShield","Defend_P"],"MawBank":120,"obtain_stats":[{"Regal Pillow":45,"Pear":8,"Velvet Choker":34,"Mango":0,"Yang":26,"Thread and Needle":31,"Incense Burner":40,"War Paint":24,"MawBank":9,"Peace Pipe":43,"Nunchaku":11,"Turnip":19,"PureWater":0,"Unceasing Top":46,"Runic Pyramid":17},{"Regal Pillow":22,"Pear":6,"Velvet Choker":16,"Mango":0,"Yang":13,"Thread and Needle":15,"Incense Burner":20,"War Paint":13,"MawBank":6,"Peace Pipe":21,"Nunchaku":7,"Turnip":10,"PureWater":0,"Unceasing Top":22,"Runic Pyramid":9},{"Regal Pillow":92,"Pear":18,"Velvet Choker":68,"Mango":0,"Yang":51,"Thread and Needle":58,"Incense Burner":85,"War Paint":51,"MawBank":18,"Peace Pipe":89,"Nunchaku":21,"Turnip":37,"PureWater":0,"Unceasing Top":92,"Runic Pyramid":33}],"Unceasing Top":[0]},"card_choices":[{"not_picked":["SandsOfTime","DeceiveReality"],"picked":"ReachHeaven","floor":1},{"not_picked":["LikeWater","ForeignInfluence"],"picked":"WheelKick","floor":2},{"not_picked":["Wireheading","SashWhip"],"picked":"Crescendo","floor":3},{"not_picked":["CrushJoints","Protect","Prostrate"],"picked":"SKIP","floor":4},{"not_picked":["JustLucky","ThirdEye"],"picked":"Meditate","floor":7},{"not_picked":["CrushJoints","Halt"],"picked":"SpiritShield","floor":8},{"not_picked":["SandsOfTime","ClearTheMind"],"picked":"LessonLearned","floor":11},{"not_picked":["Worship","Swivel"],"picked":"Tantrum","floor":12},{"not_picked":["DeusExMachina","Blasphemy"],"picked":"Wish","floor":16},{"not_picked":["TalkToTheHand","FollowUp","Prostrate"],"picked":"SKIP","floor":18},{"not_picked":["CutThroughFate","Consecrate"],"picked":"EmptyFist+1","floor":21},{"not_picked":["InnerPeace","FlurryOfBlows","Prostrate"],"picked":"SKIP","floor":22},{"not_picked":["Crescendo","DeceiveReality","Protect"],"picked":"SKIP","floor":24},{"not_picked":["Indignation","ForeignInfluence"],"picked":"Halt+1","floor":28},{"not_picked":["PathToVictory","EmptyBody","Collect"],"picked":"SKIP","floor":30},{"not_picked":["Alpha","Judgement"],"picked":"Wish","floor":33},{"not_picked":["Tantrum","Evaluate","EmptyMind+1"],"picked":"SKIP","floor":35},{"not_picked":["Pray+1","Prostrate","EmptyFist"],"picked":"SKIP","floor":36},{"not_picked":["FollowUp","BowlingBash+1","Crescendo"],"picked":"SKIP","floor":39},{"not_picked":["PathToVictory+1","WaveOfTheHand","Worship"],"picked":"SKIP","floor":40},{"not_picked":["Consecrate","Halt+1"],"picked":"ClearTheMind+1","floor":42},{"not_picked":["Prostrate","DeceiveReality","Collect"],"picked":"SKIP","floor":45},{"not_picked":["Wireheading+1","Sanctity+1","ClearTheMind"],"picked":"SKIP","floor":47},{"not_picked":["Crescendo","ForeignInfluence","CrushJoints+1"],"picked":"SKIP","floor":48}],"player_experience":2232396,"relics_obtained":[{"floor":8,"key":"Pear"},{"floor":9,"key":"MawBank"},{"floor":11,"key":"Nunchaku"},{"floor":24,"key":"War Paint"},{"floor":26,"key":"Yang"},{"floor":40,"key":"Incense Burner"},{"floor":43,"key":"Peace Pipe"},{"floor":45,"key":"Regal Pillow"},{"floor":46,"key":"Unceasing Top"}],"event_choices":[{"cards_removed":["Defend_P"],"damage_healed":0,"gold_gain":0,"player_choice":"Card Removal","damage_taken":0,"max_hp_gain":0,"max_hp_loss":0,"event_name":"The Cleric","floor":5,"gold_loss":50},{"damage_healed":0,"gold_gain":75,"player_choice":"Gather Gold","damage_taken":11,"max_hp_gain":0,"max_hp_loss":0,"event_name":"World of Goop","floor":13,"gold_loss":0},{"damage_healed":0,"gold_gain":66,"player_choice":"Gained Gold","damage_taken":0,"max_hp_gain":0,"max_hp_loss":0,"event_name":"Golden Wing","floor":14,"gold_loss":0},{"damage_healed":0,"gold_gain":0,"player_choice":"Shed Blood","damage_taken":22,"max_hp_gain":5,"max_hp_loss":0,"event_name":"Forgotten Altar","floor":20,"gold_loss":0},{"damage_healed":0,"gold_gain":0,"player_choice":"Upgraded Two","damage_taken":0,"max_hp_gain":0,"max_hp_loss":0,"event_name":"Designer","floor":25,"gold_loss":40,"cards_upgraded":["Wish","Crescendo"]},{"damage_healed":0,"gold_gain":0,"player_choice":"Damaged","damage_taken":9,"max_hp_gain":0,"max_hp_loss":0,"event_name":"Wheel of Change","floor":38,"gold_loss":0}],"is_beta":false,"boss_relics":[{"not_picked":["Busted Crown","Calling Bell"],"picked":"Runic Pyramid"},{"not_picked":["Coffee Dripper","Tiny House"],"picked":"Velvet Choker"}],"items_purged_floors":[19],"is_endless":false,"potions_floor_spawned":[1,3,4,8,18,21,22,33,35,39,45,48],"ascension_level":8}}