{"host":"tq11g1xvjhf4r9h6","time":1607561668,"event":{"gold_per_floor":[115,190,190,115,134,134,160,160,183,215,215,233,233,251,251,328,328,340,340,360,360,373,373,323,335,360,386,386,436,331,348,348,348,348],"floor_reached":33,"playtime":1035,"items_purged":["Defend_G"],"score":506,"play_id":"7f213fec-58cb-402d-9bfc-984443784812","local_time":"20201210095428","is_ascension_mode":true,"campfire_choices":[{"data":"Storm of Steel","floor":6.0,"key":"SMITH"},{"data":"Blade Dance","floor":8.0,"key":"SMITH"},{"floor":13.0,"key":"REST"},{"data":"Infinite Blades","floor":15.0,"key":"SMITH"},{"data":"Bullet Time","floor":23.0,"key":"SMITH"},{"floor":28.0,"key":"REST"},{"floor":32.0,"key":"REST"}],"neow_cost":"NONE","seed_source_timestamp":23750883168200,"circlet_count":0,"master_deck":["AscendersBane","Defend_G","Defend_G","Defend_G","Defend_G","Survivor","Neutralize","Storm of Steel+1","Escape Plan","Blade Dance+1","Dodge and Roll","Infinite Blades+1","Bullet Time+1","Acrobatics+1","Adrenaline+1","Accuracy+1","Backflip","Expertise","Cloak And Dagger","Cloak And Dagger"],"special_seed":0,"relics":["Ring of the Snake","Whetstone","Art of War","Happy Flower","Astrolabe","Smiling Mask","Red Mask"],"potions_floor_usage":[],"damage_taken":[{"damage":1.0,"enemies":"Jaw Worm","floor":1.0,"turns":5.0},{"damage":3.0,"enemies":"2 Louse","floor":5.0,"turns":4.0},{"damage":36.0,"enemies":"3 Sentries","floor":7.0,"turns":11.0},{"damage":25.0,"enemies":"Gremlin Nob","floor":10.0,"turns":4.0},{"damage":0.0,"enemies":"Small Slimes","floor":12.0,"turns":2.0},{"damage":2.0,"enemies":"Exordium Thugs","floor":14.0,"turns":6.0},{"damage":31.0,"enemies":"The Guardian","floor":16.0,"turns":15.0},{"damage":0.0,"enemies":"3 Byrds","floor":18.0,"turns":3.0},{"damage":0.0,"enemies":"2 Thieves","floor":20.0,"turns":2.0},{"damage":0.0,"enemies":"Sentry and Sphere","floor":22.0,"turns":3.0},{"damage":17.0,"enemies":"Snecko","floor":25.0,"turns":5.0},{"damage":30.0,"enemies":"Masked Bandits","floor":27.0,"turns":4.0},{"damage":0.0,"enemies":"3 Cultists","floor":31.0,"turns":3.0},{"damage":0,"enemies":"Collector","floor":33,"turns":1}],"seed_played":"5295459765042845872","potions_obtained":[{"floor":1.0,"key":"AttackPotion"},{"floor":5.0,"key":"Weak Potion"},{"floor":12.0,"key":"PowerPotion"},{"floor":16.0,"key":"GhostInAJar"},{"floor":20.0,"key":"Explosive Potion"}],"is_trial":false,"path_per_floor":["M","?","?","?","M","R","E","R","T","E","?","M","R","M","R","B",null,"M","$","M","?","M","R","?","M","T","?","R","T","$","M","R","B"],"character_chosen":"THE_SILENT","items_purchased":["Cloak And Dagger"],"campfire_rested":3,"item_purchase_floors":[30],"current_hp_per_floor":[58,47,66,66,63,63,27,27,27,2,18,18,37,35,35,4,51,51,51,51,51,51,51,51,34,34,4,22,22,22,22,40,40,40],"gold":348,"neow_bonus":"TRANSFORM_CARD","is_prod":false,"is_daily":false,"chose_seed":false,"campfire_upgraded":4,"win_rate":0,"timestamp":1607561668,"path_taken":["M","?","?","?","M","R","E","R","T","E","?","M","R","M","R","BOSS","M","$","M","?","?","R","?","?","T","?","R","?","$","M","R","BOSS"],"build_version":"2020-11-30","purchased_purges":1,"victory":false,"max_hp_per_floor":[66,66,66,66,66,66,66,66,66,66,66,66,66,66,66,66,66,66,66,66,63,63,63,63,63,63,63,63,63,63,63,63,63,63],"relic_stats":{"Happy Flower":[14],"counters":[14,68],"Astrolabe":["Acrobatics","Adrenaline","Accuracy"],"Art of War":[2],"Whetstone":["Strike_G","Strike_G"],"Smiling Mask":25,"obtain_stats":[{"Happy Flower":10,"Astrolabe":17,"Art of War":9,"Red Mask":27,"Whetstone":7,"Smiling Mask":26,"Ring of the Snake":0},{"Happy Flower":4,"Astrolabe":7,"Art of War":3,"Red Mask":12,"Whetstone":3,"Smiling Mask":11,"Ring of the Snake":0},{"Happy Flower":24,"Astrolabe":47,"Art of War":20,"Red Mask":64,"Whetstone":20,"Smiling Mask":60,"Ring of the Snake":0}],"Ring of the Snake":[28]},"card_choices":[{"not_picked":["Outmaneuver","Acrobatics","Crippling Poison"],"picked":"SKIP","floor":1.0},{"not_picked":["Prepared","Noxious Fumes"],"picked":"Escape Plan","floor":5.0},{"not_picked":["Deadly Poison","Crippling Poison"],"picked":"Blade Dance","floor":7.0},{"not_picked":["Riddle With Holes","Flechettes","Catalyst"],"picked":"SKIP","floor":10.0},{"not_picked":["Backstab","Prepared"],"picked":"Dodge and Roll","floor":12.0},{"not_picked":["Deflect","Dagger Spray"],"picked":"Infinite Blades","floor":14.0},{"not_picked":["Grand Finale","Tools of the Trade"],"picked":"Bullet Time","floor":16.0},{"not_picked":["Dodge and Roll","Acrobatics"],"picked":"Backflip","floor":18.0},{"not_picked":["Sucker Punch","Slice","Acrobatics"],"picked":"SKIP","floor":20.0},{"not_picked":["Quick Slash","Well Laid Plans"],"picked":"Expertise","floor":22.0},{"not_picked":["Die Die Die","Endless Agony"],"picked":"Cloak And Dagger","floor":25.0},{"not_picked":["Quick Slash","Deflect","Predator+1"],"picked":"SKIP","floor":31.0}],"player_experience":346092,"relics_obtained":[{"floor":7.0,"key":"Whetstone"},{"floor":9.0,"key":"Art of War"},{"floor":10.0,"key":"Happy Flower"},{"floor":26.0,"key":"Smiling Mask"},{"floor":27.0,"key":"Red Mask"}],"event_choices":[{"damage_healed":0.0,"max_hp_gain":0.0,"max_hp_loss":0.0,"gold_gain":75.0,"event_name":"World of Goop","player_choice":"Gather Gold","floor":2.0,"gold_loss":0.0,"damage_taken":11.0},{"damage_healed":22.0,"max_hp_gain":0.0,"max_hp_loss":0.0,"gold_gain":0.0,"event_name":"Big Fish","player_choice":"Banana","floor":3.0,"gold_loss":0.0,"damage_taken":0.0},{"cards_removed":["Strike_G"],"damage_healed":0.0,"max_hp_gain":0.0,"max_hp_loss":0.0,"gold_gain":0.0,"event_name":"The Cleric","player_choice":"Card Removal","floor":4.0,"gold_loss":75.0,"damage_taken":0.0},{"damage_healed":16.0,"max_hp_gain":0.0,"max_hp_loss":0.0,"gold_gain":0.0,"event_name":"Mushrooms","player_choice":"Healed and dodged fight","floor":11.0,"gold_loss":0.0,"damage_taken":0.0,"cards_obtained":["Parasite"]},{"cards_removed":["Parasite"],"damage_healed":0.0,"max_hp_gain":0.0,"max_hp_loss":0.0,"gold_gain":0.0,"event_name":"Fountain of Cleansing","player_choice":"Removed Curses","floor":21.0,"gold_loss":0.0,"damage_taken":0.0},{"damage_healed":0.0,"max_hp_gain":0.0,"max_hp_loss":0.0,"gold_gain":0.0,"event_name":"The Joust","player_choice":"Bet on Murderer","floor":24.0,"gold_loss":50.0,"damage_taken":0.0},{"damage_healed":0.0,"max_hp_gain":0.0,"max_hp_loss":0.0,"gold_gain":0.0,"event_name":"Masked Bandits","player_choice":"Fought Bandits","floor":27.0,"gold_loss":0.0,"damage_taken":0.0}],"is_beta":false,"boss_relics":[{"not_picked":["Coffee Dripper","Tiny House"],"picked":"Astrolabe"}],"items_purged_floors":[30],"is_endless":false,"potions_floor_spawned":[1,5,12,16,20,27,31],"killed_by":"Collector","ascension_level":20}}