{"host":"g4jqqbmo30rq7cal","time":1607619193,"event":{"gold_per_floor":[110,124,151,151,326,365,389,425,451,478,514,514,534,12,12,184,184,201,200,200,200,207,207,242,242],"floor_reached":24,"playtime":899,"items_purged":[],"score":258,"play_id":"11e199ef-f41a-4f63-ba92-47d718104829","local_time":"20201210215313","is_ascension_mode":false,"campfire_choices":[{"floor":12,"key":"REST"},{"floor":15,"key":"REST"},{"floor":23,"key":"RECALL"}],"neow_cost":"NONE","seed_source_timestamp":110980104981700,"circlet_count":0,"master_deck":["Strike_P+1","Strike_P+1","Strike_P+1","Strike_P+1","Defend_P+1","Defend_P+1","Defend_P+1","Defend_P+1","Eruption","Vigilance","SashWhip","EmptyBody","Fasting2","BattleHymn","Doubt","Worship","BowlingBash","BattleHymn","WreathOfFlame","Consecrate","LikeWater","Pray","Brilliance","Tantrum+1","FollowUp","Shame"],"relics":["PureWater","HushsDoor","SalivaCoin","Meat on the Bone","PreservedInsect","Toy Ornithopter","MerchantsRug","Mummified Hand","Pear"],"potions_floor_usage":[6,6,8,16,16,16,19],"damage_taken":[{"damage":0,"enemies":"Cultist","floor":1,"turns":3},{"damage":0,"enemies":"Jaw Worm","floor":2,"turns":3},{"damage":1,"enemies":"2 Louse","floor":3,"turns":3},{"damage":13,"enemies":"Lagavulin","floor":6,"turns":4},{"damage":10,"enemies":"2 Fungi Beasts","floor":7,"turns":4},{"damage":8,"enemies":"Blue Slaver","floor":8,"turns":4},{"damage":0,"enemies":"3 Sentries","floor":10,"turns":1},{"damage":14,"enemies":"Looter","floor":11,"turns":4},{"damage":12,"enemies":"Large Slime","floor":13,"turns":5},{"damage":45,"enemies":"The Guardian","floor":16,"turns":8},{"damage":20,"enemies":"Spheric Guardian","floor":18,"turns":3},{"damage":20,"enemies":"2 Thieves","floor":19,"turns":4},{"damage":35,"enemies":"Snake Plant","floor":24,"turns":4}],"seed_played":"3914615936507559195","potions_obtained":[{"floor":1,"key":"BlessingOfTheForge"},{"floor":2,"key":"EssenceOfSteel"},{"floor":7,"key":"SneckoOil"},{"floor":10,"key":"Dexterity Potion"},{"floor":11,"key":"Explosive Potion"},{"floor":13,"key":"ColorlessPotion"},{"floor":18,"key":"AttackPotion"}],"is_trial":false,"path_per_floor":["M","M","M","?","?","E","M","M","T","E","M","R","M","$","R","B",null,"M","M","?","?","?","R","M"],"character_chosen":"WATCHER","items_purchased":["MerchantsRug","Mummified Hand","LikeWater","Pray"],"campfire_rested":2,"item_purchase_floors":[14,14,14,14],"current_hp_per_floor":[72,72,71,71,71,58,48,40,40,40,38,59,47,47,68,39,72,52,37,37,47,31,31,0,0],"gold":242,"neow_bonus":"THREE_CARDS","is_prod":false,"is_daily":false,"chose_seed":false,"campfire_upgraded":0,"win_rate":0.0,"timestamp":1607619193,"path_taken":["M","M","?","?","?","E","M","M","T","E","M","R","M","$","R","BOSS","M","M","?","?","?","R","M"],"build_version":"2020-11-30","purchased_purges":0,"victory":false,"max_hp_per_floor":[72,72,72,72,72,72,72,72,72,72,72,72,72,72,72,72,72,72,72,72,82,87,87,87,87],"card_choices":[{"not_picked":[],"picked":"ChaosCard","floor":0},{"not_picked":["CutThroughFate","Halt"],"picked":"SashWhip","floor":0},{"not_picked":["Consecrate","CarveReality"],"picked":"EmptyBody","floor":1},{"not_picked":["Consecrate","Weave"],"picked":"Fasting2","floor":2},{"not_picked":["ThirdEye","JustLucky"],"picked":"BattleHymn","floor":3},{"not_picked":["FlyingSleeves","JustLucky"],"picked":"Worship","floor":6},{"not_picked":["FlurryOfBlows","ClearTheMind"],"picked":"BowlingBash","floor":7},{"not_picked":["Adaptation","FlurryOfBlows"],"picked":"Bomb","floor":8},{"not_picked":["Swivel","Ragnarok"],"picked":"BattleHymn","floor":10},{"not_picked":["ClearTheMind","Evaluate"],"picked":"WreathOfFlame","floor":11},{"not_picked":["BowlingBash","Protect"],"picked":"Consecrate","floor":13},{"not_picked":["Ragnarok","Omniscience"],"picked":"Brilliance","floor":16},{"not_picked":["ReachHeaven+1","Study"],"picked":"Tantrum+1","floor":18},{"not_picked":["PathToVictory","Nirvana"],"picked":"FollowUp","floor":19}],"player_experience":279493,"relics_obtained":[{"floor":6,"key":"Meat on the Bone"},{"floor":9,"key":"PreservedInsect"},{"floor":10,"key":"Toy Ornithopter"}],"event_choices":[{"damage_healed":0,"gold_gain":0,"player_choice":"Leave","damage_taken":0,"max_hp_gain":0,"max_hp_loss":0,"event_name":"conspire:Investor","floor":4,"gold_loss":0},{"damage_healed":0,"gold_gain":175,"player_choice":"AGREE","damage_taken":0,"max_hp_gain":0,"max_hp_loss":0,"event_name":"Liars Game","floor":5,"gold_loss":0,"cards_obtained":["Doubt"]},{"damage_healed":0,"gold_gain":0,"player_choice":"Simplicity","damage_taken":0,"max_hp_gain":0,"max_hp_loss":0,"event_name":"Back to Basics","floor":20,"gold_loss":0,"cards_upgraded":["Strike_P","Strike_P","Strike_P","Strike_P","Defend_P","Defend_P","Defend_P","Defend_P"]},{"damage_healed":0,"gold_gain":0,"player_choice":"Stole Relic","damage_taken":0,"relics_obtained":["Pear"],"max_hp_gain":0,"max_hp_loss":0,"event_name":"Addict","floor":21,"gold_loss":0,"cards_obtained":["Shame"]},{"damage_healed":0,"gold_gain":0,"player_choice":"Shed Blood","damage_taken":21,"max_hp_gain":5,"max_hp_loss":0,"event_name":"Forgotten Altar","floor":22,"gold_loss":0}],"is_beta":false,"boss_relics":[{"not_picked":["Runic Dome","Empty Cage","conspire:SeveredTorchhead"]}],"items_purged_floors":[],"is_endless":false,"potions_floor_spawned":[1,2,7,10,11,13,18],"killed_by":"Snake Plant","ascension_level":0}}