{"host":"r3d3rfw8zyydmocx","time":1607559200,"event":{"gold_per_floor":[109,121,121,121,101,101,130,130,130,151,183,183,183,226,226,323,323,345,345,376,403,403,438,438,483,483,517,124,333,333,382,382,501,501,553,553,595,610,655,655,702,682,706,724,724,787,787,817,817,715,715,715,759,880,792,792],"floor_reached":55,"playtime":5614,"items_purged":["Sickly","Pain"],"score":1054,"play_id":"eb7f49d0-3383-45fd-bd4f-3224465d1bf2","local_time":"20201209161320","is_ascension_mode":false,"campfire_choices":[{"data":"hierophant:Punish","floor":6.0,"key":"SMITH"},{"data":"hierophant:ChurchCoffers","floor":8.0,"key":"SMITH"},{"data":"hierophant:RustyCrate","floor":12.0,"key":"SMITH"},{"data":"hierophant:DisplayOfPower","floor":15.0,"key":"SMITH"},{"floor":24.0,"key":"REST"},{"floor":30.0,"key":"REST"},{"data":"Apotheosis","floor":32.0,"key":"SMITH"},{"floor":40.0,"key":"RECALL"},{"floor":47.0,"key":"REST"},{"floor":49.0,"key":"REST"},{"data":"Pot Of Greed","floor":52.0,"key":"SMITH"}],"neow_cost":"NONE","seed_source_timestamp":695120818244400,"circlet_count":0,"master_deck":["hierophant:Strike_Hierophant","hierophant:Strike_Hierophant","hierophant:Strike_Hierophant","hierophant:Strike_Hierophant","hierophant:Punish+1","hierophant:Defend_Hierophant","hierophant:Defend_Hierophant","hierophant:Defend_Hierophant","hierophant:ChurchCoffers+1","hierophant:Smite","hierophant:Exaltation","hierophant:Invocation","hierophant:RustyCrate+1","hierophant:Doubloon","hierophant:Doubloon","hierophant:PassingBell","hierophant:DisplayOfPower+1","hierophant:LocustPlague+1","hierophant:Repentance","hierophant:Repentance","hierophant:Patience+1","hierophant:Shelter","hierophant:OrnateBuckler","Apotheosis+1","Pot Of Greed","Pot Of Greed+1","Pot Of Greed","hierophant:MorningPrayer","hierophant:Endure","hierophant:Anathema","hierophant:Zeal+1","hierophant:HammerAndAnvil+1","hierophant:Levitation","hierophant:LocustPlague","Midas Touch","Flash of Steel","hierophant:AuricShield","Pot Of Greed","hierophant:AuricBeam+1","hierophant:Bribe+1"],"special_seed":0,"relics":["hierophant:PropheticMaskRelic","NeowsBlessing","MealTicket","Durian","Orichalcum","ReplayTheSpireMod:Shallot","ReplayTheSpireMod:Lightbulb","ReplayTheSpireMod:DimensionalGlitch","Ring of Fury","Ring of Searing","Regal Pillow","Singing Bowl","Grinning Jar","aspiration:SecretTechniqueScroll","CeramicFish","ReplayTheSpireMod:CursedCoin","ReplayTheSpireMod:TigerMarble"],"potions_floor_usage":[55,55],"damage_taken":[{"damage":0.0,"enemies":"Cultist","floor":1.0,"turns":1.0},{"damage":0.0,"enemies":"Jaw Worm","floor":2.0,"turns":1.0},{"damage":0.0,"enemies":"Gremlin Nob","floor":7.0,"turns":1.0},{"damage":4.0,"enemies":"Replay:BlueRogue","floor":10.0,"turns":5.0},{"damage":0.0,"enemies":"2 Louse","floor":11.0,"turns":1.0},{"damage":0.0,"enemies":"Lots of Slimes","floor":14.0,"turns":2.0},{"damage":0.0,"enemies":"Fading Forest","floor":16.0,"turns":11.0},{"damage":13.0,"enemies":"3 Byrds","floor":18.0,"turns":4.0},{"damage":1.0,"enemies":"Shell Parasite","floor":20.0,"turns":3.0},{"damage":16.0,"enemies":"Shelled Parasite and Fungi","floor":21.0,"turns":4.0},{"damage":26.0,"enemies":"Slavers","floor":23.0,"turns":4.0},{"damage":0.0,"enemies":"Sentry and Sphere","floor":25.0,"turns":1.0},{"damage":16.0,"enemies":"conspire:HollyBat","floor":27.0,"turns":5.0},{"damage":15.0,"enemies":"Snake Plant","floor":31.0,"turns":2.0},{"damage":19.0,"enemies":"Collector","floor":33.0,"turns":9.0},{"damage":7.0,"enemies":"Orb Walker","floor":35.0,"turns":2.0},{"damage":7.0,"enemies":"3 Shapes","floor":37.0,"turns":2.0},{"damage":7.0,"enemies":"Sphere and 2 Shapes","floor":38.0,"turns":2.0},{"damage":0.0,"enemies":"Transient","floor":39.0,"turns":5.0},{"damage":3.0,"enemies":"Jaw Worm Horde","floor":41.0,"turns":3.0},{"damage":8.0,"enemies":"Nemesis","floor":42.0,"turns":5.0},{"damage":0.0,"enemies":"Sphere and 2 Shapes","floor":46.0,"turns":1.0},{"damage":27.0,"enemies":"Writhing Mass","floor":48.0,"turns":3.0},{"damage":45.0,"enemies":"Time Eater","floor":50.0,"turns":6.0},{"damage":26.0,"enemies":"Shield and Spear","floor":54.0,"turns":5.0},{"damage":79,"enemies":"The Heart","floor":55,"turns":3}],"seed_played":"-6109050479130607385","potions_obtained":[{"floor":2.0,"key":"GamblersBrew"},{"floor":5.0,"key":"LifebloodPotion"},{"floor":10.0,"key":"Adrenaline Potion"},{"floor":21.0,"key":"LifebloodPotion"},{"floor":23.0,"key":"AttackPotion"},{"floor":33.0,"key":"LifebloodPotion"},{"floor":35.0,"key":"SpeedPotion"},{"floor":39.0,"key":"Doom Potion"},{"floor":41.0,"key":"DuplicationPotion"}],"is_trial":false,"path_per_floor":["M","M","?","T","?","R","E","R","T","E","M","R","?","M","R","B",null,"M","?","M","M","?","E","R","M","T","M","$","?","R","M","R","B",null,"M","?","M","M","M","R","M","E","T","?","?","M","R","M","R","B",null,"R","$","E","B"],"character_chosen":"HIEROPHANT","items_purchased":["Apotheosis","Grinning Jar","ReplayTheSpireMod:CursedCoin","hierophant:AuricBeam+1"],"campfire_rested":4,"item_purchase_floors":[28,28,53,53],"current_hp_per_floor":[75,75,63,68,68,68,68,68,68,64,64,64,64,64,64,80,80,67,67,66,50,50,24,63,63,63,47,62,30,69,54,54,35,80,73,73,66,59,61,61,58,52,52,44,44,44,84,59,86,41,86,86,86,60,0,0],"gold":792,"neow_bonus":"THREE_ENEMY_KILL","is_prod":false,"is_daily":false,"chose_seed":false,"campfire_upgraded":6,"win_rate":0,"timestamp":1607559200,"path_taken":["M","?","?","?","?","R","E","R","T","E","?","R","?","M","R","BOSS","M","?","M","?","?","E","R","M","T","M","$","?","R","M","R","BOSS","M","?","M","M","M","R","M","E","T","?","?","M","R","M","R","BOSS","R","$","E","BOSS"],"build_version":"2020-11-30","purchased_purges":2,"victory":false,"max_hp_per_floor":[75,75,75,80,80,80,80,80,80,80,80,80,80,80,80,80,80,80,80,80,80,80,80,80,80,80,80,80,80,80,80,80,80,80,80,80,80,80,82,82,82,84,84,84,84,84,84,86,86,86,86,86,86,86,86,86],"card_choices":[{"not_picked":["hierophant:SealAway","hierophant:FieryStrike"],"picked":"hierophant:Smite","floor":1.0},{"not_picked":["hierophant:Doomsaying","hierophant:OrnateJavelin"],"picked":"hierophant:Exaltation","floor":2.0},{"not_picked":["hierophant:Purify","hierophant:Mercenaries"],"picked":"hierophant:Invocation","floor":7.0},{"not_picked":["hierophant:FlamingChariot","hierophant:Purify"],"picked":"hierophant:RustyCrate","floor":10.0},{"not_picked":["hierophant:Shelter","hierophant:AuricBeam"],"picked":"hierophant:PassingBell","floor":11.0},{"not_picked":["hierophant:HolyVerse","hierophant:Exaltation"],"picked":"hierophant:DisplayOfPower","floor":14.0},{"not_picked":["hierophant:DivineIntervention","hierophant:DeathKnell"],"picked":"hierophant:LocustPlague","floor":16.0},{"not_picked":["hierophant:DisplayOfPower","hierophant:CoinFling+1"],"picked":"hierophant:Repentance","floor":18.0},{"not_picked":["hierophant:Doubloon","hierophant:OrnateBuckler+1"],"picked":"hierophant:Repentance","floor":20.0},{"not_picked":["hierophant:Shelter","hierophant:SealAway","hierophant:Remorse"],"picked":"SKIP","floor":21.0},{"not_picked":["hierophant:Remorse+1","hierophant:SecretStash"],"picked":"hierophant:Patience+1","floor":23.0},{"not_picked":["hierophant:OrnateBuckler","hierophant:Anathema"],"picked":"hierophant:Shelter","floor":25.0},{"not_picked":["hierophant:Sermon","hierophant:RepressedViolence"],"picked":"hierophant:OrnateBuckler","floor":27.0},{"not_picked":["hierophant:SealAway","hierophant:Encroach"],"picked":"hierophant:MorningPrayer","floor":29.0},{"not_picked":["hierophant:Cornucopia","hierophant:PassingBell"],"picked":"hierophant:Endure","floor":31.0},{"not_picked":["hierophant:MintersHammer","hierophant:WrathOfGod"],"picked":"hierophant:Anathema","floor":33.0},{"not_picked":["hierophant:Smite","hierophant:EyeForCoin+1"],"picked":"hierophant:Zeal+1","floor":35.0},{"not_picked":["hierophant:RepressedViolence+1","hierophant:Purify"],"picked":"hierophant:HammerAndAnvil+1","floor":37.0},{"not_picked":["hierophant:Shelter","hierophant:RecallFunds"],"picked":"hierophant:Levitation","floor":38.0},{"not_picked":["hierophant:HammerAndAnvil+1","hierophant:TollTheBells","hierophant:PassingBell"],"picked":"Singing Bowl","floor":39.0},{"not_picked":["hierophant:OrnateBuckler","hierophant:Exaltation"],"picked":"hierophant:LocustPlague","floor":41.0},{"not_picked":["hierophant:ThreeLashes","hierophant:Encroach","hierophant:Purify+1"],"picked":"Singing Bowl","floor":42.0},{"not_picked":["Sadistic Nature","Good Instincts"],"picked":"Midas Touch","floor":44.0},{"not_picked":["PanicButton","ReplayTheSpireMod:Trickstab"],"picked":"Flash of Steel","floor":44.0},{"not_picked":["hierophant:RepressedViolence","hierophant:Sermon"],"picked":"hierophant:AuricShield","floor":46.0},{"not_picked":["hierophant:Upheaval","hierophant:PassingBell+1","hierophant:AuricBeam+1"],"picked":"Singing Bowl","floor":48.0},{"not_picked":["hierophant:PassingBell+1","hierophant:Smite+1"],"picked":"hierophant:Bribe+1","floor":54.0}],"player_experience":439526,"relics_obtained":[{"floor":4.0,"key":"Durian"},{"floor":7.0,"key":"Orichalcum"},{"floor":9.0,"key":"ReplayTheSpireMod:Shallot"},{"floor":10.0,"key":"ReplayTheSpireMod:Lightbulb"},{"floor":22.0,"key":"Ring of Fury"},{"floor":22.0,"key":"Ring of Searing"},{"floor":23.0,"key":"Regal Pillow"},{"floor":26.0,"key":"Singing Bowl"},{"floor":42.0,"key":"CeramicFish"},{"floor":54.0,"key":"ReplayTheSpireMod:TigerMarble"}],"event_choices":[{"damage_healed":0.0,"max_hp_gain":0.0,"max_hp_loss":0.0,"gold_gain":0.0,"event_name":"Scrap Ooze","player_choice":"Success","floor":3.0,"gold_loss":0.0,"damage_taken":12.0,"relics_obtained":["MealTicket"]},{"damage_healed":0.0,"max_hp_gain":0.0,"max_hp_loss":0.0,"gold_gain":0.0,"event_name":"The Woman in Blue","player_choice":"Bought 1 Potion","floor":5.0,"gold_loss":0.0,"damage_taken":0.0},{"damage_healed":0.0,"max_hp_gain":0.0,"max_hp_loss":0.0,"gold_gain":0.0,"event_name":"NoteForYourself","player_choice":"Ignored","floor":13.0,"gold_loss":0.0,"damage_taken":0.0},{"damage_healed":0.0,"max_hp_gain":0.0,"max_hp_loss":0.0,"gold_gain":0.0,"event_name":"Accursed Blacksmith","player_choice":"Forge","floor":19.0,"gold_loss":0.0,"damage_taken":0.0,"cards_upgraded":["hierophant:LocustPlague"]},{"damage_healed":0.0,"max_hp_gain":0.0,"max_hp_loss":0.0,"gold_gain":0.0,"event_name":"Tomb of Lord Red Mask","player_choice":"Ignored","floor":36.0,"gold_loss":0.0,"damage_taken":0.0},{"damage_healed":0.0,"max_hp_gain":0.0,"max_hp_loss":0.0,"gold_gain":0.0,"event_name":"SensoryStone","player_choice":"Memory 2","floor":44.0,"gold_loss":0.0,"damage_taken":5.0},{"cards_removed":["hierophant:Defend_Hierophant"],"damage_healed":0.0,"max_hp_gain":0.0,"max_hp_loss":0.0,"gold_gain":0.0,"event_name":"Falling","player_choice":"Removed Skill","floor":45.0,"gold_loss":0.0,"damage_taken":0.0}],"is_beta":false,"boss_relics":[{"not_picked":["Replay:Ancient Bell","conspire:SeveredTorchhead"],"picked":"ReplayTheSpireMod:DimensionalGlitch"},{"not_picked":["aspiration:RunesmithSkillbook","Calling Bell"],"picked":"aspiration:SecretTechniqueScroll"}],"items_purged_floors":[28,53],"is_endless":false,"potions_floor_spawned":[2,10,11,14,21,23,33,35,39,41,48],"killed_by":"The Heart","ascension_level":0}}