{"host":"3o6vp6vwg41o825i","time":1607605131,"event":{"gold_per_floor":[113,123,123,139,139,139,166,166,166,184,217,23,23,36,36,131,131,147,147,107,123,142,142,171,171,251,30,44,44,75,91,91,91,91],"floor_reached":33,"playtime":1633,"items_purged":["Defend_P"],"score":310,"play_id":"1d94e747-7dc2-4007-88e3-e1f01cd257bf","local_time":"20201210135851","is_ascension_mode":true,"campfire_choices":[{"data":"Conclude","floor":6,"key":"SMITH"},{"floor":8,"key":"REST"},{"floor":13,"key":"REST"},{"floor":15,"key":"REST"},{"floor":23,"key":"REST"},{"data":"infinitespire:FutureSight","floor":29,"key":"SMITH"},{"floor":32,"key":"REST"}],"neow_cost":"NONE","seed_source_timestamp":1536698317194600,"circlet_count":0,"master_deck":["Strike_P","Strike_P","Strike_P","Strike_P","Defend_P+1","Defend_P","Eruption+1","Vigilance","Prostrate","MentalFortress+1","Conclude+1","SashWhip+1","Alpha+1","BattleHymn","Swivel","EmptyMind","DevaForm","Spot Weakness","ReplayTheSpireMod:Haul","infinitespire:FutureSight+1","WaveOfTheHand+1","Rampage+1","infinitespire:OneForAll+1","Twin Strike+1"],"relics":["PureWater","NeowsBlessing","Molten Egg 2","Replay:Purple Gloves","Replay:Bottled Snecko","Bronze Scales","Guide Book","aspiration:IroncladSkillbook","Gremlin Horn","hubris:Backtick","Burning Blood","Replay:Accelerometer","Pantograph","HandDrill","StuffTheSpire:SapphireSignet"],"potions_floor_usage":[7,18,18,18,31,31,33],"damage_taken":[{"damage":0,"enemies":"Cultist","floor":1,"turns":1},{"damage":0,"enemies":"Jaw Worm","floor":2,"turns":1},{"damage":0,"enemies":"Small Slimes","floor":4,"turns":1},{"damage":30,"enemies":"Gremlin Nob","floor":7,"turns":5},{"damage":2,"enemies":"Looter","floor":10,"turns":3},{"damage":22,"enemies":"3 Sentries","floor":11,"turns":3},{"damage":13,"enemies":"Lots of Slimes","floor":14,"turns":3},{"damage":58,"enemies":"The Guardian","floor":16,"turns":8},{"damage":0,"enemies":"Spheric Guardian","floor":18,"turns":3},{"damage":18,"enemies":"3 Cultists","floor":21,"turns":4},{"damage":20,"enemies":"Centurion and Healer","floor":22,"turns":5},{"damage":33,"enemies":"Book of Stabbing","floor":24,"turns":5},{"damage":10,"enemies":"Sentry and Sphere","floor":28,"turns":3},{"damage":44,"enemies":"Slavers","floor":30,"turns":3},{"damage":2,"enemies":"3 Cultists","floor":31,"turns":4},{"damage":72,"enemies":"Pondfish","floor":33,"turns":3}],"seed_played":"-7070043640533671669","potions_obtained":[{"floor":2,"key":"Energy Potion"},{"floor":10,"key":"FearPotion"},{"floor":14,"key":"Toxic Potion"},{"floor":16,"key":"Toxic Potion"},{"floor":24,"key":"EssenceOfSteel"},{"floor":28,"key":"AttackPotion"},{"floor":31,"key":"SteroidPotion"}],"is_trial":false,"path_per_floor":["M","M","?","M","?","R","E","R","T","M","E","$","R","M","R","B",null,"M","AVR","?","M","M","R","E","?","T","$","M","R","E","M","R","B"],"character_chosen":"WATCHER","items_purchased":["Guide Book","Swivel","HandDrill"],"campfire_rested":5,"item_purchase_floors":[12,12,27],"current_hp_per_floor":[72,72,72,72,72,72,42,63,63,61,39,39,60,47,68,10,72,72,72,72,64,54,72,49,49,49,49,49,49,15,23,44,0,0],"gold":91,"neow_bonus":"THREE_ENEMY_KILL","is_prod":false,"is_daily":false,"chose_seed":false,"campfire_upgraded":2,"win_rate":0,"timestamp":1607605131,"path_taken":["M","?","?","?","?","R","E","R","T","M","E","$","R","M","R","BOSS","M","AVR","?","?","M","R","E","?","T","$","M","R","E","?","R","BOSS"],"build_version":"2020-11-30","purchased_purges":1,"victory":false,"max_hp_per_floor":[72,72,72,72,72,72,72,72,72,72,72,72,72,72,72,72,72,72,72,72,72,72,72,72,72,72,72,72,72,72,72,72,72,72],"card_choices":[{"not_picked":["Crescendo","Replay:AtTheReady"],"picked":"Prostrate","floor":1},{"not_picked":["ThirdEye","Replay:AtTheReady"],"picked":"MentalFortress","floor":2},{"not_picked":["CrushJoints","Crescendo"],"picked":"Conclude","floor":4},{"not_picked":["Protect","PathToVictory"],"picked":"SashWhip+1","floor":7},{"not_picked":["Indignation","Replay:Cycle"],"picked":"Alpha","floor":10},{"not_picked":["Evaluate","FlyingSleeves+1"],"picked":"BattleHymn","floor":11},{"not_picked":["Replay:AtTheReady","Crescendo"],"picked":"EmptyMind","floor":14},{"not_picked":["Establishment","Wish"],"picked":"DevaForm","floor":16},{"not_picked":["Replay:Undeath\u0027s Touch+1","Twin Strike+1","EmptyFist+1"],"picked":"Spot Weakness","floor":18},{"not_picked":["CutThroughFate+1","Clothesline+1","Wireheading"],"picked":"WaveOfTheHand+1","floor":21},{"not_picked":["InnerPeace","Nirvana","BowlingBash+1"],"picked":"Rampage+1","floor":22},{"not_picked":["Bloodletting","Crescendo","Corruption"],"picked":"infinitespire:OneForAll+1","floor":24},{"not_picked":["Nirvana+1","Iron Wave+1","Spot Weakness","FlyingSleeves+1"],"picked":"SKIP","floor":28},{"not_picked":["Wish","StuffTheSpire:Incineration+1","Halt"],"picked":"Twin Strike+1","floor":30},{"not_picked":["WheelKick+1","ForeignInfluence+1","conspire:Charge+1","DeceiveReality"],"picked":"SKIP","floor":31}],"player_experience":216202,"relics_obtained":[{"floor":7,"key":"Replay:Purple Gloves"},{"floor":9,"key":"Replay:Bottled Snecko"},{"floor":11,"key":"Bronze Scales"},{"floor":24,"key":"Replay:Accelerometer"},{"floor":26,"key":"Pantograph"},{"floor":30,"key":"StuffTheSpire:SapphireSignet"}],"event_choices":[{"cards_removed":["Defend_P"],"damage_healed":0,"gold_gain":0,"player_choice":"Purged","damage_taken":0,"max_hp_gain":0,"max_hp_loss":0,"event_name":"Purifier","floor":3,"gold_loss":0},{"damage_healed":0,"gold_gain":0,"player_choice":"Upgraded Two","damage_taken":0,"max_hp_gain":0,"max_hp_loss":0,"event_name":"Designer","floor":20,"gold_loss":40,"cards_upgraded":["Defend_P","Eruption"]},{"cards_removed":["Injury"],"damage_healed":0,"gold_gain":0,"player_choice":"Purged","damage_taken":0,"max_hp_gain":0,"max_hp_loss":0,"event_name":"Purifier","floor":25,"gold_loss":0}],"is_beta":false,"boss_relics":[{"not_picked":["halation:MonkeysPaw","Runic Pyramid"],"picked":"aspiration:IroncladSkillbook"}],"items_purged_floors":[27],"is_endless":false,"potions_floor_spawned":[2,10,14,16,24,28,31],"killed_by":"Pondfish","ascension_level":1}}