{"host":"udzsrhbqdxqtlypj","time":1607626892,"event":{"mods":["BaseMod","Minty Spire (QoL Compilation)","Relic Stats"],"gold_per_floor":[118,293,308,326,342,373,373,122,122,122,150,150,188,188,188,309,309,322,322,336,336,349,382,382,425,425,458,458,477,515,535,535,665,665,689,753,768,789,812,850,850,875,945,980,17,17,58,83,83,83,83,83,3,38,38],"floor_reached":56,"playtime":5458,"items_purged":["Doubt","Strike_G+1"],"score":2166,"play_id":"8b8dad0f-d48e-40f4-a519-5211719f5ee5","local_time":"20201210130132","is_ascension_mode":true,"campfire_choices":[{"data":"Dagger Throw","floor":7,"key":"SMITH"},{"floor":10,"key":"REST"},{"data":"Adrenaline","floor":15,"key":"SMITH"},{"data":"Bullet Time","floor":28,"key":"SMITH"},{"data":"Venomology","floor":32,"key":"SMITH"},{"floor":46,"key":"RECALL"},{"data":"Envenom","floor":49,"key":"SMITH"},{"data":"Catalyst","floor":52,"key":"SMITH"}],"circlet_count":0,"master_deck":["Strike_G+1","Strike_G+1","Strike_G+1","Defend_G+1","Defend_G+1","Defend_G+1","Defend_G+1","Defend_G+1","Survivor","Neutralize+1","Leg Sweep","Calculated Gamble","Dagger Throw+1","Underhanded Strike","Endless Agony","Poisoned Stab","Adrenaline+1","Bullet Time+1","Deadly Poison+1","Blade Dance+1","Reflex+1","Ghostly","Ghostly","Ghostly","Ghostly","Ghostly","Venomology+1","Concentrate+1","Deflect+1","Envenom+1","Underhanded Strike+1","Blade Dance+1","Cloak And Dagger+1","Caltrops+1","Finesse","Master of Strategy","Jack Of All Trades","Catalyst+1","Accuracy+1","Accuracy+1"],"relics":["Ring of the Snake","Dead Branch","Whetstone","Potion Belt","The Courier","Du-Vu Doll","Golden Idol","Omamori","SlaversCollar","Bronze Scales","Bag of Preparation","Mummified Hand","Centennial Puzzle","Toy Ornithopter","SacredBark","Tough Bandages","Strawberry","Prayer Wheel","Paper Crane","Ice Cream","ClockworkSouvenir","CaptainsWheel","Oddly Smooth Stone","MealTicket","Mango"],"acts_visited":["Exordium","TheCity","TheBeyond","TheEnding"],"potions_floor_usage":[5,6,18,31,33,33,33,33,33,36,37,39,40,42,44,50,50,50,55,55,55,55,55],"damage_taken":[{"damage":1,"enemies":"Jaw Worm","floor":1,"turns":5},{"damage":0,"enemies":"2 Louse","floor":3,"turns":3},{"damage":0,"enemies":"Small Slimes","floor":4,"turns":4},{"damage":6,"enemies":"Gremlin Gang","floor":5,"turns":2},{"damage":17,"enemies":"Gremlin Nob","floor":6,"turns":5},{"damage":7,"enemies":"3 Sentries","floor":11,"turns":5},{"damage":3,"enemies":"Lagavulin","floor":13,"turns":5},{"damage":6,"enemies":"The Guardian","floor":16,"turns":13},{"damage":0,"enemies":"Spheric Guardian","floor":18,"turns":3},{"damage":2,"enemies":"Shell Parasite","floor":20,"turns":2},{"damage":0,"enemies":"Snecko","floor":22,"turns":3},{"damage":3,"enemies":"Book of Stabbing","floor":23,"turns":5},{"damage":0,"enemies":"Gremlin Leader","floor":25,"turns":2},{"damage":2,"enemies":"Slavers","floor":27,"turns":5},{"damage":0,"enemies":"Centurion and Healer","floor":29,"turns":5},{"damage":2,"enemies":"Book of Stabbing","floor":30,"turns":3},{"damage":0,"enemies":"Chosen and Byrds","floor":31,"turns":3},{"damage":1,"enemies":"Champ","floor":33,"turns":6},{"damage":2,"enemies":"3 Darklings","floor":35,"turns":3},{"damage":4,"enemies":"2 Orb Walkers","floor":36,"turns":4},{"damage":0,"enemies":"Orb Walker","floor":37,"turns":1},{"damage":3,"enemies":"Writhing Mass","floor":38,"turns":5},{"damage":0,"enemies":"Transient","floor":39,"turns":5},{"damage":0,"enemies":"Reptomancer","floor":40,"turns":4},{"damage":0,"enemies":"3 Darklings","floor":42,"turns":3},{"damage":0,"enemies":"Giant Head","floor":44,"turns":5},{"damage":0,"enemies":"Reptomancer","floor":47,"turns":3},{"damage":0,"enemies":"4 Shapes","floor":48,"turns":4},{"damage":0,"enemies":"Time Eater","floor":50,"turns":10},{"damage":0,"enemies":"Shield and Spear","floor":54,"turns":4},{"damage":18,"enemies":"The Heart","floor":55,"turns":5}],"seed_played":"815141277101713207","potions_obtained":[{"floor":3,"key":"Explosive Potion"},{"floor":4,"key":"SteroidPotion"},{"floor":6,"key":"AttackPotion"},{"floor":20,"key":"Ancient Potion"},{"floor":22,"key":"Fire Potion"},{"floor":29,"key":"LiquidBronze"},{"floor":30,"key":"ColorlessPotion"},{"floor":37,"key":"CunningPotion"},{"floor":40,"key":"Weak Potion"},{"floor":54,"key":"Ancient Potion"}],"is_trial":false,"path_per_floor":["M","?","M","M","M","E","R","$","T","R","E","?","E","?","R","B",null,"M","?","M","?","M","E","?","E","T","E","R","M","E","M","R","B",null,"M","?","M","M","M","E","?","M","T","E","$","R","E","M","R","B",null,"R","$","E","B",null],"character_chosen":"THE_SILENT","items_purchased":["Potion Belt","Poisoned Stab","Paper Crane","Ice Cream","ClockworkSouvenir","CaptainsWheel","Oddly Smooth Stone","SteroidPotion","SkillPotion"],"campfire_rested":1,"item_purchase_floors":[8,8,45,45,45,45,45,53,53],"current_hp_per_floor":[44,44,44,44,38,21,21,21,21,42,35,35,32,32,32,26,55,55,75,73,73,73,70,37,37,37,35,35,35,33,37,37,37,37,35,36,37,34,37,44,34,39,39,44,44,44,44,44,44,44,44,44,44,58,40],"gold":38,"neow_bonus":"ONE_RARE_RELIC","is_daily":false,"chose_seed":false,"campfire_upgraded":6,"win_rate":0,"timestamp":1607626892,"path_taken":["M","?","M","M","M","E","R","$","T","R","E","?","E","?","R","BOSS","M","?","?","?","M","E","?","E","T","E","R","M","E","M","R","BOSS","M","?","M","M","M","E","?","M","T","E","$","R","E","M","R","BOSS","R","$","E","BOSS"],"build_version":"2020-11-30","purchased_purges":2,"victory":true,"max_hp_per_floor":[70,70,70,70,70,70,70,70,70,70,70,65,65,65,65,65,65,65,75,75,75,75,75,37,37,37,37,37,37,37,37,37,37,37,37,37,37,37,37,44,44,44,44,44,44,44,44,44,44,44,44,44,44,58,58],"relic_stats":{"counters":[31,135],"Golden Idol":225,"Dead Branch":[414],"Bag of Preparation":[36],"Whetstone":["Strike_G","Neutralize"],"Centennial Puzzle":[19],"Tough Bandages":[252],"Mummified Hand":[50],"Bronze Scales":[261],"Prayer Wheel":1,"MealTicket":0,"obtain_stats":[{"Ice Cream":45,"SacredBark":34,"Mango":54,"Bag of Preparation":25,"Whetstone":6,"ClockworkSouvenir":45,"Centennial Puzzle":27,"Tough Bandages":36,"Mummified Hand":26,"Strawberry":40,"Prayer Wheel":44,"MealTicket":47,"Ring of the Snake":0,"Potion Belt":8,"Golden Idol":12,"Dead Branch":0,"Oddly Smooth Stone":45,"The Courier":9,"Omamori":13,"Paper Crane":45,"Du-Vu Doll":11,"SlaversCollar":17,"CaptainsWheel":45,"Bronze Scales":23,"Toy Ornithopter":30},{"Ice Cream":26,"SacredBark":18,"Mango":30,"Bag of Preparation":13,"Whetstone":5,"ClockworkSouvenir":26,"Centennial Puzzle":14,"Tough Bandages":20,"Mummified Hand":13,"Strawberry":24,"Prayer Wheel":26,"MealTicket":27,"Ring of the Snake":0,"Potion Belt":5,"Golden Idol":6,"Dead Branch":0,"Oddly Smooth Stone":26,"The Courier":5,"Omamori":7,"Paper Crane":26,"Du-Vu Doll":6,"SlaversCollar":8,"CaptainsWheel":26,"Bronze Scales":12,"Toy Ornithopter":16},{"Ice Cream":109,"SacredBark":79,"Mango":130,"Bag of Preparation":57,"Whetstone":19,"ClockworkSouvenir":109,"Centennial Puzzle":62,"Tough Bandages":86,"Mummified Hand":57,"Strawberry":101,"Prayer Wheel":109,"MealTicket":112,"Ring of the Snake":0,"Potion Belt":19,"Golden Idol":24,"Dead Branch":0,"Oddly Smooth Stone":109,"The Courier":19,"Omamori":29,"Paper Crane":109,"Du-Vu Doll":24,"SlaversCollar":42,"CaptainsWheel":109,"Bronze Scales":55,"Toy Ornithopter":70}],"Toy Ornithopter":24,"Ring of the Snake":[63]},"card_choices":[{"not_picked":["Deflect","Caltrops"],"picked":"Leg Sweep","floor":1},{"not_picked":["Acrobatics","PiercingWail"],"picked":"Calculated Gamble","floor":3},{"not_picked":["Bouncing Flask","Slice"],"picked":"Dagger Throw","floor":4},{"not_picked":["Deadly Poison","Sucker Punch"],"picked":"Underhanded Strike","floor":5},{"not_picked":["Poisoned Stab","Predator"],"picked":"Endless Agony","floor":6},{"not_picked":["Leg Sweep","Blade Dance"],"picked":"Adrenaline","floor":11},{"not_picked":["Reflex","Dagger Throw"],"picked":"Storm of Steel","floor":13},{"not_picked":["Envenom","Die Die Die"],"picked":"Bullet Time","floor":16},{"not_picked":["Deadly Poison","Flying Knee","Bane+1"],"picked":"SKIP","floor":18},{"not_picked":["Leg Sweep","Bane"],"picked":"Deadly Poison+1","floor":20},{"not_picked":["Choke","Calculated Gamble+1"],"picked":"Blade Dance+1","floor":22},{"not_picked":["Deadly Poison","Distraction"],"picked":"Reflex+1","floor":23},{"not_picked":["Prepared","Noxious Fumes","Dodge and Roll"],"picked":"SKIP","floor":25},{"not_picked":["Backflip","Well Laid Plans+1"],"picked":"Venomology","floor":27},{"not_picked":["Flying Knee","Deflect"],"picked":"Concentrate+1","floor":29},{"not_picked":["Backflip","Quick Slash"],"picked":"Deflect+1","floor":30},{"not_picked":["PiercingWail","Bane","Deadly Poison"],"picked":"SKIP","floor":31},{"not_picked":["Venomology","Unload"],"picked":"Envenom","floor":33},{"not_picked":["Flying Knee","Terror"],"picked":"Underhanded Strike+1","floor":35},{"not_picked":["Poisoned Stab","Bane+1"],"picked":"Blade Dance+1","floor":36},{"not_picked":["Choke+1","Poisoned Stab"],"picked":"Cloak And Dagger+1","floor":37},{"not_picked":["Acrobatics","Finisher+1","Deadly Poison"],"picked":"SKIP","floor":38},{"not_picked":["Crippling Poison","Cloak And Dagger"],"picked":"Caltrops+1","floor":39},{"not_picked":["Prepared","Poisoned Stab+1","Outmaneuver"],"picked":"SKIP","floor":40},{"not_picked":["PanicButton","Deep Breath"],"picked":"Finesse","floor":41},{"not_picked":["Sadistic Nature","Mayhem"],"picked":"Master of Strategy","floor":41},{"not_picked":["Deep Breath","HandOfGreed"],"picked":"Jack Of All Trades","floor":41},{"not_picked":["Prepared+1","Dagger Throw+1","Poisoned Stab+1"],"picked":"SKIP","floor":42},{"not_picked":["Blur+1","Tools of the Trade"],"picked":"Catalyst","floor":44},{"not_picked":["Dodge and Roll+1","Bane","Outmaneuver"],"picked":"SKIP","floor":47},{"not_picked":["Distraction","Terror+1"],"picked":"Accuracy+1","floor":48},{"not_picked":["Dagger Spray","Dagger Throw+1","Sucker Punch+1"],"picked":"SKIP","floor":48},{"not_picked":["Finisher","Bane"],"picked":"Accuracy+1","floor":54}],"player_experience":2572577,"relics_obtained":[{"floor":6,"key":"Whetstone"},{"floor":9,"key":"The Courier"},{"floor":11,"key":"Du-Vu Doll"},{"floor":13,"key":"Omamori"},{"floor":23,"key":"Bronze Scales"},{"floor":25,"key":"Bag of Preparation"},{"floor":26,"key":"Mummified Hand"},{"floor":27,"key":"Centennial Puzzle"},{"floor":30,"key":"Toy Ornithopter"},{"floor":36,"key":"Tough Bandages"},{"floor":40,"key":"Strawberry"},{"floor":44,"key":"Prayer Wheel"},{"floor":47,"key":"MealTicket"},{"floor":54,"key":"Mango"}],"event_choices":[{"damage_healed":0,"gold_gain":175,"player_choice":"AGREE","damage_taken":0,"max_hp_gain":0,"max_hp_loss":0,"event_name":"Liars Game","floor":2,"gold_loss":0,"cards_obtained":["Doubt"]},{"damage_healed":0,"gold_gain":0,"player_choice":"Lose Max HP","damage_taken":0,"relics_obtained":["Golden Idol"],"max_hp_gain":0,"max_hp_loss":5,"event_name":"Golden Idol","floor":12,"gold_loss":0},{"cards_removed":["Strike_G"],"damage_healed":0,"gold_gain":0,"player_choice":"Forget","damage_taken":0,"max_hp_gain":0,"max_hp_loss":0,"event_name":"Living Wall","floor":14,"gold_loss":0},{"cards_removed":["Storm of Steel"],"damage_healed":10,"gold_gain":0,"player_choice":"Offered Rare","damage_taken":0,"max_hp_gain":10,"max_hp_loss":0,"event_name":"Bonfire Elementals","floor":19,"gold_loss":0},{"damage_healed":0,"gold_gain":0,"player_choice":"Simplicity","damage_taken":0,"max_hp_gain":0,"max_hp_loss":0,"event_name":"Back to Basics","floor":21,"gold_loss":0,"cards_upgraded":["Strike_G","Strike_G","Strike_G","Defend_G","Defend_G","Defend_G","Defend_G","Defend_G"]},{"damage_healed":0,"gold_gain":0,"player_choice":"Became a Ghost","damage_taken":0,"max_hp_gain":0,"max_hp_loss":38,"event_name":"Ghosts","floor":24,"gold_loss":0,"cards_obtained":["Ghostly","Ghostly","Ghostly","Ghostly","Ghostly"]},{"damage_healed":0,"gold_gain":0,"player_choice":"Fight","damage_taken":0,"max_hp_gain":0,"max_hp_loss":0,"event_name":"Mysterious Sphere","floor":36,"gold_loss":0},{"damage_healed":0,"gold_gain":0,"player_choice":"Memory 3","damage_taken":10,"max_hp_gain":0,"max_hp_loss":0,"event_name":"SensoryStone","floor":41,"gold_loss":0}],"is_beta":false,"boss_relics":[{"not_picked":["Runic Dome","Sozu"],"picked":"SlaversCollar"},{"not_picked":["Fusion Hammer","Cursed Key"],"picked":"SacredBark"}],"items_purged_floors":[8,45],"is_endless":false,"potions_floor_spawned":[3,4,6,20,22,29,30,35,37,40,48,54],"ascension_level":9}}