{"host":"r6jigiblrojhp6xe","time":1607585860,"event":{"gold_per_floor":[10,10,10,21,41,41,69,86,134,158,126,126,150,167,167,167,167],"floor_reached":16,"playtime":360,"items_purged":[],"score":212,"play_id":"9f8fa6ac-ef3d-49d5-a1e3-6911ac8c5a73","local_time":"20201210163740","is_ascension_mode":true,"campfire_choices":[{"data":"Searing Blow+1","floor":6.0,"key":"SMITH"},{"data":"Searing Blow+2","floor":12.0,"key":"SMITH"},{"data":"Searing Blow+3","floor":15.0,"key":"SMITH"}],"neow_cost":"NO_GOLD","seed_source_timestamp":407559295078600,"circlet_count":0,"master_deck":["AscendersBane","Strike_R","Strike_R","Strike_R","Strike_R","Defend_R","Defend_R","Defend_R","Defend_R","Bash","Searing Blow+4","Armaments","Power Through","Fire Breathing","Ghostly Armor","Offering"],"special_seed":0,"relics":["Burning Blood","StrikeDummy","CeramicFish"],"potions_floor_usage":[16],"damage_taken":[{"damage":7.0,"enemies":"Cultist","floor":1.0,"turns":4.0},{"damage":7.0,"enemies":"Jaw Worm","floor":4.0,"turns":3.0},{"damage":3.0,"enemies":"Small Slimes","floor":5.0,"turns":3.0},{"damage":32.0,"enemies":"Gremlin Nob","floor":7.0,"turns":4.0},{"damage":6.0,"enemies":"3 Louse","floor":8.0,"turns":4.0},{"damage":24.0,"enemies":"Lots of Slimes","floor":10.0,"turns":7.0},{"damage":15.0,"enemies":"Exordium Thugs","floor":11.0,"turns":5.0},{"damage":16.0,"enemies":"Gremlin Gang","floor":13.0,"turns":4.0},{"damage":12.0,"enemies":"Lots of Slimes","floor":14.0,"turns":4.0},{"damage":14,"enemies":"Hexaghost","floor":16,"turns":6}],"seed_played":"-7499038853411931572","potions_obtained":[{"floor":1.0,"key":"PowerPotion"},{"floor":7.0,"key":"Swift Potion"},{"floor":11.0,"key":"EssenceOfSteel"},{"floor":13.0,"key":"BloodPotion"},{"floor":14.0,"key":"Strength Potion"}],"is_trial":false,"path_per_floor":["M","?","?","M","M","R","E","M","T","M","M","R","M","M","R","B"],"character_chosen":"IRONCLAD","items_purchased":[],"campfire_rested":0,"item_purchase_floors":[],"current_hp_per_floor":[81,81,81,80,83,83,57,57,57,39,30,30,20,14,14,0,0],"gold":167,"neow_bonus":"TWENTY_PERCENT_HP_BONUS","is_prod":false,"is_daily":false,"chose_seed":false,"campfire_upgraded":3,"win_rate":0,"timestamp":1607585860,"path_taken":["M","?","?","M","M","R","E","M","T","?","M","R","M","M","R","BOSS"],"build_version":"2020-11-30","purchased_purges":0,"victory":false,"max_hp_per_floor":[89,89,89,89,89,89,89,89,89,89,89,89,89,89,89,89,89],"relic_stats":{"counters":[10,44],"CeramicFish":27,"obtain_stats":[{"CeramicFish":9,"StrikeDummy":7,"Burning Blood":0},{"CeramicFish":5,"StrikeDummy":4,"Burning Blood":0},{"CeramicFish":18,"StrikeDummy":14,"Burning Blood":0}],"Burning Blood":54},"card_choices":[{"not_picked":["Thunderclap","Perfected Strike"],"picked":"Searing Blow","floor":1.0},{"not_picked":["Sever Soul","Clash","Sword Boomerang"],"picked":"SKIP","floor":4.0},{"not_picked":["Heavy Blade","Headbutt"],"picked":"Armaments","floor":5.0},{"not_picked":["Searing Blow","Anger","Inflame"],"picked":"SKIP","floor":7.0},{"not_picked":["Second Wind","Power Through","Rupture"],"picked":"SKIP","floor":8.0},{"not_picked":["Second Wind","Rupture"],"picked":"Power Through","floor":8.0},{"not_picked":["Clash","Dual Wield"],"picked":"Fire Breathing","floor":10.0},{"not_picked":["Wild Strike","Heavy Blade"],"picked":"Ghostly Armor","floor":11.0},{"not_picked":["True Grit","Body Slam"],"picked":"Offering","floor":13.0},{"not_picked":["Intimidate","Wild Strike","Flex"],"picked":"SKIP","floor":14.0}],"player_experience":492881,"relics_obtained":[{"floor":7.0,"key":"StrikeDummy"},{"floor":9.0,"key":"CeramicFish"}],"event_choices":[{"damage_healed":0.0,"max_hp_gain":0.0,"max_hp_loss":0.0,"gold_gain":0.0,"event_name":"Living Wall","player_choice":"Grow","floor":2.0,"gold_loss":0.0,"damage_taken":0.0,"cards_upgraded":["Searing Blow"]},{"cards_removed":["Strike_R"],"damage_healed":0.0,"max_hp_gain":0.0,"max_hp_loss":0.0,"gold_gain":0.0,"event_name":"Purifier","player_choice":"Purged","floor":3.0,"gold_loss":0.0,"damage_taken":0.0}],"is_beta":false,"boss_relics":[],"items_purged_floors":[],"is_endless":false,"potions_floor_spawned":[1,7,11,13,14],"killed_by":"Hexaghost","ascension_level":20}}