{"host":"qk12ohyvrq6bwjad","time":1607574208,"event":{"gold_per_floor":[116,128,143,20,36,36,67,115,115,135,155,155,155,255,255,342,342,337,104,19,47,109,165,177,189,252,37,37,0,0,27,27,113,122,142,142,142,176,195,219,255,255,255,255,275,27,65,86,86,86],"floor_reached":51,"playtime":1894,"items_purged":["Strike_G","Strike_G","Defend_G","Strike_G"],"score":1216,"play_id":"ef410f57-72a0-4ccc-b891-8c94dfa48ca9","local_time":"20201210132328","is_ascension_mode":true,"campfire_choices":[{"data":"Blade Dance","floor":6.0,"key":"SMITH"},{"floor":12.0,"key":"REST"},{"data":"Leg Sweep","floor":15.0,"key":"SMITH"},{"floor":24.0,"key":"REST"},{"data":"Adrenaline","floor":28.0,"key":"SMITH"},{"data":"Acrobatics","floor":32.0,"key":"SMITH"},{"data":"Malaise","floor":42.0,"key":"SMITH"},{"data":"Night Terror","floor":44.0,"key":"SMITH"},{"data":"Blade Dance","floor":49,"key":"SMITH"}],"neow_cost":"NONE","seed_source_timestamp":0,"circlet_count":0,"master_deck":["AscendersBane","Strike_G","Strike_G","Defend_G","Defend_G","Defend_G","Defend_G","Survivor","Neutralize","Blade Dance+1","Poisoned Stab","Leg Sweep+1","A Thousand Cuts+1","Masterful Stab","Malaise+1","Crippling Poison+1","Accuracy+1","Adrenaline+1","Acrobatics+1","Burst","Cloak And Dagger","Infinite Blades+1","After Image+1","CurseOfTheBell","Blade Dance+1","Night Terror+1","After Image+1","Well Laid Plans+1","Tactician+1","Accuracy+1"],"special_seed":0,"relics":["Ring of the Snake","PreservedInsect","Frozen Egg 2","Juzu Bracelet","CeramicFish","Sozu","MawBank","Bird Faced Urn","Dream Catcher","Calling Bell","Tiny Chest","Paper Crane","Mango","Ice Cream","Smiling Mask","Akabeko","Oddly Smooth Stone","DollysMirror","Gremlin Horn"],"potions_floor_usage":[],"damage_taken":[{"damage":2.0,"enemies":"Cultist","floor":1.0,"turns":4.0},{"damage":0.0,"enemies":"Small Slimes","floor":2.0,"turns":4.0},{"damage":2.0,"enemies":"Jaw Worm","floor":3.0,"turns":4.0},{"damage":0.0,"enemies":"Red Slaver","floor":5.0,"turns":4.0},{"damage":15.0,"enemies":"Lagavulin","floor":7.0,"turns":4.0},{"damage":11.0,"enemies":"Exordium Wildlife","floor":10.0,"turns":5.0},{"damage":0.0,"enemies":"Looter","floor":11.0,"turns":2.0},{"damage":14.0,"enemies":"Slime Boss","floor":16.0,"turns":9.0},{"damage":20.0,"enemies":"2 Thieves","floor":18.0,"turns":4.0},{"damage":0.0,"enemies":"Chosen","floor":21.0,"turns":3.0},{"damage":28.0,"enemies":"Slavers","floor":23.0,"turns":3.0},{"damage":13.0,"enemies":"Snake Plant","floor":31.0,"turns":6.0},{"damage":52.0,"enemies":"Collector","floor":33.0,"turns":8.0},{"damage":11.0,"enemies":"Orb Walker","floor":35.0,"turns":4.0},{"damage":0.0,"enemies":"Mind Bloom Boss Battle","floor":38.0,"turns":8.0},{"damage":23.0,"enemies":"3 Shapes","floor":39.0,"turns":7.0},{"damage":10.0,"enemies":"Giant Head","floor":41.0,"turns":6.0},{"damage":21.0,"enemies":"Spire Growth","floor":45.0,"turns":3.0},{"damage":39.0,"enemies":"Nemesis","floor":47.0,"turns":9.0},{"damage":36,"enemies":"3 Darklings","floor":48,"turns":5},{"damage":27,"enemies":"Time Eater","floor":50,"turns":9}],"seed_played":"-160731397436668655","potions_obtained":[{"floor":3.0,"key":"EssenceOfSteel"},{"floor":5.0,"key":"Weak Potion"},{"floor":7.0,"key":"Explosive Potion"},{"floor":10.0,"key":"Fruit Juice"}],"is_trial":false,"path_per_floor":["M","M","M","$","M","R","E","T","T","M","M","R","?","?","R","B",null,"M","$","?","M","?","E","R","?","T","$","R","?","?","M","R","B",null,"M","?","?","?","M","T","E","R","T","R","M","$","E","M","R","B",null],"character_chosen":"THE_SILENT","items_purchased":["PowerPotion","Accuracy+1","Adrenaline","Burst","Cloak And Dagger","DollysMirror","Well Laid Plans+1"],"campfire_rested":2,"item_purchase_floors":[4,19,19,27,27,46,46],"current_hp_per_floor":[57,57,55,55,55,55,40,40,40,34,34,55,55,55,55,41,64,44,44,44,44,44,16,37,60,60,60,60,60,60,51,51,5,69,66,66,66,74,57,57,55,55,55,55,40,40,19,57,57,50],"gold":86,"neow_bonus":"RANDOM_COMMON_RELIC","is_prod":false,"is_daily":false,"chose_seed":false,"campfire_upgraded":7,"win_rate":0,"timestamp":1607574208,"path_taken":["M","?","M","$","M","R","E","?","T","M","M","R","?","?","R","BOSS","M","$","?","M","?","E","R","?","T","$","R","?","?","M","R","BOSS","M","?","?","?","M","?","E","R","T","R","M","$","E","M","R","BOSS"],"build_version":"2020-11-30","purchased_purges":4,"victory":true,"max_hp_per_floor":[66,66,66,66,66,66,66,66,66,71,71,71,71,71,71,71,71,71,71,71,71,71,71,71,71,71,71,71,71,71,71,71,71,85,85,85,81,81,81,81,81,81,81,81,81,81,81,81,81,81],"card_choices":[{"not_picked":["Deadly Poison","Slice"],"picked":"Blade Dance","floor":1.0},{"not_picked":["Underhanded Strike","Outmaneuver"],"picked":"Poisoned Stab","floor":2.0},{"not_picked":["Riddle With Holes","Finisher"],"picked":"Leg Sweep","floor":3.0},{"not_picked":["Skewer","Deflect","Quick Slash"],"picked":"SKIP","floor":5.0},{"not_picked":["Blade Dance","Slice"],"picked":"A Thousand Cuts+1","floor":7.0},{"not_picked":["Deflect","Eviscerate"],"picked":"Masterful Stab","floor":10.0},{"not_picked":["Reflex","Crippling Poison"],"picked":"Dagger Throw","floor":11.0},{"not_picked":["A Thousand Cuts+1","Grand Finale"],"picked":"Malaise","floor":16.0},{"not_picked":["Well Laid Plans+1","Prepared"],"picked":"Crippling Poison+1","floor":18.0},{"not_picked":["Masterful Stab","Eviscerate","Outmaneuver+1"],"picked":"SKIP","floor":21.0},{"not_picked":["Masterful Stab","Distraction"],"picked":"Acrobatics","floor":23.0},{"not_picked":["Backstab","Sucker Punch"],"picked":"Infinite Blades+1","floor":31.0},{"not_picked":["Burst","Corpse Explosion"],"picked":"After Image+1","floor":33.0},{"not_picked":["Dash","Setup+1","Acrobatics"],"picked":"SKIP","floor":35.0},{"not_picked":["Endless Agony","Quick Slash+1"],"picked":"Blade Dance","floor":38.0},{"not_picked":["Underhanded Strike","Quick Slash","Prepared"],"picked":"SKIP","floor":39.0},{"not_picked":["Outmaneuver","Dagger Spray"],"picked":"Night Terror","floor":41.0},{"not_picked":["Skewer","All Out Attack+1","Poisoned Stab"],"picked":"SKIP","floor":45.0},{"not_picked":["Cloak And Dagger","PiercingWail"],"picked":"Tactician+1","floor":47.0},{"not_picked":["Dagger Spray","Quick Slash"],"picked":"Accuracy+1","floor":48}],"player_experience":1594004,"relics_obtained":[{"floor":7.0,"key":"Frozen Egg 2"},{"floor":8.0,"key":"Juzu Bracelet"},{"floor":9.0,"key":"CeramicFish"},{"floor":23.0,"key":"Bird Faced Urn"},{"floor":26.0,"key":"Dream Catcher"},{"floor":34.0,"key":"Tiny Chest"},{"floor":34.0,"key":"Paper Crane"},{"floor":34.0,"key":"Mango"},{"floor":38.0,"key":"Ice Cream"},{"floor":40.0,"key":"Smiling Mask"},{"floor":41.0,"key":"Akabeko"},{"floor":43.0,"key":"Oddly Smooth Stone"},{"floor":47.0,"key":"Gremlin Horn"}],"event_choices":[{"damage_healed":0.0,"max_hp_gain":0.0,"max_hp_loss":0.0,"gold_gain":0.0,"event_name":"Liars Game","player_choice":"Ignored","floor":13.0,"gold_loss":0.0,"damage_taken":0.0},{"damage_healed":0.0,"max_hp_gain":0.0,"max_hp_loss":0.0,"gold_gain":100.0,"event_name":"Wheel of Change","player_choice":"Gold","floor":14.0,"gold_loss":0.0,"damage_taken":0.0},{"damage_healed":0.0,"max_hp_gain":0.0,"max_hp_loss":0.0,"gold_gain":0.0,"event_name":"Addict","player_choice":"Obtained Relic","floor":20.0,"gold_loss":85.0,"damage_taken":0.0,"relics_obtained":["MawBank"]},{"damage_healed":0.0,"max_hp_gain":0.0,"max_hp_loss":0.0,"gold_gain":100.0,"event_name":"The Joust","player_choice":"Bet on Murderer","floor":22.0,"gold_loss":50.0,"damage_taken":0.0},{"damage_healed":23.0,"max_hp_gain":0.0,"max_hp_loss":0.0,"gold_gain":0.0,"event_name":"The Library","player_choice":"Heal","floor":25.0,"gold_loss":0.0,"damage_taken":0.0},{"damage_healed":0.0,"max_hp_gain":0.0,"max_hp_loss":0.0,"gold_gain":0.0,"event_name":"Masked Bandits","player_choice":"Paid Fearfully","floor":29.0,"gold_loss":37.0,"damage_taken":0.0},{"damage_healed":0.0,"max_hp_gain":0.0,"max_hp_loss":0.0,"gold_gain":0.0,"event_name":"Vampires","player_choice":"Ignored","floor":30.0,"gold_loss":0.0,"damage_taken":0.0},{"cards_removed":["Dagger Throw"],"damage_healed":0.0,"max_hp_gain":0.0,"max_hp_loss":0.0,"gold_gain":0.0,"event_name":"Falling","player_choice":"Removed Attack","floor":36.0,"gold_loss":0.0,"damage_taken":0.0},{"damage_healed":0.0,"max_hp_gain":0.0,"max_hp_loss":4.0,"gold_gain":0.0,"event_name":"Winding Halls","player_choice":"Max HP","floor":37.0,"gold_loss":0.0,"damage_taken":0.0},{"damage_healed":0.0,"max_hp_gain":0.0,"max_hp_loss":0.0,"gold_gain":0.0,"event_name":"MindBloom","player_choice":"Fight","floor":38.0,"gold_loss":0.0,"damage_taken":0.0}],"is_beta":false,"boss_relics":[{"not_picked":["Cursed Key","Astrolabe"],"picked":"Sozu"},{"not_picked":["Ring of the Serpent","Velvet Choker"],"picked":"Calling Bell"}],"items_purged_floors":[4,19,27,46],"is_endless":false,"potions_floor_spawned":[3,5,7,10,18,23,45,48],"ascension_level":14}}