{"host":"bxn2em57qlx5u4i0","time":1607568812,"event":{"gold_per_floor":[117,192,192,206,224,224,255,255,255,268,14,25,25,60,60,135,135,173,223,34,69,110,110,140,140],"floor_reached":24,"playtime":955,"items_purged":["Pain","Strike_P"],"score":467,"play_id":"feb3ca25-23fa-4c48-b20c-30e60702a32a","local_time":"20201209215332","is_ascension_mode":true,"campfire_choices":[{"data":"Vigilance","floor":6.0,"key":"SMITH"},{"data":"MentalFortress","floor":8,"key":"SMITH"},{"data":"LikeWater","floor":13,"key":"SMITH"},{"data":"FlurryOfBlows","floor":15,"key":"SMITH"},{"data":"LikeWater","floor":23,"key":"SMITH"}],"neow_cost":"NONE","seed_source_timestamp":72807365988200,"circlet_count":0,"master_deck":["AscendersBane","Strike_P","Strike_P","Strike_P","Defend_P","Defend_P","Defend_P","Defend_P","Eruption","Vigilance+1","ClearTheMind","FlurryOfBlows+1","ClearTheMind","MentalFortress+1","Wallop","LikeWater+1","Crescendo","Protect","SandsOfTime","Wish","Finesse","CrushJoints","LikeWater+1"],"special_seed":0,"relics":["PureWater","WarpedTongs","Letter Opener","Blood Vial","Du-Vu Doll","VioletLotus"],"potions_floor_usage":[7,12,19],"damage_taken":[{"damage":0.0,"enemies":"Small Slimes","floor":1.0,"turns":2.0},{"damage":8.0,"enemies":"2 Louse","floor":4.0,"turns":2.0},{"damage":4.0,"enemies":"Cultist","floor":5.0,"turns":4.0},{"damage":31,"enemies":"Gremlin Nob","floor":7,"turns":4},{"damage":13,"enemies":"Large Slime","floor":10,"turns":5},{"damage":1,"enemies":"3 Louse","floor":12,"turns":2},{"damage":0,"enemies":"Lagavulin","floor":14,"turns":8},{"damage":0,"enemies":"The Guardian","floor":16,"turns":11},{"damage":4,"enemies":"Spheric Guardian","floor":18,"turns":6},{"damage":10,"enemies":"3 Byrds","floor":19,"turns":8},{"damage":50,"enemies":"Cultist and Chosen","floor":21,"turns":9},{"damage":30,"enemies":"Snecko","floor":22,"turns":6},{"damage":24,"enemies":"3 Cultists","floor":24,"turns":2}],"seed_played":"-3438684481973849754","potions_obtained":[{"floor":4.0,"key":"Explosive Potion"},{"floor":5.0,"key":"EssenceOfSteel"},{"floor":12,"key":"Weak Potion"},{"floor":16,"key":"FairyPotion"},{"floor":21,"key":"DuplicationPotion"}],"is_trial":false,"path_per_floor":["M","?","?","M","M","R","E","R","T","M","$","M","R","E","R","B",null,"M","M","$","M","M","R","M"],"character_chosen":"WATCHER","items_purchased":["LikeWater","Explosive Potion","Crescendo","Finesse"],"campfire_rested":0,"item_purchase_floors":[11,11,11,20],"current_hp_per_floor":[72,61,61,53,49,49,18,18,18,7,7,8,8,10,10,12,62,60,52,52,4,11,11,0,0],"gold":140,"neow_bonus":"TEN_PERCENT_HP_BONUS","is_prod":false,"is_daily":false,"chose_seed":false,"campfire_upgraded":5,"win_rate":0,"timestamp":1607568812,"path_taken":["M","?","?","M","M","R","E","R","T","M","$","M","R","E","R","BOSS","M","?","$","M","M","R","M"],"build_version":"2020-11-30","purchased_purges":2,"victory":false,"max_hp_per_floor":[79,79,79,79,79,79,79,79,79,79,79,79,79,79,79,79,79,79,79,79,79,79,79,79,79],"relic_stats":{"Blood Vial":18,"counters":[13,69],"VioletLotus":[10],"Letter Opener":[60],"obtain_stats":[{"Blood Vial":9,"Du-Vu Doll":14,"VioletLotus":17,"Letter Opener":7,"PureWater":0,"WarpedTongs":3},{"Blood Vial":4,"Du-Vu Doll":7,"VioletLotus":8,"Letter Opener":4,"PureWater":0,"WarpedTongs":1},{"Blood Vial":12,"Du-Vu Doll":27,"VioletLotus":38,"Letter Opener":12,"PureWater":0,"WarpedTongs":2}],"WarpedTongs":[66]},"card_choices":[{"not_picked":["FlurryOfBlows","InnerPeace"],"picked":"ClearTheMind","floor":1.0},{"not_picked":["Collect","Evaluate"],"picked":"FlurryOfBlows","floor":4.0},{"not_picked":["Fasting2","EmptyFist"],"picked":"ClearTheMind","floor":5.0},{"not_picked":["BowlingBash","Alpha"],"picked":"MentalFortress","floor":7},{"not_picked":["BowlingBash","Indignation"],"picked":"Wallop","floor":10},{"not_picked":["JustLucky","Vengeance"],"picked":"Protect","floor":12},{"not_picked":["Evaluate","Protect"],"picked":"SandsOfTime","floor":14},{"not_picked":["MasterReality","Scrawl"],"picked":"Wish","floor":16},{"not_picked":["WreathOfFlame","Evaluate","Halt"],"picked":"SKIP","floor":18},{"not_picked":["ReachHeaven","Evaluate","ThirdEye"],"picked":"SKIP","floor":19},{"not_picked":["FollowUp","JustLucky"],"picked":"CrushJoints","floor":21},{"not_picked":["Scrawl","Prostrate"],"picked":"LikeWater","floor":22}],"player_experience":2776253,"relics_obtained":[{"floor":7,"key":"Letter Opener"},{"floor":9,"key":"Blood Vial"},{"floor":14,"key":"Du-Vu Doll"}],"event_choices":[{"damage_healed":0.0,"max_hp_gain":0.0,"max_hp_loss":0.0,"gold_gain":75.0,"event_name":"World of Goop","player_choice":"Gather Gold","floor":2.0,"gold_loss":0.0,"damage_taken":11.0},{"damage_healed":0.0,"max_hp_gain":0.0,"max_hp_loss":0.0,"gold_gain":0.0,"event_name":"Accursed Blacksmith","player_choice":"Rummage","floor":3.0,"gold_loss":0.0,"damage_taken":0.0,"relics_obtained":["WarpedTongs"],"cards_obtained":["Pain"]}],"is_beta":false,"boss_relics":[{"not_picked":["Calling Bell","Velvet Choker"],"picked":"VioletLotus"}],"items_purged_floors":[11,20],"is_endless":false,"potions_floor_spawned":[4,5,12,16,18,21],"killed_by":"3 Cultists","ascension_level":13}}