{"host":"Jinnai","time":1607579833,"event":{"gold_per_floor":[110,110,185,29,49,49,74,86,86,86,114,114,149,149,149,149,149],"floor_reached":16,"playtime":516,"items_purged":["Defend_P"],"score":275,"play_id":"c37f84c5-fbcd-4508-8138-a8c4733b29b8","local_time":"20201210005713","is_ascension_mode":true,"campfire_choices":[{"data":"ThirdEye","floor":6,"key":"SMITH"},{"data":"Eruption","floor":10,"key":"SMITH"},{"data":"TalkToTheHand","floor":15,"key":"SMITH"}],"neow_cost":"NONE","seed_source_timestamp":92515814367400,"circlet_count":0,"master_deck":["AscendersBane","Strike_P","Strike_P","Strike_P","Defend_P","Defend_P","Defend_P","Eruption+1","Vigilance","CutThroughFate","LikeWater","ThirdEye+1","PathToVictory+1","Adaptation","TalkToTheHand+1","ConjureBlade+1"],"relics":["PureWater","NeowsBlessing","Toxic Egg 2","Kunai","Tiny Chest","Meat on the Bone","HornCleat"],"potions_floor_usage":[13,16],"damage_taken":[{"damage":0,"enemies":"Small Slimes","floor":1,"turns":1},{"damage":0,"enemies":"2 Louse","floor":5,"turns":1},{"damage":0,"enemies":"Gremlin Nob","floor":7,"turns":1},{"damage":7,"enemies":"Jaw Worm","floor":8,"turns":3},{"damage":20,"enemies":"3 Sentries","floor":11,"turns":9},{"damage":17,"enemies":"Lagavulin","floor":13,"turns":6},{"damage":18,"enemies":"Hexaghost","floor":16,"turns":9}],"seed_played":"-3139643754544031313","potions_obtained":[{"floor":1,"key":"BottledMiracle"},{"floor":13,"key":"GamblersBrew"}],"is_trial":false,"path_per_floor":["M","?","?","$","M","R","E","M","T","R","E","T","E","?","R","B"],"character_chosen":"WATCHER","items_purchased":["LikeWater"],"campfire_rested":0,"item_purchase_floors":[4],"current_hp_per_floor":[61,66,55,55,55,55,55,48,48,48,28,28,23,16,16,0,0],"gold":149,"neow_bonus":"THREE_ENEMY_KILL","is_prod":false,"is_daily":false,"chose_seed":false,"campfire_upgraded":3,"win_rate":0,"timestamp":1607579833,"path_taken":["M","?","?","$","M","R","E","M","T","R","E","?","E","?","R","BOSS"],"build_version":"2020-12-07","purchased_purges":1,"victory":false,"max_hp_per_floor":[68,73,73,73,73,73,73,73,73,73,73,73,73,73,73,73,73],"relic_stats":{"counters":[7,30],"Tiny Chest":0,"Kunai":[5],"obtain_stats":[{"HornCleat":13,"NeowsBlessing":0,"Tiny Chest":11,"Kunai":9,"PureWater":0,"Toxic Egg 2":7,"Meat on the Bone":12},{"HornCleat":6,"NeowsBlessing":0,"Tiny Chest":5,"Kunai":4,"PureWater":0,"Toxic Egg 2":3,"Meat on the Bone":5},{"HornCleat":21,"NeowsBlessing":0,"Tiny Chest":15,"Kunai":6,"PureWater":0,"Toxic Egg 2":3,"Meat on the Bone":15}],"Meat on the Bone":12},"card_choices":[{"not_picked":["Swivel","Protect"],"picked":"CutThroughFate","floor":1},{"not_picked":["Evaluate","EmptyMind"],"picked":"ThirdEye","floor":5},{"not_picked":["BowlingBash","EmptyFist"],"picked":"PathToVictory+1","floor":7},{"not_picked":["Tantrum","Pray+1"],"picked":"Adaptation","floor":8},{"not_picked":["EmptyBody+1","ThirdEye+1"],"picked":"TalkToTheHand","floor":11},{"not_picked":["MentalFortress","FlyingSleeves"],"picked":"ConjureBlade+1","floor":13}],"player_experience":1468027,"relics_obtained":[{"floor":7,"key":"Toxic Egg 2"},{"floor":9,"key":"Kunai"},{"floor":11,"key":"Tiny Chest"},{"floor":12,"key":"Meat on the Bone"},{"floor":13,"key":"HornCleat"}],"event_choices":[{"damage_healed":0,"gold_gain":0,"player_choice":"Donut","damage_taken":0,"max_hp_gain":5,"max_hp_loss":0,"event_name":"Big Fish","floor":2,"gold_loss":0},{"damage_healed":0,"gold_gain":75,"player_choice":"Gather Gold","damage_taken":11,"max_hp_gain":0,"max_hp_loss":0,"event_name":"World of Goop","floor":3,"gold_loss":0},{"cards_removed":["Strike_P"],"damage_healed":0,"gold_gain":0,"player_choice":"Card Removal","damage_taken":7,"max_hp_gain":0,"max_hp_loss":0,"event_name":"Golden Wing","floor":14,"gold_loss":0}],"is_beta":true,"boss_relics":[],"items_purged_floors":[4],"is_endless":false,"potions_floor_spawned":[1,13],"killed_by":"Hexaghost","ascension_level":19}}