{"host":"d6jq5n191gimxfx1","time":1607606938,"event":{"mods":["BaseMod","StSLib","Hermit","AchievementEnabler","DeckTracker","Minty Spire (QoL Compilation)","Random Character Button","Rare Cards Sparkle"],"gold_per_floor":[109,74,249,249,264,599,599,619,619,365,391,378,51,63,63,164,164,184,201,300,300,300],"floor_reached":21,"playtime":1133,"items_purged":["Doubt","Defend_R"],"score":300,"play_id":"65b3d616-aae0-4954-9c8c-c58d8f7c9ca6","local_time":"20201210142858","is_ascension_mode":true,"campfire_choices":[{"data":"Shockwave","floor":7,"key":"SMITH"},{"data":"Iron Wave","floor":15,"key":"SMITH"}],"circlet_count":0,"master_deck":["Strike_R","Strike_R","Strike_R","Strike_R","Defend_R","Defend_R","Defend_R","Bash","Shockwave+1","Metallicize","Iron Wave+1","Shrug It Off","Metallicize","Entrench"],"relics":["Burning Blood","NeowsBlessing","Old Coin","InkBottle","Happy Flower","White Beast Statue","Art of War","Black Star"],"acts_visited":["Exordium","TheCity"],"potions_floor_usage":[12,16,21],"damage_taken":[{"damage":0,"enemies":"Jaw Worm","floor":1,"turns":1},{"damage":0,"enemies":"Small Slimes","floor":5,"turns":1},{"damage":0,"enemies":"3 Sentries","floor":6,"turns":2},{"damage":4,"enemies":"Cultist","floor":8,"turns":5},{"damage":16,"enemies":"Lagavulin","floor":11,"turns":10},{"damage":3,"enemies":"Exordium Thugs","floor":12,"turns":5},{"damage":0,"enemies":"Exordium Wildlife","floor":14,"turns":5},{"damage":65,"enemies":"Slime Boss","floor":16,"turns":20},{"damage":4,"enemies":"Shell Parasite","floor":18,"turns":10},{"damage":37,"enemies":"Spheric Guardian","floor":19,"turns":10},{"damage":40,"enemies":"Masked Bandits","floor":21,"turns":7}],"seed_played":"-997965784049310410","potions_obtained":[{"floor":1,"key":"SpeedPotion"},{"floor":5,"key":"FearPotion"},{"floor":12,"key":"Weak Potion"},{"floor":14,"key":"Swift Potion"},{"floor":16,"key":"Fire Potion"},{"floor":18,"key":"Explosive Potion"}],"is_trial":false,"path_per_floor":["M","$","?","?","M","E","R","M","T","$","E","M","$","M","R","B",null,"M","M","?","?"],"character_chosen":"IRONCLAD","items_purchased":["Metallicize","Shrug It Off","Happy Flower","Metallicize","Art of War"],"campfire_rested":0,"item_purchase_floors":[2,10,10,13,13],"current_hp_per_floor":[78,78,78,78,80,80,80,80,80,80,70,73,73,79,79,20,65,67,36,36,0,0],"gold":300,"neow_bonus":"THREE_ENEMY_KILL","is_daily":false,"chose_seed":false,"campfire_upgraded":2,"win_rate":0,"timestamp":1607606938,"path_taken":["M","$","?","?","?","E","R","M","T","$","E","M","?","M","R","BOSS","M","M","?","?"],"build_version":"2020-11-30","purchased_purges":2,"victory":false,"max_hp_per_floor":[80,80,80,80,80,80,80,80,80,80,80,80,80,80,80,80,80,80,80,80,80,80],"card_choices":[{"not_picked":["Reckless Charge","Fire Breathing"],"picked":"Shockwave","floor":1},{"not_picked":["Disarm","Anger","Pommel Strike"],"picked":"SKIP","floor":5},{"not_picked":["Reckless Charge","Pommel Strike","Burning Pact"],"picked":"SKIP","floor":6},{"not_picked":["Perfected Strike","Sever Soul","Armaments"],"picked":"SKIP","floor":8},{"not_picked":["Havoc","Warcry","Inflame"],"picked":"SKIP","floor":11},{"not_picked":["Sword Boomerang","Burning Pact","Clash"],"picked":"SKIP","floor":12},{"not_picked":["Disarm","Blood for Blood","Sword Boomerang"],"picked":"SKIP","floor":14},{"not_picked":["Inflame","Battle Trance"],"picked":"Entrench","floor":18},{"not_picked":["Pommel Strike","True Grit","Perfected Strike+1"],"picked":"SKIP","floor":19}],"player_experience":570709,"relics_obtained":[{"floor":6,"key":"Old Coin"},{"floor":9,"key":"InkBottle"},{"floor":11,"key":"White Beast Statue"}],"event_choices":[{"damage_healed":0,"gold_gain":175,"player_choice":"AGREE","damage_taken":0,"max_hp_gain":0,"max_hp_loss":0,"event_name":"Liars Game","floor":3,"gold_loss":0,"cards_obtained":["Doubt"]},{"damage_healed":0,"gold_gain":0,"cards_transformed":["Strike_R"],"player_choice":"Transformed","damage_taken":0,"max_hp_gain":0,"max_hp_loss":0,"event_name":"Transmorgrifier","floor":4,"gold_loss":0,"cards_obtained":["Iron Wave"]},{"damage_healed":0,"gold_gain":99,"player_choice":"Stole From Cult","damage_taken":0,"max_hp_gain":0,"max_hp_loss":0,"event_name":"Nest","floor":20,"gold_loss":0},{"damage_healed":0,"gold_gain":0,"player_choice":"Fought Bandits","damage_taken":0,"max_hp_gain":0,"max_hp_loss":0,"event_name":"Masked Bandits","floor":21,"gold_loss":0}],"is_beta":false,"boss_relics":[{"not_picked":["Astrolabe","Mark of Pain"],"picked":"Black Star"}],"items_purged_floors":[10,13],"is_endless":false,"potions_floor_spawned":[1,5,12,14,16,18,19],"killed_by":"Masked Bandits","ascension_level":8}}