{"host":"7qf1todfnxspvw7w","time":1607622206,"event":{"mods":["BaseMod","Block Reminder","Colored Powertips","Disable Question Mark Monsters","Googly Eyes","Minty Spire (QoL Compilation)","Reorder Act Four","StSLib","Replay The Spire","SacredBarkPlus","Shop Mod","BetterRewards","Downfall","Gold Saver","Displayed Cursed Tome","Relic Stats","Uncapped","Infinite Spire","Lobotomy"],"gold_per_floor":[110,130,64,80,114,143,143,143,143,143,72,86,86,86,86,181,181,191,171,171,171,22,22,22,56,81,101,82,82,92,118,118,217,217,233,233,233,13,0,0,11,11,11,11,25,36,36,52,52,52,52],"floor_reached":50,"playtime":1272,"items_purged":["Defend_R"],"score":969,"play_id":"21d89db4-c209-4b6f-ac97-9f2231f2ac6c","local_time":"20201210204326","is_ascension_mode":true,"campfire_choices":[{"floor":8,"key":"REST"},{"floor":10,"key":"DIG"},{"data":"infinitespire:Oblivion","floor":13,"key":"SMITH"},{"floor":15,"key":"DIG"},{"data":"Limit Break","floor":23,"key":"SMITH"},{"floor":29,"key":"DIG"},{"floor":32,"key":"REST"},{"floor":40,"key":"REST"},{"floor":44,"key":"REST"},{"floor":47,"key":"REST"},{"floor":49,"key":"DIG"}],"circlet_count":0,"master_deck":["Strike_R","Strike_R","Strike_R","Strike_R","Strike_R","Defend_R","Defend_R","Defend_R","Bash+1","Perfected Strike","Clash","Shrug It Off","infinitespire:Oblivion+1","Uppercut+1","Spot Weakness","Limit Break+1","Inflame","Rampage","Headbutt","Intimidate","Flame Barrier","Iron Wave+1","infinitespire:Oblivion+1","Shrug It Off","Battle Trance","Run Through+1","Offering"],"relics":["Black Blood","Shovel","Durian","Pen Nib","Eternal Feather","infinitespire:Broken Mirror","Ancient Tea Set","Tiny Chest","The Courier","Ornamental Fan","Boot","infinitespire:Bottled Soul","Mirror","SacredBark","Peace Pipe","DollysMirror","Red Mask","ReplayTheSpireMod:Shallot","Bag of Marbles"],"acts_visited":["Exordium","TheCity","TheBeyond"],"potions_floor_usage":[12,25,33,33,41,48,50],"damage_taken":[{"damage":8,"enemies":"Small Slimes","floor":1,"turns":4},{"damage":6,"enemies":"Cultist","floor":2,"turns":3},{"damage":12,"enemies":"Jaw Worm","floor":4,"turns":2},{"damage":30,"enemies":"Lagavulin","floor":6,"turns":5},{"damage":17,"enemies":"Exordium Wildlife","floor":12,"turns":3},{"damage":29,"enemies":"The Guardian","floor":16,"turns":9},{"damage":12,"enemies":"Spheric Guardian","floor":18,"turns":4},{"damage":19,"enemies":"2 Thieves","floor":19,"turns":4},{"damage":24,"enemies":"Book of Stabbing","floor":25,"turns":4},{"damage":39,"enemies":"Centurion and Healer","floor":27,"turns":6},{"damage":6,"enemies":"Shelled Parasite and Fungi","floor":30,"turns":3},{"damage":45,"enemies":"Slavers","floor":31,"turns":5},{"damage":46,"enemies":"Pondfish","floor":33,"turns":10},{"damage":59,"enemies":"3 Darklings","floor":35,"turns":8},{"damage":12,"enemies":"Orb Walker","floor":41,"turns":3},{"damage":53,"enemies":"Jaw Worm Horde","floor":45,"turns":5},{"damage":20,"enemies":"Writhing Mass","floor":46,"turns":4},{"damage":7,"enemies":"Spire Growth","floor":48,"turns":4},{"damage":101,"enemies":"Replay:Hell Engine","floor":50,"turns":8}],"seed_played":"-2812751824331244069","potions_obtained":[{"floor":12,"key":"Fruit Juice"},{"floor":16,"key":"DistilledChaos"},{"floor":19,"key":"AttackPotion"},{"floor":25,"key":"Strength Potion"},{"floor":31,"key":"FearPotion"},{"floor":33,"key":"sneckomod:MuddlingPotion"},{"floor":45,"key":"SkillPotion"},{"floor":48,"key":"Fruit Juice"}],"is_trial":false,"path_per_floor":["M","M","?","M","?","E","?","R","T","R","$","M","R","?","R","B",null,"M","M","?","?","$","R","T","E","T","M","$","R","M","E","R","B",null,"M","?","T","$","?","R","M","$","T","R","M","M","R","M","R","B"],"character_chosen":"IRONCLAD","items_purchased":["Uppercut","Tiny Chest","Headbutt","DollysMirror","Shrug It Off"],"campfire_rested":5,"item_purchase_floors":[11,22,28,38,38],"current_hp_per_floor":[70,70,70,64,69,45,24,49,49,55,55,49,58,58,67,44,79,79,72,72,72,72,81,81,69,69,42,42,54,60,27,66,32,76,29,29,29,29,29,68,68,68,68,90,49,41,83,98,100,0,0],"gold":52,"neow_bonus":"RANDOM_EVENT","is_daily":false,"chose_seed":false,"campfire_upgraded":2,"win_rate":0,"timestamp":1607622206,"path_taken":["M","M","?","?","?","E","?","R","T","R","$","M","R","?","R","BOSS","M","M","?","?","$","R","?","E","T","M","$","R","?","E","R","BOSS","M","?","?","?","?","R","M","?","T","R","M","M","R","M","R","BOSS"],"build_version":"2020-11-30","purchased_purges":1,"victory":false,"max_hp_per_floor":[80,80,80,80,85,85,85,85,85,85,85,90,90,90,90,90,90,90,90,90,90,90,90,90,90,90,90,90,90,90,90,90,90,90,90,90,90,90,90,90,90,90,90,90,90,90,90,100,100,100,100],"relic_stats":{"Peace Pipe":0,"Shovel":4,"counters":[19,94],"Ornamental Fan":[60],"Black Blood":180,"Eternal Feather":101,"Tiny Chest":1,"Pen Nib":[14],"Boot":[3],"obtain_stats":[{"SacredBark":34,"Black Blood":17,"Eternal Feather":9,"Pen Nib":6,"The Courier":24,"Ancient Tea Set":15,"Boot":26,"Burning Blood":0,"Peace Pipe":37,"Shovel":3,"ReplayTheSpireMod:Shallot":43,"infinitespire:Broken Mirror":10,"Ornamental Fan":25,"infinitespire:Bottled Soul":29,"DollysMirror":38,"Tiny Chest":22,"Durian":5,"Red Mask":39,"Bag of Marbles":49,"Mirror":31},{"SacredBark":13,"Black Blood":6,"Eternal Feather":4,"Pen Nib":4,"The Courier":8,"Ancient Tea Set":5,"Boot":9,"Burning Blood":0,"Peace Pipe":14,"Shovel":2,"ReplayTheSpireMod:Shallot":15,"infinitespire:Broken Mirror":4,"Ornamental Fan":9,"infinitespire:Bottled Soul":10,"DollysMirror":14,"Tiny Chest":8,"Durian":3,"Red Mask":14,"Bag of Marbles":18,"Mirror":12},{"SacredBark":62,"Black Blood":26,"Eternal Feather":14,"Pen Nib":14,"The Courier":34,"Ancient Tea Set":17,"Boot":38,"Burning Blood":0,"Peace Pipe":70,"Shovel":7,"ReplayTheSpireMod:Shallot":73,"infinitespire:Broken Mirror":14,"Ornamental Fan":38,"infinitespire:Bottled Soul":44,"DollysMirror":70,"Tiny Chest":34,"Durian":9,"Red Mask":70,"Bag of Marbles":86,"Mirror":52}]},"card_choices":[{"not_picked":["Combust","Intimidate","Body Slam"],"picked":"SKIP","floor":1},{"not_picked":["Havoc","Body Slam","ReplayReversal"],"picked":"SKIP","floor":2},{"not_picked":["ReplayTheSpireMod:Strike From Hell","Searing Blow"],"picked":"Perfected Strike","floor":4},{"not_picked":["True Grit","Havoc"],"picked":"Clash","floor":5},{"not_picked":["Inflame","Disarm"],"picked":"Shrug It Off","floor":6},{"not_picked":["infinitespire:SealOfDarkness+","infinitespire:Punishment"],"picked":"infinitespire:Oblivion","floor":7},{"not_picked":["ReplayTheSpireMod:Limb From Limb","Twin Strike"],"picked":"Spot Weakness","floor":12},{"not_picked":["Impervious","Demonic Infusion"],"picked":"Limit Break","floor":16},{"not_picked":["Feel No Pain","Defy Death"],"picked":"Inflame","floor":18},{"not_picked":["Pommel Strike+1","Hemokinesis+1","Rage"],"picked":"SKIP","floor":19},{"not_picked":["Twin Strike","infinitespire:OneForAll+1"],"picked":"Rampage","floor":25},{"not_picked":["Sword Boomerang","Flex","Pommel Strike+1"],"picked":"SKIP","floor":27},{"not_picked":["Blood for Blood","Sword Boomerang+1"],"picked":"Intimidate","floor":30},{"not_picked":["Feed","Infernal Blade+1"],"picked":"Flame Barrier","floor":31},{"not_picked":["Abandon","Anger"],"picked":"Iron Wave+1","floor":35},{"not_picked":["Feel No Pain","Replay:Undeath\u0027s Touch"],"picked":"Battle Trance","floor":41},{"not_picked":["Ghostly Armor+1","ReplayTheSpireMod:Limb From Limb"],"picked":"Run Through+1","floor":45},{"not_picked":["Perfected Strike","Warcry"],"picked":"Offering","floor":46},{"not_picked":["Inflame","Dropkick+1","Flex"],"picked":"SKIP","floor":48}],"player_experience":491078,"relics_obtained":[{"floor":5,"key":"Durian"},{"floor":6,"key":"Pen Nib"},{"floor":9,"key":"Eternal Feather"},{"floor":10,"key":"infinitespire:Broken Mirror"},{"floor":15,"key":"Ancient Tea Set"},{"floor":24,"key":"The Courier"},{"floor":25,"key":"Ornamental Fan"},{"floor":26,"key":"Boot"},{"floor":29,"key":"infinitespire:Bottled Soul"},{"floor":31,"key":"Mirror"},{"floor":37,"key":"Peace Pipe"},{"floor":43,"key":"ReplayTheSpireMod:Shallot"},{"floor":49,"key":"Bag of Marbles"}],"event_choices":[{"damage_healed":0,"gold_gain":0,"player_choice":"Grow","damage_taken":0,"max_hp_gain":0,"max_hp_loss":0,"event_name":"Living Wall","floor":0,"gold_loss":0,"cards_upgraded":["Bash"]},{"damage_healed":0,"gold_gain":0,"player_choice":"Paid Gold","damage_taken":0,"relics_obtained":["Shovel"],"max_hp_gain":0,"max_hp_loss":0,"event_name":"WeMeetAgain","floor":3,"gold_loss":66},{"damage_healed":0,"gold_gain":0,"player_choice":"Ignored","damage_taken":0,"max_hp_gain":0,"max_hp_loss":0,"event_name":"Ghosts","floor":20,"gold_loss":0},{"damage_healed":0,"gold_gain":0,"player_choice":"Ignored","damage_taken":0,"max_hp_gain":0,"max_hp_loss":0,"event_name":"Mysterious Sphere","floor":36,"gold_loss":0},{"damage_healed":0,"gold_gain":0,"player_choice":"Paid","damage_taken":0,"relics_obtained":["Red Mask"],"max_hp_gain":0,"max_hp_loss":0,"event_name":"Tomb of Lord Red Mask","floor":39,"gold_loss":13}],"is_beta":false,"boss_relics":[{"not_picked":["Ooze Armor","Ring of Chaos"],"picked":"Black Blood"},{"not_picked":["Black Star","Runic Cube"],"picked":"SacredBark"}],"items_purged_floors":[38],"is_endless":false,"potions_floor_spawned":[12,16,19,25,31,33,45,48],"killed_by":"Replay:Hell Engine","ascension_level":9}}