{"host":"rguvlafm46vqn9ib","time":1607576727,"event":{"gold_per_floor":[110,129,35,105,105,140,140,167,193,207,217,232,37,57,57,158,158,168,168,24,42,19,19,44,44,44,64,90,90,110,110,110,110,110],"floor_reached":33,"playtime":1966,"items_purged":[],"score":517,"play_id":"62b718c4-eddf-44e7-8b49-fb6b8ebeda2b","local_time":"20201210050527","is_ascension_mode":true,"campfire_choices":[{"data":"rorgmod:Accuracy","floor":7,"key":"SMITH"},{"data":"StuffTheSpire:ReptileScales","floor":15,"key":"SMITH"},{"data":"Blade Dance","floor":23,"key":"SMITH"},{"floor":29,"key":"REST"},{"floor":32,"key":"DIG"}],"neow_cost":"","seed_source_timestamp":776583583517200,"circlet_count":0,"master_deck":["Strike_G","Strike_G","Strike_G+1","Strike_G","Strike_G","Defend_G","Defend_G","Defend_G","Defend_G","Defend_G","Survivor","Neutralize","ReplayTheSpireMod:Private Reserves","StuffTheSpire:ReptileScales+1","Blade Dance+1","Dodge and Roll","Infinite Blades+1","StuffTheSpire:Injection","rorgmod:Accuracy+1","StuffTheSpire:MirrorStance","Dodge and Roll","rorgmod:Catalyst","ShadowRift","Poison Darts","rorgmod:Accuracy","Blade Dance+1","Envenom","rorgmod:Tendon Slice","Flying Knee","Dagger Spray+1","Skewer","Backflip","Unload","ReplayTheSpireMod:Tripwire"],"relics":["Ring of the Snake","hubris:PeanutButter","Strange Spoon","hubris:AncientText","Onion Ring","Nunchaku","Bag of Marbles","Bag of Preparation","FaceOfCleric","Toolbox","PreservedInsect","Whetstone","StuffTheSpire:HeavyRock"],"potions_floor_usage":[16,24,24,30,33,33],"damage_taken":[{"damage":0,"enemies":"Small Slimes","floor":1,"turns":4},{"damage":0,"enemies":"2 Louse","floor":2,"turns":3},{"damage":0,"enemies":"3 Sentries","floor":6,"turns":5},{"damage":0,"enemies":"HollowMod:MossKnight","floor":8,"turns":6},{"damage":0,"enemies":"Cultist","floor":10,"turns":2},{"damage":0,"enemies":"2 Fungi Beasts","floor":11,"turns":2},{"damage":6,"enemies":"Exordium Thugs","floor":12,"turns":4},{"damage":0,"enemies":"Looter","floor":14,"turns":2},{"damage":21,"enemies":"Hexaghost","floor":16,"turns":4},{"damage":0,"enemies":"2 Thieves","floor":18,"turns":1},{"damage":0,"enemies":"Shell Parasite","floor":21,"turns":1},{"damage":9,"enemies":"Slavers","floor":24,"turns":5},{"damage":16,"enemies":"Snake Plant","floor":27,"turns":3},{"damage":0,"enemies":"Replay:Snechameleon","floor":28,"turns":2},{"damage":0,"enemies":"Snecko","floor":30,"turns":3},{"damage":83,"enemies":"Collector","floor":33,"turns":7}],"seed_played":"-3821183951354220826","potions_obtained":[{"floor":6,"key":"SteroidPotion"},{"floor":8,"key":"Guardian:BlockOnCardUsePotion"},{"floor":10,"key":"AttackPotion"},{"floor":16,"key":"Adrenaline Potion"},{"floor":18,"key":"Explosive Potion"},{"floor":24,"key":"Energy Potion"},{"floor":30,"key":"DeathKnight:RimePotion"}],"is_trial":false,"path_per_floor":["M","M","$","?","?","E","R","E","T","M","M","M","$","M","R","B",null,"M","?","$","M","$","R","E","?","T","M","E","R","M","?","R_BF","B"],"character_chosen":"THE_SILENT","items_purchased":["hubris:PeanutButter","Strange Spoon","ReplayTheSpireMod:Private Reserves","Dodge and Roll","Infinite Blades","Bag of Preparation","rorgmod:Accuracy","Toolbox","Dagger Spray"],"campfire_rested":1,"item_purchase_floors":[0,0,0,3,3,13,13,20,22],"current_hp_per_floor":[70,70,70,70,70,70,70,70,70,70,70,64,64,64,64,43,70,70,70,70,71,71,71,63,63,63,48,49,71,72,72,72,0,0],"gold":110,"neow_bonus":"","is_prod":false,"is_daily":false,"chose_seed":false,"campfire_upgraded":3,"win_rate":0,"timestamp":1607576727,"path_taken":["M","M","$","?","?","E","R","E","T","?","M","M","$","M","R","BOSS","M","?","$","M","?","R","E","?","T","M","E","R","?","?","R_BF","BOSS"],"build_version":"2020-11-30","purchased_purges":0,"victory":false,"max_hp_per_floor":[70,70,70,70,70,70,70,70,70,70,70,70,70,70,70,70,70,70,70,70,71,71,71,72,72,72,73,74,74,75,75,75,75,75],"card_choices":[{"not_picked":["Cloak And Dagger","StuffTheSpire:Python"],"picked":"StuffTheSpire:ReptileScales","floor":1},{"not_picked":["StuffTheSpire:BumpUp","Dodge and Roll"],"picked":"Blade Dance","floor":2},{"not_picked":["Masterful Stab","Outmaneuver"],"picked":"StuffTheSpire:Injection","floor":4},{"not_picked":["Calculated Gamble","Blade Dance"],"picked":"rorgmod:Accuracy","floor":4},{"not_picked":["Outmaneuver","Noxious Fumes"],"picked":"StuffTheSpire:MirrorStance","floor":6},{"not_picked":["rorgmod:Reflex","Concentrate"],"picked":"Dodge and Roll","floor":8},{"not_picked":["StuffTheSpire:Injection","Hidden Blade"],"picked":"rorgmod:Catalyst","floor":10},{"not_picked":["Choke","All Out Attack"],"picked":"ShadowRift","floor":11},{"not_picked":["Sneak Up","Deadly Poison"],"picked":"Poison Darts","floor":12},{"not_picked":["Dagger Spray","Dodge and Roll"],"picked":"Blade Dance","floor":14},{"not_picked":["rorgmod:Phantasmal Killer","Atom Bomb"],"picked":"Envenom","floor":16},{"not_picked":["Pace","StuffTheSpire:ClusterCrunch"],"picked":"rorgmod:Tendon Slice","floor":18},{"not_picked":["ReplayTheSpireMod:Shiv Toss","Bane"],"picked":"Flying Knee","floor":21},{"not_picked":["hubris:SlightOfHand","Blade Dance"],"picked":"Skewer","floor":24},{"not_picked":["StuffTheSpire:Incursion","StuffTheSpire:ClusterCrunch"],"picked":"Backflip","floor":27},{"not_picked":["Dodge and Roll","Outmaneuver"],"picked":"Unload","floor":28},{"not_picked":["Dagger Throw","ReplayTheSpireMod:Speed Training"],"picked":"ReplayTheSpireMod:Tripwire","floor":30}],"player_experience":982626,"relics_obtained":[{"floor":4,"key":"hubris:AncientText"},{"floor":6,"key":"Onion Ring"},{"floor":8,"key":"Nunchaku"},{"floor":9,"key":"Bag of Marbles"},{"floor":24,"key":"PreservedInsect"},{"floor":28,"key":"Whetstone"},{"floor":32,"key":"StuffTheSpire:HeavyRock"}],"event_choices":[{"damage_healed":0,"gold_gain":0,"player_choice":"Upgraded","damage_taken":0,"max_hp_gain":0,"max_hp_loss":0,"event_name":"Upgrade Shrine","floor":5,"gold_loss":0,"cards_upgraded":["Infinite Blades"]},{"damage_healed":0,"gold_gain":0,"player_choice":"Trade","damage_taken":0,"relics_obtained":["FaceOfCleric"],"max_hp_gain":0,"max_hp_loss":0,"event_name":"FaceTrader","floor":19,"gold_loss":0},{"cards_removed":["ReplayTheSpireMod:Splinters"],"damage_healed":0,"gold_gain":0,"player_choice":"Removed Curses","damage_taken":0,"max_hp_gain":0,"max_hp_loss":0,"event_name":"Fountain of Cleansing","floor":25,"gold_loss":0},{"damage_healed":0,"gold_gain":0,"player_choice":"Upgraded","damage_taken":0,"max_hp_gain":0,"max_hp_loss":0,"event_name":"Upgrade Shrine","floor":31,"gold_loss":0,"cards_upgraded":["Blade Dance"]}],"is_beta":false,"boss_relics":[{"not_picked":["Ectoplasm","Sozu","Kintsugi"]}],"items_purged_floors":[],"is_endless":false,"potions_floor_spawned":[6,8,10,16,18,24,30],"killed_by":"Collector","ascension_level":2}}