{"host":"q2g9o89qua515qte","time":1607636593,"event":{"mods":["BaseMod","StSLib","Custom Start","Downfall","Rare Cards Sparkle","Minty Spire (QoL Compilation)","Aspiration","Challenge The Spire","Conspire","Hubris","Infinite Spire","Replay The Spire","Spicy Shops","Retaliation","Act Like it!","Astrologer","Elementarium","Better Altar","Better Match","Thieving Mod","Wandering Minibosses","Better Note","Better Sensory Stone","Better Skull","Better Third Choice","Better Vampires","BetterRewards"],"gold_per_floor":[115,115,135,147,171,19,19,32,79,79,109,128,138,935,935,1038,1038,1048,1068,1080,1094,1112,1139,1139,1064,1064,1064,1075,1075,134,151,151,241,241,252,252,252],"floor_reached":36,"playtime":2026,"items_purged":["Elementarium:StickyTar","astrologer:Strike"],"score":440,"play_id":"d23c8d68-b761-4044-bdf6-ad8265beef91","local_time":"20201210224313","is_ascension_mode":false,"campfire_choices":[{"data":"astrologer:Alignment","floor":7,"key":"SMITH"},{"data":"astrologer:ShiningStar","floor":10,"key":"SMITH"},{"floor":15,"key":"REST"},{"floor":24,"key":"REST"},{"floor":32,"key":"DIG"}],"circlet_count":0,"master_deck":["astrologer:Strike","astrologer:Strike","astrologer:Strike","astrologer:Defend","astrologer:Defend","astrologer:Defend","astrologer:Defend","astrologer:NorthStar","astrologer:TheFool","astrologer:Alignment+1","astrologer:ShiningStar+1","astrologer:SpaceDust","astrologer:Conjunction","astrologer:NeutronStar","astrologer:Confirmation","astrologer:Confirmation","astrologer:WheelofFortune","astrologer:StarOfChange","astrologer:CometStrike","astrologer:Opposition","astrologer:Prestidigitation","astrologer:TheWorld","astrologer:Opposition+1","astrologer:Nova","astrologer:Glimpse","Metamorphosis","Chrysalis","Purity","hubris:Ssssneak","astrologer:StarOfCourage","astrologer:Starfield"],"relics":["astrologer:SkyMirror","hubris:ToyBattleship","hubris:SlimyHat","Chemical X","ReplayTheSpireMod:Shallot","wanderingMiniBosses:MasterThiefsPresence","hubris:Backtick","Prayer Wheel","ReplayTheSpireMod:TigerMarble","conspire:DecoderRing","infinitespire:Lychee Nut","ReplayTheSpireMod:ShopPack","aspiration:FetidBarrel","Ginger","Replay:Wax Seal","Elementarium:ElementariumTrophy","Fusion Hammer"],"acts_visited":["Exordium","Exordium","TheBeyond"],"potions_floor_usage":[11,16,21,23,23,31,33],"damage_taken":[{"damage":0,"enemies":"Cultist","floor":1,"turns":4},{"damage":2,"enemies":"Jaw Worm","floor":3,"turns":4},{"damage":4,"enemies":"conspire:RoseBush","floor":4,"turns":4},{"damage":0,"enemies":"Exordium Wildlife","floor":8,"turns":4},{"damage":60,"enemies":"Gremlin Nob","floor":11,"turns":7},{"damage":0,"enemies":"Exordium Thugs","floor":12,"turns":4},{"damage":0,"enemies":"Lots of Slimes","floor":13,"turns":3},{"damage":0,"enemies":"2 Fungi Beasts","floor":14,"turns":6},{"damage":6,"enemies":"Fading Forest","floor":16,"turns":11},{"damage":0,"enemies":"Elementarium:Cyclone","floor":18,"turns":3},{"damage":1,"enemies":"Elementarium:2_ELEMENTALS","floor":19,"turns":5},{"damage":19,"enemies":"Elementarium:VOID_CORRUPTION_AND_TAR_GOLEM","floor":20,"turns":5},{"damage":10,"enemies":"Elementarium:CYCLONE_AND_ORB_OF_FIRE","floor":21,"turns":5},{"damage":7,"enemies":"Elementarium:STONE_GOLEMS","floor":22,"turns":6},{"damage":28,"enemies":"Nightmare","floor":23,"turns":7},{"damage":5,"enemies":"Elementarium:Hydrostalker","floor":28,"turns":5},{"damage":8,"enemies":"Elementarium:3_ELEMENTALS","floor":31,"turns":5},{"damage":16,"enemies":"Elementarium:GoldenDragon","floor":33,"turns":8},{"damage":11,"enemies":"3 Shapes","floor":35,"turns":6},{"damage":62,"enemies":"conspire:MimicChest","floor":36,"turns":6}],"seed_played":"971725987527339141","potions_obtained":[{"floor":1,"key":"FearPotion"},{"floor":4,"key":"Elixir"},{"floor":11,"key":"SteroidPotion"},{"floor":16,"key":"PowerPotion"},{"floor":18,"key":"SpeedPotion"},{"floor":20,"key":"Explosive Potion"},{"floor":21,"key":"Block Potion"},{"floor":31,"key":"Weak Potion"}],"is_trial":false,"path_per_floor":["M","?","M","M","T","$","R","M","T","R","E","M","M","M","R","B",null,"M","M","M","M","M","NM","R","?","T","?","M","?","$","M","R","B",null,"M","?"],"character_chosen":"ASTROLOGER","items_purchased":["Chemical X","ReplayTheSpireMod:ShopPack","Metamorphosis","aspiration:FetidBarrel","Ginger","SpeedPotion","DistilledChaos"],"campfire_rested":2,"item_purchase_floors":[6,30,30,30,30,30,30],"current_hp_per_floor":[70,70,68,64,64,64,64,64,64,64,4,4,4,4,25,29,70,70,69,50,40,33,5,26,26,26,26,27,30,30,28,28,18,52,41,0,0],"gold":252,"neow_bonus":"ONE_RANDOM_RARE_CARD","is_daily":false,"chose_seed":false,"campfire_upgraded":2,"win_rate":0,"timestamp":1607636593,"path_taken":["M","?","M","M","?","?","R","?","T","R","E","M","M","M","R","BOSS","M","M","M","M","M","NM","R","?","T","?","M","?","$","M","R","BOSS","M","?"],"build_version":"2020-11-30","purchased_purges":2,"victory":false,"max_hp_per_floor":[70,70,70,70,70,70,70,70,70,70,70,70,70,70,70,70,70,70,70,70,70,70,70,70,70,70,52,52,52,52,52,52,52,52,52,52,52],"card_choices":[{"not_picked":["astrologer:TheDevil","astrologer:TheHighPriestess"],"picked":"astrologer:ShiningStar","floor":1},{"not_picked":["astrologer:Radiance","astrologer:Eclipse"],"picked":"astrologer:SpaceDust","floor":3},{"not_picked":["astrologer:TheHighPriestess","astrologer:TheMoon"],"picked":"astrologer:Conjunction","floor":4},{"not_picked":["astrologer:Radiance","astrologer:Stardust","astrologer:Strength"],"picked":"SKIP","floor":8},{"not_picked":["astrologer:Radiance","astrologer:TheDevil","astrologer:Observe"],"picked":"SKIP","floor":11},{"not_picked":["astrologer:SpaceDust","astrologer:TheHangedMan"],"picked":"astrologer:NeutronStar","floor":12},{"not_picked":["astrologer:Still","astrologer:Judgement"],"picked":"astrologer:Confirmation","floor":13},{"not_picked":["astrologer:StarOfChange","astrologer:FrozenStar"],"picked":"astrologer:Confirmation","floor":14},{"not_picked":["astrologer:TheWorld","astrologer:TheChariot"],"picked":"astrologer:WheelofFortune","floor":16},{"not_picked":["astrologer:Stardust","astrologer:SolarFlare","astrologer:FrozenStar"],"picked":"SKIP","floor":18},{"not_picked":["astrologer:Still","astrologer:TheHermit","astrologer:TheLovers"],"picked":"SKIP","floor":18},{"not_picked":["astrologer:CometStrike","astrologer:MeteorShower+1"],"picked":"astrologer:StarOfChange","floor":19},{"not_picked":["astrologer:SpaceDust","astrologer:Fireball"],"picked":"astrologer:CometStrike","floor":19},{"not_picked":["astrologer:Cataclysm","astrologer:Stardust+1"],"picked":"astrologer:Opposition","floor":20},{"not_picked":["astrologer:FrozenStar+1","astrologer:Eclipse+1","astrologer:SpaceDust"],"picked":"SKIP","floor":20},{"not_picked":["astrologer:Prismatic","astrologer:Premeditation+1"],"picked":"astrologer:Prestidigitation","floor":21},{"not_picked":["astrologer:Still","astrologer:Judgement","astrologer:ShiningStar"],"picked":"SKIP","floor":21},{"not_picked":["astrologer:FrozenStar","astrologer:Moonlight"],"picked":"astrologer:TheWorld","floor":22},{"not_picked":["astrologer:Cataclysm","astrologer:ReadTheStars"],"picked":"astrologer:Opposition+1","floor":22},{"not_picked":["astrologer:StarOfMisfortune","astrologer:TheHermit+1"],"picked":"astrologer:Nova","floor":23},{"not_picked":["astrologer:Conjunction","astrologer:CosmicExpanse"],"picked":"astrologer:Glimpse","floor":28},{"not_picked":["astrologer:Moonlight","astrologer:Prestidigitation+1","astrologer:Radiance"],"picked":"SKIP","floor":28},{"not_picked":["Mayhem","Secret Weapon"],"picked":"Chrysalis","floor":30},{"not_picked":["expansioncontent:Sear","Replay:Sssssssssshield"],"picked":"Purity","floor":30},{"not_picked":["expansioncontent:Sear","Good Instincts"],"picked":"hubris:Ssssneak","floor":30},{"not_picked":["astrologer:Conjunction+1","astrologer:TheDevil"],"picked":"astrologer:StarOfCourage","floor":31},{"not_picked":["astrologer:Moonlight","astrologer:Stardust","astrologer:CometStrike+1"],"picked":"SKIP","floor":31},{"not_picked":["astrologer:TheChariot","astrologer:Death"],"picked":"astrologer:Starfield","floor":33},{"not_picked":["astrologer:Prismatic+1","astrologer:Stardust","astrologer:Moonlight+1"],"picked":"SKIP","floor":35},{"not_picked":["astrologer:SolarFlare+1","astrologer:Eclipse+1","astrologer:Still+1"],"picked":"SKIP","floor":35}],"player_experience":772340,"relics_obtained":[{"floor":2,"key":"hubris:ToyBattleship"},{"floor":5,"key":"hubris:SlimyHat"},{"floor":11,"key":"ReplayTheSpireMod:Shallot"},{"floor":14,"key":"wanderingMiniBosses:MasterThiefsPresence"},{"floor":23,"key":"ReplayTheSpireMod:TigerMarble"},{"floor":26,"key":"conspire:DecoderRing"},{"floor":32,"key":"Replay:Wax Seal"}],"event_choices":[{"damage_healed":0,"gold_gain":0,"player_choice":"2","damage_taken":0,"max_hp_gain":0,"max_hp_loss":0,"event_name":"betterMatch:BetterMatch","floor":25,"gold_loss":0,"cards_obtained":["betterMatch:UncommonCard"]},{"damage_healed":0,"gold_gain":0,"player_choice":"Open","damage_taken":0,"relics_obtained":["infinitespire:Lychee Nut"],"max_hp_gain":0,"max_hp_loss":0,"event_name":"Elementarium:TarCoveredCasket","floor":27,"gold_loss":0,"cards_obtained":["Elementarium:StickyTar"]},{"damage_healed":3,"gold_gain":0,"player_choice":"LEAVE ","damage_taken":0,"relics_obtained":[],"max_hp_gain":0,"max_hp_loss":0,"event_name":"betterSkull:BetterSkull","floor":29,"gold_loss":0,"cards_upgraded":[]}],"is_beta":false,"boss_relics":[{"not_picked":["Calling Bell","Pandora\u0027s Box"],"picked":"hubris:Backtick"},{"not_picked":["hubris:TerracottaHorce","Replay:Wanted Poster"],"picked":"Fusion Hammer"}],"items_purged_floors":[30,30],"is_endless":false,"potions_floor_spawned":[1,4,11,16,18,20,21,31],"killed_by":"conspire:MimicChest","ascension_level":0}}