{"host":"cllrkz0g1t2qi6kg","time":1607633506,"event":{"gold_per_floor":[110,121,132,146,146,146,163,197,197,197,225,225,400,412,412,508,508,518,32,46,46,57,86,86,100,100,125,144,175,187,87,87,185,185,201,220,220,234,253,281,298,352,352,37,37,72,72,85,85,85],"floor_reached":51,"playtime":9419,"items_purged":["theWildCard:Sakuya","theWildCard:PowerOfTheArcana+1"],"score":731,"play_id":"0dfc7c21-91ce-4269-8936-95d4a77a7066","local_time":"20201210155146","is_ascension_mode":false,"campfire_choices":[{"data":"theWildCard:PowerOfTheArcana","floor":6.0,"key":"SMITH"},{"data":"theWildCard:Providence","floor":10.0,"key":"SMITH"},{"data":"theWildCard:Arsene","floor":12.0,"key":"PURGE"},{"data":"theWildCard:Metatron","floor":15.0,"key":"PURGE"},{"data":"Doubt","floor":24,"key":"PURGE"},{"data":"Secret Weapon","floor":32,"key":"SMITH"},{"floor":45,"key":"RECALL"},{"data":"theWildCard:Desolation","floor":49,"key":"SMITH"}],"neow_cost":"NONE","seed_source_timestamp":0,"circlet_count":0,"master_deck":["theWildCard:BasicStrike","theWildCard:BasicStrike","theWildCard:BasicStrike","theWildCard:BasicStrike","theWildCard:BasicDefend","theWildCard:BasicDefend","theWildCard:BasicDefend","theWildCard:BasicDefend","theWildCard:CallToAdventure","theWildCard:IdentityTheft","theWildCard:StalwartBlade","theWildCard:Providence+1","theWildCard:Desolation","theWildCard:Desolation+1","theWildCard:Abstinence","Secret Weapon+1","theWildCard:Salvation+1","theWildCard:Proficiency+1","theWildCard:Patience+1","theWildCard:Proficiency","theWildCard:CryOfAgony+1","hubris:DuctTapeCard","Deep Breath"],"special_seed":0,"relics":["theWildCard:VelvetContract","hubris:Towel","hubris:PeanutButter","Peace Pipe","Blue Candle","theWildCard:Wildcard","Orrery","ReplayTheSpireMod:Lightbulb","Replay:Bottled Steam","Bag of Marbles","CaptainsWheel","Painkiller Herb","Durian","hubris:Zylophone","Mirror","Counterbalance","hubris:DuctTape"],"potions_floor_usage":[50],"damage_taken":[{"damage":1.0,"enemies":"Jaw Worm","floor":1.0,"turns":3.0},{"damage":5.0,"enemies":"2 Louse","floor":2.0,"turns":3.0},{"damage":0.0,"enemies":"Cultist","floor":3.0,"turns":2.0},{"damage":0.0,"enemies":"Blue Slaver","floor":4.0,"turns":5.0},{"damage":5.0,"enemies":"2 Fungi Beasts","floor":7.0,"turns":3.0},{"damage":16.0,"enemies":"Lagavulin","floor":8.0,"turns":8.0},{"damage":3.0,"enemies":"3 Sentries","floor":11.0,"turns":4.0},{"damage":0.0,"enemies":"3 Louse","floor":14.0,"turns":2.0},{"damage":28.0,"enemies":"The Guardian","floor":16.0,"turns":12.0},{"damage":22.0,"enemies":"Shell Parasite","floor":18.0,"turns":8.0},{"damage":0.0,"enemies":"3 Byrds","floor":20.0,"turns":1.0},{"damage":0.0,"enemies":"Cultist and Chosen","floor":22.0,"turns":2.0},{"damage":5.0,"enemies":"Book of Stabbing","floor":23.0,"turns":4.0},{"damage":0,"enemies":"3 Cultists","floor":25,"turns":1},{"damage":0,"enemies":"Replay:Snechameleon","floor":27,"turns":2},{"damage":0,"enemies":"Snecko","floor":28,"turns":1},{"damage":0,"enemies":"Gremlin Leader","floor":29,"turns":2},{"damage":0,"enemies":"Cultist and Chosen","floor":30,"turns":1},{"damage":0,"enemies":"hubris:MusketHawk","floor":33,"turns":5},{"damage":0,"enemies":"3 Shapes","floor":35,"turns":1},{"damage":0,"enemies":"3 Darklings","floor":36,"turns":1},{"damage":0,"enemies":"Transient","floor":38,"turns":5},{"damage":0,"enemies":"Jaw Worm Horde","floor":39,"turns":1},{"damage":0,"enemies":"Reptomancer","floor":40,"turns":2},{"damage":0,"enemies":"4 Shapes","floor":41,"turns":1},{"damage":0,"enemies":"2 Orb Walkers","floor":42,"turns":1},{"damage":0,"enemies":"R_Hoarder","floor":46,"turns":6},{"damage":0,"enemies":"Transient","floor":48,"turns":5},{"damage":28,"enemies":"Replay:Hell Engine","floor":50,"turns":5}],"seed_played":"-105888158415811799","potions_obtained":[{"floor":1.0,"key":"ColorlessPotion"},{"floor":7.0,"key":"Energy Potion"},{"floor":11.0,"key":"SpeedPotion"},{"floor":16.0,"key":"Languid Potion"},{"floor":21.0,"key":"FairyPotion"}],"is_trial":false,"path_per_floor":["M","M","M","M","?","R","M","E","T","R","E","R","?","M","R","B",null,"M","$","M","?","M","E","R","M","T","E","M","E","M","$","R","B",null,"?","?","?","?","?","E","?","?","T","T","T","E","?","?","T","B",null],"character_chosen":"THE_WILD_CARD","items_purchased":["theWildCard:Abstinence","Secret Weapon","Orrery","Counterbalance"],"campfire_rested":0,"item_purchase_floors":[19,19,19,44],"current_hp_per_floor":[65,60,60,60,60,60,55,41,41,41,40,40,40,42,42,22,66,48,48,48,48,48,43,43,43,43,45,45,45,45,45,45,47,66,66,66,66,66,66,71,71,71,71,71,71,71,71,71,71,43],"gold":85,"neow_bonus":"TEN_PERCENT_HP_BONUS","is_prod":false,"is_daily":false,"chose_seed":false,"campfire_upgraded":4,"win_rate":0.0,"timestamp":1607633506,"path_taken":["M","M","M","M","?","R","M","E","T","R","E","R","?","M","R","BOSS","M","$","M","?","?","E","R","M","T","E","M","E","M","$","R","BOSS","?","?","?","?","?","E","?","?","T","T","T","E","?","?","T","BOSS"],"build_version":"2020-11-30","purchased_purges":2,"victory":true,"max_hp_per_floor":[66,66,66,66,66,66,66,66,66,66,66,66,66,66,66,66,66,66,66,66,66,66,66,66,66,66,66,66,66,66,66,66,66,66,66,66,66,66,66,71,71,71,71,71,71,71,71,71,71,71],"card_choices":[{"not_picked":["theWildCard:MagicMettle","theWildCard:BladeOfGenerations"],"picked":"theWildCard:PowerOfTheArcana","floor":1.0},{"not_picked":["theWildCard:Polydeuces","theWildCard:SacrificialStroke"],"picked":"theWildCard:IdentityTheft","floor":2.0},{"not_picked":["theWildCard:Michael","theWildCard:StingingStrike"],"picked":"theWildCard:Sakuya","floor":3.0},{"not_picked":["theWildCard:Loki","theWildCard:TheGreatSeal"],"picked":"theWildCard:StalwartBlade","floor":4.0},{"not_picked":["theWildCard:ArcaneArts","theWildCard:TheGreatSeal"],"picked":"theWildCard:Providence","floor":7.0},{"not_picked":["theWildCard:EnergyTheft","theWildCard:Polydeuces"],"picked":"theWildCard:Metatron","floor":8.0},{"not_picked":["theWildCard:BladeOfGenerations","theWildCard:SacrificialStroke"],"picked":"theWildCard:Desolation","floor":11.0},{"not_picked":["theWildCard:MagicalMight","theWildCard:StingingStrike","theWildCard:IdentityTheft"],"picked":"SKIP","floor":14.0},{"not_picked":["theWildCard:FinalHour","theWildCard:FuelForTheFire"],"picked":"theWildCard:Desolation","floor":16.0},{"not_picked":["theWildCard:ArcanaArtistry+1","theWildCard:ArcaneArts","theWildCard:SeveringSlash+1"],"picked":"SKIP","floor":18.0},{"not_picked":["theWildCard:TheArcanaUnleashed","theWildCard:StingingStrike"],"picked":"theWildCard:TheGreatSeal+1","floor":19.0},{"not_picked":["theWildCard:SeveringSlash","theWildCard:SacrificialStroke+1"],"picked":"theWildCard:Salvation+1","floor":19.0},{"not_picked":["theWildCard:Michael","theWildCard:EnergizedStroke+1","theWildCard:PaleRider"],"picked":"SKIP","floor":20.0},{"not_picked":["theWildCard:UnendingRitual","theWildCard:PowerOfTheArcana+1","theWildCard:EnergizedStroke"],"picked":"SKIP","floor":22.0},{"not_picked":["theWildCard:Impatience","theWildCard:Michael","theWildCard:SacrificialStroke"],"picked":"SKIP","floor":23.0},{"not_picked":["theWildCard:Caesar","theWildCard:ManOfManyFaces"],"picked":"theWildCard:Proficiency","floor":25},{"not_picked":["theWildCard:Michael","theWildCard:Salvation"],"picked":"theWildCard:TheGreatSeal+1","floor":27},{"not_picked":["theWildCard:PowerOfTheArcana+1","theWildCard:SeveringSlash","theWildCard:ArcaneArts+1"],"picked":"SKIP","floor":28},{"not_picked":["theWildCard:SacrificialStroke","theWildCard:ShieldOfMany","theWildCard:MagicalMight"],"picked":"SKIP","floor":29},{"not_picked":["theWildCard:UnderLockAndKey","theWildCard:IdentityTheft"],"picked":"theWildCard:Patience+1","floor":30},{"not_picked":["theWildCard:StalwartBlade+1","theWildCard:Alice+1","theWildCard:PaleRider"],"picked":"SKIP","floor":35},{"not_picked":["theWildCard:StalwartBlade","theWildCard:Safeguard","theWildCard:BladeOfGenerations"],"picked":"SKIP","floor":36},{"not_picked":["theWildCard:BladeOfGenerations+1","theWildCard:StingingStrike+1","theWildCard:ArcaneArts"],"picked":"SKIP","floor":38},{"not_picked":["theWildCard:Polydeuces","theWildCard:SacrificialStroke+1"],"picked":"theWildCard:Proficiency","floor":39},{"not_picked":["theWildCard:Alice","theWildCard:SacrificialStroke+1","theWildCard:Michael+1"],"picked":"SKIP","floor":40},{"not_picked":["theWildCard:TheArcanaUnleashed","theWildCard:ArchaicAssault"],"picked":"theWildCard:CryOfAgony+1","floor":41},{"not_picked":["theWildCard:Abstinence","theWildCard:Satanael","theWildCard:EnergizedStroke"],"picked":"SKIP","floor":46},{"not_picked":["Madness","Magnetism"],"picked":"Deep Breath","floor":47},{"not_picked":["theWildCard:Unburden+1","theWildCard:SacrificialStroke+1","theWildCard:Safeguard"],"picked":"SKIP","floor":48}],"player_experience":1362832,"relics_obtained":[{"floor":8.0,"key":"hubris:PeanutButter"},{"floor":9.0,"key":"Peace Pipe"},{"floor":11.0,"key":"Blue Candle"},{"floor":23.0,"key":"ReplayTheSpireMod:Lightbulb"},{"floor":26,"key":"Replay:Bottled Steam"},{"floor":27,"key":"Bag of Marbles"},{"floor":29,"key":"CaptainsWheel"},{"floor":40,"key":"Durian"},{"floor":42,"key":"hubris:Zylophone"},{"floor":43,"key":"Mirror"},{"floor":46,"key":"hubris:DuctTape"}],"event_choices":[{"damage_healed":0.0,"max_hp_gain":0.0,"max_hp_loss":0.0,"gold_gain":175.0,"event_name":"betterThird:BetterSerpent","player_choice":"AGREE","floor":13.0,"gold_loss":0.0,"damage_taken":225.0},{"damage_healed":0.0,"max_hp_gain":0.0,"max_hp_loss":0.0,"gold_gain":0.0,"event_name":"Lab","player_choice":"Got Potions","floor":21.0,"gold_loss":0.0,"damage_taken":0.0},{"damage_healed":0,"gold_gain":0,"player_choice":"Fight","damage_taken":0,"max_hp_gain":0,"max_hp_loss":0,"event_name":"Mysterious Sphere","floor":42,"gold_loss":0},{"damage_healed":0,"gold_gain":0,"player_choice":"Memory 1","damage_taken":0,"max_hp_gain":0,"max_hp_loss":0,"event_name":"SensoryStone","floor":47,"gold_loss":0}],"is_beta":false,"boss_relics":[{"not_picked":["Coffee Dripper","Philosopher\u0027s Stone"],"picked":"theWildCard:Wildcard"},{"not_picked":["Astrolabe","Snecko Eye"],"picked":"Painkiller Herb"}],"items_purged_floors":[19,31],"is_endless":false,"potions_floor_spawned":[1,7,11,16,23,25,29,30,36,38,42,46],"ascension_level":0}}