{"host":"0jor5hi4rp0tpy7j","time":1607606344,"event":{"gold_per_floor":[118,138,151,202,202,232,232,307,307,307,52,84,84,72,72,175,175,185,185,203,203,223,255,255,255,255],"floor_reached":25,"playtime":804,"items_purged":[],"score":355,"play_id":"d773e027-92a8-4b72-9787-e25cf07c60b4","local_time":"20201210141904","is_ascension_mode":true,"campfire_choices":[{"data":"Cleave","floor":7,"key":"SMITH"},{"floor":10,"key":"REST"},{"floor":13,"key":"REST"},{"data":"Armaments","floor":15,"key":"SMITH"},{"data":"Rupture","floor":24,"key":"SMITH"}],"neow_cost":"NONE","seed_source_timestamp":77033741429300,"circlet_count":0,"master_deck":["AscendersBane","Strike_R","Strike_R","Strike_R","Strike_R","Strike_R","Defend_R","Defend_R","Defend_R","Defend_R","Bash+1","Heavy Blade","Flex","Flex","Cleave+1","Armaments+1","Combust","Shrug It Off","Rupture+1","Uppercut","Metallicize","Juggernaut","Flame Barrier","Heavy Blade","Spot Weakness","J.A.X."],"relics":["Black Blood","NeowsBlessing","Magic Flower","Prayer Wheel","Self Forming Clay","Happy Flower"],"potions_floor_usage":[6,16,22],"damage_taken":[{"damage":0,"enemies":"2 Louse","floor":1,"turns":1},{"damage":0,"enemies":"Small Slimes","floor":2,"turns":1},{"damage":0,"enemies":"Jaw Worm","floor":3,"turns":1},{"damage":45,"enemies":"3 Sentries","floor":6,"turns":9},{"damage":44,"enemies":"Gremlin Nob","floor":12,"turns":5},{"damage":16,"enemies":"Exordium Thugs","floor":14,"turns":4},{"damage":20,"enemies":"Slime Boss","floor":16,"turns":9},{"damage":17,"enemies":"Spheric Guardian","floor":18,"turns":5},{"damage":32,"enemies":"Shell Parasite","floor":20,"turns":7},{"damage":22,"enemies":"Snake Plant","floor":22,"turns":4},{"damage":79,"enemies":"Gremlin Leader","floor":23,"turns":8},{"damage":41,"enemies":"Slavers","floor":25,"turns":4}],"seed_played":"8516315573115327610","potions_obtained":[{"floor":2,"key":"Swift Potion"},{"floor":12,"key":"PowerPotion"},{"floor":20,"key":"EssenceOfSteel"}],"is_trial":false,"path_per_floor":["M","M","M","?","?","E","R","?","T","R","$","E","R","M","R","B",null,"M","?","M","?","M","E","R","E"],"character_chosen":"IRONCLAD","items_purchased":["Armaments","Combust","FairyPotion","Shrug It Off"],"campfire_rested":2,"item_purchase_floors":[11,11,11,11],"current_hp_per_floor":[78,80,80,80,80,41,41,30,30,54,54,19,43,36,36,25,66,67,67,53,53,49,35,35,0,0],"gold":255,"neow_bonus":"THREE_ENEMY_KILL","is_prod":false,"is_daily":false,"chose_seed":false,"campfire_upgraded":3,"win_rate":0,"timestamp":1607606344,"path_taken":["M","M","M","?","?","E","R","?","T","R","$","E","R","M","R","BOSS","M","?","M","?","M","E","R","E"],"build_version":"2020-11-30","purchased_purges":0,"victory":false,"max_hp_per_floor":[80,80,80,80,80,80,80,80,80,80,80,80,80,80,80,80,80,80,80,80,80,80,80,80,80,80],"card_choices":[{"not_picked":["Body Slam","Searing Blow"],"picked":"Heavy Blade","floor":1},{"not_picked":["Sever Soul","Body Slam"],"picked":"Flex","floor":2},{"not_picked":["Wild Strike","Thunderclap"],"picked":"Flex","floor":3},{"not_picked":["Pummel","Dark Embrace"],"picked":"Cleave","floor":6},{"not_picked":["Twin Strike","Hemokinesis"],"picked":"Rupture","floor":12},{"not_picked":["Combust","Headbutt"],"picked":"Uppercut","floor":14},{"not_picked":["Feel No Pain","Perfected Strike"],"picked":"Metallicize","floor":14},{"not_picked":["Corruption","Immolate"],"picked":"Juggernaut","floor":16},{"not_picked":["Headbutt+1","Anger"],"picked":"Flame Barrier","floor":18},{"not_picked":["Clash+1","Bloodletting+1"],"picked":"Heavy Blade","floor":18},{"not_picked":["Cleave","Shrug It Off+1"],"picked":"Spot Weakness","floor":20},{"not_picked":["Anger","Clash","Perfected Strike"],"picked":"SKIP","floor":20},{"not_picked":["Disarm","Iron Wave+1","Warcry"],"picked":"SKIP","floor":22},{"not_picked":["Second Wind","Reckless Charge","Clash"],"picked":"SKIP","floor":22},{"not_picked":["Thunderclap+1","Cleave","Iron Wave"],"picked":"SKIP","floor":23}],"player_experience":344135,"relics_obtained":[{"floor":6,"key":"Magic Flower"},{"floor":9,"key":"Prayer Wheel"},{"floor":12,"key":"Self Forming Clay"},{"floor":23,"key":"Happy Flower"}],"event_choices":[{"damage_healed":0,"gold_gain":51,"player_choice":"Gained Gold","damage_taken":0,"max_hp_gain":0,"max_hp_loss":0,"event_name":"Golden Wing","floor":4,"gold_loss":0},{"damage_healed":0,"gold_gain":0,"player_choice":"Grow","damage_taken":0,"max_hp_gain":0,"max_hp_loss":0,"event_name":"Living Wall","floor":5,"gold_loss":0,"cards_upgraded":["Bash"]},{"damage_healed":0,"gold_gain":75,"player_choice":"Gather Gold","damage_taken":11,"max_hp_gain":0,"max_hp_loss":0,"event_name":"World of Goop","floor":8,"gold_loss":0},{"damage_healed":0,"gold_gain":0,"player_choice":"Obtain J.A.X.","damage_taken":0,"max_hp_gain":0,"max_hp_loss":0,"event_name":"Drug Dealer","floor":21,"gold_loss":0,"cards_obtained":["J.A.X."]}],"is_beta":false,"boss_relics":[{"not_picked":["SacredBark","Runic Cube"],"picked":"Black Blood"}],"items_purged_floors":[],"is_endless":false,"potions_floor_spawned":[2,12,14,20],"killed_by":"Slavers","ascension_level":11}}