{"host":"usewcu4ohw2wtmxk","time":1607591613,"event":{"gold_per_floor":[112,112,129,142,161,161,176,201,228,228,228,261,286,306,306,306,306],"floor_reached":16,"playtime":399,"items_purged":[],"score":224,"play_id":"2b4f5420-90d4-4693-9984-26695aa057b1","local_time":"20201210171333","is_ascension_mode":true,"campfire_choices":[{"floor":6.0,"key":"RECALL"},{"data":"Armaments","floor":11.0,"key":"SMITH"},{"data":"Fire Breathing","floor":15,"key":"SMITH"}],"neow_cost":"TEN_PERCENT_HP_LOSS","seed_source_timestamp":253170682900,"circlet_count":0,"master_deck":["AscendersBane","Strike_R","Strike_R","Strike_R","Strike_R","Defend_R","Defend_R","Defend_R","Defend_R","Bash","Fire Breathing+1","Burning Pact","Disarm","Armaments+1","Shrug It Off"],"special_seed":0,"relics":["Burning Blood","Dead Branch","Self Forming Clay","Centennial Puzzle","Potion Belt"],"potions_floor_usage":[14],"damage_taken":[{"damage":16.0,"enemies":"Jaw Worm","floor":1.0,"turns":5.0},{"damage":7.0,"enemies":"Small Slimes","floor":3.0,"turns":3.0},{"damage":4.0,"enemies":"2 Louse","floor":4.0,"turns":3.0},{"damage":11.0,"enemies":"Looter","floor":5.0,"turns":4.0},{"damage":0.0,"enemies":"2 Fungi Beasts","floor":7.0,"turns":2.0},{"damage":34.0,"enemies":"Gremlin Nob","floor":8.0,"turns":4.0},{"damage":15.0,"enemies":"3 Sentries","floor":12.0,"turns":4.0},{"damage":19,"enemies":"Exordium Thugs","floor":14,"turns":7},{"damage":15,"enemies":"Slime Boss","floor":16,"turns":3}],"seed_played":"-187955611116689017","potions_obtained":[{"floor":1.0,"key":"PowerPotion"},{"floor":7.0,"key":"FearPotion"},{"floor":12.0,"key":"Block Potion"},{"floor":14,"key":"Fire Potion"}],"is_trial":false,"path_per_floor":["M","?","M","M","M","R","M","E","T","?","R","E","T","M","R","B"],"character_chosen":"IRONCLAD","items_purchased":[],"campfire_rested":0,"item_purchase_floors":[],"current_hp_per_floor":[58,58,57,59,54,54,60,32,32,32,32,23,23,10,10,0,0],"gold":306,"neow_bonus":"ONE_RARE_RELIC","is_prod":false,"is_daily":false,"chose_seed":false,"campfire_upgraded":2,"win_rate":0,"timestamp":1607591613,"path_taken":["M","?","M","M","M","R","M","E","T","?","R","E","?","M","R","BOSS"],"build_version":"2020-11-30","purchased_purges":0,"victory":false,"max_hp_per_floor":[68,68,68,68,68,68,68,68,68,68,68,68,68,68,68,68,68],"relic_stats":{"Centennial Puzzle":[3],"counters":[9,35],"Self Forming Clay":[18],"Dead Branch":[30],"obtain_stats":[{"Potion Belt":13,"Centennial Puzzle":12,"Self Forming Clay":8,"Dead Branch":0,"Burning Blood":0},{"Potion Belt":7,"Centennial Puzzle":7,"Self Forming Clay":6,"Dead Branch":0,"Burning Blood":0},{"Potion Belt":25,"Centennial Puzzle":25,"Self Forming Clay":21,"Dead Branch":0,"Burning Blood":0}],"Burning Blood":48},"card_choices":[{"not_picked":["Dropkick","Shrug It Off"],"picked":"Fire Breathing","floor":1.0},{"not_picked":["Thunderclap","Perfected Strike","Intimidate"],"picked":"SKIP","floor":3.0},{"not_picked":["Cleave","Infernal Blade"],"picked":"Burning Pact","floor":4.0},{"not_picked":["Headbutt","Clothesline","Clash"],"picked":"SKIP","floor":5.0},{"not_picked":["Flame Barrier","Intimidate"],"picked":"Disarm","floor":7.0},{"not_picked":["Havoc","Reckless Charge"],"picked":"Armaments","floor":8.0},{"not_picked":["Rage","Havoc","Thunderclap"],"picked":"SKIP","floor":12.0},{"not_picked":["Flex","Inflame"],"picked":"Shrug It Off","floor":14}],"player_experience":227886,"relics_obtained":[{"floor":8.0,"key":"Self Forming Clay"},{"floor":12.0,"key":"Centennial Puzzle"},{"floor":13.0,"key":"Potion Belt"}],"event_choices":[{"damage_healed":0.0,"max_hp_gain":0.0,"max_hp_loss":0.0,"gold_gain":0.0,"event_name":"Liars Game","player_choice":"Ignored","floor":2.0,"gold_loss":0.0,"damage_taken":0.0},{"cards_removed":["Strike_R"],"damage_healed":0.0,"max_hp_gain":0.0,"max_hp_loss":0.0,"gold_gain":0.0,"event_name":"Living Wall","player_choice":"Forget","floor":10.0,"gold_loss":0.0,"damage_taken":0.0}],"is_beta":false,"boss_relics":[],"items_purged_floors":[],"is_endless":false,"potions_floor_spawned":[1,7,12,14],"killed_by":"Slime Boss","ascension_level":20}}