{"host":"spdo1rkrnctwf3z7","time":1607607294,"event":{"gold_per_floor":[112,112,112,112,124,124,141,141,166,177,196,209,240,250,250,355,355,366,366,379,21,21,49,49,62,62,62,62,74,74,86,86,183,183,195,3,18,18,37,37,37,87,87,87,101,101,118,130,130,130,130],"floor_reached":50,"playtime":2301,"items_purged":[],"score":518,"play_id":"33a58fc8-ad92-4c75-9a00-d0a54ad932ea","local_time":"20201210223454","is_ascension_mode":false,"campfire_choices":[{"data":"White Noise","floor":8,"key":"SMITH"},{"floor":15,"key":"REST"},{"data":"Storm","floor":24,"key":"SMITH"},{"data":"Rainbow","floor":27,"key":"SMITH"},{"floor":32,"key":"REST"},{"data":"Darkness","floor":40,"key":"SMITH"},{"data":"Writhe","floor":46,"key":"PURGE"},{"floor":49,"key":"REST"}],"neow_cost":"NONE","seed_source_timestamp":174326443575600,"circlet_count":0,"master_deck":["Strike_B","Strike_B","Strike_B","Strike_B","Defend_B","Defend_B","Zap+1","Dualcast","White Noise+1","Leap","Conserve Battery","Darkness+1","Storm+1","Redo","Static Discharge","Redo","Electrodynamics","Leap","Rainbow+1","Sunder+1","White Noise+1","White Noise+1","Doom and Gloom+1","Doom and Gloom+1","Ball Lightning+1","Ball Lightning+1","Consume+1","Conserve Battery+1","Self Repair"],"relics":["Snecko Eye","Shuriken","Potion Belt","Letter Opener","Sozu","Molten Egg 2","Membership Card","Eternal Feather","Question Card","Singing Bowl","Enchiridion","SlaversCollar","HandDrill","Matryoshka","Peace Pipe","Centennial Puzzle","Darkstone Periapt"],"potions_floor_usage":[13,16,23,33],"damage_taken":[{"damage":17,"enemies":"2 Louse","floor":1,"turns":3},{"damage":0,"enemies":"Small Slimes","floor":5,"turns":3},{"damage":6,"enemies":"Cultist","floor":7,"turns":3},{"damage":5,"enemies":"Blue Slaver","floor":10,"turns":4},{"damage":2,"enemies":"Large Slime","floor":11,"turns":4},{"damage":0,"enemies":"2 Fungi Beasts","floor":12,"turns":4},{"damage":2,"enemies":"Lagavulin","floor":13,"turns":6},{"damage":0,"enemies":"3 Louse","floor":14,"turns":2},{"damage":0,"enemies":"Slime Boss","floor":16,"turns":7},{"damage":10,"enemies":"Spheric Guardian","floor":18,"turns":3},{"damage":12,"enemies":"3 Byrds","floor":20,"turns":3},{"damage":0,"enemies":"Snecko","floor":22,"turns":5},{"damage":23,"enemies":"Slavers","floor":23,"turns":4},{"damage":7,"enemies":"3 Cultists","floor":25,"turns":3},{"damage":10,"enemies":"Shelled Parasite and Fungi","floor":29,"turns":2},{"damage":5,"enemies":"Cultist and Chosen","floor":31,"turns":4},{"damage":39,"enemies":"Automaton","floor":33,"turns":7},{"damage":7,"enemies":"3 Darklings","floor":35,"turns":3},{"damage":5,"enemies":"Orb Walker","floor":37,"turns":3},{"damage":9,"enemies":"Spire Growth","floor":39,"turns":4},{"damage":24,"enemies":"Mind Bloom Boss Battle","floor":42,"turns":4},{"damage":15,"enemies":"Transient","floor":45,"turns":5},{"damage":16,"enemies":"Sphere and 2 Shapes","floor":47,"turns":3},{"damage":47,"enemies":"Spire Growth","floor":48,"turns":4},{"damage":51,"enemies":"Awakened One","floor":50,"turns":3}],"seed_played":"-7662306924466182127","potions_obtained":[{"floor":1,"key":"FocusPotion"},{"floor":12,"key":"DuplicationPotion"},{"floor":14,"key":"DuplicationPotion"},{"floor":16,"key":"FearPotion"}],"is_trial":false,"path_per_floor":["M","?","?","?","M","?","M","R","T","M","M","M","E","M","R","B",null,"M","?","M","$","M","E","R","M","T","R","?","M","?","M","R","B",null,"M","$","M","$","M","R","?","?","T","?","M","R","M","M","R","B"],"character_chosen":"DEFECT","items_purchased":["Membership Card","Eternal Feather","Rainbow","HandDrill","Matryoshka"],"campfire_rested":3,"item_purchase_floors":[21,21,21,36,36],"current_hp_per_floor":[58,43,31,56,56,56,50,50,50,45,43,43,41,41,63,63,75,65,65,53,53,53,30,42,35,35,47,31,21,21,16,50,13,77,70,70,65,65,56,71,71,47,47,72,57,72,56,9,48,0,0],"gold":130,"neow_bonus":"BOSS_RELIC","is_prod":false,"is_daily":false,"chose_seed":false,"campfire_upgraded":4,"win_rate":0,"timestamp":1607607294,"path_taken":["M","?","?","?","M","?","M","R","T","M","M","?","E","M","R","BOSS","M","?","M","$","M","E","R","M","T","R","?","M","?","M","R","BOSS","M","$","M","$","M","R","?","?","T","?","M","R","?","M","R","BOSS"],"build_version":"2020-11-30","purchased_purges":0,"victory":false,"max_hp_per_floor":[75,75,75,75,75,75,75,75,75,75,75,75,75,75,75,75,75,75,75,75,75,75,75,75,75,75,75,75,75,75,75,75,77,77,77,77,77,77,77,77,77,77,77,83,83,83,83,83,83,83,83],"card_choices":[{"not_picked":["Beam Cell","Melter"],"picked":"White Noise","floor":1},{"not_picked":["Go for the Eyes","Beam Cell"],"picked":"Leap","floor":5},{"not_picked":["Turbo","Heatsinks"],"picked":"Conserve Battery","floor":7},{"not_picked":["Amplify","Redo"],"picked":"Darkness","floor":10},{"not_picked":["Steam","Steam Power"],"picked":"Storm","floor":11},{"not_picked":["Hologram","Heatsinks"],"picked":"Redo","floor":12},{"not_picked":["Rebound","Streamline"],"picked":"Static Discharge","floor":13},{"not_picked":["Conserve Battery","Lockon"],"picked":"Redo","floor":14},{"not_picked":["Fission","Thunder Strike"],"picked":"Electrodynamics","floor":16},{"not_picked":["Turbo+1","Rebound","Steam Power"],"picked":"SKIP","floor":18},{"not_picked":["Barrage+1","Sweeping Beam+1"],"picked":"Leap","floor":20},{"not_picked":["Cold Snap+1","Electrodynamics","Reinforced Body"],"picked":"SKIP","floor":22},{"not_picked":["Auto Shields","Static Discharge"],"picked":"Sunder+1","floor":23},{"not_picked":["Rebound+1","Barrage+1","Hologram+1"],"picked":"White Noise+1","floor":25},{"not_picked":["Beam Cell+1","Redo","Melter+1"],"picked":"White Noise+1","floor":29},{"not_picked":["Hologram+1","Go for the Eyes+1","Sunder+1"],"picked":"Doom and Gloom+1","floor":31},{"not_picked":["Amplify","Buffer","Machine Learning","Reboot"],"picked":"Singing Bowl","floor":33},{"not_picked":["Leap","Reprogram+1","Gash+1"],"picked":"Doom and Gloom+1","floor":35},{"not_picked":["Compile Driver+1","Reprogram+1","Gash+1"],"picked":"Ball Lightning+1","floor":37},{"not_picked":["Darkness","FTL+1","Gash+1"],"picked":"Ball Lightning+1","floor":39},{"not_picked":["Coolheaded+1","Streamline+1","Reprogram"],"picked":"Consume+1","floor":42},{"not_picked":["Consume","Gash+1","Coolheaded","Sweeping Beam+1"],"picked":"SKIP","floor":45},{"not_picked":["Lockon+1","Undo","Go for the Eyes+1"],"picked":"Conserve Battery+1","floor":47},{"not_picked":["Coolheaded","Gash+1","Compile Driver+1"],"picked":"Self Repair","floor":48}],"player_experience":106989,"relics_obtained":[{"floor":9,"key":"Potion Belt"},{"floor":13,"key":"Letter Opener"},{"floor":23,"key":"Question Card"},{"floor":26,"key":"Singing Bowl"},{"floor":28,"key":"Enchiridion"},{"floor":42,"key":"Peace Pipe"},{"floor":43,"key":"Centennial Puzzle"},{"floor":43,"key":"Darkstone Periapt"}],"event_choices":[{"damage_healed":0,"gold_gain":0,"player_choice":"Entered Light","damage_taken":15,"max_hp_gain":0,"max_hp_loss":0,"event_name":"Shining Light","floor":2,"gold_loss":0,"cards_upgraded":["Zap","Defend_B"]},{"damage_healed":0,"gold_gain":0,"player_choice":"Success","damage_taken":12,"relics_obtained":["Shuriken"],"max_hp_gain":0,"max_hp_loss":0,"event_name":"Scrap Ooze","floor":3,"gold_loss":0},{"damage_healed":25,"gold_gain":0,"player_choice":"Banana","damage_taken":0,"max_hp_gain":0,"max_hp_loss":0,"event_name":"Big Fish","floor":4,"gold_loss":0},{"cards_removed":["Defend_B"],"damage_healed":0,"gold_gain":0,"player_choice":"Purged","damage_taken":0,"max_hp_gain":0,"max_hp_loss":0,"event_name":"Purifier","floor":6,"gold_loss":0},{"damage_healed":0,"gold_gain":0,"player_choice":"Opened","damage_taken":0,"relics_obtained":["Molten Egg 2"],"max_hp_gain":0,"max_hp_loss":0,"event_name":"The Mausoleum","floor":19,"gold_loss":0},{"damage_healed":0,"gold_gain":0,"player_choice":"Obtained Book","damage_taken":16,"max_hp_gain":0,"max_hp_loss":0,"event_name":"Cursed Tome","floor":28,"gold_loss":0},{"cards_removed":["Defend_B"],"damage_healed":0,"gold_gain":0,"player_choice":"Removed Skill","damage_taken":0,"max_hp_gain":0,"max_hp_loss":0,"event_name":"Falling","floor":41,"gold_loss":0},{"damage_healed":0,"gold_gain":0,"player_choice":"Fight","damage_taken":0,"max_hp_gain":0,"max_hp_loss":0,"event_name":"MindBloom","floor":42,"gold_loss":0},{"damage_healed":19,"gold_gain":0,"player_choice":"Writhe","damage_taken":0,"max_hp_gain":0,"max_hp_loss":0,"event_name":"Winding Halls","floor":44,"gold_loss":0,"cards_obtained":["Writhe"]}],"is_beta":false,"boss_relics":[{"not_picked":["Velvet Choker","SacredBark"],"picked":"Sozu"},{"not_picked":["Pandora\u0027s Box","Inserter"],"picked":"SlaversCollar"}],"items_purged_floors":[],"is_endless":false,"potions_floor_spawned":[1,12,14,16,18,25,29,39,42,47],"killed_by":"Awakened One","ascension_level":0}}