{"host":"y76clbnovzmw9ubx","time":1607561618,"event":{"gold_per_floor":[116,131,144,144,162,194,194,220,243,243,168,185,213,230,230,230,230],"floor_reached":16,"playtime":672,"items_purged":[],"score":244,"play_id":"5d1e92d2-b994-40c2-b26c-b0d673c95ad7","local_time":"20201209195338","is_ascension_mode":true,"campfire_choices":[{"data":"Sword Boomerang","floor":7,"key":"SMITH"},{"floor":10,"key":"REST"},{"data":"Bash","floor":15,"key":"SMITH"}],"neow_cost":"NONE","seed_source_timestamp":3591800185358,"circlet_count":0,"master_deck":["AscendersBane","Strike_R","Strike_R","Strike_R","Defend_R","Defend_R","Defend_R","Defend_R","Bash+1","Inflame+1","Twin Strike","Heavy Blade","Pommel Strike","Sword Boomerang+1","Disarm","Disarm","Power Through","Pommel Strike"],"relics":["Burning Blood","TungstenRod","Oddly Smooth Stone","Omamori"],"potions_floor_usage":[8,13,14],"damage_taken":[{"damage":9,"enemies":"Jaw Worm","floor":1,"turns":5},{"damage":15,"enemies":"Small Slimes","floor":2,"turns":4},{"damage":6,"enemies":"Cultist","floor":3,"turns":3},{"damage":0,"enemies":"3 Louse","floor":5,"turns":2},{"damage":32,"enemies":"Gremlin Nob","floor":6,"turns":4},{"damage":17,"enemies":"3 Sentries","floor":8,"turns":5},{"damage":13,"enemies":"Blue Slaver","floor":12,"turns":3},{"damage":11,"enemies":"Lagavulin","floor":13,"turns":4},{"damage":0,"enemies":"Looter","floor":14,"turns":4},{"damage":41,"enemies":"Slime Boss","floor":16,"turns":10}],"seed_played":"1044226900586343041","potions_obtained":[{"floor":3,"key":"Fire Potion"},{"floor":6,"key":"Fire Potion"},{"floor":13,"key":"SkillPotion"}],"is_trial":false,"path_per_floor":["M","M","M","?","M","E","R","E","T","R","?","M","E","M","R","B"],"character_chosen":"IRONCLAD","items_purchased":[],"campfire_rested":1,"item_purchase_floors":[],"current_hp_per_floor":[65,56,56,56,62,36,36,25,25,47,47,40,35,41,41,0,0],"gold":230,"neow_bonus":"TRANSFORM_CARD","is_prod":false,"is_daily":false,"chose_seed":false,"campfire_upgraded":2,"win_rate":0,"timestamp":1607561618,"path_taken":["M","M","M","?","M","E","R","E","T","R","?","M","E","M","R","BOSS"],"build_version":"2020-11-30","purchased_purges":0,"victory":false,"max_hp_per_floor":[75,75,75,75,75,75,75,75,75,75,75,75,75,75,75,75,75],"relic_stats":{"counters":[10,44],"obtain_stats":[{"Oddly Smooth Stone":8,"Omamori":9,"Burning Blood":0,"TungstenRod":6},{"Oddly Smooth Stone":6,"Omamori":6,"Burning Blood":0,"TungstenRod":5},{"Oddly Smooth Stone":23,"Omamori":23,"Burning Blood":0,"TungstenRod":18}],"Burning Blood":54,"TungstenRod":11},"card_choices":[{"not_picked":["Iron Wave","True Grit"],"picked":"Twin Strike","floor":1},{"not_picked":["Warcry","Armaments"],"picked":"Heavy Blade","floor":2},{"not_picked":["Thunderclap","Shrug It Off"],"picked":"Pommel Strike","floor":3},{"not_picked":["Clash","Rage"],"picked":"Sword Boomerang","floor":5},{"not_picked":["Evolve","Iron Wave"],"picked":"Disarm","floor":6},{"not_picked":["Flex","Infernal Blade","Seeing Red"],"picked":"SKIP","floor":8},{"not_picked":["True Grit","Clash"],"picked":"Disarm","floor":12},{"not_picked":["Brutality","Clothesline"],"picked":"Power Through","floor":13},{"not_picked":["Rage","Entrench"],"picked":"Pommel Strike","floor":14}],"player_experience":2796761,"relics_obtained":[{"floor":6,"key":"TungstenRod"},{"floor":8,"key":"Oddly Smooth Stone"},{"floor":9,"key":"Omamori"}],"event_choices":[{"damage_healed":0,"gold_gain":0,"player_choice":"Grow","damage_taken":0,"max_hp_gain":0,"max_hp_loss":0,"event_name":"Living Wall","floor":4,"gold_loss":0,"cards_upgraded":["Inflame"]},{"cards_removed":["Strike_R"],"damage_healed":0,"gold_gain":0,"player_choice":"Card Removal","damage_taken":0,"max_hp_gain":0,"max_hp_loss":0,"event_name":"The Cleric","floor":11,"gold_loss":75}],"is_beta":false,"boss_relics":[],"items_purged_floors":[],"is_endless":false,"potions_floor_spawned":[3,6,13],"killed_by":"Slime Boss","ascension_level":20}}