{"host":"c10fjmjt4zmpjqlg","time":1607588910,"event":{"gold_per_floor":[110,110,130,130,142,0,28,28,28,55,68,101,101,115,115,115,115],"floor_reached":16,"playtime":502,"items_purged":[],"score":126,"play_id":"0537f47c-675b-47e9-8489-66e935beef90","local_time":"20201210192830","is_ascension_mode":true,"campfire_choices":[{"floor":8,"key":"REST"},{"floor":15,"key":"REST"}],"neow_cost":"NONE","seed_source_timestamp":707183337861200,"circlet_count":0,"master_deck":["Strike_R","Strike_R","Strike_R","Strike_R","Strike_R","Defend_R","Defend_R","Defend_R","Defend_R","Bash","Berserk","Havoc","Pummel","Cleave","Mayhem","Demon Form","Havoc","Havoc","Thunderclap","Clash"],"relics":["Burning Blood","Peace Pipe","Sundial","Magic Flower","Orichalcum","Ice Cream","Torii"],"potions_floor_usage":[12,12,12],"damage_taken":[{"damage":8,"enemies":"2 Louse","floor":1,"turns":3},{"damage":8,"enemies":"Cultist","floor":3,"turns":4},{"damage":6,"enemies":"Jaw Worm","floor":5,"turns":3},{"damage":45,"enemies":"Lagavulin","floor":7,"turns":8},{"damage":34,"enemies":"Gremlin Nob","floor":10,"turns":4},{"damage":21,"enemies":"Exordium Wildlife","floor":11,"turns":4},{"damage":14,"enemies":"Lagavulin","floor":12,"turns":5},{"damage":7,"enemies":"Blue Slaver","floor":14,"turns":3},{"damage":47,"enemies":"The Guardian","floor":16,"turns":8}],"seed_played":"2860622762992202797","potions_obtained":[{"floor":2,"key":"Weak Potion"},{"floor":2,"key":"DuplicationPotion"},{"floor":2,"key":"Block Potion"},{"floor":10,"key":"Regen Potion"}],"is_trial":false,"path_per_floor":["M","?","M","?","M","$","E","R","T","E","M","E","T","M","R","B"],"character_chosen":"IRONCLAD","items_purchased":["Mayhem"],"campfire_rested":2,"item_purchase_floors":[6],"current_hp_per_floor":[78,78,76,69,69,69,30,54,54,29,17,20,20,22,46,0,0],"gold":115,"neow_bonus":"ONE_RANDOM_RARE_CARD","is_prod":false,"is_daily":false,"chose_seed":false,"campfire_upgraded":0,"win_rate":0,"timestamp":1607588910,"path_taken":["M","?","?","?","M","?","E","R","T","E","M","E","?","M","R","BOSS"],"build_version":"2020-11-30","purchased_purges":0,"victory":false,"max_hp_per_floor":[80,80,80,80,80,80,80,80,80,80,80,80,80,80,80,80,80],"relic_stats":{"Peace Pipe":0,"Torii":5,"counters":[9,42],"Sundial":[4],"Magic Flower":[15],"Orichalcum":[48],"obtain_stats":[{"Peace Pipe":4,"Ice Cream":12,"Torii":13,"Sundial":7,"Magic Flower":9,"Orichalcum":10,"Burning Blood":0},{"Peace Pipe":2,"Ice Cream":7,"Torii":7,"Sundial":4,"Magic Flower":4,"Orichalcum":5,"Burning Blood":0},{"Peace Pipe":7,"Ice Cream":31,"Torii":31,"Sundial":18,"Magic Flower":18,"Orichalcum":22,"Burning Blood":0}],"Burning Blood":60},"card_choices":[{"not_picked":["Dual Wield","Shrug It Off"],"picked":"Havoc","floor":1},{"not_picked":["Perfected Strike","Warcry"],"picked":"Pummel","floor":3},{"not_picked":["Heavy Blade","Perfected Strike"],"picked":"Cleave","floor":5},{"not_picked":["Sentinel","Clash"],"picked":"Demon Form","floor":7},{"not_picked":["Flame Barrier","Bloodletting"],"picked":"Havoc","floor":10},{"not_picked":["Warcry","Shrug It Off"],"picked":"Havoc","floor":11},{"not_picked":["Dark Embrace","Headbutt"],"picked":"Thunderclap","floor":12},{"not_picked":["Twin Strike","Dual Wield"],"picked":"Clash","floor":14}],"player_experience":300351,"relics_obtained":[{"floor":7,"key":"Sundial"},{"floor":9,"key":"Magic Flower"},{"floor":10,"key":"Orichalcum"},{"floor":12,"key":"Ice Cream"},{"floor":13,"key":"Torii"}],"event_choices":[{"damage_healed":0,"gold_gain":0,"player_choice":"Got Potions","damage_taken":0,"max_hp_gain":0,"max_hp_loss":0,"event_name":"Lab","floor":2,"gold_loss":0},{"damage_healed":0,"gold_gain":0,"player_choice":"Success","damage_taken":7,"relics_obtained":["Peace Pipe"],"max_hp_gain":0,"max_hp_loss":0,"event_name":"Scrap Ooze","floor":4,"gold_loss":0}],"is_beta":false,"boss_relics":[],"items_purged_floors":[],"is_endless":false,"potions_floor_spawned":[10],"killed_by":"The Guardian","ascension_level":1}}