{"host":"c10fjmjt4zmpjqlg","time":1607588394,"event":{"gold_per_floor":[114,114,133,133,133,159,175,208,208,208,173,205,205,205,205,326,326,339,339,289,305,321,354,354,389,416,416,416],"floor_reached":27,"playtime":1309,"items_purged":[],"score":305,"play_id":"39a5184b-50b7-4d3c-a414-ca928f1e547a","local_time":"20201210191954","is_ascension_mode":true,"campfire_choices":[{"floor":10,"key":"REST"},{"data":"Havoc","floor":15,"key":"SMITH"}],"neow_cost":"NONE","seed_source_timestamp":705856298427200,"circlet_count":0,"master_deck":["Defend_R","Defend_R","Defend_R","Bash","Twin Strike","Havoc+1","Cleave","Fire Breathing","Iron Wave","Spot Weakness","Infernal Blade","Infernal Blade","Injury","Berserk+1","CurseOfTheBell","Twin Strike+1","Anger","Intimidate+1","Ghostly Armor","Bite","Bite","Bite","Bite","Bite","Clothesline"],"relics":["Burning Blood","GremlinMask","Torii","Darkstone Periapt","Frozen Egg 2","CaptainsWheel","Bag of Preparation","Bloody Idol","Calling Bell","Orichalcum","Pear","Ice Cream","Question Card","Red Skull","Strawberry"],"potions_floor_usage":[27,27,27,27,27],"damage_taken":[{"damage":3,"enemies":"Small Slimes","floor":1,"turns":4},{"damage":6,"enemies":"Cultist","floor":3,"turns":3},{"damage":25,"enemies":"3 Sentries","floor":6,"turns":5},{"damage":1,"enemies":"2 Louse","floor":7,"turns":3},{"damage":34,"enemies":"Gremlin Nob","floor":8,"turns":4},{"damage":31,"enemies":"Lagavulin","floor":12,"turns":6},{"damage":49,"enemies":"Hexaghost","floor":16,"turns":8},{"damage":16,"enemies":"Chosen","floor":18,"turns":5},{"damage":14,"enemies":"Shell Parasite","floor":21,"turns":4},{"damage":27,"enemies":"Chosen and Byrds","floor":22,"turns":7},{"damage":30,"enemies":"Gremlin Leader","floor":23,"turns":7},{"damage":20,"enemies":"Slavers","floor":25,"turns":7},{"damage":68,"enemies":"Gremlin Leader","floor":27,"turns":4}],"seed_played":"-9076848412787579179","potions_obtained":[{"floor":3,"key":"Strength Potion"},{"floor":16,"key":"EntropicBrew"},{"floor":25,"key":"ElixirPotion"}],"is_trial":false,"path_per_floor":["M","?","M","$","?","E","M","E","T","R","?","E","?","?","R","B",null,"M","?","?","M","M","E","?","E","T","E"],"character_chosen":"IRONCLAD","items_purchased":[],"campfire_rested":1,"item_purchase_floors":[],"current_hp_per_floor":[80,80,80,80,80,61,66,38,38,62,80,55,55,61,61,18,102,92,92,92,89,73,54,54,51,63,0,0],"gold":416,"neow_bonus":"THREE_CARDS","is_prod":false,"is_daily":false,"chose_seed":false,"campfire_upgraded":1,"win_rate":0,"timestamp":1607588394,"path_taken":["M","?","M","?","?","E","?","E","T","R","?","E","?","?","R","BOSS","M","?","?","M","?","E","?","E","T","E"],"build_version":"2020-11-30","purchased_purges":0,"victory":false,"max_hp_per_floor":[80,80,80,80,80,80,80,80,80,80,80,80,80,86,86,86,102,102,102,102,102,102,102,71,71,78,78,78],"relic_stats":{"Darkstone Periapt":12,"Torii":27,"counters":[13,67],"Bloody Idol":25,"Bag of Preparation":[14],"Orichalcum":[96],"Question Card":1,"obtain_stats":[{"Darkstone Periapt":8,"Ice Cream":17,"Pear":17,"Torii":6,"Golden Idol":14,"GremlinMask":2,"Bag of Preparation":13,"Frozen Egg 2":9,"Orichalcum":17,"Question Card":23,"Burning Blood":0,"Calling Bell":17,"CaptainsWheel":12,"Bloody Idol":19,"Strawberry":26,"Red Skull":25},{"Darkstone Periapt":5,"Ice Cream":7,"Pear":7,"Torii":3,"Golden Idol":6,"GremlinMask":1,"Bag of Preparation":6,"Frozen Egg 2":5,"Orichalcum":7,"Question Card":11,"Burning Blood":0,"Calling Bell":7,"CaptainsWheel":6,"Bloody Idol":8,"Strawberry":12,"Red Skull":12},{"Darkstone Periapt":19,"Ice Cream":33,"Pear":33,"Torii":12,"Golden Idol":25,"GremlinMask":4,"Bag of Preparation":25,"Frozen Egg 2":19,"Orichalcum":33,"Question Card":56,"Burning Blood":0,"Calling Bell":33,"CaptainsWheel":25,"Bloody Idol":38,"Strawberry":63,"Red Skull":63}],"Burning Blood":69},"card_choices":[{"not_picked":["Clash","Ghostly Armor"],"picked":"Twin Strike","floor":0},{"not_picked":["Iron Wave","Infernal Blade"],"picked":"Havoc","floor":1},{"not_picked":["Twin Strike","Carnage"],"picked":"Cleave","floor":3},{"not_picked":["Anger","Battle Trance"],"picked":"Iron Wave","floor":6},{"not_picked":["Havoc","Uppercut"],"picked":"Spot Weakness","floor":7},{"not_picked":["Shrug It Off","Thunderclap"],"picked":"Infernal Blade","floor":8},{"not_picked":["Wild Strike","Perfected Strike"],"picked":"Infernal Blade","floor":12},{"not_picked":["Barricade+1","Bludgeon"],"picked":"Berserk+1","floor":16},{"not_picked":["Flex","Sword Boomerang+1"],"picked":"Twin Strike+1","floor":18},{"not_picked":["Disarm","Shrug It Off+1"],"picked":"Anger","floor":21},{"not_picked":["Armaments","Evolve+1"],"picked":"Intimidate+1","floor":22},{"not_picked":["Sentinel","Rage"],"picked":"Ghostly Armor","floor":23},{"not_picked":["Wild Strike","Iron Wave","Clash"],"picked":"Clothesline","floor":25}],"player_experience":299042,"relics_obtained":[{"floor":6,"key":"Torii"},{"floor":8,"key":"Darkstone Periapt"},{"floor":9,"key":"Frozen Egg 2"},{"floor":12,"key":"CaptainsWheel"},{"floor":17,"key":"Orichalcum"},{"floor":17,"key":"Pear"},{"floor":17,"key":"Ice Cream"},{"floor":23,"key":"Question Card"},{"floor":25,"key":"Red Skull"},{"floor":26,"key":"Strawberry"}],"event_choices":[{"damage_healed":0,"gold_gain":0,"player_choice":"Trade","damage_taken":0,"relics_obtained":["GremlinMask"],"max_hp_gain":0,"max_hp_loss":0,"event_name":"FaceTrader","floor":2,"gold_loss":0},{"damage_healed":0,"gold_gain":0,"cards_transformed":["Defend_R"],"player_choice":"Transformed","damage_taken":0,"max_hp_gain":0,"max_hp_loss":0,"event_name":"Transmorgrifier","floor":5,"gold_loss":0,"cards_obtained":["Fire Breathing"]},{"damage_healed":20,"gold_gain":0,"player_choice":"Healed","damage_taken":0,"max_hp_gain":0,"max_hp_loss":0,"event_name":"The Cleric","floor":11,"gold_loss":35},{"damage_healed":0,"gold_gain":0,"player_choice":"Searched \u00271\u0027 times","damage_taken":0,"relics_obtained":["Bag of Preparation"],"max_hp_gain":0,"max_hp_loss":0,"event_name":"Dead Adventurer","floor":13,"gold_loss":0},{"damage_healed":0,"gold_gain":0,"player_choice":"Take Wound","damage_taken":0,"relics_obtained":["Golden Idol"],"max_hp_gain":0,"max_hp_loss":0,"event_name":"Golden Idol","floor":14,"gold_loss":0,"cards_obtained":["Injury"]},{"damage_healed":0,"gold_gain":0,"player_choice":"Gave Idol","damage_taken":0,"relics_obtained":["Bloody Idol"],"max_hp_gain":0,"max_hp_loss":0,"event_name":"Forgotten Altar","floor":19,"relics_lost":["Golden Idol"],"gold_loss":0},{"damage_healed":0,"gold_gain":0,"player_choice":"Bet on Murderer","damage_taken":0,"max_hp_gain":0,"max_hp_loss":0,"event_name":"The Joust","floor":20,"gold_loss":50},{"damage_healed":0,"gold_gain":0,"player_choice":"Became a vampire","damage_taken":0,"max_hp_gain":0,"max_hp_loss":31,"event_name":"Vampires","floor":24,"gold_loss":0,"cards_obtained":["Bite","Bite","Bite","Bite","Bite"]}],"is_beta":false,"boss_relics":[{"not_picked":["Runic Dome","Empty Cage"],"picked":"Calling Bell"}],"items_purged_floors":[],"is_endless":false,"potions_floor_spawned":[3,16,25],"killed_by":"Gremlin Leader","ascension_level":1}}