{"host":"126yiuos2nq86se7","time":1607576745,"event":{"gold_per_floor":[115,115,14,30,30,30,30,30,56,56,71,71,21,35,35,163,226,245,263,263,263,282,282,295,319,319,319,319],"floor_reached":27,"playtime":799,"items_purged":["Strike_P","Strike_P"],"score":201,"play_id":"34dad890-3faf-4179-bc11-2eecfa591679","local_time":"20201210160545","is_ascension_mode":false,"campfire_choices":[{"data":"Vigilance","floor":6,"key":"SMITH"},{"data":"Conclude","floor":8,"key":"SMITH"},{"data":"ThirdEye","floor":10,"key":"SMITH"},{"data":"Protect","floor":15,"key":"SMITH"},{"floor":23,"key":"REST"}],"neow_cost":"NONE","seed_source_timestamp":1956109572598800,"circlet_count":0,"master_deck":["Strike_P","Strike_P+1","Defend_P","Defend_P","Defend_P","Defend_P","Vigilance+1","Conclude+1","ThirdEye+1","Evaluate+1","Protect+1","ReachHeaven","Devotion","ThirdEye+1","BattleHymn","SashWhip","SashWhip+1"],"relics":["PureWater","Golden Idol","Smiling Mask","Tiny House","Enchiridion","MealTicket","Bottled Lightning"],"potions_floor_usage":[16,16,16],"damage_taken":[{"damage":0,"enemies":"2 Louse","floor":1,"turns":3},{"damage":0,"enemies":"Jaw Worm","floor":4,"turns":4},{"damage":0,"enemies":"Small Slimes","floor":11,"turns":2},{"damage":0,"enemies":"Blue Slaver","floor":14,"turns":4},{"damage":10,"enemies":"Hexaghost","floor":16,"turns":12},{"damage":0,"enemies":"Shell Parasite","floor":18,"turns":10},{"damage":53,"enemies":"3 Byrds","floor":19,"turns":13},{"damage":0,"enemies":"Snecko","floor":22,"turns":6},{"damage":37,"enemies":"Centurion and Healer","floor":24,"turns":7},{"damage":5,"enemies":"Cultist and Chosen","floor":27,"turns":4}],"seed_played":"2224381460229073761","potions_obtained":[{"floor":1,"key":"Block Potion"},{"floor":4,"key":"SteroidPotion"},{"floor":14,"key":"PowerPotion"},{"floor":17,"key":"PowerPotion"},{"floor":18,"key":"SneckoOil"},{"floor":24,"key":"SteroidPotion"}],"is_trial":false,"path_per_floor":["M","?","$","M","$","R","?","R","T","R","M","?","$","M","R","B",null,"M","M","?","?","M","R","M","T","T","M"],"character_chosen":"WATCHER","items_purchased":["ThirdEye"],"campfire_rested":1,"item_purchase_floors":[3],"current_hp_per_floor":[79,79,79,79,79,79,60,60,60,60,60,60,60,60,60,50,84,84,31,15,15,15,40,3,3,3,0,0],"gold":319,"neow_bonus":"TEN_PERCENT_HP_BONUS","is_prod":false,"is_daily":false,"chose_seed":false,"campfire_upgraded":4,"win_rate":0,"timestamp":1607576745,"path_taken":["M","?","$","M","$","R","?","R","T","R","M","?","$","?","R","BOSS","M","M","?","?","M","R","M","?","T","M"],"build_version":"2020-11-30","purchased_purges":2,"victory":false,"max_hp_per_floor":[79,79,79,79,79,79,79,79,79,79,79,79,79,79,79,79,84,84,84,84,84,84,84,84,84,84,84,84],"card_choices":[{"not_picked":["PathToVictory","Swivel"],"picked":"Conclude","floor":1},{"not_picked":["EmptyMind","ClearTheMind"],"picked":"Evaluate","floor":4},{"not_picked":["SandsOfTime","Pray"],"picked":"Protect","floor":11},{"not_picked":["PathToVictory","Prostrate"],"picked":"ReachHeaven","floor":14},{"not_picked":["Omniscience","Establishment"],"picked":"Devotion","floor":16},{"not_picked":["CutThroughFate+1","TalkToTheHand"],"picked":"ThirdEye+1","floor":18},{"not_picked":["MentalFortress","Protect"],"picked":"BattleHymn","floor":19},{"not_picked":["BowlingBash","Sanctity"],"picked":"SashWhip","floor":22},{"not_picked":["FlyingSleeves","Collect+1"],"picked":"SashWhip+1","floor":24}],"player_experience":1413504,"relics_obtained":[{"floor":9,"key":"Smiling Mask"},{"floor":20,"key":"Enchiridion"},{"floor":25,"key":"MealTicket"},{"floor":26,"key":"Bottled Lightning"}],"event_choices":[{"cards_removed":["Eruption"],"damage_healed":0,"gold_gain":0,"player_choice":"Forget","damage_taken":0,"max_hp_gain":0,"max_hp_loss":0,"event_name":"Living Wall","floor":2,"gold_loss":0},{"damage_healed":0,"gold_gain":0,"player_choice":"Take Damage","damage_taken":19,"relics_obtained":["Golden Idol"],"max_hp_gain":0,"max_hp_loss":0,"event_name":"Golden Idol","floor":7,"gold_loss":0},{"damage_healed":0,"gold_gain":0,"player_choice":"Forge","damage_taken":0,"max_hp_gain":0,"max_hp_loss":0,"event_name":"Accursed Blacksmith","floor":12,"gold_loss":0,"cards_upgraded":["Evaluate"]},{"damage_healed":0,"gold_gain":0,"player_choice":"Obtained Book","damage_taken":16,"max_hp_gain":0,"max_hp_loss":0,"event_name":"Cursed Tome","floor":20,"gold_loss":0},{"damage_healed":0,"gold_gain":0,"player_choice":"Ignored","damage_taken":0,"max_hp_gain":0,"max_hp_loss":0,"event_name":"Ghosts","floor":21,"gold_loss":0}],"is_beta":false,"boss_relics":[{"not_picked":["VioletLotus","Astrolabe"],"picked":"Tiny House"}],"items_purged_floors":[3,13],"is_endless":false,"potions_floor_spawned":[1,4,14,18,24],"killed_by":"Cultist and Chosen","ascension_level":0}}