{"host":"usewcu4ohw2wtmxk","time":1607631766,"event":{"mods":["BaseMod","AchievementEnabler","Colored Powertips","Minty Spire (QoL Compilation)","Permanent Neow","Quick Restart","Relic Sorter","Relic Stats","Shop Mod","StSLib","BetterRewards","UnlockEverythingMod"],"gold_per_floor":[111,111,125,175,186,212,212,80,157,190,202,229,173,173,173,251,251,268,293,311,311,311],"floor_reached":21,"playtime":598,"items_purged":["Strike_G"],"score":394,"play_id":"a4e6b646-2a1e-4733-85a3-2961d9d6295a","local_time":"20201211042246","is_ascension_mode":true,"campfire_choices":[{"floor":7.0,"key":"REST"},{"floor":15.0,"key":"REST"}],"circlet_count":0,"master_deck":["AscendersBane","Survivor","Neutralize+1","Blade Dance+1","Footwork+1","Bouncing Flask","Backflip","Dagger Spray","Phantasmal Killer","Adrenaline","Venomology","Skewer","Heel Hook","Glass Knife","Storm of Steel","Expertise","Poisoned Stab","Blur","Eviscerate","Terror"],"special_seed":0,"relics":["Black Star","Strawberry","CaptainsWheel","The Courier","Bag of Preparation","Whetstone","PreservedInsect","Art of War","Pandora\u0027s Box","Orichalcum"],"acts_visited":["Exordium","TheCity"],"potions_floor_usage":[16],"damage_taken":[{"damage":0.0,"enemies":"2 Louse","floor":1.0,"turns":5.0},{"damage":0.0,"enemies":"Jaw Worm","floor":3.0,"turns":3.0},{"damage":0.0,"enemies":"Cultist","floor":5.0,"turns":4.0},{"damage":38.0,"enemies":"3 Sentries","floor":6.0,"turns":11.0},{"damage":36.0,"enemies":"Gremlin Nob","floor":10.0,"turns":5.0},{"damage":0.0,"enemies":"3 Louse","floor":11.0,"turns":5.0},{"damage":20.0,"enemies":"Lagavulin","floor":12.0,"turns":6.0},{"damage":16,"enemies":"The Guardian","floor":16,"turns":10},{"damage":13,"enemies":"Shell Parasite","floor":18,"turns":3},{"damage":17,"enemies":"2 Thieves","floor":20,"turns":3},{"damage":1,"enemies":"Centurion and Healer","floor":21,"turns":2}],"seed_played":"5661336148529938054","potions_obtained":[{"floor":5.0,"key":"Regen Potion"},{"floor":6.0,"key":"Block Potion"},{"floor":12.0,"key":"DistilledChaos"}],"is_trial":false,"path_per_floor":["M","?","M","?","M","E","R","$","T","E","M","E","?","?","R","B",null,"M","T","M","M"],"character_chosen":"THE_SILENT","items_purchased":["Dagger Spray"],"campfire_rested":2,"item_purchase_floors":[8],"current_hp_per_floor":[59,59,59,53,53,37,58,58,58,22,22,2,2,2,23,7,57,44,44,27,26,26],"gold":311,"neow_bonus":"BOSS_RELIC","is_daily":false,"chose_seed":false,"campfire_upgraded":0,"win_rate":0,"timestamp":1607631766,"path_taken":["M","?","M","?","M","E","R","$","T","E","?","E","?","?","R","BOSS","M","?","M","M"],"build_version":"2020-11-30","purchased_purges":1,"victory":false,"max_hp_per_floor":[66,66,66,66,66,73,73,73,73,73,73,73,73,73,73,73,73,73,73,73,73,73],"relic_stats":{"counters":[11,57],"Pandora\u0027s Box":["Venomology","Skewer","Heel Hook","Glass Knife","Storm of Steel","Expertise","Poisoned Stab","Blur","Eviscerate"],"PreservedInsect":0,"Black Star":3,"Bag of Preparation":[12],"Art of War":[3],"Whetstone":["Strike_G","Neutralize"],"Orichalcum":[0],"obtain_stats":[{"CaptainsWheel":6,"Strawberry":6,"Pandora\u0027s Box":17,"The Courier":9,"PreservedInsect":12,"Black Star":0,"Bag of Preparation":10,"Art of War":12,"Whetstone":10,"Orichalcum":19,"Ring of the Snake":0},{"CaptainsWheel":4,"Strawberry":4,"Pandora\u0027s Box":8,"The Courier":4,"PreservedInsect":7,"Black Star":0,"Bag of Preparation":5,"Art of War":7,"Whetstone":5,"Orichalcum":9,"Ring of the Snake":0},{"CaptainsWheel":23,"Strawberry":23,"Pandora\u0027s Box":49,"The Courier":23,"PreservedInsect":39,"Black Star":0,"Bag of Preparation":28,"Art of War":39,"Whetstone":28,"Orichalcum":52,"Ring of the Snake":0}]},"card_choices":[{"not_picked":["Flying Knee","Dodge and Roll"],"picked":"Blade Dance","floor":1.0},{"not_picked":["Setup","Bouncing Flask"],"picked":"Footwork","floor":3.0},{"not_picked":["Bane","Concentrate"],"picked":"Bouncing Flask","floor":5.0},{"not_picked":["PiercingWail","Prepared"],"picked":"Backflip","floor":6.0},{"not_picked":["Distraction","Underhanded Strike"],"picked":"Phantasmal Killer","floor":10.0},{"not_picked":["PiercingWail","Quick Slash","Dash"],"picked":"SKIP","floor":11.0},{"not_picked":["Dodge and Roll","Leg Sweep","Catalyst"],"picked":"SKIP","floor":12.0},{"not_picked":["Phantasmal Killer","Doppelganger"],"picked":"Adrenaline","floor":16},{"not_picked":["Cloak And Dagger","Dodge and Roll"],"picked":"Terror","floor":18},{"not_picked":["Masterful Stab","Flechettes+1","Dagger Throw"],"picked":"SKIP","floor":20}],"player_experience":235388,"relics_obtained":[{"floor":6.0,"key":"Strawberry"},{"floor":6.0,"key":"CaptainsWheel"},{"floor":9.0,"key":"The Courier"},{"floor":10.0,"key":"Bag of Preparation"},{"floor":10.0,"key":"Whetstone"},{"floor":12.0,"key":"PreservedInsect"},{"floor":12.0,"key":"Art of War"},{"floor":19,"key":"Orichalcum"}],"event_choices":[{"damage_healed":0.0,"max_hp_gain":0.0,"max_hp_loss":0.0,"gold_gain":0.0,"event_name":"Living Wall","player_choice":"Grow","floor":2.0,"gold_loss":0.0,"damage_taken":0.0,"cards_upgraded":["Blade Dance"]},{"damage_healed":0.0,"max_hp_gain":0.0,"max_hp_loss":0.0,"gold_gain":50.0,"event_name":"FaceTrader","player_choice":"Touch","floor":4.0,"gold_loss":0.0,"damage_taken":6.0},{"damage_healed":0.0,"max_hp_gain":0.0,"max_hp_loss":0.0,"gold_gain":0.0,"event_name":"World of Goop","player_choice":"Left Gold","floor":13.0,"gold_loss":56.0,"damage_taken":0.0},{"damage_healed":0.0,"max_hp_gain":0.0,"max_hp_loss":0.0,"gold_gain":0.0,"event_name":"Upgrade Shrine","player_choice":"Upgraded","floor":14.0,"gold_loss":0.0,"damage_taken":0.0,"cards_upgraded":["Footwork"]}],"is_beta":false,"boss_relics":[{"not_picked":["SacredBark","HoveringKite"],"picked":"Pandora\u0027s Box"}],"items_purged_floors":[8],"is_endless":false,"potions_floor_spawned":[5,6,12],"killed_by":"Centurion and Healer","ascension_level":20}}