{"host":"v1zz5dqrlq7zjvm7","time":1607613511,"event":{"mods":["BaseMod","StSLib","Colored Map","Colored Powertips","Friendly Minions","UnlockEverythingMod","Act Like it!","HololiveMod","Minty Spire (QoL Compilation)","Prisma Mod","The Servant 0.9.4","Waifu the Spire","Gensokyo"],"gold_per_floor":[86,86,101,126,26,78,78,119,119,119,137,137,137,156,156,250,250,293,293,293,293,293,293,357,357,357,413,87,166,182,214,214,230,230],"floor_reached":33,"playtime":1423,"items_purged":["Pain"],"score":836,"play_id":"e951f247-6367-46c0-9464-979dddee0903","local_time":"20201211014831","is_ascension_mode":true,"campfire_choices":[{"data":"Hololive_CallHimemoriLuna","floor":7.0,"key":"SMITH"},{"data":"Hololive_CallHoshimachiSuisei","floor":15.0,"key":"SMITH"},{"data":"Hololive_CallUsadaPekora","floor":23,"key":"SMITH"},{"data":"Hololive_CallYuzukiChoco","floor":25,"key":"SMITH"},{"data":"Hololive_CallSpadeEcho","floor":32,"key":"SMITH"}],"circlet_count":0,"master_deck":["AscendersBane","Hololive_Sequa","Hololive_CallHoshimachiSuisei+1","Hololive_CallYuzukiChoco","Hololive_CallUsadaPekora+1","Hololive_CallHimemoriLuna+1","Hololive_CallYogiri","Hololive_CallMinatoAqua","Hololive_RevenueBasedLive","Hololive_CallSpadeEcho+1","Hololive_CallNekomataOkayu","Hololive_CallManoAloe","Hololive_CallYuzukiChoco+1","Hololive_CallSakuraMiko","Pain","Hololive_CallAkaiHaato","Hololive_Thief","Hololive_StrengthChampion","Gensokyo:FourOfAKind","Gensokyo:FourOfAKind","Gensokyo:FourOfAKind","Gensokyo:FourOfAKind","Gensokyo:TurboGranny","Gensokyo:ImpossibleRequest","Hololive_CallMomosuzuNene+8","Hololive_CallOzoraSubaru+1","Hololive_CallHoushouMarine","Hololive_CallNakiriAyame","Hololive_CallKiryuuCoco","Hololive_CallOmaruPolka","Hololive_BringToTrial","Hololive_IdolExercise","Hololive_CallShirakamiFubuki"],"special_seed":0,"relics":["Hololive_TheStar","Blue Candle","StrikeDummy","The Courier","Singing Bowl","Gensokyo:LunaticRedEyes","Shuriken","Cursed Key","Gensokyo:ChorusOfJoy","Eternal Feather","Matryoshka","Molten Egg 2","Tiny Chest","Pear","MealTicket"],"acts_visited":["Gensokyo:Gensokyo","Gensokyo:Gensokyoer"],"potions_floor_usage":[16,33],"damage_taken":[{"damage":0.0,"enemies":"Gensokyo:2_Kodama","floor":1.0,"turns":3.0},{"damage":0.0,"enemies":"Gensokyo:Python","floor":3.0,"turns":3.0},{"damage":0.0,"enemies":"Gensokyo:3_Fairies","floor":4.0,"turns":3.0},{"damage":0.0,"enemies":"Gensokyo:Cirno","floor":6.0,"turns":6.0},{"damage":0.0,"enemies":"Gensokyo:Aya","floor":8.0,"turns":4.0},{"damage":0.0,"enemies":"Gensokyo:2_Rabbits","floor":11.0,"turns":5.0},{"damage":0.0,"enemies":"Gensokyo:3_Kodama","floor":14.0,"turns":4.0},{"damage":0,"enemies":"Gensokyo:Kokoro","floor":16,"turns":6},{"damage":0,"enemies":"Gensokyo:2_Gloops","floor":18,"turns":3},{"damage":0,"enemies":"Gensokyo:Koishi","floor":24,"turns":4},{"damage":0,"enemies":"Gensokyo:Reisen","floor":27,"turns":4},{"damage":0,"enemies":"Gensokyo:Tenshi","floor":29,"turns":3},{"damage":0,"enemies":"Gensokyo:Chomper","floor":30,"turns":3},{"damage":0,"enemies":"Gensokyo:Wraith","floor":31,"turns":3},{"damage":39,"enemies":"Gensokyo:Eternal_Rivals","floor":33,"turns":4}],"seed_played":"-2087914360852889275","potions_obtained":[{"floor":3.0,"key":"Fire Potion"},{"floor":11.0,"key":"Strength Potion"},{"floor":14.0,"key":"Fruit Juice"},{"floor":16,"key":"LiquidMemories"},{"floor":24,"key":"Block Potion"},{"floor":27,"key":"BlessingOfTheForge"}],"is_trial":false,"path_per_floor":["M","?","M","M","?","E","R","E","T","?","M","?","T","M","R","B",null,"M","?","?","?","T","R","E","R","T","E","$","E","M","M","R","B"],"character_chosen":"Hololive_HololiveCharacter","items_purchased":["Hololive_CallHoushouMarine","Hololive_CallNakiriAyame","Hololive_CallKiryuuCoco","Hololive_CallOmaruPolka","Hololive_BringToTrial"],"campfire_rested":0,"item_purchase_floors":[28,28,28,28,28],"current_hp_per_floor":[27,27,27,27,27,27,27,27,27,13,13,13,13,18,18,18,31,31,23,21,21,21,21,21,21,21,31,31,33,33,33,33,0,0],"gold":230,"neow_bonus":"TRANSFORM_CARD","is_daily":false,"chose_seed":false,"campfire_upgraded":5,"win_rate":0,"timestamp":1607613511,"path_taken":["M","?","M","M","?","E","R","E","T","?","?","?","?","?","R","BOSS","M","?","?","?","?","R","E","R","T","E","$","E","M","M","R","BOSS"],"build_version":"2020-11-30","purchased_purges":1,"victory":false,"max_hp_per_floor":[30,30,30,30,30,30,30,30,30,30,30,30,30,35,35,35,35,35,23,21,21,21,21,21,21,21,31,31,33,33,33,33,33,33],"card_choices":[{"not_picked":["Hololive_LuckPotion","Hololive_HuntDinosaur","Hololive_StrengthChampion"],"picked":"Hololive_RevenueBasedLive","floor":1.0},{"not_picked":["Hololive_HuntDinosaur","Hololive_Breathe","Hololive_RevenueBasedLive"],"picked":"Hololive_CallSpadeEcho","floor":3.0},{"not_picked":["Hololive_LuckPotion","Hololive_Watashimo","Hololive_CallFriendA"],"picked":"Hololive_CallNekomataOkayu","floor":4.0},{"not_picked":["Hololive_FlareMind","Hololive_Rebound","Hololive_Breathe"],"picked":"Hololive_CallManoAloe","floor":6.0},{"not_picked":["Hololive_FlyingPonyTail","Hololive_DevilCharm","Hololive_HuntDinosaur"],"picked":"Hololive_CallYuzukiChoco","floor":8.0},{"not_picked":["Hololive_CocoNews","Hololive_MaximGun","Hololive_Sequa"],"picked":"Hololive_CallSakuraMiko","floor":11.0},{"not_picked":["Hololive_CallHoshimachiSuisei","Hololive_CallFriendA","Hololive_Psychosis"],"picked":"Hololive_CallAkaiHaato","floor":14.0},{"not_picked":["Hololive_DiamondStrike","Hololive_HighAtkLowDef","Hololive_IdolExercise"],"picked":"Hololive_Thief","floor":16},{"not_picked":["Hololive_HuntDinosaur","Hololive_Sequa","Hololive_Breathe+1"],"picked":"Hololive_StrengthChampion","floor":18},{"not_picked":["Gensokyo:Doppelganger","Gensokyo:LochNessMonster","Gensokyo:RedCapeBlueCape"],"picked":"Gensokyo:TurboGranny","floor":20},{"not_picked":["Hololive_Sequa","Hololive_FlyingPonyTail","Hololive_Psychosis"],"picked":"Hololive_CallMomosuzuNene","floor":24},{"not_picked":["Hololive_Drill+1","Hololive_StrengthChampion+1","Hololive_CallShiroganeNoel"],"picked":"Hololive_CallOzoraSubaru+1","floor":27},{"not_picked":["Hololive_Psychosis+1","Hololive_Sequa+1","Hololive_CallNekomataOkayu","Hololive_CallAiraniIofifteen"],"picked":"Singing Bowl","floor":29},{"not_picked":["Hololive_StrengthChampion+1","Hololive_Rebound","Hololive_RevenueBasedLive"],"picked":"Hololive_IdolExercise","floor":30},{"not_picked":["Hololive_FlyingPonyTail","Hololive_CallUsadaPekora","Hololive_CallOkamiMio"],"picked":"Hololive_CallShirakamiFubuki","floor":31}],"player_experience":147011,"relics_obtained":[{"floor":6.0,"key":"StrikeDummy"},{"floor":8.0,"key":"The Courier"},{"floor":9.0,"key":"Singing Bowl"},{"floor":13.0,"key":"Shuriken"},{"floor":22,"key":"Eternal Feather"},{"floor":24,"key":"Matryoshka"},{"floor":26,"key":"Molten Egg 2"},{"floor":26,"key":"Tiny Chest"},{"floor":27,"key":"Pear"},{"floor":29,"key":"MealTicket"}],"event_choices":[],"is_beta":false,"boss_relics":[{"not_picked":["Empty Cage","Hololive_TopUpMoneyS"],"picked":"Cursed Key"}],"items_purged_floors":[28],"is_endless":false,"potions_floor_spawned":[3,11,14,16,24,27,29],"killed_by":"Gensokyo:Eternal_Rivals","ascension_level":16}}