{"host":"zkqorkqsr6o67e8b","time":1607590180,"event":{"gold_per_floor":[111,36,36,55,70,105,105,105,105],"floor_reached":8,"playtime":313,"items_purged":[],"score":112,"play_id":"20160083-2073-4b1e-af53-00d98bbf3006","local_time":"20201210164940","is_ascension_mode":true,"campfire_choices":[{"data":"alterego_mod:TrashNCrash","floor":7,"key":"SMITH"}],"neow_cost":"NONE","seed_source_timestamp":29628217732200,"circlet_count":0,"master_deck":["alterego_mod:Strike","alterego_mod:Strike+1","alterego_mod:Strike+1","alterego_mod:Strike+1","alterego_mod:Defend","alterego_mod:Defend+1","alterego_mod:Defend","alterego_mod:Defend","alterego_mod:BigMeatyClaws","alterego_mod:BrynhildrsRune","LessonLearned+1","alterego_mod:TrashNCrash+1"],"special_seed":0,"relics":["alterego_mod:MasochisticConstitution","REME_ComplimentaryCards","NeowsBlessing","Ornamental Fan"],"potions_floor_usage":[6],"damage_taken":[{"damage":2.0,"enemies":"2 Louse","floor":1.0,"turns":2.0},{"damage":0.0,"enemies":"Small Slimes","floor":4.0,"turns":4.0},{"damage":0.0,"enemies":"Cultist","floor":5.0,"turns":2.0},{"damage":49,"enemies":"Lagavulin","floor":6,"turns":10},{"damage":20,"enemies":"3 Sentries","floor":8,"turns":5}],"seed_played":"-5328314729894936519","potions_obtained":[{"floor":1.0,"key":"DuplicationPotion"}],"is_trial":false,"path_per_floor":["M","?","?","M","M","E","R","E"],"character_chosen":"The_Alterego","items_purchased":[],"campfire_rested":0,"item_purchase_floors":[],"current_hp_per_floor":[58,58,58,65,65,17,17,0,0],"gold":105,"neow_bonus":"THREE_ENEMY_KILL","is_prod":false,"is_daily":false,"chose_seed":false,"campfire_upgraded":1,"win_rate":0,"timestamp":1607590180,"path_taken":["M","?","?","M","M","E","R","E"],"build_version":"2020-11-30","purchased_purges":0,"victory":false,"max_hp_per_floor":[66,66,66,66,66,67,67,67,67],"card_choices":[{"not_picked":["alterego_mod:PerceptionDisorder","alterego_mod:Cooking"],"picked":"alterego_mod:TrashNCrash","floor":1.0},{"not_picked":["alterego_mod:1TonWallop","alterego_mod:Maid","alterego_mod:SuperDuperMasochism"],"picked":"SKIP","floor":4.0},{"not_picked":["alterego_mod:HighServant","alterego_mod:SakuraLabyrinth","alterego_mod:TrashNCrash"],"picked":"SKIP","floor":5.0},{"not_picked":["alterego_mod:DiscoLights","alterego_mod:Skirt","alterego_mod:Cycle"],"picked":"SKIP","floor":6}],"player_experience":662978,"relics_obtained":[{"floor":6,"key":"Ornamental Fan"}],"event_choices":[{"cards_removed":["alterego_mod:Impale"],"damage_healed":0.0,"max_hp_gain":0.0,"max_hp_loss":0.0,"gold_gain":0.0,"event_name":"The Cleric","player_choice":"Card Removal","floor":2.0,"gold_loss":75.0,"damage_taken":0.0}],"is_beta":false,"boss_relics":[],"items_purged_floors":[],"is_endless":false,"potions_floor_spawned":[1],"killed_by":"3 Sentries","ascension_level":20}}