{"host":"6p0attdrtjqaih7v","time":1607572533,"event":{"gold_per_floor":[110,128,128,18,36,36,64,64,89,119,138,150,150,176,176,274,274,255,12,12,27,46,46,79,79,105,137,137,137,169,182,182,279,279,299,318,335,97,151,186,186,186,186,221,248,260,54,80,80,80],"floor_reached":51,"playtime":3893,"items_purged":["bard:Strike","bard:Defend","bard:Strike","bard:Defend"],"score":1226,"play_id":"e780d725-da66-4a6c-b5a2-c83448d4e2e4","local_time":"20201209225533","is_ascension_mode":true,"campfire_choices":[{"data":"bard:LifeDrain","floor":6,"key":"SMITH"},{"data":"bard:Inspire","floor":8,"key":"SMITH"},{"data":"bard:MantleOfInspiration","floor":15,"key":"SMITH"},{"data":"bard:Encore","floor":23,"key":"SMITH"},{"data":"bard:Greatness","floor":25,"key":"SMITH"},{"data":"bard:Riposte","floor":28,"key":"SMITH"},{"data":"bard:Thunderwave","floor":32,"key":"SMITH"},{"data":"bard:SplendidForm","floor":41,"key":"SMITH"},{"floor":49,"key":"REST"}],"neow_cost":"TEN_PERCENT_HP_LOSS","seed_source_timestamp":1963517966194600,"circlet_count":0,"master_deck":["bard:Strike","bard:Strike","bard:Defend","bard:Defend","bard:Riposte+1","bard:Inspire+1","bard:Encore+1","bard:Thunderwave+1","bard:Greatness+1","bard:LifeDrain+1","bard:Invisibility","bard:MantleOfInspiration+1","bard:LifeDrain+1","bard:Parry+1","bard:TinyHut","bard:Invisibility","bard:GuardPoint+1","bard:Balestra+1","bard:TinyHut+1","bard:Thunderwave+1","bard:Rest","bard:Flourish","bard:SplendidForm+1","bard:MantleOfInspiration+1","bard:ViciousMockery+1","bard:Haste+1","bard:HideousLaughter+1","bard:GreaterMagicWeapon+1"],"relics":["bard:SelfPlayingFlute","bard:BagPipes","Blue Doll","Oddly Smooth Stone","Sundial","keyreminder:keyreminder","Replay:Wax Seal","Replay:Grab Bag","Velvet Choker","Black Star","Toy Ornithopter","Pen Nib","Unceasing Top","Replay:Mystery Machine","Pet Ghost","Blue Candle","Gremlin Food","Bronze Scales","The Courier","Lee\u0027s Waffle","Golden Egg","Replay:Kaleidoscope","Boot","Bag of Marbles","MawBank","ReplayTheSpireMod:TigerMarble","MealTicket","Nunchaku"],"potions_floor_usage":[7,14,14,27,30,33,36,40,50,50],"damage_taken":[{"damage":0,"enemies":"Jaw Worm","floor":1,"turns":9},{"damage":0,"enemies":"Cultist","floor":2,"turns":3},{"damage":0,"enemies":"2 Louse","floor":5,"turns":3},{"damage":16,"enemies":"3 Sentries","floor":7,"turns":9},{"damage":19,"enemies":"Lagavulin","floor":10,"turns":10},{"damage":0,"enemies":"Looter","floor":11,"turns":4},{"damage":0,"enemies":"Exordium Thugs","floor":12,"turns":6},{"damage":5,"enemies":"Gremlin Nob","floor":14,"turns":5},{"damage":9,"enemies":"The Guardian","floor":16,"turns":13},{"damage":0,"enemies":"2 Thieves","floor":18,"turns":4},{"damage":0,"enemies":"Chosen","floor":21,"turns":6},{"damage":12,"enemies":"Snake Plant","floor":22,"turns":7},{"damage":2,"enemies":"Book of Stabbing","floor":24,"turns":7},{"damage":3,"enemies":"Gremlin Leader","floor":27,"turns":6},{"damage":0,"enemies":"Slavers","floor":30,"turns":6},{"damage":0,"enemies":"Snecko","floor":31,"turns":5},{"damage":6,"enemies":"Champ","floor":33,"turns":9},{"damage":0,"enemies":"3 Shapes","floor":35,"turns":5},{"damage":8,"enemies":"3 Darklings","floor":36,"turns":7},{"damage":17,"enemies":"Spire Growth","floor":37,"turns":7},{"damage":4,"enemies":"Reptomancer","floor":40,"turns":7},{"damage":8,"enemies":"Nemesis","floor":44,"turns":5},{"damage":6,"enemies":"Sphere and 2 Shapes","floor":45,"turns":6},{"damage":7,"enemies":"Reptomancer","floor":48,"turns":5},{"damage":16,"enemies":"Donu and Deca","floor":50,"turns":9}],"seed_played":"936249073277276444","potions_obtained":[{"floor":1,"key":"FearPotion"},{"floor":3,"key":"CultistPotion"},{"floor":3,"key":"SteroidPotion"},{"floor":7,"key":"bard:InspiredBrew"},{"floor":14,"key":"Block Potion"},{"floor":18,"key":"Fire Potion"},{"floor":33,"key":"LifebloodPotion"},{"floor":37,"key":"AttackPotion"},{"floor":39,"key":"SmokeBomb"},{"floor":40,"key":"Ancient Potion"}],"is_trial":false,"path_per_floor":["M","M","?","$","M","R","E","R","T","E","M","M","?","E","R","B",null,"M","$","?","M","M","R","E","R","T","E","R","T","E","M","R","B",null,"M","M","M","$","?","E","R","?","T","E","M","?","$","E","R","B",null],"character_chosen":"BARD","items_purchased":["bard:LifeDrain","Toy Ornithopter","Lee\u0027s Waffle","bard:ViciousMockery+1","Energy Potion","DuplicationPotion"],"campfire_rested":1,"item_purchase_floors":[4,19,38,38,47,47],"current_hp_per_floor":[63,63,63,63,63,63,47,47,47,28,28,28,28,23,23,14,51,51,51,51,51,39,39,37,37,37,39,39,39,48,48,48,51,60,63,60,46,70,53,58,58,58,58,54,52,52,52,49,70,68],"gold":80,"neow_bonus":"THREE_RARE_CARDS","is_prod":false,"is_daily":false,"chose_seed":false,"campfire_upgraded":8,"win_rate":0,"timestamp":1607572533,"path_taken":["M","M","?","$","M","R","E","R","T","E","M","?","?","E","R","BOSS","M","$","?","M","M","R","E","R","T","E","R","?","E","M","R","BOSS","M","M","M","$","?","E","R","?","T","E","M","?","$","E","R","BOSS"],"build_version":"2020-11-30","purchased_purges":4,"victory":true,"max_hp_per_floor":[63,63,63,63,63,63,63,63,63,63,63,63,63,63,63,63,63,63,63,63,63,63,63,63,63,63,63,63,63,63,63,63,63,63,63,63,63,70,70,70,70,70,70,70,70,70,70,70,70,70],"relic_stats":{"Lee\u0027s Waffle":24,"counters":[25,163],"Blue Candle":[0],"Pen Nib":[12],"Boot":[4],"MawBank":36,"Nunchaku":[1],"Sundial":[16],"Bronze Scales":[155],"MealTicket":0,"Black Star":6,"obtain_stats":[{"bard:BagPipes":0,"Golden Egg":39,"Blue Doll":7,"Replay:Mystery Machine":26,"Boot":40,"Pet Ghost":27,"Nunchaku":48,"Sundial":10,"MealTicket":48,"bard:SelfPlayingFlute":34,"Replay:Wax Seal":14,"Gremlin Food":29,"Lee\u0027s Waffle":38,"bard:PitchPipe":0,"Replay:Grab Bag":17,"Blue Candle":27,"Oddly Smooth Stone":9,"Velvet Choker":17,"Pen Nib":24,"The Courier":30,"Replay:Kaleidoscope":40,"MawBank":44,"keyreminder:keyreminder":10,"Bronze Scales":30,"Black Star":17,"Bag of Marbles":43,"ReplayTheSpireMod:TigerMarble":44,"Toy Ornithopter":19,"Unceasing Top":24},{"bard:BagPipes":0,"Golden Egg":20,"Blue Doll":4,"Replay:Mystery Machine":13,"Boot":21,"Pet Ghost":14,"Nunchaku":24,"Sundial":5,"MealTicket":24,"bard:SelfPlayingFlute":17,"Replay:Wax Seal":8,"Gremlin Food":14,"Lee\u0027s Waffle":20,"bard:PitchPipe":0,"Replay:Grab Bag":9,"Blue Candle":14,"Oddly Smooth Stone":4,"Velvet Choker":9,"Pen Nib":13,"The Courier":15,"Replay:Kaleidoscope":21,"MawBank":22,"keyreminder:keyreminder":5,"Bronze Scales":15,"Black Star":9,"Bag of Marbles":21,"ReplayTheSpireMod:TigerMarble":22,"Toy Ornithopter":10,"Unceasing Top":13},{"bard:BagPipes":0,"Golden Egg":131,"Blue Doll":24,"Replay:Mystery Machine":86,"Boot":138,"Pet Ghost":92,"Nunchaku":154,"Sundial":34,"MealTicket":154,"bard:SelfPlayingFlute":112,"Replay:Wax Seal":49,"Gremlin Food":92,"Lee\u0027s Waffle":131,"bard:PitchPipe":0,"Replay:Grab Bag":62,"Blue Candle":92,"Oddly Smooth Stone":24,"Velvet Choker":62,"Pen Nib":86,"The Courier":98,"Replay:Kaleidoscope":138,"MawBank":143,"keyreminder:keyreminder":34,"Bronze Scales":98,"Black Star":62,"Bag of Marbles":138,"ReplayTheSpireMod:TigerMarble":143,"Toy Ornithopter":66,"Unceasing Top":86}],"Toy Ornithopter":35,"Unceasing Top":[0]},"card_choices":[{"not_picked":["bard:Sonata","bard:Haste"],"picked":"bard:Encore","floor":0},{"not_picked":["bard:FirstStrike","bard:Demoralize"],"picked":"bard:Thunderwave","floor":1},{"not_picked":["bard:FeastOnFear","bard:StudiedStrike"],"picked":"bard:Greatness","floor":2},{"not_picked":["bard:BestowCurse","bard:LingeringPerformance"],"picked":"bard:Invisibility","floor":5},{"not_picked":["bard:QuickSong","bard:Silence"],"picked":"bard:MantleOfInspiration","floor":7},{"not_picked":["bard:InspiringSong","bard:StudiedStrike"],"picked":"bard:LifeDrain","floor":10},{"not_picked":["bard:SongBolt","bard:PhantasmalForce"],"picked":"bard:Parry","floor":11},{"not_picked":["bard:MantleOfInspiration","bard:Parry"],"picked":"bard:TinyHut","floor":12},{"not_picked":["bard:Fermata","bard:PhantasmalForce","bard:FeastOnFear"],"picked":"SKIP","floor":14},{"not_picked":["bard:Focused","bard:ReverseGravity"],"picked":"bard:Invisibility","floor":16},{"not_picked":["bard:InspiringSong+1","bard:Greatness+1"],"picked":"bard:GuardPoint+1","floor":18},{"not_picked":["bard:CuttingWords","bard:Sift+1"],"picked":"bard:Balestra+1","floor":21},{"not_picked":["bard:Sift","bard:LocateObject"],"picked":"bard:TinyHut+1","floor":22},{"not_picked":["bard:PowerWordStun","bard:SongBolt"],"picked":"bard:Thunderwave+1","floor":24},{"not_picked":["bard:OffKey","bard:TinyHut+1"],"picked":"bard:Rest","floor":27},{"not_picked":["bard:Focused","bard:Parry"],"picked":"bard:Flourish","floor":30},{"not_picked":["bard:FalseLife","bard:BucklerBash+1","bard:Solo+1"],"picked":"SKIP","floor":31},{"not_picked":["bard:PowerWordStun","bard:Sonata"],"picked":"bard:SplendidForm","floor":33},{"not_picked":["bard:LifeDrain","bard:QuickSong+1"],"picked":"bard:MantleOfInspiration+1","floor":35},{"not_picked":["bard:Greatness+1","bard:SongBolt+1","bard:QuickSong"],"picked":"SKIP","floor":36},{"not_picked":["bard:FirstStrike","bard:LingeringPerformance","bard:CuttingWords+1"],"picked":"SKIP","floor":37},{"not_picked":["bard:Gamble","bard:Greatness"],"picked":"bard:Haste","floor":39},{"not_picked":["bard:ViciousMockery","bard:Gamble","bard:Parry"],"picked":"SKIP","floor":40},{"not_picked":["bard:LingeringEcho+1","bard:QuickSong+1"],"picked":"bard:HideousLaughter+1","floor":44},{"not_picked":["bard:FirstStrike+1","bard:Silence+1"],"picked":"bard:GreaterMagicWeapon+1","floor":45},{"not_picked":["bard:Sift+1","bard:StudiedStrike+1","bard:Shout"],"picked":"SKIP","floor":48}],"player_experience":795465,"relics_obtained":[{"floor":7,"key":"Blue Doll"},{"floor":9,"key":"Oddly Smooth Stone"},{"floor":10,"key":"Sundial"},{"floor":14,"key":"Replay:Wax Seal"},{"floor":24,"key":"Pen Nib"},{"floor":24,"key":"Unceasing Top"},{"floor":26,"key":"Replay:Mystery Machine"},{"floor":27,"key":"Pet Ghost"},{"floor":27,"key":"Blue Candle"},{"floor":29,"key":"Gremlin Food"},{"floor":30,"key":"Bronze Scales"},{"floor":30,"key":"The Courier"},{"floor":39,"key":"Golden Egg"},{"floor":40,"key":"Replay:Kaleidoscope"},{"floor":40,"key":"Boot"},{"floor":43,"key":"Bag of Marbles"},{"floor":44,"key":"MawBank"},{"floor":44,"key":"ReplayTheSpireMod:TigerMarble"},{"floor":48,"key":"MealTicket"},{"floor":48,"key":"Nunchaku"}],"event_choices":[{"damage_healed":0,"gold_gain":0,"player_choice":"Got Potions","damage_taken":0,"max_hp_gain":0,"max_hp_loss":0,"event_name":"Lab","floor":3,"gold_loss":0},{"damage_healed":0,"gold_gain":0,"player_choice":"Grow","damage_taken":0,"max_hp_gain":0,"max_hp_loss":0,"event_name":"Living Wall","floor":13,"gold_loss":0,"cards_upgraded":["bard:LifeDrain"]},{"damage_healed":0,"gold_gain":0,"player_choice":"Ignored","damage_taken":0,"max_hp_gain":0,"max_hp_loss":0,"event_name":"The Mausoleum","floor":20,"gold_loss":0},{"damage_healed":0,"gold_gain":0,"player_choice":"Ignored","damage_taken":0,"max_hp_gain":0,"max_hp_loss":0,"event_name":"Tomb of Lord Red Mask","floor":46,"gold_loss":0}],"is_beta":false,"boss_relics":[{"not_picked":["SacredBark","ChewingGum"],"picked":"Replay:Grab Bag"},{"not_picked":["bard:DeepVero","Fusion Hammer"],"picked":"Velvet Choker"},{"not_picked":["SlaversCollar","Snecko Eye"],"picked":"Black Star"},{"not_picked":["Honey Jar","Ring of Chaos"],"picked":"bard:SelfPlayingFlute"}],"items_purged_floors":[4,19,38,47],"is_endless":false,"potions_floor_spawned":[1,7,12,14,18,21,22,33,37,40],"ascension_level":9}}