{"host":"exlsoi54q6pc3sri","time":1607635365,"event":{"mods":["BaseMod","StSLib","Act Like it!","GifTheSpireLib","Friendly Minions","Better Altar","Better Match","Better Sensory Stone","Better Note","Better Skull","Better Third Choice","BetterRewards","Colored Map","Colored Powertips","Highlight Path","Rare Cards Sparkle","Downfall","Replay The Spire","Googly Eyes","Aspiration","CCEM","Conspire","Halation","Hallownest","Hubris","Infinite Spire","Jedi Mod","Jorbs\u0027s Wanderer Trilogy","Mimic Mod","Minty Spire (QoL Compilation)","Permanent Neow","Stuff the Spire","Shop Mod","Spicy Shops","2.2 Compatiblity","AchievementEnabler"],"gold_per_floor":[118,130,130,130,147,147,157,182,182,215,252,252,262,262,262,282,282,384,384,399,399,324,337,350,380,413,426,426,426,426,441,474,474,474,570,570,582,595,649,649,669,669,694,707,739,11,286,313,313,313,313],"floor_reached":50,"playtime":7429,"items_purged":["Slimebound:SplitLeeching"],"score":530,"play_id":"8571fdcb-ae0f-4311-809f-f21b556a421f","local_time":"20201210212245","is_ascension_mode":false,"campfire_choices":[{"data":"Slimebound:Split","floor":9,"key":"SMITH"},{"data":"Slimebound:LeadByExample","floor":12,"key":"SMITH"},{"data":"Slimebound:GrowthPunch","floor":14,"key":"SMITH"},{"data":"Slimebound:CorrosiveSpit","floor":17,"key":"SMITH"},{"data":"Slimebound:OneTwoCombo","floor":29,"key":"SMITH"},{"data":"Slimebound:Overexert","floor":34,"key":"SMITH"},{"data":"Slimebound:Equalize","floor":42,"key":"SMITH"}],"circlet_count":0,"master_deck":["Slimebound:Strike_Slimebound","Slimebound:Strike_Slimebound","Slimebound:Defend_Slimebound","Slimebound:Defend_Slimebound+1","Slimebound:Split+1","Slimebound:CorrosiveSpit+1","Slimebound:GrowthPunch+1","Slimebound:SplitBruiser","Slimebound:SplitMire","Slimebound:GoopSpray","Slimebound:LeadByExample+1","Slimebound:Overexert+1","Slimebound:LeechingTouch","Slimebound:OneTwoCombo+1","Slimebound:RainOfGoop+1","Slimebound:FinishingTackle+1","Slimebound:SlimeSpikes+1","Slimebound:GrowthPunch","Slimebound:WasteNot","Slimebound:SamplingLick+1","Slimebound:Repurpose","Slimebound:RollThrough","Slimebound:OozeBath","Slimebound:Schlurp+1","Slimebound:PressTheAttack+1","ReplayTheSpireMod:From All Sides","ReplayTheSpireMod:Shiv Toss","Corpse Explosion","Slimebound:Equalize+1","Slimebound:Replication","Slimebound:SplitLeeching","Slimebound:LevelUp","Slimebound:Overexert","Slimebound:SamplingLick","Slimebound:Repurpose","Slimebound:MassFeed","Regret","Slimebound:Teamwork"],"relics":["Slimebound:AbsorbEndCombat","aspiration:DSix","Replay:Rubber Ducky","PreservedInsect","Juzu Bracelet","hubris:GrandSneckoEye","War Paint","jedi:heavyjacket","halation:PrussianBluePaint","hubris:Stopwatch","Regal Pillow","infinitespire:FocusingShard","StuffTheSpire:PointBlank","jedi:gremlinknob","Orichalcum"],"acts_visited":["Exordium","TheCity","TheBeyond"],"potions_floor_usage":[7,8,18,23,24,39,39,43,50,50],"damage_taken":[{"damage":6,"enemies":"conspire:RoseBush","floor":1,"turns":4},{"damage":4,"enemies":"Jaw Worm","floor":2,"turns":5},{"damage":9,"enemies":"2 Louse","floor":5,"turns":2},{"damage":23,"enemies":"Gremlin Gang","floor":7,"turns":5},{"damage":32,"enemies":"3 Sentries","floor":8,"turns":7},{"damage":23,"enemies":"Gremlin Nob","floor":10,"turns":4},{"damage":16,"enemies":"2 Fungi Beasts","floor":11,"turns":4},{"damage":6,"enemies":"2 Fungi Beasts","floor":13,"turns":3},{"damage":28,"enemies":"3 Louse","floor":16,"turns":3},{"damage":19,"enemies":"Slime Boss","floor":18,"turns":6},{"damage":13,"enemies":"conspire:FuzzyDice","floor":20,"turns":3},{"damage":12,"enemies":"3 Byrds","floor":23,"turns":3},{"damage":28,"enemies":"Centurion and Healer","floor":24,"turns":4},{"damage":28,"enemies":"Nightmare","floor":25,"turns":4},{"damage":16,"enemies":"Chosen and Byrds","floor":26,"turns":3},{"damage":28,"enemies":"Chosen and Byrds","floor":27,"turns":4},{"damage":8,"enemies":"Snake Plant","floor":31,"turns":2},{"damage":16,"enemies":"Centurion and Healer","floor":32,"turns":3},{"damage":0,"enemies":"hubris:MusketHawk","floor":35,"turns":1},{"damage":12,"enemies":"3 Darklings","floor":37,"turns":3},{"damage":23,"enemies":"3 Shapes","floor":38,"turns":3},{"damage":32,"enemies":"2 Orb Walkers","floor":39,"turns":3},{"damage":34,"enemies":"Jaw Worm Horde","floor":41,"turns":4},{"damage":42,"enemies":"Nemesis","floor":43,"turns":5},{"damage":12,"enemies":"Sphere and 2 Shapes","floor":44,"turns":5},{"damage":16,"enemies":"4 Shapes","floor":45,"turns":2},{"damage":52,"enemies":"Nightmare","floor":48,"turns":6},{"damage":85,"enemies":"Reptomancer","floor":50,"turns":2}],"seed_played":"2183262213698733233","potions_obtained":[{"floor":2,"key":"AttackPotion"},{"floor":7,"key":"ColorlessPotion"},{"floor":10,"key":"Dexterity Potion"},{"floor":16,"key":"DistilledChaos"},{"floor":18,"key":"GamblersBrew"},{"floor":20,"key":"ColorlessPotion"},{"floor":23,"key":"jedi:tentaclejuice"},{"floor":31,"key":"Slimebound:SpawnSlimePotion"},{"floor":38,"key":"Adrenaline Potion"},{"floor":41,"key":"SkillPotion"},{"floor":48,"key":"AttackPotion"}],"is_trial":false,"path_per_floor":["M","M","PTL","PTL","M","?","M","E","R","E","MIM","R","M","R","?","M","R","B",null,"M","?","?","M","M","NM","MIM","M","T","R","AVR","M","MIM","?","R","B",null,"M","M","?","?","M","R","E","M","MIM","$","?","NM","?","E"],"character_chosen":"SLIMEBOUND","items_purchased":["jedi:gremlinknob","Slimebound:Overexert","Slimebound:SamplingLick","Slimebound:Repurpose","Slimebound:MassFeed","Slimebound:SlimedPotion"],"campfire_rested":0,"item_purchase_floors":[46,46,46,46,46,46],"current_hp_per_floor":[60,60,60,60,55,55,58,54,54,51,60,60,60,60,60,52,52,60,60,60,60,60,60,60,60,60,60,60,60,60,60,60,60,60,60,60,60,60,60,60,50,50,30,44,52,52,52,56,56,0,0],"gold":313,"neow_bonus":"DSIX","is_daily":false,"chose_seed":false,"campfire_upgraded":7,"win_rate":0.0,"timestamp":1607635365,"path_taken":["M","?","PTL","PTL","M","?","M","E","R","E","MIM","R","M","R","?","M","R","BOSS","M","?","?","M","M","NM","?","M","T","R","AVR","M","?","?","R","BOSS","M","M","?","?","M","R","E","M","MIM","?","?","NM","?","E"],"build_version":"2020-11-30","purchased_purges":1,"victory":false,"max_hp_per_floor":[60,60,60,60,60,60,60,60,60,60,60,60,60,60,60,60,60,60,60,60,60,60,60,60,60,60,60,60,60,60,60,60,60,60,60,60,60,60,60,60,60,60,60,60,60,60,60,60,60,60,60],"card_choices":[{"not_picked":["Slimebound:Schlurp","Slimebound:LeadByExample"],"picked":"Slimebound:GrowthPunch","floor":1},{"not_picked":["Slimebound:ComboTackle","Slimebound:SamplingLick"],"picked":"Slimebound:SplitBruiser","floor":2},{"not_picked":["Slimebound:GoopSpray","Slimebound:SplitAcid"],"picked":"Slimebound:SplitMire","floor":5},{"not_picked":["Slimebound:Schlurp","Slimebound:ItLooksTasty"],"picked":"Slimebound:GoopSpray","floor":7},{"not_picked":["Slimebound:SplitAcid","Slimebound:AcidTongue"],"picked":"Slimebound:LeadByExample","floor":8},{"not_picked":["Slimebound:RollThrough","Slimebound:Gluttony"],"picked":"Slimebound:Overexert","floor":10},{"not_picked":["Slimebound:ItLooksTasty","Slimebound:ComboTackle"],"picked":"Slimebound:SamplingLick","floor":11},{"not_picked":["Slimebound:GoopSpray","Slimebound:SplitBruiser"],"picked":"Slimebound:LeechingTouch","floor":13},{"not_picked":["Slimebound:ForwardTackle","Slimebound:LivingWall","Slimebound:SplitAcid"],"picked":"SKIP","floor":16},{"not_picked":["Slimebound:SelfFormingGoo","Slimebound:DuplicatedForm"],"picked":"Slimebound:OneTwoCombo","floor":18},{"not_picked":["Slimebound:SplitBruiser","Slimebound:Chomp+1"],"picked":"Slimebound:SplitLeeching","floor":20},{"not_picked":["Slimebound:BestDefense+1","Slimebound:GoopTackle+1"],"picked":"Slimebound:RainOfGoop+1","floor":22},{"not_picked":["Slimebound:ViciousTackle","Slimebound:ForwardTackle"],"picked":"Slimebound:FinishingTackle+1","floor":23},{"not_picked":["Slimebound:SlimeBarrage","Slimebound:Grow"],"picked":"Slimebound:SlimeSpikes","floor":24},{"not_picked":["Slimebound:SlimeBrawl","Slimebound:GoopSpray"],"picked":"Slimebound:GrowthPunch","floor":25},{"not_picked":["Slimebound:ItLooksTasty","Slimebound:SlimeBrawl"],"picked":"Slimebound:WasteNot","floor":26},{"not_picked":["Slimebound:SlimeSpikes","Slimebound:FinishingTackle"],"picked":"Slimebound:SamplingLick+1","floor":27},{"not_picked":["Slimebound:ViciousTackle","Slimebound:SlimeBarrage"],"picked":"Slimebound:Repurpose","floor":31},{"not_picked":["Slimebound:WasteNot","Slimebound:PrepareCrush"],"picked":"Slimebound:OozeBath","floor":35},{"not_picked":["Slimebound:SlimeSpikes+1","Slimebound:SamplingLick+1"],"picked":"Slimebound:Schlurp+1","floor":37},{"not_picked":["Slimebound:SplitBruiser+1","Slimebound:LeechingTouch+1"],"picked":"Slimebound:PressTheAttack+1","floor":38},{"not_picked":["Slimebound:SplitBruiser+1","Slimebound:SplitAcid"],"picked":"Slimebound:Equalize","floor":41},{"not_picked":["Slimebound:ComboTackle+1","Slimebound:SplitBruiser"],"picked":"Slimebound:Replication","floor":43},{"not_picked":["Slimebound:LeechEnergy+1","Slimebound:FlameTackle"],"picked":"Slimebound:SplitLeeching","floor":44},{"not_picked":["Slimebound:ViciousTackle","Slimebound:SamplingLick+1"],"picked":"Slimebound:LevelUp","floor":45},{"not_picked":["Slimebound:RejuvenatingLick","Slimebound:SplitMire"],"picked":"Slimebound:Teamwork","floor":48}],"player_experience":17901,"relics_obtained":[{"floor":8,"key":"Replay:Rubber Ducky"},{"floor":10,"key":"PreservedInsect"},{"floor":11,"key":"Juzu Bracelet"},{"floor":25,"key":"War Paint"},{"floor":32,"key":"halation:PrussianBluePaint"},{"floor":39,"key":"Regal Pillow"},{"floor":43,"key":"infinitespire:FocusingShard"},{"floor":45,"key":"StuffTheSpire:PointBlank"},{"floor":48,"key":"Orichalcum"}],"event_choices":[{"damage_healed":0,"gold_gain":0,"player_choice":"Disagree","damage_taken":0,"max_hp_gain":0,"max_hp_loss":0,"event_name":"conspire:LoneGhost","floor":15,"gold_loss":0},{"cards_removed":["Slimebound:Defend_Slimebound"],"damage_healed":0,"gold_gain":0,"player_choice":"Purged","damage_taken":0,"max_hp_gain":0,"max_hp_loss":0,"event_name":"Purifier","floor":21,"gold_loss":0},{"damage_healed":0,"gold_gain":0,"player_choice":"2","damage_taken":0,"max_hp_gain":0,"max_hp_loss":0,"event_name":"betterMatch:BetterMatch","floor":22,"gold_loss":0,"cards_obtained":["betterMatch:UncommonCard"]},{"damage_healed":0,"gold_gain":0,"cards_transformed":["Slimebound:Tackle"],"player_choice":"Transformed","damage_taken":0,"max_hp_gain":0,"max_hp_loss":0,"event_name":"Transmorgrifier","floor":33,"gold_loss":0,"cards_obtained":["Slimebound:RollThrough"]},{"damage_healed":0,"gold_gain":0,"player_choice":"Fight","damage_taken":0,"max_hp_gain":0,"max_hp_loss":0,"event_name":"Mysterious Sphere","floor":39,"gold_loss":0},{"damage_healed":0,"gold_gain":275,"player_choice":"Desecrate","damage_taken":0,"max_hp_gain":0,"max_hp_loss":0,"event_name":"Golden Shrine","floor":47,"gold_loss":0,"cards_obtained":["Regret"]}],"is_beta":false,"boss_relics":[{"not_picked":["Philosopher\u0027s Stone","Tiny House"],"picked":"hubris:GrandSneckoEye"},{"not_picked":["Honey Jar","infinitespire:Cupcake"],"picked":"hubris:Stopwatch"}],"items_purged_floors":[30],"is_endless":true,"potions_floor_spawned":[2,7,10,16,18,20,23,31,38,41,48],"killed_by":"Reptomancer","ascension_level":0}}