{"host":"aeidq2c3auzxo1yh","time":1607618959,"event":{"mods":["BaseMod","AchievementEnabler","StSLib","Minty Spire (QoL Compilation)","Relic Stats","Colored Map","Colored Powertips"],"gold_per_floor":[116,16,16,31,41,41,41,41,67,87,87,104,4,22,22,95,95,106,106,106,123,123,123],"floor_reached":22,"playtime":916,"items_purged":["Strike_R","Strike_R"],"score":352,"play_id":"0f8435d1-aa6c-4e1a-8e83-fb93ec8c9e5a","local_time":"20201210214919","is_ascension_mode":true,"campfire_choices":[{"data":"Shockwave","floor":6,"key":"SMITH"},{"data":"Wild Strike","floor":8,"key":"SMITH"},{"data":"Juggernaut","floor":15,"key":"SMITH"}],"circlet_count":0,"master_deck":["AscendersBane","Strike_R+1","Strike_R+1","Defend_R","Defend_R","Defend_R","Bash","Wild Strike+1","Headbutt","Shockwave+1","Shrug It Off","Sword Boomerang+1","Spot Weakness","Juggernaut+1","Demon Form","Metallicize","Headbutt","Flame Barrier"],"relics":["Burning Blood","Tiny Chest","Whetstone","Regal Pillow","Black Star","Potion Belt"],"acts_visited":["Exordium","TheCity"],"potions_floor_usage":[16,16],"damage_taken":[{"damage":7,"enemies":"Cultist","floor":1,"turns":4},{"damage":9,"enemies":"Jaw Worm","floor":4,"turns":3},{"damage":3,"enemies":"2 Louse","floor":5,"turns":2},{"damage":10,"enemies":"Gremlin Gang","floor":10,"turns":6},{"damage":6,"enemies":"Red Slaver","floor":12,"turns":4},{"damage":14,"enemies":"Large Slime","floor":14,"turns":5},{"damage":28,"enemies":"Hexaghost","floor":16,"turns":7},{"damage":18,"enemies":"Chosen","floor":18,"turns":5},{"damage":22,"enemies":"Shell Parasite","floor":21,"turns":5},{"damage":40,"enemies":"Sentry and Sphere","floor":22,"turns":5}],"seed_played":"-3982637276485162594","potions_obtained":[{"floor":5,"key":"SpeedPotion"},{"floor":10,"key":"HeartOfIron"},{"floor":12,"key":"Strength Potion"}],"is_trial":false,"path_per_floor":["M","$","?","M","M","R","T","R","T","M","?","M","$","M","R","B",null,"M","T","?","M","M"],"character_chosen":"IRONCLAD","items_purchased":["Headbutt"],"campfire_rested":0,"item_purchase_floors":[2],"current_hp_per_floor":[67,67,67,64,67,67,67,67,67,63,63,63,63,55,55,33,65,53,53,53,37,0,0],"gold":123,"neow_bonus":"RANDOM_COMMON_RELIC","is_daily":false,"chose_seed":false,"campfire_upgraded":3,"win_rate":0,"timestamp":1607618959,"path_taken":["M","?","?","M","?","R","?","R","T","M","?","?","?","M","R","BOSS","M","?","?","?","M"],"build_version":"2020-11-30","purchased_purges":2,"victory":false,"max_hp_per_floor":[75,75,75,75,75,75,75,75,75,75,75,75,75,75,75,75,75,75,75,75,75,75,75],"relic_stats":{"Regal Pillow":0,"counters":[10,46],"Tiny Chest":2,"Black Star":0,"Whetstone":["Strike_R","Strike_R"],"obtain_stats":[{"Potion Belt":19,"Regal Pillow":9,"Tiny Chest":0,"Black Star":17,"Whetstone":7,"Burning Blood":0},{"Potion Belt":8,"Regal Pillow":3,"Tiny Chest":0,"Black Star":7,"Whetstone":3,"Burning Blood":0},{"Potion Belt":36,"Regal Pillow":9,"Tiny Chest":0,"Black Star":31,"Whetstone":9,"Burning Blood":0}],"Burning Blood":54},"card_choices":[{"not_picked":["Twin Strike","Iron Wave"],"picked":"Wild Strike","floor":1},{"not_picked":["Dual Wield","Heavy Blade"],"picked":"Shockwave","floor":4},{"not_picked":["Flex","Wild Strike"],"picked":"Shrug It Off","floor":5},{"not_picked":["Havoc","Twin Strike"],"picked":"Sword Boomerang","floor":10},{"not_picked":["Cleave","Headbutt"],"picked":"Spot Weakness","floor":12},{"not_picked":["Wild Strike","Flex"],"picked":"Juggernaut","floor":14},{"not_picked":["Offering","Berserk"],"picked":"Demon Form","floor":16},{"not_picked":["Seeing Red","Hemokinesis"],"picked":"Metallicize","floor":18},{"not_picked":["Flex","Thunderclap"],"picked":"Flame Barrier","floor":21}],"player_experience":830814,"relics_obtained":[{"floor":7,"key":"Whetstone"},{"floor":9,"key":"Regal Pillow"},{"floor":19,"key":"Potion Belt"}],"event_choices":[{"cards_removed":["Strike_R"],"damage_healed":0,"gold_gain":0,"player_choice":"Offered Basic","damage_taken":0,"max_hp_gain":0,"max_hp_loss":0,"event_name":"Bonfire Elementals","floor":3,"gold_loss":0},{"damage_healed":0,"gold_gain":0,"player_choice":"Upgraded","damage_taken":0,"max_hp_gain":0,"max_hp_loss":0,"event_name":"Upgrade Shrine","floor":11,"gold_loss":0,"cards_upgraded":["Sword Boomerang"]},{"damage_healed":0,"gold_gain":0,"cards_transformed":["Defend_R"],"player_choice":"Transformed","damage_taken":0,"max_hp_gain":0,"max_hp_loss":0,"event_name":"Transmorgrifier","floor":20,"gold_loss":0,"cards_obtained":["Headbutt"]}],"is_beta":false,"boss_relics":[{"not_picked":["Runic Cube","Runic Dome"],"picked":"Black Star"}],"items_purged_floors":[2,13],"is_endless":false,"potions_floor_spawned":[5,10,12],"killed_by":"Sentry and Sphere","ascension_level":20}}