{"host":"2n2g1vowfllvjtvi","time":1607628878,"event":{"mods":["BaseMod","AchievementEnabler","Custom Start","GifTheSpireLib","Keyboard Shortcuts","Minty Spire (QoL Compilation)","Quick Restart","Rare Cards Sparkle","StSLib","SuperFastMode"],"gold_per_floor":[115,115,130,150,7,35,52,52,52,52,68,68,78,93,93,191,191,208,208,208,183,183,183,183,218,218,218,21,21,21,32,32,133,133,143,43,59,9,27,52,52,80,380,410,423,443,443,454,454,454,454],"floor_reached":50,"playtime":1293,"items_purged":["Strike_G","Strike_G"],"score":773,"play_id":"bc1a44fe-7c43-484b-b1d5-a9a2b6455c50","local_time":"20201211043438","is_ascension_mode":true,"campfire_choices":[{"data":"Phantasmal Killer","floor":8.0,"key":"SMITH"},{"data":"Prepared","floor":12.0,"key":"SMITH"},{"data":"Malaise","floor":15.0,"key":"SMITH"},{"data":"Well Laid Plans","floor":23.0,"key":"SMITH"},{"data":"Apotheosis","floor":30.0,"key":"SMITH"},{"floor":32.0,"key":"REST"},{"floor":41.0,"key":"REST"},{"floor":47,"key":"REST"},{"data":"PiercingWail","floor":49,"key":"SMITH"}],"circlet_count":0,"master_deck":["Strike_G","Strike_G","Defend_G","Defend_G","Defend_G","Defend_G","Defend_G","Survivor","Neutralize","Masterful Stab","Prepared+1","Dash","Phantasmal Killer+1","Malaise+1","Dagger Throw","Acrobatics","Well Laid Plans+1","Die Die Die","Eviscerate","Apotheosis+1","Necronomicurse","Leg Sweep+1","Grand Finale","Reflex+1","PiercingWail+1","Backflip"],"special_seed":0,"relics":["Ring of the Snake","NeowsBlessing","Bag of Marbles","Juzu Bracelet","Sozu","Gremlin Horn","White Beast Statue","StrikeDummy","HornCleat","MutagenicStrength","Necronomicon","Philosopher\u0027s Stone","The Courier","Art of War","Old Coin","Strawberry"],"acts_visited":["Exordium","TheCity","TheBeyond"],"potions_floor_usage":[],"damage_taken":[{"damage":0.0,"enemies":"Jaw Worm","floor":1.0,"turns":1.0},{"damage":0.0,"enemies":"Cultist","floor":3.0,"turns":1.0},{"damage":0.0,"enemies":"Small Slimes","floor":4.0,"turns":1.0},{"damage":19.0,"enemies":"Gremlin Nob","floor":6.0,"turns":4.0},{"damage":2.0,"enemies":"Looter","floor":7.0,"turns":4.0},{"damage":0.0,"enemies":"Exordium Wildlife","floor":11.0,"turns":3.0},{"damage":0.0,"enemies":"2 Fungi Beasts","floor":13.0,"turns":3.0},{"damage":0.0,"enemies":"Blue Slaver","floor":14.0,"turns":3.0},{"damage":2.0,"enemies":"The Guardian","floor":16.0,"turns":10.0},{"damage":0.0,"enemies":"Chosen","floor":18.0,"turns":3.0},{"damage":9.0,"enemies":"2 Thieves","floor":21.0,"turns":5.0},{"damage":4.0,"enemies":"Gremlin Leader","floor":25.0,"turns":4.0},{"damage":0.0,"enemies":"Sentry and Sphere","floor":31.0,"turns":3.0},{"damage":19.0,"enemies":"Collector","floor":33.0,"turns":9.0},{"damage":0.0,"enemies":"3 Shapes","floor":35.0,"turns":1.0},{"damage":0.0,"enemies":"Orb Walker","floor":37.0,"turns":3.0},{"damage":4.0,"enemies":"Writhing Mass","floor":39.0,"turns":7.0},{"damage":19.0,"enemies":"Reptomancer","floor":40.0,"turns":7.0},{"damage":14.0,"enemies":"Nemesis","floor":42.0,"turns":5.0},{"damage":1.0,"enemies":"Reptomancer","floor":44.0,"turns":5.0},{"damage":0.0,"enemies":"3 Darklings","floor":45.0,"turns":2.0},{"damage":3.0,"enemies":"Spire Growth","floor":46.0,"turns":3.0},{"damage":0,"enemies":"4 Shapes","floor":48,"turns":3},{"damage":90,"enemies":"Time Eater","floor":50,"turns":16}],"seed_played":"7924261105977802439","potions_obtained":[{"floor":1.0,"key":"PowerPotion"},{"floor":4.0,"key":"SpeedPotion"},{"floor":11.0,"key":"PowerPotion"}],"is_trial":false,"path_per_floor":["M","?","M","M","$","E","M","R","T","?","M","R","M","M","R","B",null,"M","?","T","M","?","R","T","E","T","?","$","?","R","M","R","B",null,"M","$","M","$","M","E","R","E","T","E","M","M","R","M","R","B"],"character_chosen":"THE_SILENT","items_purchased":["Phantasmal Killer","Apotheosis","Backflip"],"campfire_rested":3,"item_purchase_floors":[5,28,38],"current_hp_per_floor":[63,63,63,63,63,44,42,42,42,42,42,42,42,42,42,40,63,63,63,63,54,54,54,54,50,50,50,50,34,34,34,55,36,62,62,62,62,62,58,39,60,46,46,52,52,49,72,72,72,0,0],"gold":454,"neow_bonus":"THREE_ENEMY_KILL","is_daily":false,"chose_seed":false,"campfire_upgraded":6,"win_rate":0,"timestamp":1607628878,"path_taken":["M","?","M","?","$","E","M","R","T","?","M","R","M","M","R","BOSS","M","?","?","M","?","R","?","E","T","?","$","?","R","M","R","BOSS","M","$","M","$","M","E","R","E","T","E","M","M","R","M","R","BOSS"],"build_version":"2020-11-30","purchased_purges":2,"victory":false,"max_hp_per_floor":[70,70,70,70,70,70,70,70,70,70,70,70,70,70,70,70,70,70,70,70,70,70,70,70,70,70,70,70,70,70,70,70,70,70,70,70,70,70,70,70,70,70,70,77,77,77,77,77,77,77,77],"card_choices":[{"not_picked":["Sucker Punch","Reflex"],"picked":"Masterful Stab","floor":1.0},{"not_picked":["Noxious Fumes","Concentrate"],"picked":"Prepared","floor":3.0},{"not_picked":["Flying Knee","Dagger Spray"],"picked":"Dash","floor":4.0},{"not_picked":["Dagger Spray","Slice"],"picked":"Malaise","floor":6.0},{"not_picked":["Calculated Gamble","Prepared"],"picked":"Dagger Throw","floor":7.0},{"not_picked":["Escape Plan","Flying Knee"],"picked":"Acrobatics","floor":11.0},{"not_picked":["Cloak And Dagger","Dagger Throw"],"picked":"Well Laid Plans","floor":13.0},{"not_picked":["Flying Knee","Underhanded Strike","All Out Attack"],"picked":"SKIP","floor":14.0},{"not_picked":["Malaise","Bullet Time"],"picked":"Die Die Die","floor":16.0},{"not_picked":["Flying Knee","Cloak And Dagger","Dodge and Roll"],"picked":"SKIP","floor":18.0},{"not_picked":["Endless Agony","Blade Dance","Leg Sweep"],"picked":"SKIP","floor":21.0},{"not_picked":["Dodge and Roll","A Thousand Cuts"],"picked":"Eviscerate","floor":25.0},{"not_picked":["Dagger Spray","Setup"],"picked":"Leg Sweep+1","floor":31.0},{"not_picked":["Burst","A Thousand Cuts"],"picked":"Grand Finale","floor":33.0},{"not_picked":["Backflip","PiercingWail"],"picked":"Reflex+1","floor":35.0},{"not_picked":["Accuracy+1","Flying Knee+1"],"picked":"PiercingWail","floor":37.0},{"not_picked":["Dagger Throw","All Out Attack+1","Noxious Fumes"],"picked":"SKIP","floor":39.0},{"not_picked":["Storm of Steel","Acrobatics","Heel Hook+1"],"picked":"SKIP","floor":40.0},{"not_picked":["Bane+1","Poisoned Stab","Infinite Blades"],"picked":"SKIP","floor":42.0},{"not_picked":["Acrobatics+1","Noxious Fumes","Riddle With Holes+1"],"picked":"SKIP","floor":44.0},{"not_picked":["Dagger Throw","Blade Dance+1","Catalyst"],"picked":"SKIP","floor":45.0},{"not_picked":["PiercingWail","Sucker Punch","Outmaneuver"],"picked":"SKIP","floor":46},{"not_picked":["Deadly Poison","Deflect+1","Underhanded Strike+1"],"picked":"SKIP","floor":48}],"player_experience":439914,"relics_obtained":[{"floor":6.0,"key":"Bag of Marbles"},{"floor":9.0,"key":"Juzu Bracelet"},{"floor":20.0,"key":"Gremlin Horn"},{"floor":24.0,"key":"White Beast Statue"},{"floor":25.0,"key":"StrikeDummy"},{"floor":26.0,"key":"HornCleat"},{"floor":29.0,"key":"Necronomicon"},{"floor":40.0,"key":"The Courier"},{"floor":42.0,"key":"Art of War"},{"floor":43.0,"key":"Old Coin"},{"floor":44.0,"key":"Strawberry"}],"event_choices":[{"damage_healed":0.0,"max_hp_gain":0.0,"max_hp_loss":0.0,"gold_gain":0.0,"event_name":"The Woman in Blue","player_choice":"Bought 0 Potions","floor":2.0,"gold_loss":0.0,"damage_taken":0.0},{"cards_removed":["Strike_G"],"damage_healed":0.0,"max_hp_gain":0.0,"max_hp_loss":0.0,"gold_gain":0.0,"event_name":"Living Wall","player_choice":"Forget","floor":10.0,"gold_loss":0.0,"damage_taken":0.0},{"damage_healed":0.0,"max_hp_gain":0.0,"max_hp_loss":0.0,"gold_gain":0.0,"event_name":"Vampires","player_choice":"Ignored","floor":19.0,"gold_loss":0.0,"damage_taken":0.0},{"damage_healed":0.0,"max_hp_gain":0.0,"max_hp_loss":0.0,"gold_gain":0.0,"event_name":"Ghosts","player_choice":"Ignored","floor":22.0,"gold_loss":0.0,"damage_taken":0.0},{"damage_healed":0.0,"max_hp_gain":0.0,"max_hp_loss":0.0,"gold_gain":0.0,"event_name":"Drug Dealer","player_choice":"Inject Mutagens","floor":27.0,"gold_loss":0.0,"damage_taken":0.0,"relics_obtained":["MutagenicStrength"]},{"damage_healed":0.0,"max_hp_gain":0.0,"max_hp_loss":0.0,"gold_gain":0.0,"event_name":"Cursed Tome","player_choice":"Obtained Book","floor":29.0,"gold_loss":0.0,"damage_taken":16.0}],"is_beta":false,"boss_relics":[{"not_picked":["Calling Bell","SlaversCollar"],"picked":"Sozu"},{"not_picked":["Coffee Dripper","Runic Pyramid"],"picked":"Philosopher\u0027s Stone"}],"items_purged_floors":[5,36],"is_endless":false,"potions_floor_spawned":[1,4,11,18,21,25,31,33,35,37,39,40,42,44,45,46,48],"killed_by":"Time Eater","ascension_level":8}}