{"host":"cyei475933pvpemq","time":1607629811,"event":{"mods":["BaseMod","StSLib","Replay The Spire","Aspiration","BetterRewards","Colored Map","Colored Powertips","Downfall","Googly Eyes","Highlight Path","Hubris","Lobotomy","Better Third Choice","Energized Spire","Mimic Mod","Minty Spire (QoL Compilation)","Hyrulean Relics","Spicy Shops","The Cursed","Uncapped","Spikes Relics","The Bug Knight","Act Like it!"],"gold_per_floor":[110,110,130,148,148,174,174,174,174,193,227,227,240,11,11,110,110,124,124,124,138,138,138,164,184,184,184,184,210,210,244,244,343,343,361,361,361,361,34,69,83,122,190,203,220,220,234,254,254,254,254,254,34,60,60],"floor_reached":56,"playtime":3401,"items_purged":["Writhe"],"score":1098,"play_id":"66cab1a6-a9b6-4abe-ae94-57d5d74be268","local_time":"20201210205011","is_ascension_mode":false,"campfire_choices":[{"floor":23.0,"key":"REST"},{"data":"Creative AI","floor":27.0,"key":"SMITH"},{"floor":30.0,"key":"REST"},{"floor":32.0,"key":"RECALL"},{"data":"Defragment","floor":49,"key":"SMITH"},{"data":"Sadistic Nature","floor":52,"key":"SMITH"}],"circlet_count":0,"master_deck":["Strike_B","Strike_B","Strike_B","Strike_B","Defend_B","Defend_B","Defend_B","Zap","Dualcast","Ball Lightning","White Noise+1","Glacier+1","Genetic Algorithm+1","Cold Snap","Beam Cell+1","Creative AI+1","Chill+1","Conserve Battery+1","RefreshScreen","Consume+1","Sadistic Nature+1","Regret_ego+1","Defragment+1","Thunderclap","sneckomod:UnknownCommonAttack+1","Ball Lightning","Capacitor","ReplayTheSpireMod:IOU","hubris:Ukulele","Purity"],"special_seed":0,"relics":["Cracked Core","Replay:Baseball","Bag of Marbles","CrustySpines","Replay:Bottled Steam","Replay:Antivirus Software","aspiration:BabyByrd","OrangePellets","hubris:TenFootPole","Replay:Bronze Core","hubris:Towel","PrismaticShard","aspiration:EnhancedActuators","HollowMod:LifeEnderRelic","Bottled Lightning","aspiration:Stabinomicon","hubris:Backtick","Runic Capacitor","Membership Card","Geode","Toy Ornithopter","Ginger","Rawhide","hubris:Icosahedron","BargainBundle","Replay:Wax Seal","hubris:BallOfYels","ReplayFunnel","Guide Book","Gremlin Horn"],"acts_visited":["TheBeyond","TheEnding"],"potions_floor_usage":[55,55,55],"damage_taken":[{"damage":0.0,"enemies":"Small Slimes","floor":1.0,"turns":2.0},{"damage":6.0,"enemies":"Jaw Worm","floor":3.0,"turns":3.0},{"damage":1.0,"enemies":"Cultist","floor":4.0,"turns":3.0},{"damage":6.0,"enemies":"3 Sentries","floor":6.0,"turns":9.0},{"damage":5.0,"enemies":"Looter","floor":10.0,"turns":3.0},{"damage":38.0,"enemies":"Gremlin Nob","floor":11.0,"turns":6.0},{"damage":0.0,"enemies":"Large Slime","floor":13.0,"turns":4.0},{"damage":53.0,"enemies":"Fading Forest","floor":16.0,"turns":11.0},{"damage":26.0,"enemies":"3 Byrds","floor":18.0,"turns":5.0},{"damage":4.0,"enemies":"Spheric Guardian","floor":21.0,"turns":4.0},{"damage":7.0,"enemies":"Snake Plant","floor":25.0,"turns":8.0},{"damage":3.0,"enemies":"Slavers","floor":29.0,"turns":7.0},{"damage":0.0,"enemies":"Book of Stabbing","floor":31.0,"turns":5.0},{"damage":36.0,"enemies":"hubris:MusketHawk","floor":33.0,"turns":8.0},{"damage":1,"enemies":"3 Darklings","floor":35,"turns":6},{"damage":0,"enemies":"R_Hoarder","floor":40,"turns":8},{"damage":6,"enemies":"3 Shapes","floor":41,"turns":5},{"damage":0,"enemies":"Maw","floor":42,"turns":7},{"damage":2,"enemies":"Maw","floor":44,"turns":8},{"damage":0,"enemies":"Writhing Mass","floor":45,"turns":6},{"damage":0,"enemies":"Jaw Worm Horde","floor":47,"turns":6},{"damage":0,"enemies":"HollowMod:SlobberingHusk","floor":48,"turns":7},{"damage":10,"enemies":"Replay:Hell Engine","floor":50,"turns":11},{"damage":36,"enemies":"Shield and Spear","floor":54,"turns":7},{"damage":26,"enemies":"The Heart","floor":55,"turns":9}],"seed_played":"-7174221460205421913","potions_obtained":[{"floor":1.0,"key":"Guardian:BlockOnCardUsePotion"},{"floor":3.0,"key":"Fruit Juice"},{"floor":11.0,"key":"Adrenaline Potion"},{"floor":13.0,"key":"LifebloodPotion"},{"floor":16.0,"key":"hexamod:EctoCoolerPotion"},{"floor":18.0,"key":"Regen Potion"},{"floor":33.0,"key":"LiquidMemories"},{"floor":40,"key":"Languid Potion"},{"floor":44,"key":"sneckomod:MuddlingPotion"},{"floor":48,"key":"Fire Potion"}],"is_trial":false,"path_per_floor":["M","$","M","M","?","E","T","?","T","M","E","?","M","$","R_BF","B",null,"M","?","?","M","?","R","T","M","T","R","?","E","R","E","R","B",null,"M","?","?","?","$","E","M","MIM","T","M","M","?","M","M","R","B",null,"R","$","E","B",null],"character_chosen":"DEFECT","items_purchased":["OrangePellets","hubris:TenFootPole","Membership Card","Defragment","Geode","BargainBundle","Ball Lightning","Capacitor","Replay:Wax Seal","hubris:BallOfYels","ReplayFunnel","Guide Book","Fire Potion","hubris:Ukulele","Purity"],"campfire_rested":2,"item_purchase_floors":[14,14,39,39,39,53,53,53,53,53,53,53,53,53,53],"current_hp_per_floor":[75,75,74,73,80,74,74,80,80,75,37,37,37,37,61,18,80,54,54,50,46,46,70,70,63,63,63,63,60,80,80,80,53,80,79,79,79,80,80,80,74,74,74,72,72,72,80,80,80,70,80,80,80,44,33],"gold":60,"neow_bonus":"RANDOM_COMMON_RELIC","is_daily":false,"chose_seed":false,"campfire_upgraded":3,"win_rate":0,"timestamp":1607629811,"path_taken":["M","$","M","M","?","E","?","?","T","?","E","?","M","$","R_BF","BOSS","M","?","?","?","?","R","?","M","T","R","?","E","R","E","R","BOSS","M","?","?","?","?","E","M","?","T","?","M","?","M","M","R","BOSS","R","$","E","BOSS"],"build_version":"2020-11-30","purchased_purges":1,"victory":true,"max_hp_per_floor":[75,75,80,80,80,80,80,80,80,80,80,80,80,80,80,80,80,80,80,80,80,80,80,80,80,80,80,80,80,80,80,80,80,80,80,80,80,80,80,80,80,80,80,80,80,80,80,80,80,80,80,80,80,80,80],"card_choices":[{"not_picked":["Undo","Heatsinks"],"picked":"Ball Lightning","floor":1.0},{"not_picked":["Coolheaded","Sweeping Beam"],"picked":"White Noise","floor":3.0},{"not_picked":["Blizzard","Redo"],"picked":"Glacier","floor":4.0},{"not_picked":["Go for the Eyes","Tempest"],"picked":"Loop","floor":6.0},{"not_picked":["Steam","Rebound"],"picked":"Genetic Algorithm","floor":10.0},{"not_picked":["Compile Driver","Hologram"],"picked":"Cold Snap","floor":11.0},{"not_picked":["Stack","Meteor Strike"],"picked":"Beam Cell","floor":13.0},{"not_picked":["hubris:DoWhile","Thunder Strike"],"picked":"Creative AI","floor":16.0},{"not_picked":["Compile Driver","Consume+1"],"picked":"Chill+1","floor":18.0},{"not_picked":["Steam+1","Stack"],"picked":"Conserve Battery+1","floor":20.0},{"not_picked":["HollowMod:TaintedHusks","sneckomod:RainOfDice+1"],"picked":"RefreshScreen","floor":21.0},{"not_picked":["sneckomod:IronFang","Slimebound:SlimeTap"],"picked":"Consume+1","floor":25.0},{"not_picked":["Gash","Deadly Poison","Stack"],"picked":"SKIP","floor":29.0},{"not_picked":["Steam","Panic Button+1","HollowMod:CycloneSlash"],"picked":"SKIP","floor":31.0},{"not_picked":["Slimebound:Overexert","HollowMod:AwokenDreamNail"],"picked":"Sadistic Nature","floor":33.0},{"not_picked":["JustLucky+1","TheCursedMod:SpitefulStrike+1"],"picked":"Regret_ego+1","floor":35},{"not_picked":["SomewhereSpear","Clash+1","Iron Wave"],"picked":"SKIP","floor":40},{"not_picked":["Slimebound:Nibble","hubris:Ssssneak"],"picked":"Thunderclap","floor":41},{"not_picked":["Searing Blow+1","HollowMod:DescendingDark+1","hexamod:FastForward"],"picked":"SKIP","floor":44},{"not_picked":["FrostShard","TheCursedMod:TacticalStrike+1","Hello World"],"picked":"SKIP","floor":45},{"not_picked":["Dagger Spray+1","Horn"],"picked":"sneckomod:UnknownCommonAttack+1","floor":47},{"not_picked":["Replay:Undeath\u0027s Touch","HollowMod:PerfectDash","Stack"],"picked":"SKIP","floor":48},{"not_picked":["EmptyFist","HollowMod:DoubleDash","ShadowRift"],"picked":"SKIP","floor":54}],"player_experience":297468,"relics_obtained":[{"floor":6.0,"key":"Bag of Marbles"},{"floor":7.0,"key":"CrustySpines"},{"floor":9.0,"key":"Replay:Bottled Steam"},{"floor":11.0,"key":"Replay:Antivirus Software"},{"floor":20.0,"key":"PrismaticShard"},{"floor":24.0,"key":"aspiration:EnhancedActuators"},{"floor":26.0,"key":"HollowMod:LifeEnderRelic"},{"floor":29.0,"key":"Bottled Lightning"},{"floor":31.0,"key":"aspiration:Stabinomicon"},{"floor":40,"key":"Toy Ornithopter"},{"floor":42,"key":"Ginger"},{"floor":43,"key":"Rawhide"},{"floor":54,"key":"Gremlin Horn"}],"event_choices":[{"cards_removed":["Loop"],"damage_healed":6.0,"max_hp_gain":0.0,"max_hp_loss":0.0,"gold_gain":0.0,"event_name":"Bonfire Elementals","player_choice":"Offered Uncommon","floor":8.0,"gold_loss":0.0,"damage_taken":0.0},{"damage_healed":0.0,"max_hp_gain":0.0,"max_hp_loss":0.0,"gold_gain":0.0,"event_name":"Cursed Tome","player_choice":"Ignored","floor":22.0,"gold_loss":0.0,"damage_taken":0.0},{"damage_healed":0.0,"max_hp_gain":0.0,"max_hp_loss":0.0,"gold_gain":0.0,"event_name":"betterThird:BetterWriting","player_choice":"Adaptability","floor":28.0,"gold_loss":0.0,"damage_taken":0.0},{"cards_removed":["Defend_B"],"damage_healed":0,"gold_gain":0,"player_choice":"Removed Skill","damage_taken":0,"max_hp_gain":0,"max_hp_loss":0,"event_name":"Falling","floor":36,"gold_loss":0},{"damage_healed":20,"gold_gain":0,"player_choice":"Writhe","damage_taken":0,"max_hp_gain":0,"max_hp_loss":0,"event_name":"Winding Halls","floor":38,"gold_loss":0,"cards_obtained":["Writhe"]}],"is_beta":false,"boss_relics":[{"not_picked":["hubris:ScarierMask","ChewingGum"],"picked":"Replay:Bronze Core"},{"not_picked":["Sandwich","Abe\u0027s Treasure"],"picked":"hubris:Backtick"}],"items_purged_floors":[53],"is_endless":false,"potions_floor_spawned":[1,3,11,13,16,18,21,25,29,33,40,44,48],"ascension_level":0}}