{"host":"3y2rtlgteqp2nuo3","time":1607598796,"event":{"gold_per_floor":[110,35,45,62,78,78,113,125,137,184,196,158,170,182,194,206,206],"floor_reached":16,"playtime":311,"items_purged":["Strike_B"],"score":173,"play_id":"56991c55-db91-46f1-8a96-0b0221b42419","local_time":"20201210201316","is_ascension_mode":true,"campfire_choices":[{"data":"Static Discharge","floor":6.0,"key":"SMITH"},{"data":"Reboot","floor":11.0,"key":"SMITH"},{"data":"Dualcast","floor":13.0,"key":"SMITH"},{"data":"Conserve Battery","floor":15,"key":"SMITH"}],"neow_cost":"NONE","seed_source_timestamp":1422688330116500,"circlet_count":0,"master_deck":["AscendersBane","Strike_B","Defend_B","Defend_B","Defend_B","Defend_B","Zap+1","Dualcast+1","Coolheaded+1","Turbo","Chill","Static Discharge+1","Reboot+1","Conserve Battery+1"],"special_seed":0,"relics":["Cracked Core","MawBank","White Beast Statue","Blue Candle"],"potions_floor_usage":[16,16],"damage_taken":[{"damage":1.0,"enemies":"Cultist","floor":1.0,"turns":3.0},{"damage":1.0,"enemies":"2 Louse","floor":3.0,"turns":3.0},{"damage":0.0,"enemies":"Small Slimes","floor":4.0,"turns":4.0},{"damage":7.0,"enemies":"Red Slaver","floor":5.0,"turns":4.0},{"damage":18.0,"enemies":"Lagavulin","floor":7.0,"turns":8.0},{"damage":18.0,"enemies":"Gremlin Nob","floor":10.0,"turns":3.0},{"damage":16,"enemies":"Slime Boss","floor":16,"turns":6}],"seed_played":"4935953996469224870","potions_obtained":[{"floor":4.0,"key":"Fire Potion"},{"floor":5.0,"key":"PowerPotion"},{"floor":7.0,"key":"ColorlessPotion"},{"floor":10.0,"key":"Fire Potion"}],"is_trial":false,"path_per_floor":["M","$","M","M","M","R","E","?","T","E","R","?","R","?","R","B"],"character_chosen":"DEFECT","items_purchased":[],"campfire_rested":0,"item_purchase_floors":[],"current_hp_per_floor":[67,67,66,66,59,59,41,41,41,23,23,23,23,23,23,7,7],"gold":206,"neow_bonus":"UPGRADE_CARD","is_prod":false,"is_daily":false,"chose_seed":false,"campfire_upgraded":4,"win_rate":0,"timestamp":1607598796,"path_taken":["M","$","M","M","M","R","E","?","T","E","R","?","R","?","R","BOSS"],"build_version":"2020-11-30","purchased_purges":1,"victory":false,"max_hp_per_floor":[75,75,75,75,75,75,75,75,75,75,75,75,75,75,75,75,75],"card_choices":[{"not_picked":["Genetic Algorithm","Darkness"],"picked":"Coolheaded","floor":1.0},{"not_picked":["Redo","Steam"],"picked":"Turbo","floor":3.0},{"not_picked":["Hello World","Compile Driver"],"picked":"Chill","floor":4.0},{"not_picked":["Steam Power","Heatsinks"],"picked":"Static Discharge","floor":5.0},{"not_picked":["Steam","Barrage"],"picked":"Reboot","floor":7.0},{"not_picked":["Coolheaded","Recycle"],"picked":"Conserve Battery","floor":10.0}],"player_experience":853580,"relics_obtained":[{"floor":7.0,"key":"MawBank"},{"floor":9.0,"key":"White Beast Statue"},{"floor":10.0,"key":"Blue Candle"}],"event_choices":[{"damage_healed":0.0,"max_hp_gain":0.0,"max_hp_loss":0.0,"gold_gain":0.0,"event_name":"Living Wall","player_choice":"Grow","floor":8.0,"gold_loss":0.0,"damage_taken":0.0,"cards_upgraded":["Coolheaded"]},{"cards_removed":["Strike_B"],"damage_healed":0.0,"max_hp_gain":0.0,"max_hp_loss":0.0,"gold_gain":0.0,"event_name":"The Cleric","player_choice":"Card Removal","floor":12.0,"gold_loss":50.0,"damage_taken":0.0},{"cards_removed":["Strike_B"],"damage_healed":0.0,"max_hp_gain":0.0,"max_hp_loss":0.0,"gold_gain":0.0,"event_name":"Purifier","player_choice":"Purged","floor":14.0,"gold_loss":0.0,"damage_taken":0.0}],"is_beta":false,"boss_relics":[],"items_purged_floors":[2],"is_endless":false,"potions_floor_spawned":[4,5,7,10],"killed_by":"Slime Boss","ascension_level":12}}