{"host":"6ko66ogg91i6g7xq","time":1607635722,"event":{"mods":["BaseMod","StSLib","Downfall","Hermit","Minty Spire (QoL Compilation)","Relic Stats","AchievementEnabler","Colored Powertips","The Jungle","Quick Restart","Act Like it!","everything is the same but u backflip on backflip","Colored Map"],"gold_per_floor":[118,193,193,203,102,102,130,405,405,405,421,432,432,463,463,560,560,570,570,520,538,140,140,170,170,170,185,205,205,205,205],"floor_reached":30,"playtime":716,"items_purged":[],"score":356,"play_id":"797db4bf-8cc3-4071-8570-153a513276b7","local_time":"20201210162842","is_ascension_mode":true,"campfire_choices":[{"floor":6,"key":"RECALL"},{"data":"1","floor":10,"key":"LIFT"},{"data":"2","floor":13,"key":"LIFT"},{"floor":15,"key":"REST"},{"data":"3","floor":23,"key":"LIFT"},{"floor":25,"key":"REST"}],"circlet_count":0,"master_deck":["Strike_G","Strike_G","Strike_G","Strike_G","Defend_G","Defend_G","Defend_G","Defend_G","Defend_G","Survivor","Neutralize","Crippling Poison","Blade Dance","Noxious Fumes","Blade Dance","Finisher","Backflip","Storm of Steel","Blade Dance","Blade Dance","Dagger Spray","Caltrops+1","Sucker Punch+1"],"relics":["Ring of the Snake","NeowsBlessing","CultistMask","Girya","Lizard Tail","Empty Cage","Bottled Tornado","Gremlin Horn","Akabeko"],"acts_visited":["Exordium","TheCity"],"potions_floor_usage":[16,18,24,27,29],"damage_taken":[{"damage":0,"enemies":"Small Slimes","floor":1,"turns":1},{"damage":0,"enemies":"2 Louse","floor":4,"turns":1},{"damage":0,"enemies":"3 Sentries","floor":7,"turns":1},{"damage":0,"enemies":"Cultist","floor":11,"turns":3},{"damage":14,"enemies":"Red Slaver","floor":12,"turns":4},{"damage":22,"enemies":"Gremlin Nob","floor":14,"turns":4},{"damage":41,"enemies":"The Guardian","floor":16,"turns":10},{"damage":1,"enemies":"3 Byrds","floor":18,"turns":4},{"damage":0,"enemies":"Chosen","floor":21,"turns":3},{"damage":36,"enemies":"Slavers","floor":24,"turns":3},{"damage":22,"enemies":"Sentry and Sphere","floor":27,"turns":4},{"damage":1,"enemies":"3 Cultists","floor":28,"turns":3},{"damage":10,"enemies":"Gremlin Leader","floor":29,"turns":2},{"damage":0,"enemies":"Snake Plant","floor":30,"turns":2}],"seed_played":"4994711237773650544","potions_obtained":[{"floor":4,"key":"SpeedPotion"},{"floor":12,"key":"Weak Potion"},{"floor":14,"key":"Swift Potion"},{"floor":18,"key":"hexamod:EctoCoolerPotion"},{"floor":24,"key":"FearPotion"}],"is_trial":false,"path_per_floor":["M","?","?","M","$","R","E","?","T","R","M","M","R","E","R","B",null,"M","?","?","M","$","R","E","R","T","M","M","E","M"],"character_chosen":"THE_SILENT","items_purchased":["Noxious Fumes","Blade Dance","SmokeBomb","Bottled Tornado","Dagger Spray"],"campfire_rested":2,"item_purchase_floors":[5,5,22,22,22],"current_hp_per_floor":[70,59,59,59,59,59,59,59,59,59,59,45,45,23,44,3,70,69,69,69,69,69,69,33,54,54,32,31,21,21,21],"gold":205,"neow_bonus":"THREE_ENEMY_KILL","is_daily":false,"chose_seed":false,"campfire_upgraded":0,"win_rate":0.0,"timestamp":1607635722,"path_taken":["M","?","?","?","?","R","E","?","T","R","M","?","R","E","R","BOSS","M","?","?","M","$","R","E","R","T","M","M","E","?"],"build_version":"2020-11-30","purchased_purges":0,"victory":false,"max_hp_per_floor":[70,70,70,70,70,70,70,70,70,70,70,70,70,70,70,70,70,70,70,70,70,70,70,70,70,70,70,70,70,70,70],"relic_stats":{"Lizard Tail":0,"Gremlin Horn":[3,3],"counters":[14,45],"obtain_stats":[{"Girya":7,"Lizard Tail":14,"NeowsBlessing":0,"Gremlin Horn":24,"CultistMask":3,"Bottled Tornado":22,"Empty Cage":17,"Akabeko":26,"Ring of the Snake":0},{"Girya":3,"Lizard Tail":6,"NeowsBlessing":0,"Gremlin Horn":10,"CultistMask":1,"Bottled Tornado":9,"Empty Cage":7,"Akabeko":10,"Ring of the Snake":0},{"Girya":3,"Lizard Tail":14,"NeowsBlessing":0,"Gremlin Horn":34,"CultistMask":1,"Bottled Tornado":31,"Empty Cage":24,"Akabeko":34,"Ring of the Snake":0}],"Ring of the Snake":[28]},"card_choices":[{"not_picked":["PiercingWail","Bane"],"picked":"Crippling Poison","floor":1},{"not_picked":["Dagger Throw","Eviscerate"],"picked":"Blade Dance","floor":4},{"not_picked":["Outmaneuver","Choke"],"picked":"Finisher","floor":7},{"not_picked":["Footwork","Flying Knee"],"picked":"Backflip","floor":11},{"not_picked":["PiercingWail","Acrobatics","Flying Knee"],"picked":"SKIP","floor":12},{"not_picked":["Bane","Quick Slash","Deflect"],"picked":"SKIP","floor":14},{"not_picked":["Tools of the Trade","Malaise"],"picked":"Storm of Steel","floor":16},{"not_picked":["Underhanded Strike","Deflect"],"picked":"Blade Dance","floor":18},{"not_picked":["Underhanded Strike","Outmaneuver"],"picked":"Blade Dance","floor":21},{"not_picked":["Dagger Throw+1","Bane+1","Deflect+1"],"picked":"SKIP","floor":24},{"not_picked":["PiercingWail","Well Laid Plans+1"],"picked":"Caltrops+1","floor":27},{"not_picked":["Reflex","Flying Knee"],"picked":"Sucker Punch+1","floor":28}],"player_experience":256023,"relics_obtained":[{"floor":7,"key":"Girya"},{"floor":14,"key":"Lizard Tail"},{"floor":24,"key":"Gremlin Horn"},{"floor":26,"key":"Akabeko"}],"event_choices":[{"damage_healed":0,"gold_gain":75,"player_choice":"Gather Gold","damage_taken":11,"max_hp_gain":0,"max_hp_loss":0,"event_name":"World of Goop","floor":2,"gold_loss":0},{"damage_healed":0,"gold_gain":0,"player_choice":"Trade","damage_taken":0,"relics_obtained":["CultistMask"],"max_hp_gain":0,"max_hp_loss":0,"event_name":"FaceTrader","floor":3,"gold_loss":0},{"damage_healed":0,"gold_gain":275,"player_choice":"Desecrate","damage_taken":0,"max_hp_gain":0,"max_hp_loss":0,"event_name":"Golden Shrine","floor":8,"gold_loss":0,"cards_obtained":["Regret"]},{"damage_healed":0,"gold_gain":0,"player_choice":"Ignored","damage_taken":0,"max_hp_gain":0,"max_hp_loss":0,"event_name":"Beggar","floor":19,"gold_loss":0},{"damage_healed":0,"gold_gain":0,"player_choice":"Bet on Murderer","damage_taken":0,"max_hp_gain":0,"max_hp_loss":0,"event_name":"The Joust","floor":20,"gold_loss":50}],"is_beta":false,"boss_relics":[{"not_picked":["Pandora\u0027s Box","Ectoplasm"],"picked":"Empty Cage"}],"items_purged_floors":[],"is_endless":false,"potions_floor_spawned":[4,12,14,18,24],"killed_by":"Snake Plant","ascension_level":2}}