{"host":"3a1ypf1irl30q4k8","time":1607609018,"event":{"mods":["BaseMod","Bestiary","AchievementEnabler","Relic Stats","Colored Map","Minty Spire (QoL Compilation)"],"gold_per_floor":[111,128,147,164,114,114,148,165,239,239,272,44,55,75,75,172,172,190,190,140,156,6,6,33,50,102,112,112,138,153,153,153,258,258,275,24,24,24,44,44,72,72,72,72,72,72,72,88,88,88],"floor_reached":51,"playtime":3498,"items_purged":["Strike_B","Doubt"],"score":912,"play_id":"9d4781dc-64e1-4a5c-b405-54091c19992b","local_time":"20201210140338","is_ascension_mode":true,"campfire_choices":[{"data":"Redo","floor":6.0,"key":"SMITH"},{"floor":10.0,"key":"REST"},{"floor":15.0,"key":"REST"},{"floor":23.0,"key":"REST"},{"floor":32.0,"key":"REST"},{"data":"Biased Cognition","floor":40,"key":"SMITH"},{"data":"Fission","floor":42,"key":"SMITH"},{"floor":47,"key":"RECALL"},{"floor":49,"key":"REST"}],"circlet_count":0,"master_deck":["Zap+1","Dualcast+1","Redo+1","BootSequence+1","Chaos+1","Leap+1","Chaos+1","Leap+1","Recycle+1","Hello World+1","Heatsinks+1","Amplify+1","Defragment+1","Ball Lightning+1","Biased Cognition+1","Machine Learning+1","Core Surge+1","Defragment+1","Doom and Gloom+1","Compile Driver+1","Self Repair+1","Auto Shields+1","Capacitor+1","Reprogram+1","Barrage+1","Fission+1","Chill+1","Blizzard+1","Biased Cognition+1","Consume+1","Echo Form+1","Ball Lightning+1"],"special_seed":0,"relics":["Cracked Core","Bag of Preparation","Mummified Hand","Incense Burner","Pandora\u0027s Box","Enchiridion","Smiling Mask","Whetstone","Eternal Feather","Astrolabe","DollysMirror","Oddly Smooth Stone","Centennial Puzzle","Mark of the Bloom"],"acts_visited":["TheBeyond"],"potions_floor_usage":[44,44,44],"damage_taken":[{"damage":1.0,"enemies":"2 Louse","floor":1.0,"turns":2.0},{"damage":6.0,"enemies":"Small Slimes","floor":2.0,"turns":3.0},{"damage":2.0,"enemies":"Jaw Worm","floor":3.0,"turns":3.0},{"damage":11.0,"enemies":"Lots of Slimes","floor":4.0,"turns":5.0},{"damage":18.0,"enemies":"3 Sentries","floor":7.0,"turns":8.0},{"damage":0.0,"enemies":"3 Louse","floor":8.0,"turns":4.0},{"damage":23.0,"enemies":"Gremlin Nob","floor":11.0,"turns":5.0},{"damage":9.0,"enemies":"Exordium Wildlife","floor":13.0,"turns":5.0},{"damage":0.0,"enemies":"Large Slime","floor":14.0,"turns":4.0},{"damage":1.0,"enemies":"Slime Boss","floor":16.0,"turns":10.0},{"damage":28.0,"enemies":"3 Byrds","floor":18.0,"turns":4.0},{"damage":6.0,"enemies":"Shell Parasite","floor":21.0,"turns":3.0},{"damage":16.0,"enemies":"Book of Stabbing","floor":24.0,"turns":4.0},{"damage":22.0,"enemies":"Snake Plant","floor":25.0,"turns":4.0},{"damage":2.0,"enemies":"Centurion and Healer","floor":27.0,"turns":5.0},{"damage":5.0,"enemies":"Colosseum Slavers","floor":28.0,"turns":4.0},{"damage":0.0,"enemies":"Cultist and Chosen","floor":30.0,"turns":4.0},{"damage":2.0,"enemies":"Champ","floor":33.0,"turns":7.0},{"damage":19,"enemies":"3 Darklings","floor":35,"turns":4},{"damage":4,"enemies":"3 Shapes","floor":39,"turns":4},{"damage":18,"enemies":"Reptomancer","floor":41,"turns":5},{"damage":0,"enemies":"Transient","floor":44,"turns":4},{"damage":13,"enemies":"Jaw Worm Horde","floor":48,"turns":4},{"damage":49,"enemies":"Donu and Deca","floor":50,"turns":8}],"seed_played":"-8272294060267339459","potions_obtained":[{"floor":2.0,"key":"BlessingOfTheForge"},{"floor":4.0,"key":"SmokeBomb"},{"floor":7.0,"key":"Weak Potion"},{"floor":8.0,"key":"SkillPotion"},{"floor":16.0,"key":"EssenceOfSteel"},{"floor":18.0,"key":"GamblersBrew"},{"floor":25.0,"key":"Fruit Juice"},{"floor":27.0,"key":"Fire Potion"},{"floor":33.0,"key":"Energy Potion"}],"is_trial":false,"path_per_floor":["M","M","M","M","?","R","E","M","T","R","E","$","M","M","R","B",null,"M","?","?","M","$","R","E","M","T","M","?","T","M","?","R","B",null,"M","$","?","$","M","R","E","R","T","M","?","?","R","M","R","B",null],"character_chosen":"DEFECT","items_purchased":["Heatsinks","Amplify","Auto Shields","Capacitor","DollysMirror","Fire Potion"],"campfire_rested":5,"item_purchase_floors":[12,12,22,22,36,36],"current_hp_per_floor":[67,61,59,48,48,48,30,30,30,52,29,29,20,20,42,41,67,39,23,23,17,17,39,30,15,15,25,20,20,20,20,59,64,76,64,64,64,64,67,76,65,76,76,76,76,76,76,63,63,14],"gold":88,"neow_bonus":"THREE_CARDS","is_daily":false,"chose_seed":false,"campfire_upgraded":3,"win_rate":0,"timestamp":1607609018,"path_taken":["M","M","M","M","?","R","E","M","T","R","E","$","M","M","R","BOSS","M","?","?","?","$","R","E","M","T","M","?","?","M","?","R","BOSS","M","$","?","$","M","R","E","R","T","M","?","?","R","?","R","BOSS"],"build_version":"2020-11-30","purchased_purges":2,"victory":true,"max_hp_per_floor":[75,75,75,75,75,75,75,75,75,75,75,75,75,75,75,75,75,75,75,75,75,75,75,75,75,75,80,80,80,80,80,80,80,80,80,80,76,76,76,76,76,76,76,76,76,76,76,76,76,76],"relic_stats":{"Centennial Puzzle":[6],"Mark of the Bloom":78,"counters":[24,113],"Mummified Hand":[169],"Astrolabe":["Chill","Blizzard","Doubt"],"Pandora\u0027s Box":["Machine Learning","Hello World","Hello World","Core Surge","Defragment","Doom and Gloom"],"Eternal Feather":35,"Bag of Preparation":[38],"Whetstone":["Core Surge","Ball Lightning"],"Smiling Mask":50,"obtain_stats":[{"Mark of the Bloom":45,"Astrolabe":34,"Enchiridion":19,"Oddly Smooth Stone":41,"Eternal Feather":31,"Bag of Preparation":7,"Incense Burner":11,"Whetstone":26,"Smiling Mask":24,"Centennial Puzzle":43,"Mummified Hand":9,"DollysMirror":36,"Pandora\u0027s Box":17,"Cracked Core":0},{"Mark of the Bloom":22,"Astrolabe":18,"Enchiridion":11,"Oddly Smooth Stone":21,"Eternal Feather":17,"Bag of Preparation":5,"Incense Burner":7,"Whetstone":14,"Smiling Mask":13,"Centennial Puzzle":21,"Mummified Hand":6,"DollysMirror":19,"Pandora\u0027s Box":10,"Cracked Core":0},{"Mark of the Bloom":101,"Astrolabe":84,"Enchiridion":53,"Oddly Smooth Stone":97,"Eternal Feather":77,"Bag of Preparation":21,"Incense Burner":30,"Whetstone":64,"Smiling Mask":60,"Centennial Puzzle":97,"Mummified Hand":25,"DollysMirror":88,"Pandora\u0027s Box":49,"Cracked Core":0}]},"card_choices":[{"not_picked":["Hologram","Turbo"],"picked":"Redo","floor":0.0},{"not_picked":["Stack","Streamline"],"picked":"BootSequence","floor":1.0},{"not_picked":["Rebound","Undo"],"picked":"Chaos","floor":2.0},{"not_picked":["Scrape","Conserve Battery"],"picked":"Leap","floor":3.0},{"not_picked":["Glacier","Cold Snap"],"picked":"Chaos","floor":4.0},{"not_picked":["Blizzard","Stack"],"picked":"Leap","floor":7.0},{"not_picked":["Glacier","Fusion"],"picked":"Recycle","floor":8.0},{"not_picked":["Force Field","Barrage"],"picked":"Hello World","floor":11.0},{"not_picked":["Loop","Turbo"],"picked":"Defragment","floor":13.0},{"not_picked":["Chill","BootSequence"],"picked":"Ball Lightning","floor":14.0},{"not_picked":["Core Surge","Multi-Cast"],"picked":"Biased Cognition","floor":16.0},{"not_picked":["Darkness","Beam Cell"],"picked":"Compile Driver","floor":18.0},{"not_picked":["Rebound","Compile Driver"],"picked":"Self Repair","floor":21.0},{"not_picked":["Go for the Eyes+1","Rebound+1","Redo"],"picked":"SKIP","floor":24.0},{"not_picked":["Turbo","Rebound"],"picked":"Reprogram","floor":25.0},{"not_picked":["Hologram","Blizzard"],"picked":"Barrage","floor":27.0},{"not_picked":["Rip and Tear","Leap","Gash+1"],"picked":"SKIP","floor":30.0},{"not_picked":["Buffer","Core Surge"],"picked":"Fission","floor":33.0},{"not_picked":["Streamline+1","Reinforced Body","Rebound"],"picked":"SKIP","floor":35},{"not_picked":["Redo","Stack+1"],"picked":"Consume+1","floor":39},{"not_picked":["Darkness+1","Hologram+1"],"picked":"Echo Form","floor":41},{"not_picked":["White Noise","Conserve Battery+1"],"picked":"Ball Lightning+1","floor":48}],"player_experience":805142,"relics_obtained":[{"floor":7.0,"key":"Bag of Preparation"},{"floor":9.0,"key":"Mummified Hand"},{"floor":11.0,"key":"Incense Burner"},{"floor":19.0,"key":"Enchiridion"},{"floor":24.0,"key":"Smiling Mask"},{"floor":26.0,"key":"Whetstone"},{"floor":41,"key":"Oddly Smooth Stone"},{"floor":43,"key":"Centennial Puzzle"}],"event_choices":[{"cards_removed":["Strike_B"],"damage_healed":0.0,"max_hp_gain":0.0,"max_hp_loss":0.0,"gold_gain":0.0,"event_name":"The Cleric","player_choice":"Card Removal","floor":5.0,"gold_loss":50.0,"damage_taken":0.0},{"damage_healed":0.0,"max_hp_gain":0.0,"max_hp_loss":0.0,"gold_gain":0.0,"event_name":"Cursed Tome","player_choice":"Obtained Book","floor":19.0,"gold_loss":0.0,"damage_taken":16.0},{"damage_healed":0.0,"max_hp_gain":0.0,"max_hp_loss":0.0,"gold_gain":0.0,"event_name":"The Joust","player_choice":"Bet on Murderer","floor":20.0,"gold_loss":50.0,"damage_taken":0.0},{"damage_healed":0.0,"max_hp_gain":0.0,"max_hp_loss":0.0,"gold_gain":0.0,"event_name":"Colosseum","player_choice":"Fight","floor":28.0,"gold_loss":0.0,"damage_taken":0.0},{"damage_healed":0.0,"max_hp_gain":0.0,"max_hp_loss":0.0,"gold_gain":0.0,"event_name":"Colosseum","player_choice":"Fled From Nobs","floor":28.0,"gold_loss":0.0,"damage_taken":0.0},{"damage_healed":0.0,"max_hp_gain":0.0,"max_hp_loss":0.0,"gold_gain":0.0,"event_name":"The Mausoleum","player_choice":"Opened","floor":31.0,"gold_loss":0.0,"damage_taken":0.0,"relics_obtained":["Eternal Feather"],"cards_obtained":["Writhe"]},{"damage_healed":0,"gold_gain":0,"player_choice":"Max HP","damage_taken":0,"max_hp_gain":0,"max_hp_loss":4,"event_name":"Winding Halls","floor":37,"gold_loss":0},{"damage_healed":0,"gold_gain":0,"player_choice":"Upgrade","damage_taken":0,"relics_obtained":["Mark of the Bloom"],"max_hp_gain":0,"max_hp_loss":0,"event_name":"MindBloom","floor":45,"gold_loss":0,"cards_upgraded":["Zap","Dualcast","BootSequence","Chaos","Leap","Chaos","Leap","Recycle","Hello World","Heatsinks","Amplify","Defragment","Biased Cognition","Machine Learning","Defragment","Doom and Gloom","Compile Driver","Self Repair","Auto Shields","Capacitor","Reprogram","Barrage","Echo Form"]},{"damage_healed":0,"gold_gain":0,"player_choice":"Ignored","damage_taken":0,"max_hp_gain":0,"max_hp_loss":0,"event_name":"SecretPortal","floor":46,"gold_loss":0}],"is_beta":false,"boss_relics":[{"not_picked":["Cursed Key","Velvet Choker"],"picked":"Pandora\u0027s Box"},{"not_picked":["Busted Crown","Snecko Eye"],"picked":"Astrolabe"}],"items_purged_floors":[12,36],"is_endless":false,"potions_floor_spawned":[2,4,7,8,16,18,25,27,33,39,41,44],"ascension_level":7}}