{"host":"ocllwaoi18j60ltd","time":1607621371,"event":{"mods":["BaseMod","Quick Restart","StSLib","SuperFastMode","DeckTracker","Permanent Neow","Minty Spire (QoL Compilation)"],"gold_per_floor":[119,135,147,158,158,176,176,205,278,292,52,52,66,66,66],"floor_reached":14,"playtime":317,"items_purged":["Strike_B"],"score":188,"play_id":"4df7aa72-7b0c-4beb-aee7-6fbfa8bb54d6","local_time":"20201211022931","is_ascension_mode":true,"campfire_choices":[{"floor":7.0,"key":"REST"}],"circlet_count":0,"master_deck":["AscendersBane","Strike_B","Strike_B","Defend_B","Defend_B","Defend_B","Defend_B","Zap","Dualcast","Streamline","Rebound","Doom and Gloom","Sweeping Beam","Turbo","Coolheaded","Compile Driver","Rainbow","Biased Cognition"],"special_seed":0,"relics":["Cracked Core","Tiny Chest","Kunai","White Beast Statue","Runic Capacitor"],"acts_visited":["Exordium"],"potions_floor_usage":[14],"damage_taken":[{"damage":1.0,"enemies":"Cultist","floor":1.0,"turns":3.0},{"damage":2.0,"enemies":"2 Louse","floor":2.0,"turns":2.0},{"damage":9.0,"enemies":"Small Slimes","floor":3.0,"turns":3.0},{"damage":16.0,"enemies":"Blue Slaver","floor":4.0,"turns":4.0},{"damage":19.0,"enemies":"Large Slime","floor":6.0,"turns":5.0},{"damage":18.0,"enemies":"3 Sentries","floor":8.0,"turns":4.0},{"damage":11.0,"enemies":"Exordium Thugs","floor":10.0,"turns":4.0},{"damage":18,"enemies":"Exordium Wildlife","floor":13,"turns":4},{"damage":17,"enemies":"Lagavulin","floor":14,"turns":3}],"seed_played":"-5619081034559575134","potions_obtained":[{"floor":3.0,"key":"FairyPotion"},{"floor":8.0,"key":"Strength Potion"},{"floor":10.0,"key":"Energy Potion"},{"floor":13,"key":"GamblersBrew"}],"is_trial":false,"path_per_floor":["M","M","M","M","T","M","R","E","T","M","$","?","M","E"],"character_chosen":"DEFECT","items_purchased":["Runic Capacitor"],"campfire_rested":1,"item_purchase_floors":[11],"current_hp_per_floor":[63,61,52,36,36,17,38,20,20,9,9,9,13,0,0],"gold":66,"neow_bonus":"TRANSFORM_CARD","is_daily":false,"chose_seed":false,"campfire_upgraded":0,"win_rate":0,"timestamp":1607621371,"path_taken":["M","M","M","M","?","M","R","E","T","M","$","?","M","E"],"build_version":"2020-11-30","purchased_purges":1,"victory":false,"max_hp_per_floor":[71,71,71,71,71,71,71,71,71,71,71,71,71,71,71],"card_choices":[{"not_picked":["Stack","Hologram"],"picked":"Rebound","floor":1.0},{"not_picked":["White Noise","Hologram"],"picked":"Doom and Gloom","floor":2.0},{"not_picked":["Leap","Streamline"],"picked":"Sweeping Beam","floor":3.0},{"not_picked":["Cold Snap","Rip and Tear"],"picked":"Turbo","floor":4.0},{"not_picked":["Barrage","Steam Power"],"picked":"Coolheaded","floor":6.0},{"not_picked":["Sweeping Beam","Leap"],"picked":"Compile Driver","floor":8.0},{"not_picked":["Undo","Turbo"],"picked":"Rainbow","floor":10.0},{"not_picked":["Doom and Gloom","Scrape","Melter"],"picked":"SKIP","floor":13}],"player_experience":825198,"relics_obtained":[{"floor":5.0,"key":"Tiny Chest"},{"floor":8.0,"key":"Kunai"},{"floor":9.0,"key":"White Beast Statue"}],"event_choices":[{"damage_healed":0,"gold_gain":0,"player_choice":"1 cards matched","damage_taken":0,"max_hp_gain":0,"max_hp_loss":0,"event_name":"Match and Keep!","floor":12,"gold_loss":0,"cards_obtained":["Biased Cognition"]}],"is_beta":false,"boss_relics":[],"items_purged_floors":[11],"is_endless":false,"potions_floor_spawned":[3,8,10,13],"killed_by":"Lagavulin","ascension_level":20}}