{"host":"s6mlqkqtr3ey2mm2","time":1607641158,"event":{"mods":["BaseMod","StSLib","2.2 Compatiblity","AchievementEnabler","GifTheSpireLib","BetterRewards","Colored Map","Hubris","Quick Restart","Replay The Spire","Colored Powertips","Conspire","Minty Spire (QoL Compilation)","Aspiration","Downfall","Halation","Hermit","Shade Mod","The Poker Player","Beaked The Cultist","The Construct","Better Note","Ironclad Rager","The IronCluck","The Necromancer","The Cursed","Infinite Spire","Energized Spire","Marked Mod","Spicy Shops","Stuff the Spire","The Blue Laboratory","The Runesmith","vexMod","The Servant 0.9.4","The Valiant","Somnambulant"],"gold_per_floor":[99,8,8,8,25,25,25,38,38,38,38],"floor_reached":10,"playtime":423,"items_purged":[],"score":54,"play_id":"6d5d62c2-bd03-4ff6-8f07-cf059f6f52d6","local_time":"20201210175918","is_ascension_mode":false,"campfire_choices":[{"floor":1,"key":"RECALL"},{"data":"Slimebound:Grow","floor":3,"key":"SMITH"},{"data":"Slimebound:FirmFortitude","floor":9,"key":"SMITH"}],"circlet_count":0,"master_deck":["Slimebound:Strike_Slimebound","Slimebound:Strike_Slimebound","Slimebound:Strike_Slimebound","Slimebound:Tackle","Slimebound:Defend_Slimebound","Slimebound:Defend_Slimebound+1","Slimebound:Defend_Slimebound","Slimebound:Defend_Slimebound","Slimebound:Split","Slimebound:CorrosiveSpit","Slimebound:Grow+1","Slimebound:FirmFortitude+1","Slimebound:FirmFortitude"],"relics":["Slimebound:AbsorbEndCombat","hubris:BottledRain","infinitespire:Lychee Nut"],"acts_visited":["Exordium"],"potions_floor_usage":[],"damage_taken":[{"damage":7,"enemies":"downfall:FleeingMerchant","floor":2,"turns":4},{"damage":7,"enemies":"Cultist","floor":5,"turns":3},{"damage":0,"enemies":"Small Slimes","floor":8,"turns":3},{"damage":0,"enemies":"3 Sentries","floor":10,"turns":1}],"seed_played":"501387423608175870","potions_obtained":[],"is_trial":false,"path_per_floor":["R","$","R","T","M","?","T","M","R","E"],"character_chosen":"SLIMEBOUND","items_purchased":["Slimebound:Grow"],"campfire_rested":0,"item_purchase_floors":[2],"current_hp_per_floor":[66,66,66,66,66,66,49,49,49,49,49],"gold":38,"neow_bonus":"TEN_PERCENT_HP_BONUS","is_daily":false,"chose_seed":false,"campfire_upgraded":2,"win_rate":0.0,"timestamp":1607641158,"path_taken":["R","$","R","?","M","?","T","?","R","E"],"build_version":"2020-11-30","purchased_purges":0,"victory":false,"max_hp_per_floor":[66,66,66,66,66,66,49,49,49,49,49],"card_choices":[{"not_picked":["Slimebound:MegaLick","Slimebound:RollThrough"],"picked":"Slimebound:FirmFortitude","floor":5},{"not_picked":["Slimebound:Repurpose","Slimebound:SlimeBrawl"],"picked":"Slimebound:FirmFortitude","floor":8}],"player_experience":34283,"relics_obtained":[{"floor":4,"key":"hubris:BottledRain"},{"floor":7,"key":"infinitespire:Lychee Nut"}],"event_choices":[],"is_beta":false,"boss_relics":[],"items_purged_floors":[],"is_endless":false,"potions_floor_spawned":[],"killed_by":"3 Sentries","ascension_level":0}}