{"host":"6ko66ogg91i6g7xq","time":1607577142,"event":{"gold_per_floor":[112,112,112,129,129,129,163,163,209,228,248,201,201,201,201,321,321,321],"floor_reached":17,"playtime":333,"items_purged":[],"score":196,"play_id":"925ba05b-a83d-44c8-aad3-f052612d0b87","local_time":"20201210001222","is_ascension_mode":true,"campfire_choices":[{"floor":6,"key":"RECALL"},{"data":"Neutralize","floor":8,"key":"SMITH"},{"data":"Survivor","floor":15,"key":"SMITH"}],"neow_cost":"NONE","seed_source_timestamp":206433443383000,"circlet_count":0,"master_deck":["Strike_G","Strike_G","Strike_G","Strike_G","Strike_G","Defend_G","Defend_G","Defend_G","Defend_G","Defend_G","Survivor+1","Neutralize+1","Leg Sweep+1","Catalyst+1","Poisoned Stab+1","Dagger Spray+1","Adrenaline"],"relics":["Ring of the Snake","NeowsBlessing","Molten Egg 2","Tiny Chest","Golden Idol","WristBlade"],"potions_floor_usage":[11],"damage_taken":[{"damage":0,"enemies":"Cultist","floor":1,"turns":1},{"damage":0,"enemies":"Jaw Worm","floor":4,"turns":1},{"damage":0,"enemies":"Gremlin Nob","floor":7,"turns":1},{"damage":0,"enemies":"Small Slimes","floor":10,"turns":2},{"damage":7,"enemies":"Gremlin Gang","floor":11,"turns":8},{"damage":20,"enemies":"Hexaghost","floor":16,"turns":10}],"seed_played":"4404863923037420081","potions_obtained":[{"floor":1,"key":"EssenceOfSteel"},{"floor":4,"key":"Swift Potion"}],"is_trial":false,"path_per_floor":["M","T","?","M","?","R","E","R","T","M","M","$","?","?","R","B",null],"character_chosen":"THE_SILENT","items_purchased":["Dagger Spray+1"],"campfire_rested":0,"item_purchase_floors":[12],"current_hp_per_floor":[70,70,70,70,70,70,70,70,70,70,63,63,63,46,46,26,70,70],"gold":321,"neow_bonus":"THREE_ENEMY_KILL","is_prod":false,"is_daily":false,"chose_seed":false,"campfire_upgraded":2,"win_rate":0,"timestamp":1607577142,"path_taken":["M","?","?","M","?","R","E","R","T","?","M","$","?","?","R","BOSS"],"build_version":"2020-11-30","purchased_purges":0,"victory":false,"max_hp_per_floor":[70,70,70,70,70,70,70,70,70,70,70,70,70,70,70,70,70,70],"relic_stats":{"counters":[6,23],"Golden Idol":24,"Tiny Chest":0,"obtain_stats":[{"NeowsBlessing":0,"WristBlade":17,"Golden Idol":14,"Molten Egg 2":7,"Tiny Chest":9,"Ring of the Snake":0},{"NeowsBlessing":0,"WristBlade":6,"Golden Idol":5,"Molten Egg 2":3,"Tiny Chest":3,"Ring of the Snake":0},{"NeowsBlessing":0,"WristBlade":23,"Golden Idol":13,"Molten Egg 2":3,"Tiny Chest":3,"Ring of the Snake":0}],"Ring of the Snake":[12]},"card_choices":[{"not_picked":["PiercingWail","Backflip"],"picked":"Leg Sweep","floor":1},{"not_picked":["Calculated Gamble","Blade Dance"],"picked":"Catalyst","floor":4},{"not_picked":["Night Terror","Dagger Throw+1"],"picked":"Poisoned Stab+1","floor":7},{"not_picked":["Reflex","Cloak And Dagger","Deflect"],"picked":"SKIP","floor":10},{"not_picked":["Underhanded Strike+1","Outmaneuver","Quick Slash+1"],"picked":"SKIP","floor":11},{"not_picked":["Malaise","Venomology"],"picked":"Adrenaline","floor":16}],"player_experience":252548,"relics_obtained":[{"floor":7,"key":"Molten Egg 2"},{"floor":9,"key":"Tiny Chest"}],"event_choices":[{"damage_healed":0,"gold_gain":0,"player_choice":"Grow","damage_taken":0,"max_hp_gain":0,"max_hp_loss":0,"event_name":"Living Wall","floor":3,"gold_loss":0,"cards_upgraded":["Leg Sweep"]},{"damage_healed":0,"gold_gain":0,"player_choice":"Upgraded","damage_taken":0,"max_hp_gain":0,"max_hp_loss":0,"event_name":"Upgrade Shrine","floor":5,"gold_loss":0,"cards_upgraded":["Catalyst"]},{"damage_healed":0,"gold_gain":0,"player_choice":"Leave","damage_taken":0,"max_hp_gain":0,"max_hp_loss":0,"event_name":"The Cleric","floor":13,"gold_loss":0},{"damage_healed":0,"gold_gain":0,"player_choice":"Take Damage","damage_taken":17,"relics_obtained":["Golden Idol"],"max_hp_gain":0,"max_hp_loss":0,"event_name":"Golden Idol","floor":14,"gold_loss":0}],"is_beta":false,"boss_relics":[{"not_picked":["Snecko Eye","Sozu"],"picked":"WristBlade"}],"items_purged_floors":[],"is_endless":false,"potions_floor_spawned":[1,4],"ascension_level":2}}