{"host":"idmgg8r816nmas40","time":1607591655,"event":{"gold_per_floor":[114,129,147,165,185,185,213,213,239,389,18,18,34,64,64,139,139,155,80,80,93,30,60,60,99,99,44,81,92,92,116,116,116,116],"floor_reached":33,"playtime":1466,"items_purged":["Doubt"],"score":774,"play_id":"ae85f5f4-6f0f-4462-bc05-5c1e12bb310f","local_time":"20201210021415","is_ascension_mode":true,"campfire_choices":[{"floor":6,"key":"REST"},{"floor":8,"key":"REST"},{"data":"Defragment","floor":12,"key":"SMITH"},{"floor":15,"key":"REST"},{"floor":24,"key":"REST"},{"floor":30,"key":"REST"},{"data":"Biased Cognition","floor":32,"key":"SMITH"}],"neow_cost":"","seed_source_timestamp":1813088128798,"circlet_count":0,"master_deck":["AscendersBane","Strike_B","Strike_B","Strike_B","Defend_B","Defend_B","Defend_B","Defend_B","Zap","Dualcast","Defragment+1","Coolheaded","Ball Lightning","Sunder","Barrage","Doom and Gloom","Glacier","Sweeping Beam","Loop","Cold Snap","Conserve Battery","Biased Cognition+1","CurseOfTheBell","White Noise","Self Repair","Gash","Self Repair+1","Streamline+1","Cold Snap"],"relics":["Cracked Core","Mango","Odd Mushroom","Oddly Smooth Stone","MealTicket","Bronze Scales","Calling Bell","PreservedInsect","The Courier","Bird Faced Urn","Nilry\u0027s Codex","Strawberry","Bottled Tornado","CeramicFish","Frozen Egg 2","Regal Pillow"],"potions_floor_usage":[5,7,13,18,33],"damage_taken":[{"damage":2,"enemies":"Cultist","floor":1,"turns":4},{"damage":15,"enemies":"Small Slimes","floor":2,"turns":3},{"damage":2,"enemies":"Jaw Worm","floor":3,"turns":5},{"damage":16,"enemies":"Looter","floor":4,"turns":4},{"damage":0,"enemies":"2 Fungi Beasts","floor":5,"turns":2},{"damage":6,"enemies":"The Mushroom Lair","floor":7,"turns":3},{"damage":8,"enemies":"Exordium Thugs","floor":13,"turns":5},{"damage":20,"enemies":"Lagavulin","floor":14,"turns":6},{"damage":30,"enemies":"Hexaghost","floor":16,"turns":9},{"damage":17,"enemies":"Shell Parasite","floor":18,"turns":5},{"damage":0,"enemies":"Chosen","floor":21,"turns":5},{"damage":23,"enemies":"Gremlin Leader","floor":23,"turns":6},{"damage":32,"enemies":"Book of Stabbing","floor":25,"turns":5},{"damage":63,"enemies":"Gremlin Leader","floor":28,"turns":6},{"damage":30,"enemies":"Sentry and Sphere","floor":29,"turns":6},{"damage":51,"enemies":"Shelled Parasite and Fungi","floor":31,"turns":8},{"damage":126,"enemies":"Collector","floor":33,"turns":15}],"seed_played":"5187353993092584669","potions_obtained":[{"floor":1,"key":"Energy Potion"},{"floor":3,"key":"Explosive Potion"},{"floor":5,"key":"DuplicationPotion"},{"floor":16,"key":"Strength Potion"},{"floor":23,"key":"FairyPotion"},{"floor":25,"key":"LiquidMemories"}],"is_trial":false,"path_per_floor":["M","M","M","M","M","R","?","R","T","?","$","R","M","E","R","B",null,"M","?","?","M","?","E","R","E","T","$","E","M","R","M","R","B"],"character_chosen":"DEFECT","items_purchased":["Defragment","MealTicket","Sweeping Beam","Loop","Self Repair+1"],"campfire_rested":5,"item_purchase_floors":[0,11,11,11,27],"current_hp_per_floor":[68,53,51,35,35,60,54,79,79,79,79,79,71,51,76,46,75,64,64,43,47,54,41,68,49,49,64,34,39,81,61,61,0,0],"gold":116,"neow_bonus":"","is_prod":false,"is_daily":false,"chose_seed":false,"campfire_upgraded":2,"win_rate":0,"timestamp":1607591655,"path_taken":["M","?","M","M","M","R","?","R","T","?","$","R","M","E","R","BOSS","M","?","?","M","?","E","R","E","T","$","E","M","R","?","R","BOSS"],"build_version":"2020-11-30","purchased_purges":1,"victory":false,"max_hp_per_floor":[85,85,85,85,85,85,85,85,85,85,85,85,85,85,85,85,85,85,85,85,85,92,92,92,92,92,92,92,92,92,92,92,92,92],"relic_stats":{"Regal Pillow":15,"counters":[293,1366],"Bronze Scales":[237],"Bird Faced Urn":[100],"CeramicFish":63,"MealTicket":15,"PreservedInsect":134,"obtain_stats":[{"TwistedFunnel":5,"Spirit Poop":19,"Whetstone":36,"Ginger":0,"Bottled Tornado":26,"Boot":19,"Sling":36,"Blood Vial":14,"Sundial":45,"MealTicket":29,"HandDrill":0,"Necronomicon":30,"Kunai":26,"Pear":9,"Blue Candle":52,"Eternal Feather":43,"Pen Nib":10,"Paper Crane":22,"Akabeko":53,"SlaversCollar":17,"MutagenicStrength":24,"Bird Faced Urn":17,"StrikeDummy":9,"Ring of the Serpent":17,"Unceasing Top":0,"Lantern":25,"Regal Pillow":10,"Torii":0,"Singing Bowl":26,"StoneCalendar":11,"Bag of Preparation":7,"Ancient Tea Set":29,"Smiling Mask":25,"Matryoshka":14,"Shovel":0,"WristBlade":17,"WingedGreaves":0,"InkBottle":48,"Ring of the Snake":0,"Potion Belt":43,"Inserter":17,"Golden Idol":3,"Damaru":0,"Thread and Needle":0,"PreservedInsect":12,"The Courier":7,"Omamori":20,"Frozen Egg 2":9,"MawBank":9,"GoldenEye":40,"Busted Crown":34,"Ornamental Fan":48,"Bloody Idol":19,"Orrery":27,"Turnip":2,"Art of War":26,"Bottled Lightning":13,"Toy Ornithopter":40,"Calipers":26,"Gremlin Horn":48,"Nilry\u0027s Codex":20,"CeramicFish":46,"HoveringKite":17,"Vajra":41,"Centennial Puzzle":27,"Lizard Tail":39,"HornCleat":26,"FaceOfCleric":0,"Strawberry":46,"Philosopher\u0027s Stone":17,"Prayer Wheel":42,"Toxic Egg 2":45,"Girya":34,"Happy Flower":4,"Dead Branch":12,"Oddly Smooth Stone":6,"Letter Opener":29,"WarpedTongs":4,"Du-Vu Doll":34,"OrangePellets":4,"Bottled Flame":25,"Shuriken":37,"Bronze Scales":8,"Molten Egg 2":11,"Black Star":17,"Meat on the Bone":27,"Darkstone Periapt":22,"SacredBark":17,"Melange":0,"Mango":36,"Snake Skull":26,"Juzu Bracelet":9,"Incense Burner":24,"CloakClasp":42,"TeardropLocket":40,"Empty Cage":17,"PrismaticShard":0,"Frozen Eye":37,"Dream Catcher":6,"Nunchaku":23,"Tough Bandages":0,"Gambling Chip":26,"Pantograph":0,"Tiny Chest":0,"Red Mask":19,"Cracked Core":0,"Orichalcum":13,"Odd Mushroom":7,"Medical Kit":45,"Mercury Hourglass":26,"Peace Pipe":0,"Calling Bell":34,"Anchor":7,"HolyWater":34,"Bag of Marbles":11,"Membership Card":22,"PureWater":21,"FossilizedHelix":0,"TungstenRod":0},{"TwistedFunnel":1,"Spirit Poop":139,"Whetstone":96,"Ginger":248,"Bottled Tornado":91,"Boot":16,"Sling":70,"Blood Vial":86,"Sundial":152,"MealTicket":120,"HandDrill":79,"Necronomicon":120,"Kunai":197,"Pear":59,"Blue Candle":77,"Eternal Feather":151,"Pen Nib":217,"Paper Crane":18,"Akabeko":129,"SlaversCollar":87,"MutagenicStrength":19,"Bird Faced Urn":285,"StrikeDummy":27,"Ring of the Serpent":31,"Unceasing Top":157,"Lantern":34,"Regal Pillow":136,"Torii":79,"Singing Bowl":141,"StoneCalendar":189,"Bag of Preparation":42,"Ancient Tea Set":51,"Smiling Mask":64,"Matryoshka":30,"Shovel":52,"WristBlade":15,"WingedGreaves":157,"InkBottle":154,"Ring of the Snake":0,"Potion Belt":180,"Inserter":244,"Golden Idol":1,"Damaru":79,"Thread and Needle":104,"PreservedInsect":59,"The Courier":251,"Omamori":88,"Frozen Egg 2":43,"MawBank":3,"GoldenEye":97,"Busted Crown":95,"Ornamental Fan":76,"Bloody Idol":257,"Orrery":34,"Turnip":22,"Art of War":64,"Bottled Lightning":60,"Toy Ornithopter":71,"Calipers":20,"Gremlin Horn":154,"Nilry\u0027s Codex":286,"CeramicFish":75,"HoveringKite":46,"Vajra":206,"Centennial Puzzle":50,"Lizard Tail":71,"HornCleat":118,"FaceOfCleric":7,"Strawberry":181,"Philosopher\u0027s Stone":61,"Prayer Wheel":151,"Toxic Egg 2":98,"Girya":202,"Happy Flower":1,"Dead Branch":4,"Oddly Smooth Stone":26,"Letter Opener":92,"WarpedTongs":214,"Du-Vu Doll":175,"OrangePellets":25,"Bottled Flame":20,"Shuriken":96,"Bronze Scales":27,"Molten Egg 2":59,"Black Star":192,"Meat on the Bone":65,"Darkstone Periapt":62,"SacredBark":220,"Melange":212,"Mango":146,"Snake Skull":34,"Juzu Bracelet":11,"Incense Burner":49,"CloakClasp":180,"TeardropLocket":149,"Empty Cage":114,"PrismaticShard":212,"Frozen Eye":96,"Dream Catcher":2,"Nunchaku":19,"Tough Bandages":38,"Gambling Chip":49,"Pantograph":131,"Tiny Chest":79,"Red Mask":167,"Cracked Core":0,"Orichalcum":5,"Odd Mushroom":161,"Medical Kit":98,"Mercury Hourglass":34,"Peace Pipe":21,"Calling Bell":175,"Anchor":11,"HolyWater":145,"Bag of Marbles":111,"Membership Card":18,"PureWater":116,"FossilizedHelix":79,"TungstenRod":104},{"TwistedFunnel":4,"Spirit Poop":678,"Whetstone":494,"Ginger":1134,"Bottled Tornado":459,"Boot":84,"Sling":368,"Blood Vial":432,"Sundial":732,"MealTicket":602,"HandDrill":410,"Necronomicon":602,"Kunai":909,"Pear":305,"Blue Candle":400,"Eternal Feather":727,"Pen Nib":999,"Paper Crane":91,"Akabeko":643,"SlaversCollar":442,"MutagenicStrength":98,"Bird Faced Urn":1310,"StrikeDummy":141,"Ring of the Serpent":163,"Unceasing Top":764,"Lantern":177,"Regal Pillow":666,"Torii":410,"Singing Bowl":685,"StoneCalendar":871,"Bag of Preparation":224,"Ancient Tea Set":263,"Smiling Mask":336,"Matryoshka":152,"Shovel":271,"WristBlade":77,"WingedGreaves":764,"InkBottle":742,"Ring of the Snake":0,"Potion Belt":832,"Inserter":1111,"Golden Idol":4,"Damaru":410,"Thread and Needle":540,"PreservedInsect":305,"The Courier":1147,"Omamori":446,"Frozen Egg 2":228,"MawBank":14,"GoldenEye":500,"Busted Crown":486,"Ornamental Fan":389,"Bloody Idol":1180,"Orrery":177,"Turnip":108,"Art of War":336,"Bottled Lightning":312,"Toy Ornithopter":373,"Calipers":103,"Gremlin Horn":742,"Nilry\u0027s Codex":1315,"CeramicFish":386,"HoveringKite":243,"Vajra":950,"Centennial Puzzle":260,"Lizard Tail":373,"HornCleat":593,"FaceOfCleric":38,"Strawberry":836,"Philosopher\u0027s Stone":324,"Prayer Wheel":727,"Toxic Egg 2":503,"Girya":930,"Happy Flower":4,"Dead Branch":17,"Oddly Smooth Stone":128,"Letter Opener":465,"WarpedTongs":988,"Du-Vu Doll":812,"OrangePellets":120,"Bottled Flame":103,"Shuriken":494,"Bronze Scales":141,"Molten Egg 2":305,"Black Star":887,"Meat on the Bone":339,"Darkstone Periapt":329,"SacredBark":1010,"Melange":983,"Mango":704,"Snake Skull":177,"Juzu Bracelet":54,"Incense Burner":257,"CloakClasp":832,"TeardropLocket":716,"Empty Cage":582,"PrismaticShard":983,"Frozen Eye":494,"Dream Catcher":12,"Nunchaku":98,"Tough Bandages":202,"Gambling Chip":257,"Pantograph":649,"Tiny Chest":410,"Red Mask":791,"Cracked Core":0,"Orichalcum":23,"Odd Mushroom":775,"Medical Kit":503,"Mercury Hourglass":177,"Peace Pipe":106,"Calling Bell":812,"Anchor":54,"HolyWater":702,"Bag of Marbles":570,"Membership Card":91,"PureWater":586,"FossilizedHelix":410,"TungstenRod":540}]},"card_choices":[{"not_picked":["Hologram","Recycle"],"picked":"Coolheaded","floor":1},{"not_picked":["Reprogram","Leap"],"picked":"Ball Lightning","floor":2},{"not_picked":["Capacitor","Fusion"],"picked":"Sunder","floor":3},{"not_picked":["Aggregate","Compile Driver"],"picked":"Barrage","floor":4},{"not_picked":["Steam","Coolheaded"],"picked":"Doom and Gloom","floor":5},{"not_picked":["Sweeping Beam","Barrage"],"picked":"Glacier","floor":7},{"not_picked":["Leap","Stack"],"picked":"Cold Snap","floor":13},{"not_picked":["Steam","Barrage"],"picked":"Conserve Battery","floor":14},{"not_picked":["Seek","Hyperbeam"],"picked":"Biased Cognition","floor":16},{"not_picked":["Rebound","Redo","Coolheaded"],"picked":"SKIP","floor":18},{"not_picked":["Leap","Gash"],"picked":"White Noise","floor":21},{"not_picked":["Amplify","Streamline"],"picked":"Self Repair","floor":23},{"not_picked":["FTL","Stack"],"picked":"Gash","floor":25},{"not_picked":["Compile Driver","Conserve Battery"],"picked":"Streamline+1","floor":28},{"not_picked":["Consume","Redo","Thunder Strike"],"picked":"SKIP","floor":29},{"not_picked":["Sweeping Beam","Lockon"],"picked":"Cold Snap","floor":31}],"player_experience":990032,"relics_obtained":[{"floor":7,"key":"Odd Mushroom"},{"floor":9,"key":"Oddly Smooth Stone"},{"floor":14,"key":"Bronze Scales"},{"floor":17,"key":"PreservedInsect"},{"floor":17,"key":"The Courier"},{"floor":17,"key":"Bird Faced Urn"},{"floor":20,"key":"Nilry\u0027s Codex"},{"floor":23,"key":"Bottled Tornado"},{"floor":25,"key":"CeramicFish"},{"floor":26,"key":"Frozen Egg 2"},{"floor":28,"key":"Regal Pillow"}],"event_choices":[{"damage_healed":0,"gold_gain":0,"player_choice":"Fought Mushrooms","damage_taken":0,"max_hp_gain":0,"max_hp_loss":0,"event_name":"Mushrooms","floor":7,"gold_loss":0},{"damage_healed":0,"gold_gain":150,"player_choice":"AGREE","damage_taken":0,"max_hp_gain":0,"max_hp_loss":0,"event_name":"Liars Game","floor":10,"gold_loss":0,"cards_obtained":["Doubt"]},{"cards_removed":["Strike_B"],"damage_healed":0,"gold_gain":0,"player_choice":"Gave Gold","damage_taken":0,"max_hp_gain":0,"max_hp_loss":0,"event_name":"Beggar","floor":19,"gold_loss":75},{"damage_healed":0,"gold_gain":0,"player_choice":"Obtained Book","damage_taken":21,"max_hp_gain":0,"max_hp_loss":0,"event_name":"Cursed Tome","floor":20,"gold_loss":0},{"damage_healed":0,"gold_gain":0,"player_choice":"Paid Gold","damage_taken":0,"relics_obtained":["Strawberry"],"max_hp_gain":0,"max_hp_loss":0,"event_name":"WeMeetAgain","floor":22,"gold_loss":63}],"is_beta":false,"boss_relics":[{"not_picked":["SlaversCollar","Runic Pyramid"],"picked":"Calling Bell"}],"items_purged_floors":[11],"is_endless":false,"potions_floor_spawned":[1,3,5,16,23,25],"killed_by":"Collector","ascension_level":17}}