{"host":"cjhtzh7tp54jdfyv","time":1607591688,"event":{"gold_per_floor":[99,99,99,22,0,0,0,0,0,0,0],"floor_reached":10,"playtime":460,"items_purged":[],"score":136,"play_id":"f5afb1a1-c31b-4918-9f32-19a716f5e8aa","local_time":"20201210041448","is_ascension_mode":true,"campfire_choices":[{"data":"Predator","floor":8,"key":"SMITH"}],"neow_cost":"NONE","seed_source_timestamp":742230730439900,"circlet_count":0,"master_deck":["AscendersBane","Strike_G","Strike_G+1","Strike_G","Strike_G","Strike_G","Defend_G","Defend_G","Defend_G","Defend_G","Defend_G","Survivor","Neutralize","Dagger Spray+1","Predator+1","PiercingWail","Bouncing Flask","Noxious Fumes"],"relics":["Ectoplasm","Pear","Blood Vial"],"potions_floor_usage":[6,10],"damage_taken":[{"damage":0,"enemies":"Small Slimes","floor":1,"turns":5},{"damage":0,"enemies":"Cultist","floor":2,"turns":4},{"damage":0,"enemies":"2 Louse","floor":3,"turns":3},{"damage":9,"enemies":"Exordium Thugs","floor":5,"turns":4},{"damage":14,"enemies":"Lagavulin","floor":6,"turns":5},{"damage":31,"enemies":"Gremlin Nob","floor":10,"turns":3}],"seed_played":"-6056366236300527694","potions_obtained":[{"floor":5,"key":"Fire Potion"},{"floor":6,"key":"CunningPotion"}],"is_trial":false,"path_per_floor":["M","M","M","$","M","E","?","R","T","E"],"character_chosen":"THE_SILENT","items_purchased":["Bouncing Flask"],"campfire_rested":0,"item_purchase_floors":[4],"current_hp_per_floor":[59,59,59,59,50,46,23,23,23,0,0],"gold":0,"neow_bonus":"BOSS_RELIC","is_prod":false,"is_daily":false,"chose_seed":false,"campfire_upgraded":1,"win_rate":0,"timestamp":1607591688,"path_taken":["M","M","M","$","M","E","?","R","T","E"],"build_version":"2020-11-30","purchased_purges":0,"victory":false,"max_hp_per_floor":[66,66,66,66,66,76,76,76,76,76,76],"card_choices":[{"not_picked":["PiercingWail","Dagger Throw"],"picked":"Dagger Spray","floor":1},{"not_picked":["Dash","Dodge and Roll"],"picked":"Predator","floor":2},{"not_picked":["Finisher","Backflip"],"picked":"PiercingWail","floor":3},{"not_picked":["Backflip","Outmaneuver","Setup"],"picked":"SKIP","floor":5},{"not_picked":["PiercingWail","Phantasmal Killer"],"picked":"Noxious Fumes","floor":6}],"player_experience":4089477,"relics_obtained":[{"floor":6,"key":"Pear"},{"floor":9,"key":"Blood Vial"}],"event_choices":[{"damage_healed":0,"gold_gain":0,"player_choice":"Entered Light","damage_taken":23,"max_hp_gain":0,"max_hp_loss":0,"event_name":"Shining Light","floor":7,"gold_loss":0,"cards_upgraded":["Strike_G","Dagger Spray"]}],"is_beta":false,"boss_relics":[],"items_purged_floors":[],"is_endless":false,"potions_floor_spawned":[5,6],"killed_by":"Gremlin Nob","ascension_level":20}}