{"host":"lsq35p0sdkx2xifo","time":1607568835,"event":{"gold_per_floor":[116,130,143,68,86,117,117,117,117,160,184,197,60,60,60,154,154,154,154,1,1,1,1,1,1],"floor_reached":24,"playtime":1413,"items_purged":["Strike_G","Defend_G"],"score":347,"play_id":"f47d535c-b91f-45c7-866e-0c1bf229ff83","local_time":"20201209185355","is_ascension_mode":true,"campfire_choices":[{"floor":7,"key":"REST"},{"floor":15,"key":"REST"},{"floor":23,"key":"REST"}],"neow_cost":"NONE","seed_source_timestamp":1962971525572100,"circlet_count":0,"master_deck":["AscendersBane","Strike_G","Strike_G","Strike_G","Strike_G","Defend_G","Defend_G","Defend_G","Defend_G","Survivor","Neutralize","Malaise","Caltrops","Flying Knee","Infinite Blades","Heel Hook","Blade Dance","Malaise","Outmaneuver","Caltrops","Well Laid Plans","Bullet Time","Blade Dance","Cloak And Dagger","Accuracy","Choke","Terror","Noxious Fumes"],"relics":["Ring of the Snake","Pocketwatch","Golden Idol","Lizard Tail","Dead Branch","Ectoplasm"],"potions_floor_usage":[5,11,12],"damage_taken":[{"damage":1,"enemies":"2 Louse","floor":1,"turns":3},{"damage":4,"enemies":"Small Slimes","floor":2,"turns":4},{"damage":0,"enemies":"Cultist","floor":3,"turns":5},{"damage":0,"enemies":"Lots of Slimes","floor":5,"turns":1},{"damage":31,"enemies":"Lagavulin","floor":6,"turns":11},{"damage":32,"enemies":"Gremlin Nob","floor":10,"turns":5},{"damage":9,"enemies":"Large Slime","floor":11,"turns":6},{"damage":11,"enemies":"Gremlin Gang","floor":12,"turns":5},{"damage":24,"enemies":"Slime Boss","floor":16,"turns":9},{"damage":7,"enemies":"3 Byrds","floor":18,"turns":4},{"damage":0,"enemies":"Chosen","floor":19,"turns":4},{"damage":28,"enemies":"Snecko","floor":21,"turns":4},{"damage":23,"enemies":"Cultist and Chosen","floor":22,"turns":6},{"damage":24,"enemies":"Slavers","floor":24,"turns":1}],"seed_played":"470660448037404275","potions_obtained":[{"floor":2,"key":"Explosive Potion"},{"floor":6,"key":"Explosive Potion"},{"floor":10,"key":"BlessingOfTheForge"},{"floor":18,"key":"Fire Potion"}],"is_trial":false,"path_per_floor":["M","M","M","$","M","E","R","?","T","E","M","M","$","?","R","B",null,"M","M","$","M","M","R","E"],"character_chosen":"THE_SILENT","items_purchased":["Well Laid Plans","Accuracy","Choke"],"campfire_rested":3,"item_purchase_floors":[13,20,20],"current_hp_per_floor":[62,58,58,58,58,27,48,48,48,16,7,28,28,33,54,30,60,53,53,53,25,2,23,0,0],"gold":1,"neow_bonus":"ONE_RANDOM_RARE_CARD","is_prod":false,"is_daily":false,"chose_seed":false,"campfire_upgraded":0,"win_rate":0,"timestamp":1607568835,"path_taken":["M","M","M","$","M","E","R","?","T","E","M","M","$","?","R","BOSS","M","M","$","M","M","R","E"],"build_version":"2020-11-30","purchased_purges":2,"victory":false,"max_hp_per_floor":[70,70,70,70,70,70,70,65,65,65,65,65,65,70,70,70,70,70,70,70,70,70,70,70,70],"card_choices":[{"not_picked":["Flying Knee","Sucker Punch"],"picked":"Caltrops","floor":1},{"not_picked":["Catalyst","PiercingWail"],"picked":"Flying Knee","floor":2},{"not_picked":["Prepared","PiercingWail"],"picked":"Infinite Blades","floor":3},{"not_picked":["Prepared","Deadly Poison"],"picked":"Heel Hook","floor":5},{"not_picked":["Catalyst","Dodge and Roll"],"picked":"Blade Dance","floor":6},{"not_picked":["Acrobatics","Sucker Punch"],"picked":"Malaise","floor":10},{"not_picked":["Reflex","Prepared"],"picked":"Outmaneuver","floor":11},{"not_picked":["Glass Knife","Backflip"],"picked":"Caltrops","floor":12},{"not_picked":["Night Terror","Malaise"],"picked":"Bullet Time","floor":16},{"not_picked":["Flying Knee","Escape Plan"],"picked":"Blade Dance","floor":18},{"not_picked":["Quick Slash","Bane+1"],"picked":"Cloak And Dagger","floor":19},{"not_picked":["Catalyst","Expertise"],"picked":"Terror","floor":21},{"not_picked":["Deadly Poison","Dagger Throw"],"picked":"Noxious Fumes","floor":22}],"player_experience":1316953,"relics_obtained":[{"floor":6,"key":"Pocketwatch"},{"floor":9,"key":"Lizard Tail"},{"floor":10,"key":"Dead Branch"}],"event_choices":[{"damage_healed":0,"gold_gain":0,"player_choice":"Lose Max HP","damage_taken":0,"relics_obtained":["Golden Idol"],"max_hp_gain":0,"max_hp_loss":5,"event_name":"Golden Idol","floor":8,"gold_loss":0},{"damage_healed":0,"gold_gain":0,"player_choice":"Donut","damage_taken":0,"max_hp_gain":5,"max_hp_loss":0,"event_name":"Big Fish","floor":14,"gold_loss":0}],"is_beta":false,"boss_relics":[{"not_picked":["theSenshi:MoonKaleidoScopeRelic","Runic Dome"],"picked":"Ectoplasm"}],"items_purged_floors":[4,13],"is_endless":false,"potions_floor_spawned":[2,6,10,18],"killed_by":"Slavers","ascension_level":13}}