{"host":"t7mx8yfj1no5p62f","time":1607575090,"event":{"gold_per_floor":[112,187,187,197,42,42,72,82,82,116,116,132,132,145,145,219,219,191,191,13,32,32,32],"floor_reached":22,"playtime":735,"items_purged":["Strike_G","Strike_G"],"score":438,"play_id":"6c6a53b2-ad1e-4a39-95cb-146001e62c6b","local_time":"20201209233810","is_ascension_mode":true,"campfire_choices":[{"data":"Bouncing Flask","floor":6.0,"key":"SMITH"},{"data":"Deadly Poison","floor":11.0,"key":"SMITH"},{"data":"Leg Sweep","floor":15.0,"key":"SMITH"}],"neow_cost":"NONE","seed_source_timestamp":42490520084700,"circlet_count":0,"master_deck":["AscendersBane","Strike_G","Strike_G","Strike_G","Defend_G","Defend_G","Defend_G","Defend_G","Defend_G","Survivor","Neutralize","Flying Knee","Blade Dance","Bouncing Flask+1","Dagger Throw","Leg Sweep+1","Deadly Poison+1","Caltrops+1","Blur","Venomology","Backflip","Noxious Fumes+1","Noxious Fumes+1","Acrobatics"],"special_seed":0,"relics":["Ring of the Snake","NeowsBlessing","Meat on the Bone","Frozen Egg 2","Question Card","Dream Catcher","Philosopher\u0027s Stone"],"potions_floor_usage":[22,22],"damage_taken":[{"damage":0.0,"enemies":"Jaw Worm","floor":1.0,"turns":1.0},{"damage":0.0,"enemies":"2 Louse","floor":4.0,"turns":1.0},{"damage":0.0,"enemies":"Lagavulin","floor":7.0,"turns":1.0},{"damage":4.0,"enemies":"Small Slimes","floor":8.0,"turns":3.0},{"damage":37.0,"enemies":"3 Sentries","floor":10.0,"turns":10.0},{"damage":3.0,"enemies":"2 Fungi Beasts","floor":12.0,"turns":4.0},{"damage":0.0,"enemies":"Looter","floor":14.0,"turns":4.0},{"damage":26.0,"enemies":"Hexaghost","floor":16.0,"turns":7.0},{"damage":17.0,"enemies":"2 Thieves","floor":18.0,"turns":4.0},{"damage":0.0,"enemies":"Chosen","floor":21.0,"turns":5.0},{"damage":47,"enemies":"Masked Bandits","floor":22,"turns":3}],"seed_played":"2086171475099278312","potions_obtained":[{"floor":4.0,"key":"FearPotion"},{"floor":7.0,"key":"Poison Potion"},{"floor":10.0,"key":"EntropicBrew"},{"floor":16.0,"key":"Ancient Potion"},{"floor":18.0,"key":"PowerPotion"}],"is_trial":false,"path_per_floor":["M","?","?","M","$","R","E","M","T","E","R","M","?","M","R","B",null,"M","?","$","M","?"],"character_chosen":"THE_SILENT","items_purchased":["Bouncing Flask","Noxious Fumes+1"],"campfire_rested":0,"item_purchase_floors":[5,20],"current_hp_per_floor":[59,48,48,48,48,48,48,44,44,19,19,28,28,40,40,26,56,39,39,39,39,0,0],"gold":32,"neow_bonus":"THREE_ENEMY_KILL","is_prod":false,"is_daily":false,"chose_seed":false,"campfire_upgraded":3,"win_rate":0,"timestamp":1607575090,"path_taken":["M","?","?","M","?","R","E","M","T","E","R","?","?","M","R","BOSS","M","?","$","M","?"],"build_version":"2020-11-30","purchased_purges":2,"victory":false,"max_hp_per_floor":[66,66,66,66,66,66,66,66,66,66,66,66,66,66,66,66,66,66,66,66,66,66,66],"relic_stats":{"Dream Catcher":0,"counters":[11,43],"Question Card":5,"obtain_stats":[{"Dream Catcher":13,"NeowsBlessing":0,"Philosopher\u0027s Stone":17,"Frozen Egg 2":9,"Question Card":10,"Ring of the Snake":0,"Meat on the Bone":7},{"Dream Catcher":6,"NeowsBlessing":0,"Philosopher\u0027s Stone":8,"Frozen Egg 2":4,"Question Card":5,"Ring of the Snake":0,"Meat on the Bone":3},{"Dream Catcher":20,"NeowsBlessing":0,"Philosopher\u0027s Stone":31,"Frozen Egg 2":6,"Question Card":16,"Ring of the Snake":0,"Meat on the Bone":3}],"Ring of the Snake":[22],"Meat on the Bone":48},"card_choices":[{"not_picked":["Deflect","Skewer"],"picked":"Flying Knee","floor":1.0},{"not_picked":["Poisoned Stab","PiercingWail"],"picked":"Blade Dance","floor":4.0},{"not_picked":["Underhanded Strike","Prepared"],"picked":"Dagger Throw","floor":7.0},{"not_picked":["Tools of the Trade","Expertise"],"picked":"Leg Sweep","floor":8.0},{"not_picked":["Cloak And Dagger","Sucker Punch"],"picked":"Deadly Poison","floor":10.0},{"not_picked":["Flying Knee","Prepared","Deflect"],"picked":"Caltrops+1","floor":12.0},{"not_picked":["Slice","Blade Dance","Prepared"],"picked":"Blur","floor":14.0},{"not_picked":["Storm of Steel","A Thousand Cuts+1","Envenom+1"],"picked":"Venomology","floor":16.0},{"not_picked":["PiercingWail","Underhanded Strike","Flying Knee"],"picked":"Backflip","floor":18.0},{"not_picked":["Poisoned Stab","Backflip","Heel Hook"],"picked":"Acrobatics","floor":21.0}],"player_experience":1525007,"relics_obtained":[{"floor":7.0,"key":"Meat on the Bone"},{"floor":9.0,"key":"Frozen Egg 2"},{"floor":10.0,"key":"Question Card"}],"event_choices":[{"damage_healed":0.0,"max_hp_gain":0.0,"max_hp_loss":0.0,"gold_gain":75.0,"event_name":"World of Goop","player_choice":"Gather Gold","floor":2.0,"gold_loss":0.0,"damage_taken":11.0},{"damage_healed":0.0,"max_hp_gain":0.0,"max_hp_loss":0.0,"gold_gain":0.0,"event_name":"Liars Game","player_choice":"Ignored","floor":3.0,"gold_loss":0.0,"damage_taken":0.0},{"damage_healed":0.0,"max_hp_gain":0.0,"max_hp_loss":0.0,"gold_gain":0.0,"event_name":"Dead Adventurer","player_choice":"Searched \u00272\u0027 times","floor":13.0,"gold_loss":0.0,"damage_taken":0.0,"relics_obtained":["Dream Catcher"]},{"damage_healed":0.0,"max_hp_gain":0.0,"max_hp_loss":0.0,"gold_gain":0.0,"event_name":"The Library","player_choice":"Read","floor":19.0,"gold_loss":0.0,"damage_taken":0.0,"cards_obtained":["Noxious Fumes"]},{"damage_healed":0,"gold_gain":0,"player_choice":"Fought Bandits","damage_taken":0,"max_hp_gain":0,"max_hp_loss":0,"event_name":"Masked Bandits","floor":22,"gold_loss":0}],"is_beta":false,"boss_relics":[{"not_picked":["WristBlade","Tiny House"],"picked":"Philosopher\u0027s Stone"}],"items_purged_floors":[5,20],"is_endless":false,"potions_floor_spawned":[4,7,10,16,18],"killed_by":"Masked Bandits","ascension_level":20}}