{"host":"v0kr0xkqfgnh389p","time":1607561550,"event":{"gold_per_floor":[119,119,133,144,144,144,174,174,174,174,189,206,220,26,26,148,148,185,195,207,207,207,207,239,279,333,347,347,347,364,364,364,392,481,579,579,617,663,680,680,715,715,750,761,814,814,841,841,60,8,8,110,110,137,137],"floor_reached":54,"playtime":2144,"items_purged":["Defend_P","Defend_P"],"score":800,"play_id":"d2207e8f-56e2-421e-825d-47af23da1239","local_time":"20201209195230","is_ascension_mode":true,"campfire_choices":[{"floor":6,"key":"RECALL"},{"data":"infinitespire:DeathsTouch","floor":8,"key":"SMITH"},{"data":"Eruption","floor":10,"key":"SMITH"},{"floor":15,"key":"DIG"},{"data":"DeusExMachina","floor":23,"key":"SMITH"},{"data":"Judgement","floor":31,"key":"SMITH"},{"data":"Secret Technique","floor":42,"key":"SMITH"},{"data":"HandOfGreed","floor":46,"key":"SMITH"},{"floor":51,"key":"REST"}],"neow_cost":"NONE","seed_source_timestamp":35598896187700,"circlet_count":0,"master_deck":["Strike_P","Strike_P","Defend_P","Defend_P","Eruption+1","Vigilance","infinitespire:DeathsTouch+1","DeusExMachina+1","Violence","Secret Technique+1","HandOfGreed+1","Judgement+1","PathToVictory","ReachHeaven+1","Ghostly","Ghostly","Ghostly","Ghostly","Ghostly","Protect+1","Evaluate+1","BowlingBash+1","infinitespire:TheBestDefense","Madness","Madness","Ragnarok+1"],"special_seed":0,"relics":["Velvet Choker","HornCleat","Orichalcum","ReplayTheSpireMod:ShopPack","Bag of Preparation","Empty Cage","FaceOfCleric","infinitespire:Lychee Nut","Anchor","Singing Bowl","Molten Egg 2","infinitespire:Cupcake","Darkstone Periapt","Juzu Bracelet","infinitespire:Satchel","MerchantsRug","hubris:PeanutButter","hubris:SlimyHat","HandDrill","infinitespire:Lucky Rock","hubris:TerracottaHorce"],"potions_floor_usage":[7,16,24,37,37,43,47],"damage_taken":[{"damage":0,"enemies":"Cultist","floor":1,"turns":2},{"damage":0,"enemies":"Jaw Worm","floor":3,"turns":3},{"damage":0,"enemies":"2 Louse","floor":4,"turns":2},{"damage":9,"enemies":"3 Sentries","floor":7,"turns":4},{"damage":10,"enemies":"Exordium Thugs","floor":11,"turns":3},{"damage":0,"enemies":"Exordium Wildlife","floor":12,"turns":3},{"damage":7,"enemies":"2 Fungi Beasts","floor":13,"turns":3},{"damage":0,"enemies":"Hexaghost","floor":16,"turns":4},{"damage":0,"enemies":"Shell Parasite","floor":18,"turns":1},{"damage":0,"enemies":"Spheric Guardian","floor":19,"turns":2},{"damage":0,"enemies":"Snake Plant","floor":20,"turns":1},{"damage":0,"enemies":"Nightmare","floor":24,"turns":6},{"damage":0,"enemies":"Cultist and Chosen","floor":25,"turns":4},{"damage":0,"enemies":"Shelled Parasite and Fungi","floor":27,"turns":3},{"damage":0,"enemies":"Sentry and Sphere","floor":30,"turns":2},{"damage":0,"enemies":"Book of Stabbing","floor":33,"turns":4},{"damage":0,"enemies":"hubris:MusketHawk","floor":35,"turns":5},{"damage":0,"enemies":"3 Shapes","floor":37,"turns":2},{"damage":0,"enemies":"Orb Walker","floor":39,"turns":2},{"damage":0,"enemies":"Jaw Worm Horde","floor":41,"turns":3},{"damage":14,"enemies":"Giant Head","floor":43,"turns":7},{"damage":0,"enemies":"Spire Growth","floor":44,"turns":3},{"damage":16,"enemies":"Nightmare","floor":47,"turns":7},{"damage":2,"enemies":"Replay:Hell Engine","floor":52,"turns":9},{"damage":0,"enemies":"Small Slimes","floor":54,"turns":2}],"seed_played":"-3954583974925002876","potions_obtained":[{"floor":4,"key":"GamblersBrew"},{"floor":7,"key":"AttackPotion"},{"floor":18,"key":"Energy Potion"},{"floor":20,"key":"Toxic Potion"},{"floor":27,"key":"Explosive Potion"},{"floor":30,"key":"Explosive Potion"},{"floor":38,"key":"CultistPotion"},{"floor":39,"key":"Energy Potion"},{"floor":43,"key":"BottledMiracle"},{"floor":52,"key":"BottledMiracle"}],"is_trial":false,"path_per_floor":["M","?","M","M","?","R","E","R","T","R","M","M","M","$","R_BF","B",null,"M","M","M","?","?","R","NM","M","T","M","PTL","PTL","M","R","T","E","R_BF","B",null,"M","?","M","?","M","R","E","M","T","R","NM","?","$","?","R","B",null,"M"],"character_chosen":"WATCHER","items_purchased":["ReplayTheSpireMod:ShopPack","MerchantsRug","hubris:PeanutButter","hubris:SlimyHat","HandDrill"],"campfire_rested":1,"item_purchase_floors":[14,49,49,49,49],"current_hp_per_floor":[72,65,65,65,47,47,38,38,38,38,28,28,21,21,21,21,72,72,72,72,36,36,36,27,28,28,29,29,29,30,30,30,33,33,36,36,37,30,36,36,42,42,32,38,38,38,31,25,25,25,40,45,50,54,54],"gold":137,"neow_bonus":"BOSS_RELIC","is_prod":false,"is_daily":false,"chose_seed":false,"campfire_upgraded":6,"win_rate":0,"timestamp":1607561550,"path_taken":["M","?","M","M","?","R","E","R","T","R","M","M","M","$","R_BF","BOSS","M","M","M","?","?","R","NM","?","T","M","PTL","PTL","M","R","?","E","R_BF","BOSS","M","?","M","?","M","R","E","M","T","R","NM","?","?","?","R","BOSS","M"],"build_version":"2020-11-30","purchased_purges":2,"victory":false,"max_hp_per_floor":[72,72,72,72,72,72,72,72,72,72,72,72,72,72,72,72,72,72,72,72,36,36,36,27,28,28,29,29,29,30,30,30,33,33,36,36,37,39,42,42,43,43,46,47,47,47,50,50,50,50,50,51,51,54,54],"card_choices":[{"not_picked":["CrushJoints","Nirvana"],"picked":"MentalFortress","floor":1},{"not_picked":["FollowUp","CutThroughFate","FlurryOfBlows"],"picked":"SKIP","floor":3},{"not_picked":["ForeignInfluence","Meditate","Replay:Anticipation"],"picked":"SKIP","floor":4},{"not_picked":["ReplayTheSpireMod:Chaos Vortex","infinitespire:Collect"],"picked":"infinitespire:DeathsTouch","floor":5},{"not_picked":["ClearTheMind","SashWhip","FlyingSleeves"],"picked":"SKIP","floor":7},{"not_picked":["EmptyBody","CrushJoints"],"picked":"DeusExMachina","floor":11},{"not_picked":["ClearTheMind","FlyingSleeves","PathToVictory"],"picked":"SKIP","floor":12},{"not_picked":["Protect","Worship","Replay:ManipulateFuture"],"picked":"SKIP","floor":13},{"not_picked":["ReplayTheSpireMod:Brewmster","Apotheosis"],"picked":"Violence","floor":14},{"not_picked":["PanicButton","ReplayTheSpireMod:Trickstab"],"picked":"Secret Technique","floor":14},{"not_picked":["Replay:Sssssssssstrike","Panacea"],"picked":"HandOfGreed","floor":14},{"not_picked":["Blasphemy","Brilliance"],"picked":"Judgement","floor":16},{"not_picked":["Prostrate","WheelKick+1"],"picked":"PathToVictory","floor":18},{"not_picked":["ThirdEye","SashWhip+1","Collect"],"picked":"SKIP","floor":19},{"not_picked":["SashWhip","JustLucky"],"picked":"ReachHeaven+1","floor":20},{"not_picked":["EmptyMind","ClearTheMind","FlurryOfBlows+1"],"picked":"SKIP","floor":24},{"not_picked":["Replay:AtTheReady","Crescendo+1","Sanctity"],"picked":"SKIP","floor":25},{"not_picked":["Consecrate","Replay:AtTheReady","Replay:BluntJabs+1"],"picked":"SKIP","floor":27},{"not_picked":["Halt","Perseverance","Replay:AtTheReady+1"],"picked":"SKIP","floor":30},{"not_picked":["CrushJoints+1","ThirdEye","FollowUp+1"],"picked":"Singing Bowl","floor":33},{"not_picked":["SpiritShield","Replay:AllIn","Vault"],"picked":"Singing Bowl","floor":35},{"not_picked":["CutThroughFate+1","CarveReality+1"],"picked":"Protect+1","floor":37},{"not_picked":["EmptyFist+1","CarveReality+1","FlyingSleeves+1"],"picked":"Singing Bowl","floor":38},{"not_picked":["SashWhip+1","CrushJoints+1","EmptyBody+1"],"picked":"Singing Bowl","floor":39},{"not_picked":["Pray","Vengeance+1"],"picked":"Evaluate+1","floor":41},{"not_picked":["EmptyFist+1","MasterReality","WindmillStrike+1"],"picked":"Singing Bowl","floor":43},{"not_picked":["Evaluate","Prostrate"],"picked":"BowlingBash+1","floor":44},{"not_picked":["hubris:Fate","infinitespire:SealOfDarkness+"],"picked":"infinitespire:TheBestDefense","floor":47},{"not_picked":["Protect+1","WreathOfFlame","ClearTheMind"],"picked":"Singing Bowl","floor":47},{"not_picked":["Establishment","Replay:AllIn"],"picked":"Ragnarok+1","floor":52},{"not_picked":["FlurryOfBlows+1","ThirdEye","JustLucky+1"],"picked":"Singing Bowl","floor":54}],"player_experience":697175,"relics_obtained":[{"floor":7,"key":"Orichalcum"},{"floor":15,"key":"Bag of Preparation"},{"floor":24,"key":"infinitespire:Lychee Nut"},{"floor":26,"key":"Anchor"},{"floor":32,"key":"Singing Bowl"},{"floor":33,"key":"Molten Egg 2"},{"floor":38,"key":"Darkstone Periapt"},{"floor":43,"key":"Juzu Bracelet"},{"floor":45,"key":"infinitespire:Satchel"}],"event_choices":[{"damage_healed":0,"gold_gain":0,"player_choice":"Success","damage_taken":7,"relics_obtained":["HornCleat"],"max_hp_gain":0,"max_hp_loss":0,"event_name":"Scrap Ooze","floor":2,"gold_loss":0},{"damage_healed":0,"gold_gain":0,"player_choice":"Became a Ghost","damage_taken":0,"max_hp_gain":0,"max_hp_loss":36,"event_name":"Ghosts","floor":21,"gold_loss":0,"cards_obtained":["Ghostly","Ghostly","Ghostly","Ghostly","Ghostly"]},{"damage_healed":0,"gold_gain":0,"player_choice":"Trade","damage_taken":0,"relics_obtained":["FaceOfCleric"],"max_hp_gain":0,"max_hp_loss":0,"event_name":"FaceTrader","floor":22,"gold_loss":0},{"cards_removed":["MentalFortress"],"damage_healed":0,"gold_gain":0,"player_choice":"Removed Power","damage_taken":0,"max_hp_gain":0,"max_hp_loss":0,"event_name":"Falling","floor":40,"gold_loss":0},{"damage_healed":0,"gold_gain":0,"player_choice":"Embrace Madness","damage_taken":6,"max_hp_gain":0,"max_hp_loss":0,"event_name":"Winding Halls","floor":48,"gold_loss":0,"cards_obtained":["Madness","Madness"]},{"damage_healed":0,"gold_gain":0,"player_choice":"Paid Gold","damage_taken":0,"relics_obtained":["infinitespire:Lucky Rock"],"max_hp_gain":0,"max_hp_loss":0,"event_name":"WeMeetAgain","floor":50,"gold_loss":52}],"is_beta":false,"boss_relics":[{"not_picked":["hubris:GrandSneckoEye","VioletLotus"],"picked":"Empty Cage"},{"not_picked":["hubris:BlackHole","SlaversCollar"],"picked":"infinitespire:Cupcake"},{"not_picked":["Busted Crown","Runic Pyramid"],"picked":"hubris:TerracottaHorce"}],"items_purged_floors":[14,49],"is_endless":true,"potions_floor_spawned":[4,7,18,20,27,30,35,39,41,43,52],"killed_by":"Small Slimes","ascension_level":1}}