{"host":"7bu9q13m6bmpbxjk","time":1607590578,"event":{"gold_per_floor":[117,117,117,133,152,185,185,196,196,196,209,209,228,258,258,357,357,370,387,135,135,23,57,57,69,69,102,115,115,127,145,145,248,248,248,248],"floor_reached":35,"playtime":2423,"items_purged":[],"score":484,"play_id":"6004b392-6b5e-4574-bd38-8dc4a237c473","local_time":"20201210095618","is_ascension_mode":false,"campfire_choices":[{"data":"ConjureBlade","floor":7,"key":"SMITH"},{"floor":10,"key":"RECALL"},{"floor":12,"key":"REST"},{"data":"Wallop","floor":15,"key":"SMITH"},{"floor":24,"key":"REST"},{"floor":29,"key":"REST"},{"floor":32,"key":"REST"}],"neow_cost":"NONE","seed_source_timestamp":92406910695900,"circlet_count":0,"master_deck":["Eruption+1","Vigilance","CrushJoints","SandsOfTime","TalkToTheHand","ConjureBlade+1","Protect","Wallop+1","Protect+1","FollowUp+1","FlyingSleeves+1","WindmillStrike+1","LikeWater","LikeWater","WreathOfFlame","DeusExMachina","FollowUp+1","Ragnarok+1","WaveOfTheHand","Study","CrushJoints+1","Devotion","Collect","DevaForm","ClearTheMind","WindmillStrike+1"],"relics":["HolyWater","NeowsBlessing","Ancient Tea Set","Pocketwatch","Shuriken","Molten Egg 2","Membership Card","Lantern","MealTicket","War Paint","Lizard Tail","Bottled Lightning","Pandora\u0027s Box"],"potions_floor_usage":[6,19,23,25,27,31,31,33],"damage_taken":[{"damage":0,"enemies":"Small Slimes","floor":1,"turns":1},{"damage":0,"enemies":"2 Louse","floor":4,"turns":2},{"damage":0,"enemies":"Cultist","floor":5,"turns":1},{"damage":39,"enemies":"3 Sentries","floor":6,"turns":10},{"damage":0,"enemies":"2 Fungi Beasts","floor":8,"turns":2},{"damage":0,"enemies":"3 Louse","floor":11,"turns":2},{"damage":13,"enemies":"Large Slime","floor":13,"turns":5},{"damage":0,"enemies":"Lagavulin","floor":14,"turns":4},{"damage":0,"enemies":"Slime Boss","floor":16,"turns":4},{"damage":6,"enemies":"Shell Parasite","floor":18,"turns":4},{"damage":10,"enemies":"2 Thieves","floor":19,"turns":4},{"damage":16,"enemies":"Book of Stabbing","floor":23,"turns":6},{"damage":0,"enemies":"Cultist and Chosen","floor":25,"turns":5},{"damage":68,"enemies":"Slavers","floor":27,"turns":6},{"damage":6,"enemies":"Centurion and Healer","floor":28,"turns":4},{"damage":2,"enemies":"Snake Plant","floor":30,"turns":5},{"damage":15,"enemies":"Sentry and Sphere","floor":31,"turns":5},{"damage":53,"enemies":"Automaton","floor":33,"turns":7}],"seed_played":"-7607428476526365520","potions_obtained":[{"floor":4,"key":"Regen Potion"},{"floor":6,"key":"Ancient Potion"},{"floor":11,"key":"SkillPotion"},{"floor":16,"key":"SkillPotion"},{"floor":19,"key":"PowerPotion"},{"floor":27,"key":"Dexterity Potion"},{"floor":28,"key":"Energy Potion"},{"floor":31,"key":"AttackPotion"},{"floor":33,"key":"Weak Potion"}],"is_trial":false,"path_per_floor":["M","?","?","M","M","E","R","M","T","R","M","R","M","E","R","B",null,"M","M","$","?","$","E","R","M","T","E","M","R","M","M","R","B",null,"M"],"character_chosen":"WATCHER","items_purchased":["Membership Card","Lantern","WindmillStrike+1","MealTicket","LikeWater"],"campfire_rested":4,"item_purchase_floors":[20,20,20,22,22],"current_hp_per_floor":[72,72,65,65,65,41,41,41,41,41,41,62,49,49,49,49,72,66,56,56,56,56,40,61,61,61,36,30,51,49,34,55,2,72,0,0],"gold":248,"neow_bonus":"THREE_ENEMY_KILL","is_prod":false,"is_daily":false,"chose_seed":false,"campfire_upgraded":2,"win_rate":0,"timestamp":1607590578,"path_taken":["M","?","?","M","M","E","R","M","T","R","M","R","M","E","R","BOSS","M","M","$","?","$","E","R","M","T","E","M","R","M","M","R","BOSS","M"],"build_version":"2020-11-30","purchased_purges":0,"victory":false,"max_hp_per_floor":[72,72,72,72,72,72,72,72,72,72,72,72,72,72,72,72,72,72,72,72,72,72,72,72,72,72,72,72,72,72,72,72,72,72,72,72],"relic_stats":{"Lizard Tail":36,"counters":[19,82],"Shuriken":[19],"MealTicket":0,"Pandora\u0027s Box":["WaveOfTheHand","Study","CrushJoints","Devotion","Collect","DevaForm","ClearTheMind","WindmillStrike"],"War Paint":["Defend_P","Protect"],"obtain_stats":[{"Lantern":20,"NeowsBlessing":0,"War Paint":23,"Ancient Tea Set":3,"Lizard Tail":26,"Shuriken":9,"HolyWater":17,"Molten Egg 2":14,"MealTicket":22,"Pandora\u0027s Box":34,"Membership Card":20,"Bottled Lightning":27,"PureWater":0,"Pocketwatch":6},{"Lantern":11,"NeowsBlessing":0,"War Paint":12,"Ancient Tea Set":1,"Lizard Tail":13,"Shuriken":5,"HolyWater":9,"Molten Egg 2":8,"MealTicket":11,"Pandora\u0027s Box":18,"Membership Card":11,"Bottled Lightning":14,"PureWater":0,"Pocketwatch":4},{"Lantern":39,"NeowsBlessing":0,"War Paint":45,"Ancient Tea Set":1,"Lizard Tail":50,"Shuriken":16,"HolyWater":31,"Molten Egg 2":27,"MealTicket":39,"Pandora\u0027s Box":77,"Membership Card":39,"Bottled Lightning":56,"PureWater":0,"Pocketwatch":14}],"Pocketwatch":[57]},"card_choices":[{"not_picked":["JustLucky","EmptyFist"],"picked":"CrushJoints","floor":1},{"not_picked":["SashWhip","BowlingBash"],"picked":"SandsOfTime","floor":4},{"not_picked":["Nirvana","Adaptation"],"picked":"TalkToTheHand","floor":5},{"not_picked":["CrushJoints","Nirvana"],"picked":"ConjureBlade","floor":6},{"not_picked":["FlyingSleeves","Study","SashWhip"],"picked":"SKIP","floor":8},{"not_picked":["FlyingSleeves","Study","SashWhip"],"picked":"SKIP","floor":8},{"not_picked":["Evaluate","FlurryOfBlows"],"picked":"Protect","floor":11},{"not_picked":["CarveReality","Sanctity"],"picked":"Wallop","floor":13},{"not_picked":["Worship","Blasphemy"],"picked":"Protect","floor":14},{"not_picked":["Evaluate","CrushJoints+1"],"picked":"FollowUp+1","floor":18},{"not_picked":["Evaluate","SashWhip+1"],"picked":"FlyingSleeves+1","floor":19},{"not_picked":["ThirdEye","FlurryOfBlows+1"],"picked":"WreathOfFlame","floor":23},{"not_picked":["FlyingSleeves+1","CrushJoints+1"],"picked":"DeusExMachina","floor":25},{"not_picked":["CarveReality+1","Devotion","EmptyFist+1"],"picked":"SKIP","floor":27},{"not_picked":["ForeignInfluence","ThirdEye","SashWhip+1"],"picked":"SKIP","floor":28},{"not_picked":["SashWhip+1","Collect","PathToVictory"],"picked":"SKIP","floor":30},{"not_picked":["CutThroughFate+1","ClearTheMind+1"],"picked":"FollowUp+1","floor":31},{"not_picked":["Alpha","LessonLearned+1"],"picked":"Ragnarok+1","floor":33}],"player_experience":506745,"relics_obtained":[{"floor":6,"key":"Pocketwatch"},{"floor":9,"key":"Shuriken"},{"floor":14,"key":"Molten Egg 2"},{"floor":23,"key":"War Paint"},{"floor":26,"key":"Lizard Tail"},{"floor":27,"key":"Bottled Lightning"}],"event_choices":[{"damage_healed":0,"gold_gain":0,"player_choice":"Grow","damage_taken":0,"max_hp_gain":0,"max_hp_loss":0,"event_name":"Living Wall","floor":2,"gold_loss":0,"cards_upgraded":["Eruption"]},{"damage_healed":0,"gold_gain":0,"player_choice":"Success","damage_taken":7,"relics_obtained":["Ancient Tea Set"],"max_hp_gain":0,"max_hp_loss":0,"event_name":"Scrap Ooze","floor":3,"gold_loss":0},{"damage_healed":0,"gold_gain":0,"player_choice":"Read","damage_taken":0,"max_hp_gain":0,"max_hp_loss":0,"event_name":"The Library","floor":21,"gold_loss":0,"cards_obtained":["LikeWater"]}],"is_beta":false,"boss_relics":[{"not_picked":["Fusion Hammer","Busted Crown"],"picked":"HolyWater"},{"not_picked":["Snecko Eye","Astrolabe"],"picked":"Pandora\u0027s Box"}],"items_purged_floors":[],"is_endless":false,"potions_floor_spawned":[4,6,11,16,18,19,27,28,31,33],"killed_by":"3 Shapes","ascension_level":0}}