{"host":"e4wnmsyty9uvvtwf","time":1607606371,"event":{"gold_per_floor":[116,291,50,66,66,100,100,113,138,17,33,33,33,49,49,144,144,158,158,178,197,209,209,235,249,249,263,280,280,280,280,280,380,380,397,157,169,119,136,136,170,170,246,246,280,87,87,117,117,117,117,117,117,152,152],"floor_reached":56,"playtime":1837,"items_purged":["Pain","Doubt","Writhe","TheCursedMod:CircleOfBlood","TheCursedMod:CursedWand"],"score":1628,"play_id":"e5200aee-609c-4012-a5b7-29970ccae3c8","local_time":"20201210211931","is_ascension_mode":true,"campfire_choices":[{"data":"TheCursedMod:CircleOfWindfury","floor":7,"key":"SMITH"},{"data":"TheCursedMod:EmpowerCircles","floor":13,"key":"SMITH"},{"floor":15,"key":"REST"},{"data":"Madness","floor":23,"key":"SMITH"},{"floor":30,"key":"RECALL"},{"data":"TheCursedMod:CircleOfCorruption","floor":32,"key":"SMITH"},{"data":"TheCursedMod:CleanUpWorkshop","floor":40,"key":"SMITH"},{"data":"TheCursedMod:CircleOfFlame","floor":44,"key":"SMITH"},{"data":"TheCursedMod:Wield","floor":47,"key":"SMITH"},{"data":"TheCursedMod:Stretching","floor":49,"key":"SMITH"},{"data":"TheCursedMod:Stretching","floor":52,"key":"SMITH"}],"neow_cost":"CURSE","seed_source_timestamp":15812810587300,"circlet_count":0,"master_deck":["TheCursedMod:CleanUpWorkshop+1","TheCursedMod:Wield+1","Finesse+1","TheCursedMod:Stretching+1","TheCursedMod:Stretching+1","TheCursedMod:CircleOfCorruption+1","TheCursedMod:CircleOfCorruption+1","TheCursedMod:CircleOfWindfury+1","TheCursedMod:CircleOfAbyss+1","TheCursedMod:EmpowerCircles+1","Madness+1","TheCursedMod:SurpriseAttack","TheCursedMod:Hemoplague+1","TheCursedMod:CircleOfBlood+1","TheCursedMod:CircleOfFlame+1","TheCursedMod:TroublousMinions","Panache+1"],"relics":["TheCursedMod:PinkPellets","Pocketwatch","Smiling Mask","Frozen Egg 2","Lantern","Sozu","TheCursedMod:Tack","War Paint","Bronze Scales","Busted Crown","Bottled Lightning","Singing Bowl","ClockworkSouvenir","The Courier","Pen Nib"],"potions_floor_usage":[55,55],"damage_taken":[{"damage":4,"enemies":"Small Slimes","floor":1,"turns":3},{"damage":12,"enemies":"Jaw Worm","floor":4,"turns":2},{"damage":20,"enemies":"3 Sentries","floor":6,"turns":5},{"damage":0,"enemies":"Cultist","floor":8,"turns":2},{"damage":0,"enemies":"Large Slime","floor":11,"turns":3},{"damage":22,"enemies":"3 Louse","floor":14,"turns":3},{"damage":0,"enemies":"The Guardian","floor":16,"turns":2},{"damage":0,"enemies":"Shell Parasite","floor":18,"turns":2},{"damage":0,"enemies":"3 Byrds","floor":20,"turns":1},{"damage":46,"enemies":"Snake Plant","floor":21,"turns":3},{"damage":1,"enemies":"Chosen and Byrds","floor":22,"turns":2},{"damage":0,"enemies":"Book of Stabbing","floor":24,"turns":2},{"damage":19,"enemies":"Centurion and Healer","floor":25,"turns":2},{"damage":0,"enemies":"Snecko","floor":27,"turns":4},{"damage":0,"enemies":"Snake Plant","floor":28,"turns":1},{"damage":20,"enemies":"Collector","floor":33,"turns":3},{"damage":10,"enemies":"Orb Walker","floor":35,"turns":2},{"damage":26,"enemies":"3 Darklings","floor":37,"turns":3},{"damage":0,"enemies":"4 Shapes","floor":39,"turns":1},{"damage":13,"enemies":"Giant Head","floor":41,"turns":3},{"damage":0,"enemies":"Reptomancer","floor":45,"turns":2},{"damage":0,"enemies":"Nemesis","floor":48,"turns":1},{"damage":0,"enemies":"Donu and Deca","floor":50,"turns":1},{"damage":0,"enemies":"Shield and Spear","floor":54,"turns":1},{"damage":63,"enemies":"The Heart","floor":55,"turns":6}],"seed_played":"963951617031746825","potions_obtained":[{"floor":8,"key":"Block Potion"},{"floor":11,"key":"PowerPotion"},{"floor":16,"key":"Fire Potion"}],"is_trial":false,"path_per_floor":["M","?","$","M","?","E","R","M","T","$","M","?","R","M","R","B",null,"M","?","M","M","M","R","E","M","T","M","M","?","R","?","R","B",null,"M","$","M","$","M","R","E","?","T","R","E","$","R","E","R","B",null,"R","$","E","B",null],"character_chosen":"THE_CURSED","items_purchased":["TheCursedMod:EmpowerCircles","Madness","TheCursedMod:Hemoplague+1","Panache+1","ClockworkSouvenir"],"campfire_rested":1,"item_purchase_floors":[3,3,10,36,46],"current_hp_per_floor":[71,71,71,59,59,39,39,43,43,43,47,40,40,20,42,52,75,75,61,77,34,45,45,59,48,48,54,66,66,66,66,66,56,80,70,70,58,58,70,70,69,69,69,69,79,79,79,84,84,84,84,84,84,86,23],"gold":152,"neow_bonus":"ONE_RARE_RELIC","is_prod":false,"is_daily":false,"chose_seed":false,"campfire_upgraded":9,"win_rate":0,"timestamp":1607606371,"path_taken":["M","?","$","M","?","E","R","M","T","$","?","?","R","M","R","BOSS","M","?","M","M","M","R","E","M","T","M","M","?","R","?","R","BOSS","M","$","M","$","M","R","E","?","T","R","E","?","R","E","R","BOSS","R","$","E","BOSS"],"build_version":"2020-11-30","purchased_purges":5,"victory":true,"max_hp_per_floor":[75,75,75,75,75,75,75,75,75,75,75,75,75,75,75,75,75,75,80,80,80,80,80,80,80,80,80,80,80,80,80,80,80,80,80,80,80,80,80,80,80,80,80,80,82,82,82,84,84,84,84,84,84,86,86],"card_choices":[{"not_picked":["TheCursedMod:Obscuration","TheCursedMod:SpitefulStrike","TheCursedMod:CursedShiv"],"picked":"SKIP","floor":1},{"not_picked":["TheCursedMod:RavingStaff","TheCursedMod:AshesToAshes"],"picked":"TheCursedMod:CircleOfBlood","floor":4},{"not_picked":["TheCursedMod:DemonSword","TheCursedMod:SoulCrush"],"picked":"TheCursedMod:SpitefulPray","floor":6},{"not_picked":["TheCursedMod:Stretching","TheCursedMod:CursedArmor"],"picked":"TheCursedMod:SurpriseAttack","floor":8},{"not_picked":["TheCursedMod:Obscuration","TheCursedMod:LuckyCharm+1"],"picked":"TheCursedMod:CircleOfBlood","floor":11},{"not_picked":["TheCursedMod:CursedBlade","TheCursedMod:RavingStaff","TheCursedMod:FleshFromBone"],"picked":"SKIP","floor":14},{"not_picked":["TheCursedMod:CursedAmulet+1","TheCursedMod:StingEye+1"],"picked":"TheCursedMod:CircleOfFlame","floor":18},{"not_picked":["TheCursedMod:SpitefulPray+1","TheCursedMod:AshesToAshes+1"],"picked":"TheCursedMod:TroublousMinions","floor":20},{"not_picked":["TheCursedMod:Stretching+1","TheCursedMod:SmokeScreen","TheCursedMod:CursedMace"],"picked":"SKIP","floor":21},{"not_picked":["TheCursedMod:SurpriseAttack+1","TheCursedMod:CircleOfFocus+1","TheCursedMod:VitalStrike"],"picked":"SKIP","floor":22},{"not_picked":["TheCursedMod:DoubleShield+1","TheCursedMod:FleshFromBone","TheCursedMod:WearCloak"],"picked":"SKIP","floor":24},{"not_picked":["TheCursedMod:Hemoplague+1","TheCursedMod:VitalStrike","TheCursedMod:Stretching+1"],"picked":"SKIP","floor":25},{"not_picked":["TheCursedMod:EmpowerCircles+1","TheCursedMod:CircleOfCorruption+1","TheCursedMod:LuckyCharm+1"],"picked":"SKIP","floor":27},{"not_picked":["TheCursedMod:RavingStaff+1","TheCursedMod:SoulCrush","TheCursedMod:CursedBoomerang"],"picked":"SKIP","floor":28},{"not_picked":["TheCursedMod:Stigma+1"],"picked":"SKIP","floor":35},{"not_picked":["TheCursedMod:CircleOfCorruption"],"picked":"SKIP","floor":37},{"not_picked":["TheCursedMod:Wield"],"picked":"SKIP","floor":39},{"not_picked":["TheCursedMod:RapidMovement"],"picked":"SKIP","floor":41},{"not_picked":["TheCursedMod:SpitefulPray+1"],"picked":"Singing Bowl","floor":45},{"not_picked":["TheCursedMod:DemonSword"],"picked":"Singing Bowl","floor":48},{"not_picked":["TheCursedMod:TroublousMinions+1"],"picked":"Singing Bowl","floor":54}],"player_experience":476024,"relics_obtained":[{"floor":5,"key":"Smiling Mask"},{"floor":6,"key":"Frozen Egg 2"},{"floor":9,"key":"Lantern"},{"floor":24,"key":"TheCursedMod:Tack"},{"floor":26,"key":"War Paint"},{"floor":41,"key":"Bottled Lightning"},{"floor":45,"key":"Singing Bowl"},{"floor":48,"key":"The Courier"},{"floor":54,"key":"Pen Nib"}],"event_choices":[{"damage_healed":0,"gold_gain":175,"player_choice":"AGREE","damage_taken":0,"max_hp_gain":0,"max_hp_loss":0,"event_name":"Liars Game","floor":2,"gold_loss":0,"cards_obtained":["Doubt"]},{"damage_healed":0,"gold_gain":0,"player_choice":"Relic","damage_taken":0,"max_hp_gain":0,"max_hp_loss":0,"event_name":"Wheel of Change","floor":5,"gold_loss":0},{"cards_removed":["TheCursedMod:SpitefulPray"],"damage_healed":0,"gold_gain":0,"player_choice":"Card Removal","damage_taken":7,"max_hp_gain":0,"max_hp_loss":0,"event_name":"Golden Wing","floor":12,"gold_loss":0},{"damage_healed":0,"gold_gain":0,"player_choice":"Shed Blood","damage_taken":19,"max_hp_gain":5,"max_hp_loss":0,"event_name":"Forgotten Altar","floor":19,"gold_loss":0},{"damage_healed":0,"gold_gain":0,"player_choice":"Opened","damage_taken":0,"relics_obtained":["Bronze Scales"],"max_hp_gain":0,"max_hp_loss":0,"event_name":"The Mausoleum","floor":29,"gold_loss":0,"cards_obtained":["Writhe"]},{"damage_healed":0,"gold_gain":0,"player_choice":"Upgraded","damage_taken":0,"max_hp_gain":0,"max_hp_loss":0,"event_name":"Upgrade Shrine","floor":31,"gold_loss":0,"cards_upgraded":["TheCursedMod:CircleOfCorruption"]},{"damage_healed":0,"gold_gain":0,"player_choice":"Upgraded","damage_taken":0,"max_hp_gain":0,"max_hp_loss":0,"event_name":"Upgrade Shrine","floor":42,"gold_loss":0,"cards_upgraded":["Finesse"]}],"is_beta":false,"boss_relics":[{"not_picked":["Velvet Choker","Astrolabe"],"picked":"Sozu"},{"not_picked":["Philosopher\u0027s Stone","Cursed Key"],"picked":"Busted Crown"}],"items_purged_floors":[3,10,36,38,46],"is_endless":false,"potions_floor_spawned":[8,11,16,20,22,24,28,35,37,45],"ascension_level":3}}