{"host":"reretk0dz0kj8f1n","time":1607613285,"event":{"mods":["BaseMod","StSLib","Lobotomy","Minty Spire (QoL Compilation)"],"gold_per_floor":[114,39,52,63,82,82,113,113,113,159,190,203,236,136,136,232,232,250,260,280,297,297,322,335,30,30,42,42,42],"floor_reached":28,"playtime":1851,"items_purged":["Defend_G","Strike_G","Strike_G"],"score":354,"play_id":"a600d3e6-0ef1-405b-aaba-26ae486c9e03","local_time":"20201211001445","is_ascension_mode":true,"campfire_choices":[{"data":"Calculated Gamble","floor":6,"key":"SMITH"},{"data":"Neutralize","floor":8,"key":"SMITH"},{"floor":15,"key":"REST"}],"circlet_count":0,"master_deck":["Strike_G","Strike_G","Strike_G","Defend_G","Defend_G","Survivor","OSAHOGD","Backflip","MHz","Calculated Gamble+1","Deadly Poison","Deadly Poison","PiercingWail","Noxious Fumes","QueenOfHatred","Corpse Explosion","Acrobatics","Alriune","Noxious Fumes","Underhanded Strike+1","Poisoned Stab","Reflex","Prepared","Blur+1","Master of Strategy","LittleHelper","Noxious Fumes+1"],"relics":["Ring of the Snake","CogitoBucket","RabbitCall","Regal Pillow","Mercury Hourglass","Snake Skull","Incense Burner","HellTrain","Question Card","HoveringKite","AdjustmentMirror","PreservedInsect","Shuriken"],"acts_visited":["Exordium","TheCity"],"potions_floor_usage":[7,13,23,28,28,28],"damage_taken":[{"damage":0,"enemies":"Cultist","floor":1,"turns":4},{"damage":0,"enemies":"2 Louse","floor":3,"turns":3},{"damage":2,"enemies":"Small Slimes","floor":4,"turns":4},{"damage":0,"enemies":"3 Louse","floor":5,"turns":3},{"damage":13,"enemies":"3 Sentries","floor":7,"turns":10},{"damage":11,"enemies":"Gremlin Nob","floor":11,"turns":4},{"damage":11,"enemies":"Looter","floor":12,"turns":4},{"damage":12,"enemies":"Lagavulin","floor":13,"turns":5},{"damage":0,"enemies":"Slime Boss","floor":16,"turns":9},{"damage":16,"enemies":"Chosen","floor":18,"turns":5},{"damage":0,"enemies":"Spheric Guardian","floor":19,"turns":3},{"damage":24,"enemies":"Centurion and Healer","floor":20,"turns":4},{"damage":12,"enemies":"Snake Plant","floor":21,"turns":4},{"damage":18,"enemies":"Gremlin Leader","floor":23,"turns":5},{"damage":0,"enemies":"Chosen and Byrds","floor":24,"turns":4},{"damage":5,"enemies":"Cultist and Chosen","floor":27,"turns":3},{"damage":61,"enemies":"Shelled Parasite and Fungi","floor":28,"turns":10}],"seed_played":"-1216601343008032846","potions_obtained":[{"floor":3,"key":"Block Potion"},{"floor":4,"key":"LiquidMemories"},{"floor":11,"key":"SkillPotion"},{"floor":19,"key":"Ancient Potion"},{"floor":21,"key":"Poison Potion"},{"floor":23,"key":"Fruit Juice"},{"floor":24,"key":"Explosive Potion"}],"is_trial":false,"path_per_floor":["M","$","M","M","M","R","E","R","T","T","E","M","E","$","R","B",null,"M","M","M","M","?","E","M","$","T","M","M"],"character_chosen":"THE_SILENT","items_purchased":["Master of Strategy"],"campfire_rested":1,"item_purchase_floors":[25],"current_hp_per_floor":[70,70,70,68,68,68,55,55,55,55,44,33,33,33,69,69,70,54,60,42,36,36,35,41,41,41,42,0,0],"gold":42,"neow_bonus":"","is_daily":false,"chose_seed":false,"campfire_upgraded":2,"win_rate":0,"timestamp":1607613285,"path_taken":["M","$","M","M","?","R","E","R","T","?","E","M","E","$","R","BOSS","M","M","?","M","?","E","M","$","T","M","M"],"build_version":"2020-11-30","purchased_purges":3,"victory":false,"max_hp_per_floor":[70,70,70,70,70,70,70,70,70,70,70,70,70,70,70,70,70,70,70,70,70,70,75,75,75,75,75,75,75],"card_choices":[{"not_picked":["BeautyBeast","PunishingBird","FairyFestival"],"picked":"Singing Bowl","floor":1},{"not_picked":["UniverseFragment","CherryBlossoms"],"picked":"OSAHOGD","floor":1},{"not_picked":["Dash","Concentrate"],"picked":"Backflip","floor":1},{"not_picked":["PunishingBird","VoidDream","Scorched"],"picked":"Singing Bowl","floor":3},{"not_picked":["ShyLook","MeatLantern"],"picked":"MHz","floor":3},{"not_picked":["Underhanded Strike","Prepared"],"picked":"Calculated Gamble","floor":3},{"not_picked":["VoidDream","SpiderBud","DreamingCurrent"],"picked":"Singing Bowl","floor":4},{"not_picked":["Slice","Distraction"],"picked":"Deadly Poison","floor":4},{"not_picked":["PunishingBird","CherryBlossoms","UniverseFragment"],"picked":"Singing Bowl","floor":5},{"not_picked":["Slice","Backstab"],"picked":"Deadly Poison","floor":5},{"not_picked":["CrumblingArmor","Murderer","SpiderBud"],"picked":"Singing Bowl","floor":7},{"not_picked":["Sucker Punch","Glass Knife"],"picked":"PiercingWail","floor":7},{"not_picked":["Variant","FairyFestival","RedShoes"],"picked":"Singing Bowl","floor":11},{"not_picked":["Quick Slash","Deflect"],"picked":"Noxious Fumes","floor":11},{"not_picked":["Porccubus","WhitesApple","PunishingBird"],"picked":"Singing Bowl","floor":12},{"not_picked":["GreedKing","ShyLook"],"picked":"QueenOfHatred","floor":12},{"not_picked":["Dagger Spray","Dash","Flechettes"],"picked":"SKIP","floor":12},{"not_picked":["CrumblingArmor","SpiderBud","PunishingBird"],"picked":"Singing Bowl","floor":13},{"not_picked":["Wraith Form v2","Finisher","Slice"],"picked":"SKIP","floor":13},{"not_picked":["Scorched","Yin","RedShoes"],"picked":"Singing Bowl","floor":16},{"not_picked":["Doppelganger","Die Die Die","Night Terror"],"picked":"Corpse Explosion","floor":16},{"not_picked":["Scarecrow","WallGazer","CherryBlossoms"],"picked":"Singing Bowl","floor":18},{"not_picked":["Finisher","Riddle With Holes","Dodge and Roll","Endless Agony"],"picked":"SKIP","floor":18},{"not_picked":["LittlePrince","OldLady","Alriune"],"picked":"Singing Bowl","floor":19},{"not_picked":["Flying Knee","Bane","Crippling Poison"],"picked":"Acrobatics","floor":19},{"not_picked":["SpiderBud","BlackArmy","NothingThere"],"picked":"Singing Bowl","floor":20},{"not_picked":["Freischutz","PunishingBird"],"picked":"Alriune","floor":20},{"not_picked":["Setup","Dagger Throw","Quick Slash+1"],"picked":"Noxious Fumes","floor":20},{"not_picked":["QueenBee","SingingMachine","SnowQueen"],"picked":"Singing Bowl","floor":21},{"not_picked":["Sucker Punch","Choke","Flying Knee"],"picked":"Underhanded Strike+1","floor":21},{"not_picked":["ShyLook","BodiesMountain","Scarecrow"],"picked":"Singing Bowl","floor":23},{"not_picked":["Finisher","Cloak And Dagger+1","PiercingWail+1"],"picked":"Prepared","floor":23},{"not_picked":["GalaxyChild","LongBird","Freischutz"],"picked":"Singing Bowl","floor":24},{"not_picked":["Poisoned Stab","Leg Sweep","Bullet Time"],"picked":"Blur+1","floor":24},{"not_picked":["CherryBlossoms","Porccubus"],"picked":"LittleHelper","floor":27},{"not_picked":["Accuracy","PiercingWail","Backflip"],"picked":"Noxious Fumes+1","floor":27}],"player_experience":197089,"relics_obtained":[{"floor":7,"key":"Regal Pillow"},{"floor":9,"key":"Mercury Hourglass"},{"floor":10,"key":"Snake Skull"},{"floor":11,"key":"Incense Burner"},{"floor":13,"key":"Question Card"},{"floor":23,"key":"PreservedInsect"},{"floor":26,"key":"Shuriken"}],"event_choices":[{"damage_healed":0,"gold_gain":0,"cards_transformed":["Defend_G","Defend_G"],"player_choice":"Became Test Subject","damage_taken":0,"max_hp_gain":0,"max_hp_loss":0,"event_name":"Drug Dealer","floor":22,"gold_loss":0,"cards_obtained":["Poisoned Stab","Reflex"]}],"is_beta":false,"boss_relics":[{"not_picked":["WristBlade","Cursed Key"],"picked":"HoveringKite"}],"items_purged_floors":[2,14,25],"is_endless":false,"potions_floor_spawned":[3,4,11,19,21,23,24],"killed_by":"Shelled Parasite and Fungi","ascension_level":1}}