{"host":"dl5mjdlimopbuch5","time":1607569703,"event":{"gold_per_floor":[119,119,119,139,139,165,165,177,177,201,217,62,72,72,72,174,174,191,37,37,37,0,34,44,44,44,62,74,74,124,124,124],"floor_reached":31,"playtime":604,"items_purged":[],"score":320,"play_id":"72732dde-5141-451f-bba8-34e4254061fc","local_time":"20201210030823","is_ascension_mode":true,"campfire_choices":[{"data":"Hemokinesis","floor":7,"key":"SMITH"},{"data":"Limit Break","floor":15,"key":"SMITH"},{"floor":25,"key":"REST"}],"neow_cost":"NONE","seed_source_timestamp":110355552834400,"circlet_count":0,"master_deck":["Strike_R","Strike_R","Strike_R","Strike_R","Strike_R","Defend_R","Defend_R","Defend_R","Defend_R+1","Bash+1","Flex","Heavy Blade","Hemokinesis+1","Spot Weakness","Cleave","Limit Break+1","Barricade","J.A.X.","Decay"],"special_seed":0,"relics":["Burning Blood","NeowsBlessing","Kunai","Pen Nib","Happy Flower","SacredBark","Juzu Bracelet","Dream Catcher","Singing Bowl"],"potions_floor_usage":[16,23,24,27,27],"damage_taken":[{"damage":0,"enemies":"Small Slimes","floor":1,"turns":1},{"damage":0,"enemies":"Jaw Worm","floor":4,"turns":1},{"damage":0,"enemies":"Gremlin Nob","floor":6,"turns":1},{"damage":6,"enemies":"2 Louse","floor":8,"turns":2},{"damage":11,"enemies":"Looter","floor":11,"turns":2},{"damage":0,"enemies":"Large Slime","floor":13,"turns":3},{"damage":55,"enemies":"Hexaghost","floor":16,"turns":6},{"damage":27,"enemies":"Shell Parasite","floor":18,"turns":5},{"damage":63,"enemies":"Slavers","floor":23,"turns":4},{"damage":16,"enemies":"Spheric Guardian","floor":24,"turns":4},{"damage":24,"enemies":"Chosen and Byrds","floor":27,"turns":4},{"damage":27,"enemies":"Sentry and Sphere","floor":28,"turns":4},{"damage":36,"enemies":"3 Cultists","floor":31,"turns":3}],"seed_played":"-4403025535422707552","potions_obtained":[{"floor":6,"key":"Strength Potion"},{"floor":11,"key":"SpeedPotion"},{"floor":16,"key":"LiquidBronze"},{"floor":23,"key":"BlessingOfTheForge"},{"floor":24,"key":"Regen Potion"}],"is_trial":false,"path_per_floor":["M","$","?","M","?","E","R","M","T","T","M","$","M","$","R","B",null,"M","$","?","?","?","E","M","R","T","M","M","?","?","M"],"character_chosen":"IRONCLAD","items_purchased":["Limit Break","Juzu Bracelet"],"campfire_rested":1,"item_purchase_floors":[12,19],"current_hp_per_floor":[80,80,64,70,70,76,76,76,76,76,71,71,77,77,77,28,80,59,59,59,80,80,23,13,37,37,48,29,29,29,0,0],"gold":124,"neow_bonus":"THREE_ENEMY_KILL","is_prod":false,"is_daily":false,"chose_seed":false,"campfire_upgraded":2,"win_rate":0,"timestamp":1607569703,"path_taken":["M","$","?","M","?","E","R","M","T","?","M","?","M","?","R","BOSS","M","$","?","?","?","E","M","R","T","M","M","?","?","M"],"build_version":"2020-11-30","purchased_purges":0,"victory":false,"max_hp_per_floor":[80,80,80,80,80,80,80,80,80,80,80,80,80,80,80,80,80,80,80,80,80,80,80,80,80,80,82,84,84,84,84,84],"card_choices":[{"not_picked":["Reckless Charge","Rage"],"picked":"Flex","floor":1},{"not_picked":["Pommel Strike","Clash"],"picked":"Heavy Blade","floor":4},{"not_picked":["Clothesline","Pummel"],"picked":"Hemokinesis","floor":6},{"not_picked":["Sword Boomerang","Shrug It Off"],"picked":"Spot Weakness","floor":8},{"not_picked":["Seeing Red","Headbutt"],"picked":"Cleave","floor":11},{"not_picked":["Armaments","Headbutt","Dropkick"],"picked":"SKIP","floor":13},{"not_picked":["Reaper","Impervious"],"picked":"Barricade","floor":16},{"not_picked":["Rage","Perfected Strike","Second Wind"],"picked":"SKIP","floor":18},{"not_picked":["Shrug It Off","Offering","Havoc"],"picked":"SKIP","floor":23},{"not_picked":["Combust","True Grit","Sentinel"],"picked":"SKIP","floor":24},{"not_picked":["Armaments","Cleave","Warcry"],"picked":"Singing Bowl","floor":27},{"not_picked":["Body Slam","Clash+1","Blood for Blood"],"picked":"Singing Bowl","floor":28}],"player_experience":194667,"relics_obtained":[{"floor":6,"key":"Kunai"},{"floor":9,"key":"Pen Nib"},{"floor":10,"key":"Happy Flower"},{"floor":23,"key":"Dream Catcher"},{"floor":26,"key":"Singing Bowl"}],"event_choices":[{"damage_healed":0,"gold_gain":0,"player_choice":"Entered Light","damage_taken":16,"max_hp_gain":0,"max_hp_loss":0,"event_name":"Shining Light","floor":3,"gold_loss":0,"cards_upgraded":["Defend_R","Bash"]},{"damage_healed":0,"gold_gain":0,"player_choice":"Leave","damage_taken":0,"max_hp_gain":0,"max_hp_loss":0,"event_name":"The Cleric","floor":5,"gold_loss":0},{"damage_healed":0,"gold_gain":0,"player_choice":"Obtain J.A.X.","damage_taken":0,"max_hp_gain":0,"max_hp_loss":0,"event_name":"Drug Dealer","floor":20,"gold_loss":0,"cards_obtained":["J.A.X."]},{"damage_healed":26,"gold_gain":0,"player_choice":"Heal","damage_taken":0,"max_hp_gain":0,"max_hp_loss":0,"event_name":"The Library","floor":21,"gold_loss":0},{"damage_healed":0,"gold_gain":0,"player_choice":"Paid Fearfully","damage_taken":0,"max_hp_gain":0,"max_hp_loss":0,"event_name":"Masked Bandits","floor":22,"gold_loss":37},{"damage_healed":0,"gold_gain":0,"player_choice":"Smashed Altar","damage_taken":0,"max_hp_gain":0,"max_hp_loss":0,"event_name":"Forgotten Altar","floor":29,"gold_loss":0,"cards_obtained":["Decay"]},{"damage_healed":0,"gold_gain":100,"player_choice":"Bet on Murderer","damage_taken":0,"max_hp_gain":0,"max_hp_loss":0,"event_name":"The Joust","floor":30,"gold_loss":50}],"is_beta":false,"boss_relics":[{"not_picked":["Snecko Eye","Ectoplasm"],"picked":"SacredBark"}],"items_purged_floors":[],"is_endless":false,"potions_floor_spawned":[6,11,16,23,24],"killed_by":"3 Cultists","ascension_level":3}}