{"host":"c5ukdwo3xwa4ucd0","time":1607640224,"event":{"mods":["BaseMod","AchievementEnabler","Colored Powertips","Minty Spire (QoL Compilation)","Quick Restart"],"gold_per_floor":[114,114,114,5,17,17,34,51,51,51,19,31,359,359,359,454,454,454,454,14,14,14,14,14,14,14,14,14,14,14,0,0,0,0,0,0,0,0,0,0,0,0,0,0,0,0,0,0,0,0],"floor_reached":51,"playtime":2903,"items_purged":["Decay"],"score":643,"play_id":"fddc5579-282d-4ea5-ac54-107c71bb0d0d","local_time":"20201210234344","is_ascension_mode":false,"campfire_choices":[{"data":"TalkToTheHand","floor":6.0,"key":"SMITH"},{"data":"Omniscience","floor":15.0,"key":"SMITH"},{"data":"DevaForm","floor":23.0,"key":"SMITH"},{"data":"Wireheading","floor":25.0,"key":"SMITH"},{"floor":29.0,"key":"REST"},{"data":"Wireheading","floor":32.0,"key":"SMITH"},{"floor":40.0,"key":"REST"},{"data":"DevaForm","floor":45.0,"key":"SMITH"},{"floor":47,"key":"REST"},{"data":"Evaluate","floor":49,"key":"SMITH"}],"circlet_count":0,"master_deck":["Strike_P","Strike_P","Strike_P","Strike_P","Defend_P","Defend_P","Defend_P","Defend_P","Eruption","Vigilance","FlurryOfBlows","TalkToTheHand+1","Wireheading+1","EmptyFist","FlurryOfBlows","FollowUp","Omniscience+1","DevaForm+1","Evaluate+1","Consecrate","Wireheading+1","Evaluate+1","FollowUp+1","Wallop+1","DevaForm+1","Halt","SashWhip+1","PathToVictory","TalkToTheHand+1","FlurryOfBlows+1","Sanctity+1","MentalFortress","Madness","Madness"],"special_seed":0,"relics":["PureWater","Anchor","Gremlin Horn","Matryoshka","Old Coin","Ectoplasm","Kunai","InkBottle","Pantograph","Red Mask","Bag of Preparation","CeramicFish","Incense Burner"],"acts_visited":["Exordium","TheCity","TheBeyond"],"potions_floor_usage":[50,50],"damage_taken":[{"damage":0.0,"enemies":"2 Louse","floor":1.0,"turns":2.0},{"damage":0.0,"enemies":"Small Slimes","floor":5.0,"turns":2.0},{"damage":0.0,"enemies":"Jaw Worm","floor":7.0,"turns":3.0},{"damage":8.0,"enemies":"Gremlin Gang","floor":8.0,"turns":8.0},{"damage":4.0,"enemies":"Exordium Thugs","floor":12.0,"turns":4.0},{"damage":5.0,"enemies":"3 Sentries","floor":13.0,"turns":7.0},{"damage":52.0,"enemies":"Hexaghost","floor":16.0,"turns":13.0},{"damage":3.0,"enemies":"Shell Parasite","floor":18.0,"turns":7.0},{"damage":2.0,"enemies":"Chosen","floor":21.0,"turns":6.0},{"damage":9.0,"enemies":"Centurion and Healer","floor":24.0,"turns":7.0},{"damage":8.0,"enemies":"Snake Plant","floor":27.0,"turns":6.0},{"damage":61.0,"enemies":"Automaton","floor":33.0,"turns":14.0},{"damage":3.0,"enemies":"3 Darklings","floor":35.0,"turns":3.0},{"damage":8.0,"enemies":"Orb Walker","floor":37.0,"turns":5.0},{"damage":29.0,"enemies":"4 Shapes","floor":38.0,"turns":7.0},{"damage":28.0,"enemies":"Spire Growth","floor":41.0,"turns":7.0},{"damage":34.0,"enemies":"Maw","floor":42.0,"turns":11.0},{"damage":32,"enemies":"2 Orb Walkers","floor":46,"turns":8},{"damage":26,"enemies":"Donu and Deca","floor":50,"turns":15}],"seed_played":"-7251520747649522173","potions_obtained":[{"floor":7.0,"key":"LiquidBronze"},{"floor":33.0,"key":"StancePotion"},{"floor":35.0,"key":"Regen Potion"},{"floor":38.0,"key":"FearPotion"},{"floor":46,"key":"SkillPotion"}],"is_trial":false,"path_per_floor":["M","?","?","$","M","R","M","M","T","T","?","M","E","?","R","B",null,"M","?","$","M","$","R","M","R","T","M","$","R","?","?","R","B",null,"M","?","M","M","?","R","M","M","T","?","R","?","R","?","R","B",null],"character_chosen":"WATCHER","items_purchased":["TalkToTheHand","Wireheading","Kunai","Consecrate","Wireheading"],"campfire_rested":3,"item_purchase_floors":[4,4,20,20,20],"current_hp_per_floor":[72,72,72,72,72,72,72,64,64,64,64,60,55,60,60,8,77,74,74,74,72,72,72,63,63,63,55,55,77,77,77,77,16,77,74,74,66,49,49,72,44,10,10,67,67,35,55,47,47,41],"gold":0,"neow_bonus":"RANDOM_COMMON_RELIC","is_daily":false,"chose_seed":false,"campfire_upgraded":7,"win_rate":0,"timestamp":1607640224,"path_taken":["M","?","?","?","?","R","M","M","T","?","?","M","E","?","R","BOSS","M","?","$","M","?","R","?","R","T","M","$","R","?","?","R","BOSS","M","?","M","M","?","R","M","?","T","?","R","?","R","?","R","BOSS"],"build_version":"2020-11-30","purchased_purges":1,"victory":true,"max_hp_per_floor":[72,72,72,72,72,72,72,72,72,72,72,72,72,77,77,77,77,77,77,77,77,77,77,77,77,77,77,77,77,77,77,77,77,77,77,77,77,77,77,77,77,77,77,67,67,67,67,67,67,67],"card_choices":[{"not_picked":["CutThroughFate","FlyingSleeves"],"picked":"FlurryOfBlows","floor":1.0},{"not_picked":["Vengeance","EmptyBody"],"picked":"EmptyFist","floor":5.0},{"not_picked":["Indignation","Crescendo"],"picked":"FlurryOfBlows","floor":7.0},{"not_picked":["Protect","WheelKick"],"picked":"FollowUp","floor":8.0},{"not_picked":["Protect","FlyingSleeves","ClearTheMind"],"picked":"SKIP","floor":12.0},{"not_picked":["Adaptation","Protect"],"picked":"Omniscience","floor":13.0},{"not_picked":["LessonLearned","Ragnarok"],"picked":"DevaForm","floor":16.0},{"not_picked":["BowlingBash","WheelKick"],"picked":"Evaluate+1","floor":18.0},{"not_picked":["Protect","Adaptation"],"picked":"Evaluate","floor":21.0},{"not_picked":["EmptyFist","Consecrate"],"picked":"FollowUp+1","floor":24.0},{"not_picked":["JustLucky","ClearTheMind"],"picked":"Wallop+1","floor":27.0},{"not_picked":["Omniscience","Brilliance"],"picked":"DevaForm","floor":33.0},{"not_picked":["FlyingSleeves+1","CrushJoints"],"picked":"Halt","floor":35.0},{"not_picked":["Evaluate","Meditate"],"picked":"SashWhip+1","floor":37.0},{"not_picked":["EmptyBody","Blasphemy"],"picked":"PathToVictory","floor":38.0},{"not_picked":["ForeignInfluence","WaveOfTheHand+1"],"picked":"FlurryOfBlows+1","floor":41.0},{"not_picked":["Meditate","WheelKick"],"picked":"Sanctity+1","floor":42.0},{"not_picked":["ClearTheMind","FlyingSleeves"],"picked":"MentalFortress","floor":46}],"player_experience":291258,"relics_obtained":[{"floor":9.0,"key":"Gremlin Horn"},{"floor":10.0,"key":"Matryoshka"},{"floor":13.0,"key":"Old Coin"},{"floor":26.0,"key":"InkBottle"},{"floor":26.0,"key":"Pantograph"},{"floor":43.0,"key":"Bag of Preparation"},{"floor":43.0,"key":"CeramicFish"},{"floor":46,"key":"Incense Burner"}],"event_choices":[{"damage_healed":0.0,"max_hp_gain":0.0,"max_hp_loss":0.0,"gold_gain":0.0,"event_name":"The Cleric","player_choice":"Leave","floor":2.0,"gold_loss":0.0,"damage_taken":0.0},{"damage_healed":0.0,"max_hp_gain":0.0,"max_hp_loss":0.0,"gold_gain":0.0,"event_name":"Golden Idol","player_choice":"Ignored","floor":3.0,"gold_loss":0.0,"damage_taken":0.0},{"damage_healed":0.0,"max_hp_gain":0.0,"max_hp_loss":0.0,"gold_gain":0.0,"event_name":"World of Goop","player_choice":"Left Gold","floor":11.0,"gold_loss":32.0,"damage_taken":0.0},{"damage_healed":0.0,"max_hp_gain":5.0,"max_hp_loss":0.0,"gold_gain":0.0,"event_name":"Big Fish","player_choice":"Donut","floor":14.0,"gold_loss":0.0,"damage_taken":0.0},{"damage_healed":0.0,"max_hp_gain":0.0,"max_hp_loss":0.0,"gold_gain":0.0,"event_name":"Forgotten Altar","player_choice":"Smashed Altar","floor":19.0,"gold_loss":0.0,"damage_taken":0.0,"cards_obtained":["Decay"]},{"damage_healed":0.0,"max_hp_gain":0.0,"max_hp_loss":0.0,"gold_gain":0.0,"event_name":"Vampires","player_choice":"Ignored","floor":30.0,"gold_loss":0.0,"damage_taken":0.0},{"damage_healed":0.0,"max_hp_gain":0.0,"max_hp_loss":0.0,"gold_gain":0.0,"event_name":"Masked Bandits","player_choice":"Paid Fearfully","floor":31.0,"gold_loss":14.0,"damage_taken":0.0},{"damage_healed":0.0,"max_hp_gain":0.0,"max_hp_loss":0.0,"gold_gain":0.0,"event_name":"Tomb of Lord Red Mask","player_choice":"Paid","floor":36.0,"gold_loss":0.0,"damage_taken":0.0,"relics_obtained":["Red Mask"]},{"damage_healed":0.0,"max_hp_gain":0.0,"max_hp_loss":0.0,"gold_gain":0.0,"event_name":"Duplicator","player_choice":"Copied","floor":39.0,"gold_loss":0.0,"damage_taken":0.0,"cards_obtained":["TalkToTheHand"]},{"damage_healed":67.0,"max_hp_gain":0.0,"max_hp_loss":10.0,"gold_gain":0.0,"event_name":"The Moai Head","player_choice":"Heal","floor":44.0,"gold_loss":0.0,"damage_taken":0.0},{"damage_healed":0,"gold_gain":0,"player_choice":"Fight","damage_taken":0,"max_hp_gain":0,"max_hp_loss":0,"event_name":"Mysterious Sphere","floor":46,"gold_loss":0},{"damage_healed":0,"gold_gain":0,"player_choice":"Embrace Madness","damage_taken":8,"max_hp_gain":0,"max_hp_loss":0,"event_name":"Winding Halls","floor":48,"gold_loss":0,"cards_obtained":["Madness","Madness"]}],"is_beta":false,"boss_relics":[{"not_picked":["Snecko Eye","Velvet Choker"],"picked":"Ectoplasm"},{"not_picked":["Fusion Hammer","Sozu","Coffee Dripper"]}],"items_purged_floors":[20],"is_endless":false,"potions_floor_spawned":[7,33,35,38,46],"ascension_level":0}}