{"host":"c10fjmjt4zmpjqlg","time":1607599492,"event":{"gold_per_floor":[110,110,127,145,203,203,233,261,273,285,308,348,387,100,100,203,203,215,215,232,232,249,249,249],"floor_reached":23,"playtime":769,"items_purged":[],"score":211,"play_id":"4363dd6d-cc11-4402-bd2d-04a6cf35efc9","local_time":"20201210222451","is_ascension_mode":true,"campfire_choices":[{"data":"Bash","floor":6,"key":"SMITH"},{"floor":15,"key":"REST"}],"neow_cost":"NONE","seed_source_timestamp":2320881827963417832,"circlet_count":0,"master_deck":["Strike_R","Strike_R+1","Strike_R","Strike_R","Strike_R","Defend_R","Defend_R+1","Defend_R","Defend_R","Bash+1","Twin Strike","Thunderclap","Clash","Spot Weakness","Twin Strike","Clothesline","Havoc","Infernal Blade","Rampage","Corruption","Inflame+1","Cleave","Twin Strike"],"relics":["Burning Blood","MawBank","Art of War","Odd Mushroom","Pantograph","Strange Spoon","Dream Catcher","Mark of Pain","Enchiridion","CultistMask"],"potions_floor_usage":[13,22,22,22,23],"damage_taken":[{"damage":15,"enemies":"Jaw Worm","floor":1,"turns":4},{"damage":0,"enemies":"2 Louse","floor":3,"turns":2},{"damage":6,"enemies":"Cultist","floor":4,"turns":3},{"damage":12,"enemies":"Gremlin Nob","floor":7,"turns":4},{"damage":8,"enemies":"Large Slime","floor":8,"turns":4},{"damage":8,"enemies":"Exordium Wildlife","floor":11,"turns":3},{"damage":25,"enemies":"The Mushroom Lair","floor":12,"turns":3},{"damage":22,"enemies":"3 Sentries","floor":13,"turns":7},{"damage":47,"enemies":"The Guardian","floor":16,"turns":9},{"damage":2,"enemies":"Chosen","floor":18,"turns":4},{"damage":32,"enemies":"3 Byrds","floor":20,"turns":4},{"damage":26,"enemies":"Snake Plant","floor":22,"turns":3},{"damage":46,"enemies":"Book of Stabbing","floor":23,"turns":3}],"seed_played":"7692231235988618090","potions_obtained":[{"floor":7,"key":"Energy Potion"},{"floor":8,"key":"SkillPotion"},{"floor":12,"key":"EssenceOfSteel"},{"floor":20,"key":"Fire Potion"},{"floor":22,"key":"ElixirPotion"}],"is_trial":false,"path_per_floor":["M","?","M","M","?","R","E","M","T","?","M","?","E","$","R","B",null,"M","?","M","?","M","E"],"character_chosen":"IRONCLAD","items_purchased":["Strange Spoon","Dream Catcher"],"campfire_rested":1,"item_purchase_floors":[14,14],"current_hp_per_floor":[79,61,67,67,67,67,61,59,59,59,57,38,22,22,48,32,88,88,72,46,46,26,0,0],"gold":249,"neow_bonus":"TEN_PERCENT_HP_BONUS","is_prod":false,"is_daily":false,"chose_seed":false,"campfire_upgraded":1,"win_rate":0,"timestamp":1607599491,"path_taken":["M","?","M","M","?","R","E","M","T","?","?","?","E","$","R","BOSS","M","?","M","?","?","E"],"build_version":"2020-11-30","purchased_purges":0,"victory":false,"max_hp_per_floor":[88,88,88,88,88,88,88,88,88,88,88,88,88,88,88,88,88,88,88,88,88,88,88,88],"relic_stats":{"Strange Spoon":[6],"Dream Catcher":1,"counters":[13,53],"Pantograph":25,"Art of War":[0],"MawBank":84,"obtain_stats":[{"Strange Spoon":14,"Dream Catcher":14,"Pantograph":13,"Enchiridion":19,"Mark of Pain":17,"CultistMask":21,"Art of War":9,"Odd Mushroom":12,"MawBank":7,"Burning Blood":0},{"Strange Spoon":8,"Dream Catcher":8,"Pantograph":8,"Enchiridion":10,"Mark of Pain":9,"CultistMask":11,"Art of War":5,"Odd Mushroom":7,"MawBank":4,"Burning Blood":0},{"Strange Spoon":30,"Dream Catcher":30,"Pantograph":30,"Enchiridion":43,"Mark of Pain":39,"CultistMask":47,"Art of War":17,"Odd Mushroom":23,"MawBank":13,"Burning Blood":0}],"Burning Blood":68},"card_choices":[{"not_picked":["Heavy Blade","Clothesline"],"picked":"Twin Strike","floor":1},{"not_picked":["Twin Strike","Pommel Strike"],"picked":"Thunderclap","floor":3},{"not_picked":["True Grit","Clothesline"],"picked":"Clash","floor":4},{"not_picked":["Seeing Red","Brutality"],"picked":"Spot Weakness","floor":7},{"not_picked":["Perfected Strike","Iron Wave"],"picked":"Twin Strike","floor":8},{"not_picked":["Headbutt","Feel No Pain"],"picked":"Clothesline","floor":11},{"not_picked":["Anger","Heavy Blade"],"picked":"Havoc","floor":12},{"not_picked":["Second Wind","Anger"],"picked":"Infernal Blade","floor":13},{"not_picked":["Cleave","Armaments"],"picked":"Rampage","floor":15},{"not_picked":["Bludgeon","Exhume"],"picked":"Corruption","floor":16},{"not_picked":["Perfected Strike","Burning Pact+1"],"picked":"Inflame+1","floor":18},{"not_picked":["Ghostly Armor","Sword Boomerang"],"picked":"Cleave","floor":20},{"not_picked":["Clash","Hemokinesis+1"],"picked":"Twin Strike","floor":22}],"player_experience":305519,"relics_obtained":[{"floor":7,"key":"MawBank"},{"floor":9,"key":"Art of War"},{"floor":12,"key":"Odd Mushroom"},{"floor":13,"key":"Pantograph"}],"event_choices":[{"damage_healed":0,"gold_gain":0,"player_choice":"Entered Light","damage_taken":18,"max_hp_gain":0,"max_hp_loss":0,"event_name":"Shining Light","floor":2,"gold_loss":0,"cards_upgraded":["Strike_R","Defend_R"]},{"damage_healed":0,"gold_gain":58,"player_choice":"Gained Gold","damage_taken":0,"max_hp_gain":0,"max_hp_loss":0,"event_name":"Golden Wing","floor":5,"gold_loss":0},{"damage_healed":0,"gold_gain":0,"player_choice":"Bought 0 Potions","damage_taken":0,"max_hp_gain":0,"max_hp_loss":0,"event_name":"The Woman in Blue","floor":10,"gold_loss":0},{"damage_healed":0,"gold_gain":0,"player_choice":"Fought Mushrooms","damage_taken":0,"max_hp_gain":0,"max_hp_loss":0,"event_name":"Mushrooms","floor":12,"gold_loss":0},{"damage_healed":0,"gold_gain":0,"player_choice":"Obtained Book","damage_taken":16,"max_hp_gain":0,"max_hp_loss":0,"event_name":"Cursed Tome","floor":19,"gold_loss":0},{"damage_healed":0,"gold_gain":0,"player_choice":"Trade","damage_taken":0,"relics_obtained":["CultistMask"],"max_hp_gain":0,"max_hp_loss":0,"event_name":"FaceTrader","floor":21,"gold_loss":0}],"is_beta":false,"boss_relics":[{"not_picked":["Cursed Key","Empty Cage"],"picked":"Mark of Pain"}],"items_purged_floors":[],"is_endless":false,"potions_floor_spawned":[7,8,12,20,22],"killed_by":"Book of Stabbing","ascension_level":1}}