{"host":"zkqorkqsr6o67e8b","time":1607588754,"event":{"gold_per_floor":[119,119,44,44,55,55,84,84,84,112,129,145,145,170,170,246,246,260,274,274,199,17,17,42,42,42,42,61,90,90,106,106,181,181,192,211,240,240,289,289,289,322,391,409,450,450,467,484,484,484,484,484,100,135,135],"floor_reached":56,"playtime":2723,"items_purged":["alterego_mod:Strike","alterego_mod:Defend"],"score":2305,"play_id":"593db38b-fa55-408a-b812-5c72e4cc8f10","local_time":"20201210162554","is_ascension_mode":true,"campfire_choices":[{"data":"alterego_mod:Schoolgirl","floor":6.0,"key":"SMITH"},{"data":"alterego_mod:TrashNCrash","floor":8.0,"key":"SMITH"},{"data":"alterego_mod:Venus","floor":13.0,"key":"SMITH"},{"data":"alterego_mod:Cushion","floor":15.0,"key":"SMITH"},{"data":"alterego_mod:Cushion","floor":23.0,"key":"SMITH"},{"floor":25.0,"key":"RECALL"},{"data":"Violence","floor":27.0,"key":"SMITH"},{"data":"alterego_mod:IndependentAction","floor":32.0,"key":"SMITH"},{"data":"alterego_mod:Belts","floor":40.0,"key":"SMITH"},{"data":"alterego_mod:IdEs","floor":46.0,"key":"SMITH"},{"data":"alterego_mod:BrynhildrsRune","floor":49,"key":"SMITH"},{"data":"alterego_mod:Defend","floor":52,"key":"SMITH"}],"neow_cost":"NONE","seed_source_timestamp":25676717149900,"circlet_count":0,"master_deck":["AscendersBane","alterego_mod:Strike","alterego_mod:Strike","alterego_mod:Defend","alterego_mod:Defend","alterego_mod:Defend+1","alterego_mod:BigMeatyClaws+1","alterego_mod:BrynhildrsRune+1","Violence+1","alterego_mod:Schoolgirl+1","alterego_mod:TrashNCrash+1","alterego_mod:Venus+1","alterego_mod:Cushion+1","alterego_mod:Cushion+1","alterego_mod:Belts+1","alterego_mod:IndependentAction+1","alterego_mod:BeGentle+1","alterego_mod:IdEs+1","REME_FirmDetermination","alterego_mod:SakuraLabyrinth","alterego_mod:MagicResistance"],"special_seed":0,"relics":["alterego_mod:MasochisticConstitution","REME_ComplimentaryCards","NeowsBlessing","ThirstyCross","Calipers","Gremlin Horn","Bag of Marbles","Coffee Dripper","Membership Card","Blood Vial","Vajra","CeramicFish","Mummified Hand","Sozu","ShirouKen","HoshigumaDish","Eternal Feather","Strawberry","REME_CardOfGreed","Incense Burner","Art of War"],"potions_floor_usage":[50],"damage_taken":[{"damage":5.0,"enemies":"Cultist","floor":1.0,"turns":4.0},{"damage":5.0,"enemies":"Jaw Worm","floor":5.0,"turns":2.0},{"damage":3.0,"enemies":"Gremlin Nob","floor":7.0,"turns":2.0},{"damage":9.0,"enemies":"3 Sentries","floor":10.0,"turns":6.0},{"damage":0.0,"enemies":"Small Slimes","floor":11.0,"turns":3.0},{"damage":1.0,"enemies":"Looter","floor":12.0,"turns":2.0},{"damage":8.0,"enemies":"Slime Boss","floor":16.0,"turns":3.0},{"damage":8.0,"enemies":"3 Byrds","floor":18.0,"turns":4.0},{"damage":8.0,"enemies":"Shell Parasite","floor":19.0,"turns":4.0},{"damage":0.0,"enemies":"Gremlin Leader","floor":24.0,"turns":4.0},{"damage":4.0,"enemies":"3 Cultists","floor":28.0,"turns":5.0},{"damage":3.0,"enemies":"Book of Stabbing","floor":29.0,"turns":5.0},{"damage":1.0,"enemies":"Centurion and Healer","floor":31.0,"turns":3.0},{"damage":8.0,"enemies":"Champ","floor":33.0,"turns":11.0},{"damage":11.0,"enemies":"3 Darklings","floor":35.0,"turns":8.0},{"damage":3.0,"enemies":"3 Shapes","floor":36.0,"turns":4.0},{"damage":2.0,"enemies":"3 Darklings","floor":37.0,"turns":4.0},{"damage":45.0,"enemies":"2 Orb Walkers","floor":39.0,"turns":7.0},{"damage":2.0,"enemies":"Giant Head","floor":42.0,"turns":8.0},{"damage":4.0,"enemies":"Jaw Worm Horde","floor":44.0,"turns":6.0},{"damage":4.0,"enemies":"Nemesis","floor":45.0,"turns":5.0},{"damage":8,"enemies":"Writhing Mass","floor":47,"turns":5},{"damage":1,"enemies":"Transient","floor":48,"turns":6},{"damage":29,"enemies":"Donu and Deca","floor":50,"turns":8},{"damage":3,"enemies":"Shield and Spear","floor":54,"turns":6},{"damage":7,"enemies":"The Heart","floor":55,"turns":9}],"seed_played":"-5439775980753145953","potions_obtained":[{"floor":1.0,"key":"DuplicationPotion"},{"floor":5.0,"key":"AttackPotion"},{"floor":16.0,"key":"LiquidBronze"},{"floor":19.0,"key":"GamblersBrew"},{"floor":20.0,"key":"DuplicationPotion"}],"is_trial":false,"path_per_floor":["M","?","?","?","M","R","E","R","T","E","M","M","R","T","R","B",null,"M","M","?","$","$","R","E","R","T","R","M","E","T","M","R","B",null,"M","M","M","?","?","R","?","E","T","M","E","R","M","M","R","B",null,"R","$","E","B",null],"character_chosen":"The_Alterego","items_purchased":["Membership Card","alterego_mod:Belts","REME_FirmDetermination","REME_CardOfGreed","Incense Burner","alterego_mod:SakuraLabyrinth","alterego_mod:MagicResistance"],"campfire_rested":0,"item_purchase_floors":[22,22,53,53,53,53,53],"current_hp_per_floor":[62,42,42,42,38,38,36,36,36,28,35,35,35,35,35,28,60,60,60,60,60,60,60,60,60,60,60,66,73,73,76,76,76,77,78,79,78,78,50,50,50,58,58,71,84,91,84,93,93,72,89,94,94,95,96],"gold":135,"neow_bonus":"THREE_ENEMY_KILL","is_prod":false,"is_daily":false,"chose_seed":false,"campfire_upgraded":11,"win_rate":0,"timestamp":1607588754,"path_taken":["M","?","?","?","M","R","E","R","T","E","M","M","R","?","R","BOSS","M","M","?","?","$","R","E","R","T","R","M","E","?","M","R","BOSS","M","M","M","?","?","R","?","E","T","M","E","R","M","M","R","BOSS","R","$","E","BOSS"],"build_version":"2020-11-30","purchased_purges":2,"victory":true,"max_hp_per_floor":[66,66,66,66,67,67,68,68,68,69,69,70,70,70,70,71,71,72,73,73,73,73,73,73,73,73,73,74,75,75,76,76,77,77,78,79,80,80,81,81,81,82,82,83,91,91,92,93,93,94,94,94,94,95,96],"card_choices":[{"not_picked":["alterego_mod:MaintainEyeContact","alterego_mod:PurpleHair"],"picked":"alterego_mod:Schoolgirl","floor":1.0},{"not_picked":["alterego_mod:Undulate","alterego_mod:Jiggle","alterego_mod:DustData"],"picked":"SKIP","floor":5.0},{"not_picked":["alterego_mod:Support","alterego_mod:Mirror"],"picked":"alterego_mod:TrashNCrash","floor":7.0},{"not_picked":["alterego_mod:Support","alterego_mod:1TonWallop"],"picked":"alterego_mod:Venus","floor":10.0},{"not_picked":["alterego_mod:BustOut","alterego_mod:Belle","alterego_mod:PresenceConcealment"],"picked":"SKIP","floor":11.0},{"not_picked":["alterego_mod:Complex","alterego_mod:Clap"],"picked":"alterego_mod:Cushion","floor":12.0},{"not_picked":["alterego_mod:MaintainEyeContact","alterego_mod:Maid","alterego_mod:Complex"],"picked":"SKIP","floor":18.0},{"not_picked":["alterego_mod:HighServant","alterego_mod:Valentines"],"picked":"alterego_mod:Cushion","floor":19.0},{"not_picked":["alterego_mod:1TonWallop+1","alterego_mod:Nekomimi","alterego_mod:DeftHands"],"picked":"SKIP","floor":24.0},{"not_picked":["alterego_mod:BusterCard","alterego_mod:Bounce"],"picked":"alterego_mod:IndependentAction","floor":28.0},{"not_picked":["alterego_mod:Bounce","alterego_mod:Rip","alterego_mod:Support"],"picked":"SKIP","floor":29.0},{"not_picked":["alterego_mod:Cycle","alterego_mod:HighServant","alterego_mod:Undulate"],"picked":"SKIP","floor":31.0},{"not_picked":["alterego_mod:TrashNCrash","alterego_mod:PurpleHair+1","alterego_mod:Support"],"picked":"SKIP","floor":35.0},{"not_picked":["alterego_mod:Cycle","alterego_mod:DeftHands","alterego_mod:Santa"],"picked":"SKIP","floor":36.0},{"not_picked":["alterego_mod:Collar","alterego_mod:Rip"],"picked":"alterego_mod:BeGentle+1","floor":37.0},{"not_picked":["alterego_mod:GoddessCore+1","alterego_mod:TrashNCrash+1","alterego_mod:Bloomers"],"picked":"SKIP","floor":42.0},{"not_picked":["alterego_mod:BeGentle","alterego_mod:Maid","alterego_mod:Complex+1"],"picked":"SKIP","floor":44.0},{"not_picked":["alterego_mod:BreastValley","alterego_mod:1TonWallop+1"],"picked":"alterego_mod:IdEs","floor":45.0},{"not_picked":["alterego_mod:Maid+1","alterego_mod:PurpleHair","alterego_mod:PerceptionDisorder"],"picked":"SKIP","floor":47},{"not_picked":["alterego_mod:Lingerie","alterego_mod:Valentines+1","alterego_mod:HighServant+1"],"picked":"SKIP","floor":48},{"not_picked":["alterego_mod:BiFurious","alterego_mod:Valkyrie","alterego_mod:Crossover"],"picked":"SKIP","floor":54}],"player_experience":659778,"relics_obtained":[{"floor":7.0,"key":"Calipers"},{"floor":9.0,"key":"Gremlin Horn"},{"floor":10.0,"key":"Bag of Marbles"},{"floor":24.0,"key":"Blood Vial"},{"floor":26.0,"key":"Vajra"},{"floor":29.0,"key":"CeramicFish"},{"floor":30.0,"key":"Mummified Hand"},{"floor":39.0,"key":"ShirouKen"},{"floor":42.0,"key":"HoshigumaDish"},{"floor":43.0,"key":"Eternal Feather"},{"floor":45.0,"key":"Strawberry"},{"floor":54,"key":"Art of War"}],"event_choices":[{"damage_healed":0.0,"max_hp_gain":0.0,"max_hp_loss":0.0,"gold_gain":0.0,"event_name":"Shining Light","player_choice":"Entered Light","floor":2.0,"gold_loss":0.0,"damage_taken":20.0,"cards_upgraded":["alterego_mod:BigMeatyClaws","alterego_mod:Strike"]},{"cards_removed":["alterego_mod:Impale"],"damage_healed":0.0,"max_hp_gain":0.0,"max_hp_loss":0.0,"gold_gain":0.0,"event_name":"The Cleric","player_choice":"Card Removal","floor":3.0,"gold_loss":75.0,"damage_taken":0.0},{"damage_healed":0.0,"max_hp_gain":0.0,"max_hp_loss":0.0,"gold_gain":0.0,"event_name":"Lab","player_choice":"Got Potions","floor":20.0,"gold_loss":0.0,"damage_taken":0.0},{"damage_healed":0.0,"max_hp_gain":0.0,"max_hp_loss":0.0,"gold_gain":0.0,"event_name":"Mysterious Sphere","player_choice":"Fight","floor":39.0,"gold_loss":0.0,"damage_taken":0.0},{"cards_removed":["alterego_mod:Strike"],"damage_healed":0.0,"max_hp_gain":0.0,"max_hp_loss":0.0,"gold_gain":0.0,"event_name":"Falling","player_choice":"Removed Attack","floor":41.0,"gold_loss":0.0,"damage_taken":0.0}],"is_beta":false,"boss_relics":[{"not_picked":["Black Star","Ectoplasm"],"picked":"Coffee Dripper"},{"not_picked":["Pandora\u0027s Box","Calling Bell"],"picked":"Sozu"}],"items_purged_floors":[21,53],"is_endless":false,"potions_floor_spawned":[1,5,12,16,19,24,29,39,42,45,47],"ascension_level":19}}