{"host":"sz8c8ni79nvzjmmg","time":1607623913,"event":{"mods":["BaseMod","DeckTracker","Keyboard Shortcuts","Minty Spire (QoL Compilation)","SuperFastMode","AchievementEnabler"],"gold_per_floor":[119,133,133,143,155,155,155,155],"floor_reached":7,"playtime":247,"items_purged":[],"score":86,"play_id":"30033b68-5dd8-4e2f-bc1a-f2235d3eb4ce","local_time":"20201211031153","is_ascension_mode":true,"campfire_choices":[{"data":"Prepared","floor":6,"key":"SMITH"}],"circlet_count":0,"master_deck":["AscendersBane","Strike_G","Strike_G","Strike_G","Strike_G","Strike_G","Defend_G","Defend_G","Defend_G","Defend_G","Defend_G","Survivor","Neutralize","Catalyst","Tactician","Adrenaline","Prepared+1","Quick Slash","Acrobatics"],"special_seed":0,"relics":["Coffee Dripper"],"acts_visited":["Exordium"],"potions_floor_usage":[5,7],"damage_taken":[{"damage":0.0,"enemies":"Cultist","floor":1.0,"turns":4.0},{"damage":4.0,"enemies":"Jaw Worm","floor":2.0,"turns":5.0},{"damage":0,"enemies":"2 Louse","floor":4,"turns":2},{"damage":7,"enemies":"Gremlin Gang","floor":5,"turns":7},{"damage":19,"enemies":"Lagavulin","floor":7,"turns":10}],"seed_played":"-6337258141843799802","potions_obtained":[{"floor":4,"key":"DuplicationPotion"},{"floor":5,"key":"Block Potion"}],"is_trial":false,"path_per_floor":["M","M","?","M","M","R","E"],"character_chosen":"THE_SILENT","items_purchased":[],"campfire_rested":0,"item_purchase_floors":[],"current_hp_per_floor":[59,55,55,55,48,48,29,29],"gold":155,"neow_bonus":"BOSS_RELIC","is_daily":false,"chose_seed":false,"campfire_upgraded":1,"win_rate":0,"timestamp":1607623913,"path_taken":["M","M","?","M","M","R","E"],"build_version":"2020-11-30","purchased_purges":0,"victory":false,"max_hp_per_floor":[66,66,66,66,66,66,66,66],"card_choices":[{"not_picked":["Sucker Punch","Blur"],"picked":"Catalyst","floor":1.0},{"not_picked":["Concentrate","Terror"],"picked":"Tactician","floor":2.0},{"not_picked":["Well Laid Plans","Accuracy"],"picked":"Quick Slash","floor":4},{"not_picked":["Quick Slash","Outmaneuver"],"picked":"Acrobatics","floor":5}],"player_experience":1189014,"relics_obtained":[],"event_choices":[{"damage_healed":0,"gold_gain":0,"player_choice":"2 cards matched","damage_taken":0,"max_hp_gain":0,"max_hp_loss":0,"event_name":"Match and Keep!","floor":3,"gold_loss":0,"cards_obtained":["Adrenaline","Prepared"]}],"is_beta":false,"boss_relics":[],"items_purged_floors":[],"is_endless":false,"potions_floor_spawned":[4,5],"killed_by":"Lagavulin","ascension_level":20}}