{"host":"dpbezu80jg8zk7un","time":1607563634,"event":{"gold_per_floor":[111,36,7,7,7,42,42,68,68,78,89,89,89,123,123,199,199,211,136,226,245,257,285,285,210,234,234,245,145,171,189,189,263,263,279,279,279,332,332,103,103,64,64,42,54,71,103,175,175,175,175,175,175,34,69,69],"floor_reached":57,"playtime":1903,"items_purged":["Strike_P","Defend_P","Strike_P+1","FollowUp+1"],"score":2939,"play_id":"c26f125d-2159-454f-a432-6adcf35276d3","local_time":"20201210102714","is_ascension_mode":true,"campfire_choices":[{"floor":7.0,"key":"REST"},{"floor":12.0,"key":"REST"},{"data":"Adaptation","floor":15.0,"key":"SMITH"},{"floor":24.0,"key":"REST"},{"floor":32.0,"key":"REST"},{"floor":41.0,"key":"RECALL"},{"floor":49,"key":"REST"},{"floor":53,"key":"REST"}],"neow_cost":"NONE","seed_source_timestamp":63460158311600,"circlet_count":0,"master_deck":["AscendersBane","Defend_P+1","Eruption+1","Vigilance+1","Brilliance+1","Adaptation+1","Vault+1","EmptyFist+1","Tantrum+1","DeusExMachina+1","Scrawl+1","FearNoEvil","Adaptation","TalkToTheHand","MentalFortress"],"special_seed":0,"relics":["PureWater","Orichalcum","MealTicket","Question Card","Omamori","VioletLotus","Bag of Marbles","Ice Cream","Unceasing Top","Fusion Hammer","CaptainsWheel","Membership Card","Yang","Incense Burner","InkBottle","Blood Vial"],"potions_floor_usage":[56,56],"damage_taken":[{"damage":2.0,"enemies":"Jaw Worm","floor":1.0,"turns":3.0},{"damage":36.0,"enemies":"Gremlin Nob","floor":6.0,"turns":4.0},{"damage":32.0,"enemies":"3 Sentries","floor":8.0,"turns":7.0},{"damage":0.0,"enemies":"Small Slimes","floor":10.0,"turns":2.0},{"damage":0.0,"enemies":"2 Louse","floor":11.0,"turns":2.0},{"damage":0.0,"enemies":"Gremlin Nob","floor":14.0,"turns":2.0},{"damage":16.0,"enemies":"Hexaghost","floor":16.0,"turns":8.0},{"damage":18.0,"enemies":"Shell Parasite","floor":18.0,"turns":4.0},{"damage":0.0,"enemies":"Spheric Guardian","floor":21.0,"turns":3.0},{"damage":18.0,"enemies":"Shelled Parasite and Fungi","floor":22.0,"turns":4.0},{"damage":46.0,"enemies":"Slavers","floor":23.0,"turns":6.0},{"damage":2.0,"enemies":"Centurion and Healer","floor":28.0,"turns":4.0},{"damage":2.0,"enemies":"Book of Stabbing","floor":30.0,"turns":3.0},{"damage":0.0,"enemies":"Cultist and Chosen","floor":31.0,"turns":2.0},{"damage":22.0,"enemies":"Automaton","floor":33.0,"turns":7.0},{"damage":10.0,"enemies":"3 Shapes","floor":35.0,"turns":2.0},{"damage":5.0,"enemies":"2 Orb Walkers","floor":38.0,"turns":2.0},{"damage":12,"enemies":"3 Darklings","floor":45,"turns":2},{"damage":0,"enemies":"4 Shapes","floor":46,"turns":1},{"damage":0,"enemies":"Nemesis","floor":47,"turns":2},{"damage":0,"enemies":"Donu and Deca","floor":50,"turns":2},{"damage":36,"enemies":"Time Eater","floor":51,"turns":9},{"damage":0,"enemies":"Shield and Spear","floor":55,"turns":3},{"damage":66,"enemies":"The Heart","floor":56,"turns":7}],"seed_played":"-3415261300707184083","potions_obtained":[{"floor":8.0,"key":"Explosive Potion"},{"floor":10.0,"key":"DistilledChaos"},{"floor":14.0,"key":"EntropicBrew"},{"floor":28.0,"key":"BottledMiracle"},{"floor":33.0,"key":"LiquidMemories"},{"floor":47,"key":"BottledMiracle"},{"floor":55,"key":"DuplicationPotion"}],"is_trial":false,"path_per_floor":["M","?","$","?","?","E","R","E","T","M","M","R","?","E","R","B",null,"M","$","?","M","M","E","R","?","T","?","M","$","E","M","R","B",null,"M","?","?","?","?","$","R","$","T","$","M","M","E","T","R","B","B",null,"R","$","E","B",null],"character_chosen":"WATCHER","items_purchased":["FollowUp","Membership Card","FearNoEvil","Adaptation","TalkToTheHand","Dexterity Potion"],"campfire_rested":6,"item_purchase_floors":[3,40,42,44,54,54],"current_hp_per_floor":[59,59,59,59,52,16,36,4,4,4,4,24,29,29,29,13,58,40,55,37,37,19,3,24,24,24,24,22,37,35,35,56,34,63,53,53,53,48,38,53,53,68,68,73,61,61,61,61,73,73,37,64,73,73,73,7],"gold":69,"neow_bonus":"UPGRADE_CARD","is_prod":false,"is_daily":false,"chose_seed":false,"campfire_upgraded":1,"win_rate":0,"timestamp":1607563634,"path_taken":["M","?","$","?","?","E","R","E","T","M","M","R","?","E","R","BOSS","M","$","?","?","M","E","R","?","T","?","M","$","E","M","R","BOSS","M","?","?","?","?","$","R","$","T","?","?","M","E","?","R","BOSS","BOSS","R","$","E","BOSS"],"build_version":"2020-11-30","purchased_purges":4,"victory":true,"max_hp_per_floor":[68,68,68,68,68,68,68,68,68,68,68,68,73,73,73,73,73,73,73,73,73,73,73,73,73,73,73,73,73,73,73,73,73,73,73,73,73,73,73,73,73,73,73,73,73,73,73,73,73,73,73,73,73,73,73,73],"card_choices":[{"not_picked":["Crescendo","Collect","JustLucky"],"picked":"SKIP","floor":1.0},{"not_picked":["Crescendo","Perseverance","DeceiveReality"],"picked":"SKIP","floor":6.0},{"not_picked":["Wireheading","Consecrate","Evaluate"],"picked":"SKIP","floor":8.0},{"not_picked":["FollowUp","Protect","FlyingSleeves"],"picked":"Brilliance","floor":10.0},{"not_picked":["FlurryOfBlows","InnerPeace","FlyingSleeves"],"picked":"Adaptation","floor":11.0},{"not_picked":["FlurryOfBlows","FlyingSleeves","Worship"],"picked":"Vault","floor":14.0},{"not_picked":["ClearTheMind","Evaluate","Study","PathToVictory"],"picked":"SKIP","floor":18.0},{"not_picked":["FlyingSleeves","PathToVictory","ThirdEye"],"picked":"EmptyFist+1","floor":21.0},{"not_picked":["Protect","FlurryOfBlows","EmptyBody","Perseverance+1"],"picked":"SKIP","floor":22.0},{"not_picked":["Nirvana","ThirdEye","EmptyBody","CutThroughFate"],"picked":"SKIP","floor":23.0},{"not_picked":["Study","WaveOfTheHand","LikeWater"],"picked":"Tantrum","floor":28.0},{"not_picked":["JustLucky","Nirvana+1","FlurryOfBlows"],"picked":"DeusExMachina","floor":30.0},{"not_picked":["Protect","Consecrate","FollowUp","BowlingBash"],"picked":"SKIP","floor":31.0},{"not_picked":["MasterReality","Establishment","Vault"],"picked":"Scrawl","floor":33.0},{"not_picked":["EmptyBody+1","BowlingBash","Consecrate","JustLucky"],"picked":"SKIP","floor":35.0},{"not_picked":["DeceiveReality","Study","EmptyFist","Prostrate"],"picked":"SKIP","floor":45},{"not_picked":["BattleHymn","Evaluate","CarveReality","ClearTheMind"],"picked":"SKIP","floor":46},{"not_picked":["Crescendo+1","BowlingBash","WheelKick","Collect"],"picked":"SKIP","floor":47},{"not_picked":["FlurryOfBlows","ReachHeaven","ConjureBlade"],"picked":"MentalFortress","floor":55}],"player_experience":2728876,"relics_obtained":[{"floor":6.0,"key":"Orichalcum"},{"floor":8.0,"key":"MealTicket"},{"floor":9.0,"key":"Question Card"},{"floor":14.0,"key":"Omamori"},{"floor":23.0,"key":"Bag of Marbles"},{"floor":30.0,"key":"Unceasing Top"},{"floor":38.0,"key":"CaptainsWheel"},{"floor":43.0,"key":"Yang"},{"floor":47,"key":"Incense Burner"},{"floor":48,"key":"InkBottle"},{"floor":55,"key":"Blood Vial"}],"event_choices":[{"cards_removed":["Defend_P"],"damage_healed":0.0,"max_hp_gain":0.0,"max_hp_loss":0.0,"gold_gain":0.0,"event_name":"The Cleric","player_choice":"Card Removal","floor":2.0,"gold_loss":75.0,"damage_taken":0.0},{"damage_healed":0.0,"max_hp_gain":0.0,"max_hp_loss":0.0,"gold_gain":0.0,"cards_transformed":["Strike_P"],"event_name":"Living Wall","player_choice":"Change","floor":4.0,"gold_loss":0.0,"damage_taken":0.0,"cards_obtained":["LessonLearned"]},{"cards_removed":["Defend_P"],"damage_healed":0.0,"max_hp_gain":0.0,"max_hp_loss":0.0,"gold_gain":0.0,"event_name":"Golden Wing","player_choice":"Card Removal","floor":5.0,"gold_loss":0.0,"damage_taken":7.0},{"damage_healed":0.0,"max_hp_gain":5.0,"max_hp_loss":0.0,"gold_gain":0.0,"event_name":"Big Fish","player_choice":"Donut","floor":13.0,"gold_loss":0.0,"damage_taken":0.0},{"damage_healed":0.0,"max_hp_gain":0.0,"max_hp_loss":0.0,"gold_gain":90.0,"event_name":"Knowing Skull","player_choice":"POTION GOLD ","floor":20.0,"potions_obtained":["SpeedPotion"],"gold_loss":0.0,"damage_taken":18.0,"cards_obtained":[]},{"cards_removed":["Strike_P"],"damage_healed":0.0,"max_hp_gain":0.0,"max_hp_loss":0.0,"gold_gain":0.0,"event_name":"Beggar","player_choice":"Gave Gold","floor":25.0,"gold_loss":75.0,"damage_taken":0.0},{"damage_healed":0.0,"max_hp_gain":0.0,"max_hp_loss":0.0,"gold_gain":0.0,"event_name":"The Mausoleum","player_choice":"Opened","floor":27.0,"gold_loss":0.0,"damage_taken":0.0,"relics_obtained":["Ice Cream"],"cards_obtained":["Writhe"]},{"cards_removed":["LessonLearned"],"damage_healed":0.0,"max_hp_gain":0.0,"max_hp_loss":0.0,"gold_gain":0.0,"event_name":"Falling","player_choice":"Removed Attack","floor":36.0,"gold_loss":0.0,"damage_taken":0.0},{"damage_healed":0.0,"max_hp_gain":0.0,"max_hp_loss":0.0,"gold_gain":0.0,"event_name":"Tomb of Lord Red Mask","player_choice":"Ignored","floor":37.0,"gold_loss":0.0,"damage_taken":0.0},{"damage_healed":0.0,"max_hp_gain":0.0,"max_hp_loss":0.0,"gold_gain":0.0,"event_name":"Mysterious Sphere","player_choice":"Fight","floor":38.0,"gold_loss":0.0,"damage_taken":0.0},{"damage_healed":0.0,"max_hp_gain":0.0,"max_hp_loss":0.0,"gold_gain":0.0,"event_name":"SensoryStone","player_choice":"Memory 3","floor":39.0,"gold_loss":0.0,"damage_taken":10.0}],"is_beta":false,"boss_relics":[{"not_picked":["SacredBark","Sozu"],"picked":"VioletLotus"},{"not_picked":["Snecko Eye","HolyWater"],"picked":"Fusion Hammer"}],"items_purged_floors":[19,29,40,54],"is_endless":false,"potions_floor_spawned":[8,10,14,22,28,33,47,55],"ascension_level":20}}