{"host":"bxn2em57qlx5u4i0","time":1607564715,"event":{"gold_per_floor":[118,118,118,61,61,92,92,127,127,142,173,190,225,242,242,321,321,333,333,383,399,418,418,453,453,478,489,502,502,392,234,234,311,311,329,345,358,358,358,386,386,411,411,235,235,235,110,121,121,121,121],"floor_reached":50,"playtime":1568,"items_purged":["Strike_B","Writhe","Strike_B"],"score":1392,"play_id":"2799cff1-cd72-45d9-a515-d9e9253a994c","local_time":"20201209204515","is_ascension_mode":true,"campfire_choices":[{"data":"Sweeping Beam","floor":7,"key":"SMITH"},{"data":"Loop","floor":15,"key":"SMITH"},{"floor":23,"key":"REST"},{"data":"Turbo","floor":25,"key":"SMITH"},{"floor":29,"key":"REST"},{"data":"Consume","floor":32,"key":"SMITH"},{"data":"Loop","floor":41,"key":"SMITH"},{"data":"Capacitor","floor":45,"key":"SMITH"},{"floor":49,"key":"RECALL"}],"neow_cost":"NONE","seed_source_timestamp":68099378477900,"circlet_count":0,"master_deck":["AscendersBane","Defend_B","Defend_B","Defend_B","Defend_B+1","Zap+1","Dualcast+1","Coolheaded","Sweeping Beam+1","Cold Snap","Melter","Compile Driver","Tempest","Loop+1","Multi-Cast","Echo Form","Conserve Battery+1","Loop+1","Sweeping Beam","Turbo+1","Compile Driver","Consume+1","Machine Learning","Fusion","Tempest","Recycle+1","Capacitor+1","Creative AI"],"special_seed":0,"relics":["Cracked Core","NeowsBlessing","Gambling Chip","FossilizedHelix","Gremlin Horn","Ice Cream","Question Card","Sozu","Bag of Preparation","DataDisk","Cursed Key","War Paint","Pocketwatch"],"potions_floor_usage":[13,33],"damage_taken":[{"damage":0.0,"enemies":"Jaw Worm","floor":1.0,"turns":1.0},{"damage":0,"enemies":"3 Sentries","floor":6,"turns":2},{"damage":0,"enemies":"Gremlin Nob","floor":8,"turns":1},{"damage":0,"enemies":"2 Louse","floor":10,"turns":1},{"damage":16,"enemies":"Lagavulin","floor":11,"turns":5},{"damage":0,"enemies":"Small Slimes","floor":12,"turns":2},{"damage":18,"enemies":"3 Sentries","floor":13,"turns":4},{"damage":5,"enemies":"Gremlin Gang","floor":14,"turns":3},{"damage":0,"enemies":"Slime Boss","floor":16,"turns":7},{"damage":26,"enemies":"2 Thieves","floor":18,"turns":3},{"damage":0,"enemies":"Spheric Guardian","floor":21,"turns":3},{"damage":15,"enemies":"Snake Plant","floor":22,"turns":4},{"damage":46,"enemies":"Gremlin Leader","floor":24,"turns":4},{"damage":0,"enemies":"Chosen and Byrds","floor":27,"turns":3},{"damage":0,"enemies":"Sentry and Sphere","floor":28,"turns":3},{"damage":38,"enemies":"Collector","floor":33,"turns":8},{"damage":5,"enemies":"3 Darklings","floor":35,"turns":4},{"damage":0,"enemies":"3 Shapes","floor":36,"turns":6},{"damage":0,"enemies":"Sphere and 2 Shapes","floor":37,"turns":2},{"damage":0,"enemies":"Nemesis","floor":40,"turns":5},{"damage":0,"enemies":"Giant Head","floor":42,"turns":11},{"damage":28,"enemies":"Writhing Mass","floor":48,"turns":6},{"damage":36,"enemies":"Awakened One","floor":50,"turns":2}],"seed_played":"1392860570298479653","potions_obtained":[{"floor":6,"key":"FairyPotion"},{"floor":8,"key":"PowerPotion"},{"floor":16,"key":"PotionOfCapacity"}],"is_trial":false,"path_per_floor":["M","?","?","$","?","E","R","E","T","M","E","M","E","M","R","B",null,"M","?","?","M","M","R","E","R","T","M","M","R","?","$","R","B",null,"M","M","M","?","?","E","R","E","T","$","R","?","$","M","R","B"],"character_chosen":"DEFECT","items_purchased":["Sweeping Beam","Consume","Capacitor"],"campfire_rested":2,"item_purchase_floors":[4,31,44],"current_hp_per_floor":[64,69,69,69,76,76,76,76,76,76,60,60,42,37,37,37,66,40,40,40,40,25,47,1,1,1,1,1,23,23,23,23,22,63,58,58,58,58,58,58,58,58,58,58,58,58,58,30,30,0,0],"gold":121,"neow_bonus":"THREE_ENEMY_KILL","is_prod":false,"is_daily":false,"chose_seed":false,"campfire_upgraded":6,"win_rate":0,"timestamp":1607564715,"path_taken":["M","?","?","$","?","E","R","E","T","?","E","M","E","M","R","BOSS","M","?","?","M","M","R","E","R","T","M","?","R","?","$","R","BOSS","M","?","M","?","?","E","R","E","T","$","R","?","$","M","R","BOSS"],"build_version":"2020-11-30","purchased_purges":3,"victory":false,"max_hp_per_floor":[71,76,76,76,76,76,76,76,76,76,76,76,76,76,76,76,76,76,76,76,76,76,76,76,76,76,76,76,76,76,76,76,76,76,76,76,76,76,72,72,72,72,72,72,72,72,72,72,72,72,72],"relic_stats":{"Sozu":6,"Gremlin Horn":[19,19],"counters":[23,90],"Gambling Chip":[68],"Bag of Preparation":[20],"War Paint":["Defend_B","Dualcast"],"Question Card":15,"Cursed Key":1,"obtain_stats":[{"Ice Cream":11,"NeowsBlessing":0,"Gremlin Horn":9,"Bag of Preparation":24,"War Paint":40,"Question Card":13,"Cursed Key":34,"Sozu":17,"DataDisk":26,"Gambling Chip":6,"Cracked Core":0,"FossilizedHelix":8,"Pocketwatch":42},{"Ice Cream":5,"NeowsBlessing":0,"Gremlin Horn":3,"Bag of Preparation":13,"War Paint":20,"Question Card":7,"Cursed Key":16,"Sozu":9,"DataDisk":13,"Gambling Chip":2,"Cracked Core":0,"FossilizedHelix":3,"Pocketwatch":21},{"Ice Cream":10,"NeowsBlessing":0,"Gremlin Horn":4,"Bag of Preparation":40,"War Paint":71,"Question Card":16,"Cursed Key":54,"Sozu":26,"DataDisk":40,"Gambling Chip":3,"Cracked Core":0,"FossilizedHelix":4,"Pocketwatch":82}],"Pocketwatch":[3]},"card_choices":[{"not_picked":["Go for the Eyes","Conserve Battery"],"picked":"Coolheaded","floor":1.0},{"not_picked":["Scrape","Thunder Strike"],"picked":"Cold Snap","floor":6},{"not_picked":["Conserve Battery","Streamline"],"picked":"Melter","floor":8},{"not_picked":["Cold Snap","Rebound"],"picked":"Compile Driver","floor":10},{"not_picked":["Chill","Coolheaded"],"picked":"Tempest","floor":11},{"not_picked":["Go for the Eyes","Reinforced Body"],"picked":"Loop","floor":12},{"not_picked":["Coolheaded","Chaos"],"picked":"Multi-Cast","floor":13},{"not_picked":["Leap","Aggregate","Beam Cell","Stack"],"picked":"SKIP","floor":14},{"not_picked":["Creative AI","Rainbow","Hyperbeam"],"picked":"Echo Form","floor":16},{"not_picked":["Stack","Reinforced Body","Ball Lightning"],"picked":"Conserve Battery+1","floor":18},{"not_picked":["Leap","Hyperbeam","Coolheaded"],"picked":"Loop","floor":21},{"not_picked":["Gash+1","Ball Lightning","Turbo"],"picked":"Sweeping Beam","floor":22},{"not_picked":["Heatsinks","Coolheaded","Rebound"],"picked":"Turbo","floor":24},{"not_picked":["Barrage+1","Reinforced Body","Reboot"],"picked":"Compile Driver","floor":27},{"not_picked":["Rebound","Steam","Ball Lightning","Stack"],"picked":"SKIP","floor":28},{"not_picked":["All For One","Amplify","Reboot"],"picked":"Machine Learning","floor":33},{"not_picked":["Fusion","Hello World","Steam","Ball Lightning"],"picked":"SKIP","floor":35},{"not_picked":["Hello World","Steam","Ball Lightning"],"picked":"Fusion","floor":35},{"not_picked":["Leap+1","Tempest","Beam Cell","Ball Lightning"],"picked":"SKIP","floor":36},{"not_picked":["Leap+1","Beam Cell","Ball Lightning"],"picked":"Tempest","floor":36},{"not_picked":["Redo","Lockon","Gash","FTL"],"picked":"SKIP","floor":37},{"not_picked":["Sweeping Beam","Reprogram","Heatsinks","White Noise"],"picked":"SKIP","floor":40},{"not_picked":["Gash+1","Force Field","Turbo+1"],"picked":"Recycle+1","floor":42},{"not_picked":["Beam Cell","Leap+1","Gash"],"picked":"Creative AI","floor":48}],"player_experience":2771947,"relics_obtained":[{"floor":6,"key":"Gambling Chip"},{"floor":8,"key":"FossilizedHelix"},{"floor":9,"key":"Gremlin Horn"},{"floor":11,"key":"Ice Cream"},{"floor":13,"key":"Question Card"},{"floor":24,"key":"Bag of Preparation"},{"floor":26,"key":"DataDisk"},{"floor":40,"key":"War Paint"},{"floor":42,"key":"Pocketwatch"}],"event_choices":[{"damage_healed":0.0,"max_hp_gain":5.0,"max_hp_loss":0.0,"gold_gain":0.0,"event_name":"Big Fish","player_choice":"Donut","floor":2.0,"gold_loss":0.0,"damage_taken":0.0},{"damage_healed":0.0,"max_hp_gain":0.0,"max_hp_loss":0.0,"gold_gain":0.0,"event_name":"Living Wall","player_choice":"Grow","floor":3.0,"gold_loss":0.0,"damage_taken":0.0,"cards_upgraded":["Zap"]},{"damage_healed":7.0,"max_hp_gain":0.0,"max_hp_loss":0.0,"gold_gain":0.0,"event_name":"Wheel of Change","player_choice":"Full Heal","floor":5.0,"gold_loss":0.0,"damage_taken":0.0},{"damage_healed":0,"gold_gain":0,"player_choice":"Ignored","damage_taken":0,"max_hp_gain":0,"max_hp_loss":0,"event_name":"Cursed Tome","floor":19,"gold_loss":0},{"damage_healed":0,"gold_gain":50,"player_choice":"Pray","damage_taken":0,"max_hp_gain":0,"max_hp_loss":0,"event_name":"Golden Shrine","floor":20,"gold_loss":0},{"cards_removed":["Strike_B"],"damage_healed":0,"gold_gain":0,"player_choice":"Upgrade and Remove","damage_taken":0,"max_hp_gain":0,"max_hp_loss":0,"event_name":"Designer","floor":30,"gold_loss":110,"cards_upgraded":["Strike_B"]},{"damage_healed":0,"gold_gain":0,"player_choice":"Ignored","damage_taken":0,"max_hp_gain":0,"max_hp_loss":0,"event_name":"Tomb of Lord Red Mask","floor":38,"gold_loss":0},{"damage_healed":0,"gold_gain":0,"player_choice":"Max HP","damage_taken":0,"max_hp_gain":0,"max_hp_loss":4,"event_name":"Winding Halls","floor":39,"gold_loss":0},{"cards_removed":["Strike_B"],"damage_healed":0,"gold_gain":0,"player_choice":"Removed Attack","damage_taken":0,"max_hp_gain":0,"max_hp_loss":0,"event_name":"Falling","floor":46,"gold_loss":0}],"is_beta":false,"boss_relics":[{"not_picked":["Pandora\u0027s Box","FrozenCore"],"picked":"Sozu"},{"not_picked":["Runic Pyramid","Black Star"],"picked":"Cursed Key"}],"items_purged_floors":[31,44,47],"is_endless":false,"potions_floor_spawned":[6,8,10,16,18,24,27,33,36,42],"killed_by":"Awakened One","ascension_level":20}}