{"host":"hzyv8pm5uot6l4n9","time":1607624226,"event":{"mods":["BaseMod","StSLib","Aspiration","Replay The Spire","Minty Spire (QoL Compilation)","Dota2Spire","The Dragon Tamer","Act Like it!","Better Note","Better Third Choice","BetterRewards","Conspire","Energized Spire","GifTheSpireLib","Halation","Hallownest","QueenMod","Quick Restart","Stuff the Spire","vexMod","The Cursed","The Servant 0.9.4"],"gold_per_floor":[116,216,233,233,250,277,277,296,296,296,471,501,516,516,516,516,516],"floor_reached":16,"playtime":613,"items_purged":[],"score":116,"play_id":"78bc9eb4-2f11-4ea0-b5c5-b5f40297646b","local_time":"20201210191706","is_ascension_mode":true,"campfire_choices":[{"data":"QueenMod:InspiringStrike","floor":7,"key":"SMITH"},{"data":"QueenMod:Recruit","floor":10,"key":"SMITH"},{"data":"QueenMod:PopulateOrder","floor":15,"key":"SMITH"}],"circlet_count":0,"master_deck":["QueenMod:Strike","QueenMod:Strike","QueenMod:Strike","QueenMod:Strike","QueenMod:Defend","QueenMod:Defend","QueenMod:Defend","QueenMod:Defend","QueenMod:QuickJabs","QueenMod:Recruit+1","QueenMod:InspiringStrike+1","QueenMod:PopulateOrder+1","QueenMod:SharpStingers","QueenMod:MilitaryHandbook","QueenMod:FlankingStrike","Doubt","QueenMod:Charge"],"relics":["QueenMod:QueensBanner","StuffTheSpire:Nightcore","StuffTheSpire:RubySignet","halation:StarCompass"],"acts_visited":["Exordium"],"potions_floor_usage":[12,16],"damage_taken":[{"damage":5,"enemies":"Jaw Worm","floor":1,"turns":5},{"damage":0,"enemies":"Cultist","floor":3,"turns":4},{"damage":12,"enemies":"Small Slimes","floor":5,"turns":3},{"damage":28,"enemies":"Gremlin Nob","floor":6,"turns":4},{"damage":5,"enemies":"Looter","floor":8,"turns":4},{"damage":13,"enemies":"Lagavulin","floor":12,"turns":7},{"damage":0,"enemies":"2 Fungi Beasts","floor":13,"turns":2},{"damage":39,"enemies":"Fading Forest","floor":16,"turns":7}],"seed_played":"-2862362826589421509","potions_obtained":[{"floor":1,"key":"Flashbang"},{"floor":8,"key":"DistilledChaos"},{"floor":12,"key":"SkillPotion"}],"is_trial":false,"path_per_floor":["M","?","M","?","M","E","R","M","T","R","?","E","M","?","R","B"],"character_chosen":"THE_QUEEN","items_purchased":[],"campfire_rested":0,"item_purchase_floors":[],"current_hp_per_floor":[77,77,77,77,65,37,37,32,32,32,32,19,21,21,21,0,0],"gold":516,"neow_bonus":"TEN_PERCENT_HP_BONUS","is_daily":false,"chose_seed":false,"campfire_upgraded":3,"win_rate":0,"timestamp":1607624226,"path_taken":["M","?","?","?","M","E","R","M","T","R","?","E","M","?","R","BOSS"],"build_version":"2020-11-30","purchased_purges":0,"victory":false,"max_hp_per_floor":[82,82,82,82,82,82,82,82,82,82,82,82,82,82,82,82,82],"card_choices":[{"not_picked":["QueenMod:DignifiedSlap","QueenMod:Incubate"],"picked":"QueenMod:InspiringStrike","floor":1},{"not_picked":["QueenMod:HoneycombSmash","QueenMod:DefendOrder"],"picked":"QueenMod:PopulateOrder","floor":2},{"not_picked":["QueenMod:Flyby","QueenMod:HexGuard"],"picked":"QueenMod:SharpStingers","floor":3},{"not_picked":["QueenMod:Ambush","QueenMod:Fleche","QueenMod:SplitStrike"],"picked":"SKIP","floor":5},{"not_picked":["QueenMod:Fleche","QueenMod:Feint"],"picked":"QueenMod:MilitaryHandbook","floor":6},{"not_picked":["QueenMod:OverwhelmingForce","QueenMod:HexGuard"],"picked":"QueenMod:FlankingStrike","floor":8},{"not_picked":["QueenMod:HoneycombSmash","QueenMod:BuildOrder"],"picked":"QueenMod:Charge","floor":12},{"not_picked":["QueenMod:HiveDefenses","QueenMod:Garrison","QueenMod:DefendOrder"],"picked":"SKIP","floor":13}],"player_experience":463567,"relics_obtained":[{"floor":6,"key":"StuffTheSpire:Nightcore"},{"floor":12,"key":"StuffTheSpire:RubySignet"}],"event_choices":[{"damage_healed":0,"gold_gain":0,"player_choice":"Leave","damage_taken":0,"max_hp_gain":0,"max_hp_loss":0,"event_name":"conspire:Investor","floor":4,"gold_loss":0},{"damage_healed":0,"gold_gain":175,"player_choice":"AGREE","damage_taken":296,"max_hp_gain":0,"max_hp_loss":0,"event_name":"betterThird:BetterSerpent","floor":11,"gold_loss":0}],"is_beta":false,"boss_relics":[],"items_purged_floors":[],"is_endless":false,"potions_floor_spawned":[1,8,12],"killed_by":"Fading Forest","ascension_level":1}}