{"host":"x1qj4d8ympd5jdqh","time":1607611700,"event":{"gold_per_floor":[110,260,272,291,291,291,2,28,54,85,97,119,159,171,183,273,285,309,336,51,65,65,65,115,30,30,45,45,59,59,85,85,159,159,169,188,188,213,6,41,41,54,80,80,80,110,60,72,72,72,72],"floor_reached":50,"playtime":1983,"items_purged":[],"score":1028,"play_id":"bacd3b4a-0eaa-444d-9d9c-bf6b137624fd","local_time":"20201210234820","is_ascension_mode":true,"campfire_choices":[{"floor":6.0,"key":"REST"},{"data":"Hello World","floor":11.0,"key":"SMITH"},{"data":"Beam Cell","floor":15.0,"key":"SMITH"},{"floor":23.0,"key":"REST"},{"floor":28.0,"key":"REST"},{"floor":30.0,"key":"REST"},{"floor":32.0,"key":"REST"},{"floor":41.0,"key":"REST"},{"floor":44.0,"key":"REST"},{"floor":49.0,"key":"REST"}],"neow_cost":"NONE","seed_source_timestamp":13717231015600,"circlet_count":0,"master_deck":["AscendersBane","Strike_B","Strike_B","Strike_B","Defend_B","Defend_B","Defend_B","Defend_B","Zap","Dualcast+1","Flash of Steel","Hello World+1","Doubt","Doom and Gloom","Turbo","Melter","FTL","Rip and Tear","Coolheaded","Multi-Cast","Beam Cell+1","Biased Cognition","Stack","Redo","Beam Cell","Sweeping Beam+1","Decay","Hologram","Conserve Battery+1","Darkness","Seek+1","Coolheaded+1","Stack","Gash","Self Repair","Hologram","Multi-Cast","Stack","Deep Breath","Master of Strategy","Forethought","Reinforced Body","Turbo"],"special_seed":0,"relics":["Cracked Core","OrangePellets","Strawberry","MawBank","Kunai","Toy Ornithopter","Fusion Hammer","Potion Belt","Anchor","StrikeDummy","Ancient Tea Set","Nuclear Battery","Lizard Tail","Girya","PreservedInsect","Mummified Hand"],"potions_floor_usage":[50,50],"damage_taken":[{"damage":2.0,"enemies":"Jaw Worm","floor":1.0,"turns":4.0},{"damage":16.0,"enemies":"2 Louse","floor":3.0,"turns":2.0},{"damage":12.0,"enemies":"Small Slimes","floor":4.0,"turns":2.0},{"damage":33.0,"enemies":"3 Sentries","floor":8.0,"turns":6.0},{"damage":0.0,"enemies":"Looter","floor":10.0,"turns":3.0},{"damage":3.0,"enemies":"Blue Slaver","floor":12.0,"turns":4.0},{"damage":9.0,"enemies":"Gremlin Nob","floor":13.0,"turns":3.0},{"damage":4.0,"enemies":"Hexaghost","floor":16.0,"turns":8.0},{"damage":31.0,"enemies":"Shell Parasite","floor":18.0,"turns":5.0},{"damage":5.0,"enemies":"3 Byrds","floor":19.0,"turns":4.0},{"damage":18.0,"enemies":"3 Cultists","floor":21.0,"turns":5.0},{"damage":16.0,"enemies":"Centurion and Healer","floor":27.0,"turns":6.0},{"damage":10.0,"enemies":"Snecko","floor":29.0,"turns":5.0},{"damage":19.0,"enemies":"Book of Stabbing","floor":31.0,"turns":7.0},{"damage":61.0,"enemies":"Champ","floor":33.0,"turns":10.0},{"damage":24.0,"enemies":"3 Darklings","floor":35.0,"turns":4.0},{"damage":5.0,"enemies":"Orb Walker","floor":36.0,"turns":5.0},{"damage":4.0,"enemies":"Mind Bloom Boss Battle","floor":38.0,"turns":7.0},{"damage":37.0,"enemies":"Nemesis","floor":40.0,"turns":9.0},{"damage":18.0,"enemies":"3 Darklings","floor":42.0,"turns":6.0},{"damage":30.0,"enemies":"Reptomancer","floor":46.0,"turns":4.0},{"damage":30.0,"enemies":"Maw","floor":48.0,"turns":10.0},{"damage":24,"enemies":"Awakened One","floor":50,"turns":4}],"seed_played":"-7578266465932146908","potions_obtained":[{"floor":8.0,"key":"LiquidMemories"},{"floor":12.0,"key":"GamblersBrew"},{"floor":13.0,"key":"Block Potion"},{"floor":16.0,"key":"SkillPotion"},{"floor":18.0,"key":"DistilledChaos"},{"floor":21.0,"key":"Fire Potion"},{"floor":31.0,"key":"SpeedPotion"},{"floor":33.0,"key":"Swift Potion"},{"floor":36.0,"key":"LiquidMemories"},{"floor":48.0,"key":"SkillPotion"}],"is_trial":false,"path_per_floor":["M","?","M","M","?","R","$","E","T","M","R","M","E","?","R","B",null,"M","M","$","M","?","R","?","?","T","M","R","M","R","E","R","B",null,"M","M","?","?","$","E","R","M","T","R","?","E","?","M","R","B"],"character_chosen":"DEFECT","items_purchased":["OrangePellets","FTL","Rip and Tear","Potion Belt","Explosive Potion","FocusPotion","Beam Cell","Gash","Self Repair","Hologram","PowerPotion"],"campfire_rested":8,"item_purchase_floors":[7,7,7,20,20,20,20,39,39,39,39],"current_hp_per_floor":[62,62,46,34,34,55,55,29,29,29,29,26,17,12,12,18,63,32,32,32,14,14,37,37,37,37,21,44,34,57,43,66,15,62,43,38,64,60,60,30,49,38,38,57,47,22,22,9,28,14,14],"gold":72,"neow_bonus":"RANDOM_COLORLESS","is_prod":false,"is_daily":false,"chose_seed":false,"campfire_upgraded":2,"win_rate":0,"timestamp":1607611700,"path_taken":["M","?","M","M","?","R","$","E","T","M","R","M","E","?","R","BOSS","M","M","$","M","?","R","?","?","T","M","R","M","R","E","R","BOSS","M","M","?","?","?","E","R","M","T","R","?","E","?","M","R","BOSS"],"build_version":"2020-11-30","purchased_purges":0,"victory":false,"max_hp_per_floor":[71,71,71,71,71,71,71,78,78,78,78,78,78,78,78,78,78,78,78,78,78,78,78,78,78,78,78,78,78,78,78,78,78,78,78,78,64,64,64,64,64,64,64,64,64,64,64,64,64,64,64],"card_choices":[{"not_picked":["Blind","Swift Strike"],"picked":"Flash of Steel","floor":0.0},{"not_picked":["Static Discharge","Skim"],"picked":"Hello World","floor":1.0},{"not_picked":["Cold Snap","White Noise"],"picked":"Doom and Gloom","floor":3.0},{"not_picked":["Steam","Lockon"],"picked":"Turbo","floor":4.0},{"not_picked":["Conserve Battery","Capacitor"],"picked":"Coolheaded","floor":8.0},{"not_picked":["Sunder","Coolheaded"],"picked":"Multi-Cast","floor":10.0},{"not_picked":["Melter","Leap"],"picked":"Beam Cell","floor":12.0},{"not_picked":["Barrage","Cold Snap","Sunder"],"picked":"SKIP","floor":13.0},{"not_picked":["Amplify","Machine Learning"],"picked":"Biased Cognition","floor":16.0},{"not_picked":["Hologram","Steam"],"picked":"Stack","floor":18.0},{"not_picked":["Scrape","Streamline"],"picked":"Redo","floor":19.0},{"not_picked":["Rebound","Streamline"],"picked":"Sweeping Beam+1","floor":21.0},{"not_picked":["Gash","Rebound"],"picked":"Hologram","floor":27.0},{"not_picked":["Streamline+1","Sweeping Beam"],"picked":"Conserve Battery+1","floor":29.0},{"not_picked":["Thunder Strike","White Noise"],"picked":"Darkness","floor":31.0},{"not_picked":["Machine Learning","Multi-Cast"],"picked":"Seek","floor":33.0},{"not_picked":["Barrage+1","Cold Snap"],"picked":"Coolheaded+1","floor":35.0},{"not_picked":["Conserve Battery","Leap","Static Discharge+1"],"picked":"SKIP","floor":36.0},{"not_picked":["Ball Lightning","Thunder Strike"],"picked":"Stack","floor":38.0},{"not_picked":["Streamline","Lockon+1"],"picked":"Multi-Cast","floor":40.0},{"not_picked":["Sweeping Beam","Rebound"],"picked":"Stack","floor":42.0},{"not_picked":["Purity","PanicButton"],"picked":"Deep Breath","floor":45.0},{"not_picked":["Thinking Ahead","Sadistic Nature"],"picked":"Master of Strategy","floor":45.0},{"not_picked":["Jack Of All Trades","Dark Shackles"],"picked":"Forethought","floor":45.0},{"not_picked":["Conserve Battery+1","Sweeping Beam+1"],"picked":"Reinforced Body","floor":46.0},{"not_picked":["Gash+1","Sunder"],"picked":"Turbo","floor":48.0}],"player_experience":1305130,"relics_obtained":[{"floor":8.0,"key":"Strawberry"},{"floor":9.0,"key":"MawBank"},{"floor":13.0,"key":"Kunai"},{"floor":26.0,"key":"StrikeDummy"},{"floor":31.0,"key":"Ancient Tea Set"},{"floor":38.0,"key":"Lizard Tail"},{"floor":40.0,"key":"Girya"},{"floor":43.0,"key":"PreservedInsect"},{"floor":46.0,"key":"Mummified Hand"}],"event_choices":[{"damage_healed":0.0,"max_hp_gain":0.0,"max_hp_loss":0.0,"gold_gain":150.0,"event_name":"Liars Game","player_choice":"AGREE","floor":2.0,"gold_loss":0.0,"damage_taken":0.0,"cards_obtained":["Doubt"]},{"damage_healed":0.0,"max_hp_gain":0.0,"max_hp_loss":0.0,"gold_gain":0.0,"cards_transformed":["Strike_B"],"event_name":"Living Wall","player_choice":"Change","floor":5.0,"gold_loss":0.0,"damage_taken":0.0,"cards_obtained":["Melter"]},{"damage_healed":0.0,"max_hp_gain":0.0,"max_hp_loss":0.0,"gold_gain":0.0,"event_name":"Scrap Ooze","player_choice":"Success","floor":14.0,"gold_loss":0.0,"damage_taken":5.0,"relics_obtained":["Toy Ornithopter"]},{"damage_healed":0.0,"max_hp_gain":0.0,"max_hp_loss":0.0,"gold_gain":0.0,"event_name":"Forgotten Altar","player_choice":"Smashed Altar","floor":22.0,"gold_loss":0.0,"damage_taken":0.0,"cards_obtained":["Decay"]},{"damage_healed":0.0,"max_hp_gain":0.0,"max_hp_loss":0.0,"gold_gain":50.0,"event_name":"Nest","player_choice":"Stole From Cult","floor":24.0,"gold_loss":0.0,"damage_taken":0.0},{"damage_healed":0.0,"max_hp_gain":0.0,"max_hp_loss":0.0,"gold_gain":0.0,"event_name":"Addict","player_choice":"Obtained Relic","floor":25.0,"gold_loss":85.0,"damage_taken":0.0,"relics_obtained":["Anchor"]},{"damage_healed":64.0,"max_hp_gain":0.0,"max_hp_loss":14.0,"gold_gain":0.0,"event_name":"The Moai Head","player_choice":"Heal","floor":37.0,"gold_loss":0.0,"damage_taken":0.0},{"damage_healed":0.0,"max_hp_gain":0.0,"max_hp_loss":0.0,"gold_gain":0.0,"event_name":"MindBloom","player_choice":"Fight","floor":38.0,"gold_loss":0.0,"damage_taken":0.0},{"damage_healed":0.0,"max_hp_gain":0.0,"max_hp_loss":0.0,"gold_gain":0.0,"event_name":"SensoryStone","player_choice":"Memory 3","floor":45.0,"gold_loss":0.0,"damage_taken":10.0},{"damage_healed":0.0,"max_hp_gain":0.0,"max_hp_loss":0.0,"gold_gain":0.0,"event_name":"Designer","player_choice":"Upgraded Two","floor":47.0,"gold_loss":50.0,"damage_taken":0.0,"cards_upgraded":["Dualcast","Seek"]}],"is_beta":false,"boss_relics":[{"not_picked":["Pandora\u0027s Box","Runic Dome"],"picked":"Fusion Hammer"},{"not_picked":["Black Star","Snecko Eye"],"picked":"Nuclear Battery"}],"items_purged_floors":[],"is_endless":false,"potions_floor_spawned":[8,12,13,16,18,21,29,31,33,36,40,48],"killed_by":"Awakened One","ascension_level":18}}