{"host":"csxyw8kq0by31otn","time":1607602473,"event":{"gold_per_floor":[115,115,290,290,300,327,344,27,97,108,128,141,141,162,162,290,290,314,314,44,65,65,65],"floor_reached":22,"playtime":678,"items_purged":["Doubt"],"score":213,"play_id":"d854f334-846c-457c-aa9a-43d502758604","local_time":"20201210211433","is_ascension_mode":false,"campfire_choices":[{"floor":15.0,"key":"REST"}],"neow_cost":"NONE","seed_source_timestamp":27792860893900,"circlet_count":0,"master_deck":["Strike_R","Strike_R","Strike_R","Strike_R","Strike_R","Defend_R","Defend_R","Defend_R","Defend_R","Bash","Iron Wave","Sword Boomerang","True Grit","Battle Trance","Flex","Shrug It Off","Perfected Strike","Inflame","Sentinel","Blood for Blood","Immolate","Twin Strike+1","Metallicize","Spot Weakness"],"special_seed":0,"relics":["Burning Blood","NeowsBlessing","Self Forming Clay","The Courier","Medical Kit","Darkstone Periapt","Golden Idol","SlaversCollar","Dead Branch"],"potions_floor_usage":[],"damage_taken":[{"damage":0.0,"enemies":"Cultist","floor":1.0,"turns":1.0},{"damage":0.0,"enemies":"Small Slimes","floor":5.0,"turns":1.0},{"damage":0.0,"enemies":"3 Sentries","floor":6.0,"turns":1.0},{"damage":6.0,"enemies":"Jaw Worm","floor":7.0,"turns":4.0},{"damage":12.0,"enemies":"Exordium Thugs","floor":10.0,"turns":5.0},{"damage":25.0,"enemies":"Gremlin Gang","floor":11.0,"turns":7.0},{"damage":0.0,"enemies":"Looter","floor":12.0,"turns":3.0},{"damage":19.0,"enemies":"Large Slime","floor":14.0,"turns":6.0},{"damage":56.0,"enemies":"The Guardian","floor":16.0,"turns":13.0},{"damage":38.0,"enemies":"Shell Parasite","floor":18.0,"turns":8.0},{"damage":20.0,"enemies":"2 Thieves","floor":21.0,"turns":2.0},{"damage":0,"enemies":"Snake Plant","floor":22,"turns":1}],"seed_played":"-2211231605383955363","potions_obtained":[{"floor":5.0,"key":"DuplicationPotion"},{"floor":10.0,"key":"Ancient Potion"},{"floor":11.0,"key":"SpeedPotion"},{"floor":14.0,"key":"LiquidMemories"},{"floor":18.0,"key":"LiquidMemories"}],"is_trial":false,"path_per_floor":["M","?","?","T","M","E","M","$","T","M","M","M","?","M","R","B",null,"M","?","$","M","M"],"character_chosen":"IRONCLAD","items_purchased":["Medical Kit","Battle Trance","Flex","Shrug It Off","Dead Branch","Metallicize"],"campfire_rested":1,"item_purchase_floors":[8,8,8,8,20,20],"current_hp_per_floor":[80,80,80,80,80,80,80,80,80,74,55,61,61,48,70,20,74,42,42,42,28,28,28],"gold":65,"neow_bonus":"THREE_ENEMY_KILL","is_prod":false,"is_daily":false,"chose_seed":false,"campfire_upgraded":0,"win_rate":0,"timestamp":1607602473,"path_taken":["M","?","?","?","M","E","?","$","T","M","?","M","?","M","R","BOSS","M","?","?","M","?"],"build_version":"2020-11-30","purchased_purges":1,"victory":false,"max_hp_per_floor":[80,80,80,80,80,80,80,80,80,80,80,80,74,74,74,74,74,74,74,74,74,74,74],"card_choices":[{"not_picked":["Havoc","Clash"],"picked":"Iron Wave","floor":1.0},{"not_picked":["Burning Pact","True Grit"],"picked":"Sword Boomerang","floor":5.0},{"not_picked":["Twin Strike","Havoc"],"picked":"True Grit","floor":6.0},{"not_picked":["Havoc","Entrench","Clash"],"picked":"SKIP","floor":7.0},{"not_picked":["Clothesline","Immolate"],"picked":"Perfected Strike","floor":10.0},{"not_picked":["Pommel Strike","Searing Blow"],"picked":"Inflame","floor":11.0},{"not_picked":["Clothesline","Anger"],"picked":"Sentinel","floor":12.0},{"not_picked":["Anger","Second Wind"],"picked":"Blood for Blood","floor":14.0},{"not_picked":["Juggernaut","Corruption"],"picked":"Immolate","floor":16.0},{"not_picked":["Body Slam","Headbutt+1"],"picked":"Twin Strike+1","floor":18.0},{"not_picked":["Sentinel","Pommel Strike"],"picked":"Spot Weakness","floor":21.0}],"player_experience":171194,"relics_obtained":[{"floor":4.0,"key":"Self Forming Clay"},{"floor":6.0,"key":"The Courier"},{"floor":9.0,"key":"Darkstone Periapt"}],"event_choices":[{"damage_healed":0.0,"max_hp_gain":0.0,"max_hp_loss":0.0,"gold_gain":0.0,"event_name":"Golden Wing","player_choice":"Ignored","floor":2.0,"gold_loss":0.0,"damage_taken":0.0},{"damage_healed":0.0,"max_hp_gain":0.0,"max_hp_loss":0.0,"gold_gain":175.0,"event_name":"Liars Game","player_choice":"AGREE","floor":3.0,"gold_loss":0.0,"damage_taken":0.0,"cards_obtained":["Doubt"]},{"damage_healed":0.0,"max_hp_gain":0.0,"max_hp_loss":6.0,"gold_gain":0.0,"event_name":"Golden Idol","player_choice":"Lose Max HP","floor":13.0,"gold_loss":0.0,"damage_taken":0.0,"relics_obtained":["Golden Idol"]},{"damage_healed":0.0,"max_hp_gain":0.0,"max_hp_loss":0.0,"gold_gain":0.0,"event_name":"NoteForYourself","player_choice":"Ignored","floor":19.0,"gold_loss":0.0,"damage_taken":0.0}],"is_beta":false,"boss_relics":[{"not_picked":["SacredBark","Empty Cage"],"picked":"SlaversCollar"}],"items_purged_floors":[8],"is_endless":false,"potions_floor_spawned":[5,10,11,14,18],"killed_by":"Snake Plant","ascension_level":0}}