{"host":"mvw7i28zi3kj0eu9","time":1607606463,"event":{"gold_per_floor":[114,114,133,143,155,155,184,184,184,210,223,77,91,165,165,365,365,379,397,412,161,161,161,171,203,203,293,305,305,305,315,315,411,361,472,482,307,325,325,325,325,325],"floor_reached":41,"playtime":1220,"items_purged":["Strike_B","Strike_B","Defend_B","Defend_B","Defend_B","Defend_B"],"score":715,"play_id":"82f62f56-6e8f-455c-bebb-c3ded8aa0799","local_time":"20201210142103","is_ascension_mode":false,"campfire_choices":[{"data":"Defragment","floor":6,"key":"SMITH"},{"data":"Zap","floor":8,"key":"SMITH"},{"data":"Capacitor","floor":15,"key":"SMITH"},{"data":"Amplify","floor":23,"key":"SMITH"},{"floor":32,"key":"REST"},{"data":"Glacier","floor":40,"key":"SMITH"}],"neow_cost":"","seed_source_timestamp":1464707912658000,"circlet_count":0,"master_deck":["Strike_B","Strike_B","Zap+1","Dualcast","Defragment+1","Glacier+1","Capacitor+1","Ball Lightning","White Noise+1","Ball Lightning+1","Amplify+1","Strike_B+1","Ball Lightning+1","FIFO Queue+1"],"relics":["Cracked Core","infinitespire:EmpoweringShard","Rawhide","infinitespire:WardingShard","SnailShell","Bottled Tornado","Molten Egg 2","hubris:MobiusCoin","Happy Flower","halation:PromiseList","energizedSpire:MagnifyingGlass","Tiny Chest","relicPack:DSword","TungstenRod","hubris:ToyBattleship","infinitespire:Eraser","Gremlin Food","energizedSpire:HugeHouse","relicPack:AllForOne"],"potions_floor_usage":[7,7,7],"damage_taken":[{"damage":4,"enemies":"Jaw Worm","floor":1,"turns":3},{"damage":0,"enemies":"infinitespire:Voidling","floor":3,"turns":4},{"damage":0,"enemies":"Cultist","floor":4,"turns":3},{"damage":0,"enemies":"2 Fungi Beasts","floor":5,"turns":3},{"damage":0,"enemies":"Lagavulin","floor":7,"turns":5},{"damage":1,"enemies":"Exordium Wildlife","floor":11,"turns":3},{"damage":0,"enemies":"Exordium Thugs","floor":13,"turns":4},{"damage":0,"enemies":"Fading Forest","floor":16,"turns":11},{"damage":0,"enemies":"conspire:FuzzyDice","floor":18,"turns":5},{"damage":0,"enemies":"Shell Parasite","floor":19,"turns":4},{"damage":0,"enemies":"conspire:HollyBat","floor":20,"turns":6},{"damage":0,"enemies":"Snecko","floor":24,"turns":4},{"damage":0,"enemies":"Book of Stabbing","floor":25,"turns":4},{"damage":3,"enemies":"Shelled Parasite and Fungi","floor":28,"turns":3},{"damage":5,"enemies":"Centurion and Healer","floor":31,"turns":4},{"damage":22,"enemies":"hubris:MusketHawk","floor":33,"turns":6},{"damage":7,"enemies":"Orb Walker","floor":35,"turns":2},{"damage":0,"enemies":"3 Darklings","floor":36,"turns":3},{"damage":11,"enemies":"Maw","floor":38,"turns":5},{"damage":55,"enemies":"Nightmare","floor":41,"turns":6}],"seed_played":"2097376904014233503","potions_obtained":[{"floor":1,"key":"EntropicBrew"},{"floor":4,"key":"SkillPotion"},{"floor":7,"key":"blueLaboratory:AbyssPotion"},{"floor":19,"key":"blueLaboratory:HorrorPotion"}],"is_trial":false,"path_per_floor":["M","?","M","M","M","R","E","R","T","T","M","$","M","?","R","B",null,"M","M","M","$","?","R","M","E","T","?","M","T","AVR","M","R","B",null,"M","M","$","M","?","R","NM"],"character_chosen":"DEFECT","items_purchased":["infinitespire:EmpoweringShard","Defragment","Glacier","Capacitor","Rawhide","Ball Lightning","infinitespire:WardingShard","SnailShell","Bottled Tornado","halation:PromiseList","Tiny Chest"],"campfire_rested":1,"item_purchase_floors":[0,0,0,0,0,0,0,0,0,12,21],"current_hp_per_floor":[71,75,75,75,75,75,75,75,75,75,74,74,74,74,74,75,75,75,75,75,75,40,40,40,40,40,30,27,27,27,22,44,22,70,63,63,63,52,52,52,0,0],"gold":325,"neow_bonus":"","is_prod":false,"is_daily":false,"chose_seed":false,"campfire_upgraded":5,"win_rate":0,"timestamp":1607606463,"path_taken":["M","?","?","M","M","R","E","R","T","?","M","$","M","?","R","BOSS","M","M","M","$","?","R","M","E","T","?","?","?","AVR","M","R","BOSS","M","M","$","M","?","R","NM"],"build_version":"2020-11-30","purchased_purges":6,"victory":false,"max_hp_per_floor":[75,75,75,75,75,75,75,75,75,75,75,75,75,75,75,75,75,75,75,75,75,75,75,75,75,75,75,75,75,75,75,75,75,70,70,70,70,70,70,70,70,70],"card_choices":[{"not_picked":["Darkness","Beam Cell","Capacitor"],"picked":"SKIP","floor":1},{"not_picked":["Beam Cell","Sweeping Beam"],"picked":"White Noise","floor":3},{"not_picked":["Steam","Hologram","Loop"],"picked":"SKIP","floor":4},{"not_picked":["ReplayTheSpireMod:Repulse","Streamline","Leap"],"picked":"SKIP","floor":5},{"not_picked":["ReplayTheSpireMod:Reroute Power","Time Bomb","Machine Learning"],"picked":"SKIP","floor":7},{"not_picked":["Leap","Skim"],"picked":"Ball Lightning+1","floor":11},{"not_picked":["RefreshScreen","ReplayTheSpireMod:Calculation Training","Stack"],"picked":"SKIP","floor":13},{"not_picked":["hubris:SpecializedCircuitry","Machine Learning"],"picked":"Amplify","floor":16},{"not_picked":["Steam+1","Defragment","Barrage+1"],"picked":"SKIP","floor":18},{"not_picked":["BasicCrystalCard","Panic Button","Hologram"],"picked":"SKIP","floor":19},{"not_picked":["Ball Lightning+1","Rebound+1"],"picked":"hubris:Ukulele+1","floor":20},{"not_picked":["Rebound+1","Barrage+1","Lockon+1"],"picked":"SKIP","floor":24},{"not_picked":["Turbo","DiskWipe+1","Stack"],"picked":"SKIP","floor":25},{"not_picked":["Skim","Time Bomb","Heatsinks+1"],"picked":"SKIP","floor":28},{"not_picked":["Turbo+1","Compile Driver+1","Glacier"],"picked":"SKIP","floor":31},{"not_picked":["Steam+1","Recycle"],"picked":"FIFO Queue+1","floor":35},{"not_picked":["Streamline+1","Hello World","Gash+1"],"picked":"SKIP","floor":36},{"not_picked":["Stack","Force Field+1","Leap"],"picked":"SKIP","floor":38}],"player_experience":826660,"relics_obtained":[{"floor":7,"key":"Molten Egg 2"},{"floor":9,"key":"hubris:MobiusCoin"},{"floor":10,"key":"Happy Flower"},{"floor":25,"key":"TungstenRod"},{"floor":26,"key":"hubris:ToyBattleship"},{"floor":29,"key":"infinitespire:Eraser"}],"event_choices":[{"cards_removed":["Death_March_Dance"],"damage_healed":5,"gold_gain":0,"player_choice":"Offered Common","damage_taken":0,"max_hp_gain":0,"max_hp_loss":0,"event_name":"Bonfire Elementals","floor":2,"gold_loss":0},{"cards_removed":["Death_March_Dance"],"damage_healed":5,"gold_gain":0,"player_choice":"Offered Special","damage_taken":0,"max_hp_gain":0,"max_hp_loss":0,"event_name":"Bonfire Elementals","floor":2,"gold_loss":0},{"damage_healed":0,"gold_gain":74,"player_choice":"Gained Gold","damage_taken":0,"max_hp_gain":0,"max_hp_loss":0,"event_name":"Golden Wing","floor":14,"gold_loss":0},{"damage_healed":0,"gold_gain":90,"player_choice":"GOLD ","damage_taken":12,"max_hp_gain":0,"max_hp_loss":0,"event_name":"Knowing Skull","floor":27,"potions_obtained":[],"gold_loss":0,"cards_obtained":[]}],"is_beta":false,"boss_relics":[{"not_picked":["energizedSpire:EnergizedDie","Sandwich"],"picked":"energizedSpire:MagnifyingGlass"},{"not_picked":["hubris:Stopwatch","hubris:BlackHole"],"picked":"energizedSpire:HugeHouse"}],"items_purged_floors":[0,0,0,21,30,37],"is_endless":false,"potions_floor_spawned":[1,4,7,11,19,20,31],"killed_by":"Nightmare","ascension_level":0}}