{"host":"ls5099hiyr1tgb8d","time":1607570945,"event":{"gold_per_floor":[119,119,119,136,153,153,188,188,188,215,227,237,250,260,260,361,361,372,395,415,415,119,119,136,136,136,136,152,169,187,204,204,302,352,365,378,389,389,407,407,439,63,63,0,20,20,20,20,20,20,20],"floor_reached":50,"playtime":3992,"items_purged":[],"score":538,"play_id":"49326ba6-1a11-48a6-8bde-e6127b992045","local_time":"20201209222905","is_ascension_mode":false,"campfire_choices":[{"data":"Zap","floor":6.0,"key":"SMITH"},{"floor":15.0,"key":"REST"},{"floor":23.0,"key":"RECALL"},{"floor":25.0,"key":"REST"},{"floor":27.0,"key":"REST"},{"floor":32.0,"key":"REST"},{"floor":40.0,"key":"REST"},{"floor":47.0,"key":"REST"},{"floor":49.0,"key":"REST"}],"neow_cost":"NONE","seed_source_timestamp":0,"circlet_count":0,"master_deck":["Strike_B","Strike_B","Strike_B","Strike_B","Defend_B","Defend_B","Defend_B","Defend_B+1","Zap+1","Sweeping Beam","Heatsinks","Conserve Battery","Reinforced Body","Heatsinks","Gash","Echo Form","Streamline","Gash","Creative AI","Redo","Sweeping Beam+1","Auto Shields","Storm","Sunder+1","Buffer","Ball Lightning","Leap+1","Tempest+1","Biased Cognition","Chaos+1","Go for the Eyes","Gash+1","Storm+1","Conserve Battery+1","Heatsinks","Fusion+1"],"special_seed":0,"relics":["Cracked Core","Orichalcum","InkBottle","HornCleat","Kunai","Fusion Hammer","Art of War","Pear","Tiny House","Toxic Egg 2","CaptainsWheel","Torii","Red Mask"],"potions_floor_usage":[50,50],"damage_taken":[{"damage":1.0,"enemies":"2 Louse","floor":1.0,"turns":2.0},{"damage":5.0,"enemies":"Cultist","floor":4.0,"turns":4.0},{"damage":3.0,"enemies":"Jaw Worm","floor":5.0,"turns":5.0},{"damage":17.0,"enemies":"3 Sentries","floor":7.0,"turns":8.0},{"damage":18.0,"enemies":"Lagavulin","floor":10.0,"turns":8.0},{"damage":1.0,"enemies":"Red Slaver","floor":11.0,"turns":4.0},{"damage":2.0,"enemies":"Large Slime","floor":12.0,"turns":7.0},{"damage":16.0,"enemies":"Gremlin Gang","floor":13.0,"turns":4.0},{"damage":8.0,"enemies":"Exordium Wildlife","floor":14.0,"turns":5.0},{"damage":14.0,"enemies":"Slime Boss","floor":16.0,"turns":7.0},{"damage":18.0,"enemies":"Chosen","floor":18.0,"turns":5.0},{"damage":8.0,"enemies":"2 Thieves","floor":20.0,"turns":4.0},{"damage":27.0,"enemies":"Snake Plant","floor":24.0,"turns":5.0},{"damage":11.0,"enemies":"Snecko","floor":28.0,"turns":5.0},{"damage":1.0,"enemies":"Centurion and Healer","floor":29.0,"turns":6.0},{"damage":16.0,"enemies":"Snake Plant","floor":30.0,"turns":3.0},{"damage":10.0,"enemies":"Sentry and Sphere","floor":31.0,"turns":4.0},{"damage":25.0,"enemies":"Champ","floor":33.0,"turns":7.0},{"damage":0.0,"enemies":"3 Shapes","floor":35.0,"turns":3.0},{"damage":5.0,"enemies":"3 Darklings","floor":36.0,"turns":4.0},{"damage":20.0,"enemies":"Spire Growth","floor":37.0,"turns":4.0},{"damage":17.0,"enemies":"Sphere and 2 Shapes","floor":39.0,"turns":3.0},{"damage":43.0,"enemies":"Reptomancer","floor":41.0,"turns":6.0},{"damage":19.0,"enemies":"Jaw Worm Horde","floor":45.0,"turns":3.0},{"damage":79,"enemies":"Awakened One","floor":50,"turns":8}],"seed_played":"4913267132563591563","potions_obtained":[{"floor":4.0,"key":"DistilledChaos"},{"floor":7.0,"key":"SteroidPotion"},{"floor":10.0,"key":"FearPotion"},{"floor":12.0,"key":"ColorlessPotion"},{"floor":13.0,"key":"Weak Potion"},{"floor":24.0,"key":"ColorlessPotion"},{"floor":29.0,"key":"BlessingOfTheForge"},{"floor":31.0,"key":"SpeedPotion"},{"floor":33.0,"key":"Strength Potion"},{"floor":34.0,"key":"SneckoOil"},{"floor":35.0,"key":"Fruit Juice"},{"floor":36.0,"key":"Fire Potion"},{"floor":45.0,"key":"GamblersBrew"}],"is_trial":false,"path_per_floor":["M","?","$","M","M","R","E","?","T","E","M","M","M","M","R","B",null,"M","T","M","?","$","R","M","R","T","R","M","M","M","M","R","B",null,"M","M","M","?","M","R","E","$","T","?","M","?","R","$","R","B"],"character_chosen":"DEFECT","items_purchased":["Art of War","Auto Shields","Storm","CaptainsWheel","Heatsinks"],"campfire_rested":7,"item_purchase_floors":[22,22,22,42,42],"current_hp_per_floor":[74,74,74,69,66,66,49,49,49,31,30,28,12,4,26,12,75,57,57,49,49,49,49,22,44,54,79,68,67,51,41,66,41,90,95,90,70,70,53,80,37,37,37,37,18,18,45,45,72,0,0],"gold":20,"neow_bonus":"RANDOM_COMMON_RELIC","is_prod":false,"is_daily":false,"chose_seed":false,"campfire_upgraded":1,"win_rate":0,"timestamp":1607570945,"path_taken":["M","?","?","M","?","R","E","?","T","E","M","M","M","M","R","BOSS","M","?","M","?","$","R","M","R","T","R","M","M","M","M","R","BOSS","M","?","M","?","M","R","E","$","T","?","M","?","R","?","R","BOSS"],"build_version":"2020-11-30","purchased_purges":0,"victory":false,"max_hp_per_floor":[75,75,75,75,75,75,75,75,75,75,75,75,75,75,75,75,75,75,75,75,75,75,75,75,75,85,85,85,85,85,85,85,85,90,95,95,95,90,90,90,90,90,90,90,90,90,90,90,90,90,90],"card_choices":[{"not_picked":["Coolheaded","Cold Snap"],"picked":"Sweeping Beam","floor":1.0},{"not_picked":["Loop","Chaos"],"picked":"Heatsinks","floor":4.0},{"not_picked":["Gash","BootSequence"],"picked":"Conserve Battery","floor":5.0},{"not_picked":["Darkness","Self Repair"],"picked":"Reinforced Body","floor":7.0},{"not_picked":["Genetic Algorithm","Scrape"],"picked":"Heatsinks","floor":10.0},{"not_picked":["Steam","Redo"],"picked":"Gash","floor":11.0},{"not_picked":["Genetic Algorithm","Steam"],"picked":"Echo Form","floor":12.0},{"not_picked":["Genetic Algorithm","Reprogram"],"picked":"Streamline","floor":13.0},{"not_picked":["Beam Cell","Rebound"],"picked":"Gash","floor":14.0},{"not_picked":["Fission","Rainbow"],"picked":"Creative AI","floor":16.0},{"not_picked":["Undo+1","Streamline"],"picked":"Redo","floor":18.0},{"not_picked":["Ball Lightning","Hologram"],"picked":"Sweeping Beam+1","floor":20.0},{"not_picked":["Barrage+1","Steam Power"],"picked":"Sunder+1","floor":24.0},{"not_picked":["Coolheaded+1","Glacier"],"picked":"Buffer","floor":28.0},{"not_picked":["Barrage","BootSequence"],"picked":"Ball Lightning","floor":29.0},{"not_picked":["Sweeping Beam","Steam"],"picked":"Leap+1","floor":30.0},{"not_picked":["Compile Driver","Streamline"],"picked":"Tempest+1","floor":31.0},{"not_picked":["Reboot","Hyperbeam"],"picked":"Biased Cognition","floor":33.0},{"not_picked":["Chill","Compile Driver"],"picked":"Chaos+1","floor":34.0},{"not_picked":["Lockon","Steam"],"picked":"Go for the Eyes","floor":35.0},{"not_picked":["Scrape+1","Barrage"],"picked":"Gash+1","floor":36.0},{"not_picked":["Conserve Battery","Go for the Eyes"],"picked":"Storm+1","floor":37.0},{"not_picked":["Cold Snap","Stack","Coolheaded"],"picked":"SKIP","floor":39.0},{"not_picked":["Streamline+1","Beam Cell"],"picked":"Conserve Battery+1","floor":41.0},{"not_picked":["Scrape+1","Streamline+1"],"picked":"Fusion+1","floor":45.0}],"player_experience":88204,"relics_obtained":[{"floor":7.0,"key":"InkBottle"},{"floor":9.0,"key":"HornCleat"},{"floor":10.0,"key":"Kunai"},{"floor":26.0,"key":"Pear"},{"floor":41.0,"key":"Toxic Egg 2"},{"floor":43.0,"key":"Torii"}],"event_choices":[{"damage_healed":0.0,"max_hp_gain":0.0,"max_hp_loss":0.0,"gold_gain":0.0,"event_name":"Purifier","player_choice":"Ignored","floor":2.0,"gold_loss":0.0,"damage_taken":0.0},{"cards_removed":["Dualcast"],"damage_healed":0.0,"max_hp_gain":0.0,"max_hp_loss":0.0,"gold_gain":0.0,"event_name":"Bonfire Elementals","player_choice":"Offered Basic","floor":8.0,"gold_loss":0.0,"damage_taken":0.0},{"damage_healed":0.0,"max_hp_gain":0.0,"max_hp_loss":0.0,"gold_gain":0.0,"event_name":"Purifier","player_choice":"Ignored","floor":21.0,"gold_loss":0.0,"damage_taken":0.0},{"damage_healed":0.0,"max_hp_gain":0.0,"max_hp_loss":5.0,"gold_gain":0.0,"event_name":"Winding Halls","player_choice":"Max HP","floor":38.0,"gold_loss":0.0,"damage_taken":0.0},{"damage_healed":0.0,"max_hp_gain":0.0,"max_hp_loss":0.0,"gold_gain":0.0,"event_name":"Tomb of Lord Red Mask","player_choice":"Paid","floor":44.0,"gold_loss":63.0,"damage_taken":0.0,"relics_obtained":["Red Mask"]},{"damage_healed":0.0,"max_hp_gain":0.0,"max_hp_loss":0.0,"gold_gain":0.0,"event_name":"Mysterious Sphere","player_choice":"Ignored","floor":46.0,"gold_loss":0.0,"damage_taken":0.0}],"is_beta":false,"boss_relics":[{"not_picked":["Snecko Eye","FrozenCore"],"picked":"Fusion Hammer"},{"not_picked":["Coffee Dripper","Philosopher\u0027s Stone"],"picked":"Tiny House"}],"items_purged_floors":[],"is_endless":false,"potions_floor_spawned":[4,7,10,12,13,24,29,31,33,35,36,45],"killed_by":"Awakened One","ascension_level":0}}