{"host":"aeidq2c3auzxo1yh","time":1607614552,"event":{"mods":["BaseMod","AchievementEnabler","StSLib","Minty Spire (QoL Compilation)","Relic Stats","Colored Map","Colored Powertips"],"gold_per_floor":[117,132,132,132,97,97,127,155,155,155,181,200,200,200],"floor_reached":13,"playtime":503,"items_purged":[],"score":182,"play_id":"b98e08c2-da2e-4341-aee2-28910f9076a9","local_time":"20201210203552","is_ascension_mode":true,"campfire_choices":[{"data":"Choke","floor":6,"key":"SMITH"},{"data":"Masterful Stab","floor":10,"key":"SMITH"}],"circlet_count":0,"master_deck":["AscendersBane","Strike_G+1","Strike_G","Strike_G","Strike_G","Strike_G+1","Defend_G","Defend_G","Defend_G","Defend_G","Defend_G","Survivor","Neutralize+1","Choke+1","Masterful Stab+1","Slice","Dagger Spray","Infinite Blades"],"relics":["Ring of the Snake","Nunchaku","Ancient Tea Set","Mummified Hand","Bronze Scales","Akabeko"],"acts_visited":["Exordium"],"potions_floor_usage":[8,11,13],"damage_taken":[{"damage":5,"enemies":"Cultist","floor":1,"turns":6},{"damage":1,"enemies":"2 Louse","floor":2,"turns":3},{"damage":15,"enemies":"Lagavulin","floor":8,"turns":5},{"damage":15,"enemies":"3 Sentries","floor":11,"turns":6},{"damage":0,"enemies":"Jaw Worm","floor":12,"turns":1},{"damage":22,"enemies":"Lagavulin","floor":13,"turns":3}],"seed_played":"-1415583566028792653","potions_obtained":[{"floor":1,"key":"Block Potion"},{"floor":2,"key":"SpeedPotion"},{"floor":8,"key":"BlessingOfTheForge"}],"is_trial":false,"path_per_floor":["M","M","?","?","?","R","?","E","T","R","E","M","E"],"character_chosen":"THE_SILENT","items_purchased":[],"campfire_rested":0,"item_purchase_floors":[],"current_hp_per_floor":[54,53,53,33,49,49,49,34,34,34,19,19,0,0],"gold":200,"neow_bonus":"RANDOM_COMMON_RELIC","is_daily":false,"chose_seed":false,"campfire_upgraded":2,"win_rate":0,"timestamp":1607614552,"path_taken":["M","M","?","?","?","R","?","E","T","R","E","M","E"],"build_version":"2020-11-30","purchased_purges":0,"victory":false,"max_hp_per_floor":[66,66,66,66,66,66,66,66,66,66,66,66,66,66],"relic_stats":{"Nunchaku":[5],"counters":[6,24],"Mummified Hand":[1],"Bronze Scales":[12],"obtain_stats":[{"Nunchaku":0,"Mummified Hand":8,"Bronze Scales":9,"Ancient Tea Set":7,"Akabeko":11,"Ring of the Snake":0},{"Nunchaku":0,"Mummified Hand":3,"Bronze Scales":3,"Ancient Tea Set":2,"Akabeko":4,"Ring of the Snake":0},{"Nunchaku":0,"Mummified Hand":14,"Bronze Scales":14,"Ancient Tea Set":9,"Akabeko":20,"Ring of the Snake":0}],"Ring of the Snake":[12]},"card_choices":[{"not_picked":["Outmaneuver","PiercingWail"],"picked":"Choke","floor":1},{"not_picked":["PiercingWail","Outmaneuver"],"picked":"Masterful Stab","floor":2},{"not_picked":["Flechettes","Sucker Punch"],"picked":"Slice","floor":8},{"not_picked":["Dodge and Roll","Quick Slash"],"picked":"Dagger Spray","floor":11},{"not_picked":["Deflect","Blade Dance"],"picked":"Infinite Blades","floor":12}],"player_experience":827209,"relics_obtained":[{"floor":8,"key":"Mummified Hand"},{"floor":9,"key":"Bronze Scales"},{"floor":11,"key":"Akabeko"}],"event_choices":[{"damage_healed":0,"gold_gain":0,"player_choice":"Grow","damage_taken":0,"max_hp_gain":0,"max_hp_loss":0,"event_name":"Living Wall","floor":3,"gold_loss":0,"cards_upgraded":["Neutralize"]},{"damage_healed":0,"gold_gain":0,"player_choice":"Entered Light","damage_taken":20,"max_hp_gain":0,"max_hp_loss":0,"event_name":"Shining Light","floor":4,"gold_loss":0,"cards_upgraded":["Strike_G","Strike_G"]},{"damage_healed":16,"gold_gain":0,"player_choice":"Healed","damage_taken":0,"max_hp_gain":0,"max_hp_loss":0,"event_name":"The Cleric","floor":5,"gold_loss":35},{"damage_healed":0,"gold_gain":30,"player_choice":"Searched \u00272\u0027 times","damage_taken":0,"relics_obtained":["Ancient Tea Set"],"max_hp_gain":0,"max_hp_loss":0,"event_name":"Dead Adventurer","floor":7,"gold_loss":0}],"is_beta":false,"boss_relics":[],"items_purged_floors":[],"is_endless":false,"potions_floor_spawned":[1,2,8],"killed_by":"Lagavulin","ascension_level":20}}