{"host":"74rphcgmhz43g39u","time":1607625966,"event":{"mods":["BaseMod","StSLib","Minty Spire (QoL Compilation)","Colored Powertips","Quick Restart","Act Like it!","Gensokyo","Marisa£®ÏF”Í°°ƒß¿Ì…≥£©","Remilia£®¿Ÿ√◊¿Ú—«£©"],"gold_per_floor":[364,380,90,170,182,182,194,194,194,229,244,244,244,259,259,330,330,340,350,350,368,387,387,387,387,387,637,648,648,648,379,379,452,452,472,472,472,472,495,495,758,1068,1115,1115,1163,1163,1258,2136,2136,2768,3198,3198,3198,2871,3223,3617],"floor_reached":57,"playtime":2280,"items_purged":["Strike_MRS","Defend_MRS"],"score":3291,"play_id":"1cf47209-2673-4df8-9f31-15e303f02932","local_time":"20201211024606","is_ascension_mode":true,"campfire_choices":[{"data":"MysteriousBeam","floor":6.0,"key":"SMITH"},{"data":"FairyDestructionRay","floor":8.0,"key":"SMITH"},{"data":"Strike_MRS","floor":15.0,"key":"PURGE"},{"data":"Strike_MRS","floor":23.0,"key":"PURGE"},{"data":"Writhe","floor":25.0,"key":"PURGE"},{"data":"EscapeVelocity","floor":32.0,"key":"SMITH"},{"data":"UnstableBomb","floor":40.0,"key":"PURGE"},{"data":"Defend_MRS","floor":44.0,"key":"PURGE"},{"data":"Defend_MRS","floor":46.0,"key":"PURGE"},{"floor":49.0,"key":"RECALL"},{"data":"FairyDestructionRay+1","floor":53.0,"key":"PURGE"}],"circlet_count":0,"master_deck":["AscendersBane","MilkyWay+1","SatelliteIllusion","6A","MeteoricShower+1","EscapeVelocity+1","MilkyWay","MilkyWay+1","Robbery+1","Orbital"],"special_seed":0,"relics":["MiniHakkero","Juzu Bracelet","StoneCalendar","Peace Pipe","Coffee Dripper","Gensokyo:MosesMiracle","Mercury Hourglass","DollysMirror","Runic Dome","Blue Candle","Akabeko","Bird Faced Urn","Centennial Puzzle","Whetstone","Oddly Smooth Stone","Bag of Marbles"],"acts_visited":["Exordium","Gensokyo:Gensokyo","TheBeyond","TheEnding"],"potions_floor_usage":[55],"damage_taken":[{"damage":3.0,"enemies":"Gensokyo:Python","floor":1.0,"turns":3.0},{"damage":0.0,"enemies":"Gensokyo:3_Fairies","floor":2.0,"turns":3.0},{"damage":6.0,"enemies":"Gensokyo:Gryphon","floor":5.0,"turns":3.0},{"damage":0.0,"enemies":"Gensokyo:VengefulSpirit","floor":7.0,"turns":2.0},{"damage":3.0,"enemies":"Gensokyo:Aya","floor":10.0,"turns":4.0},{"damage":0.0,"enemies":"Gensokyo:Kitsune","floor":11.0,"turns":1.0},{"damage":15.0,"enemies":"Gensokyo:5_Fairies","floor":14.0,"turns":5.0},{"damage":18.0,"enemies":"Gensokyo:Yukari","floor":16.0,"turns":6.0},{"damage":6.0,"enemies":"Gensokyo:CosmicMonolith","floor":18.0,"turns":2.0},{"damage":8.0,"enemies":"Gensokyo:AngelMirror","floor":19.0,"turns":2.0},{"damage":21.0,"enemies":"Gensokyo:Chomper_and_Gloop","floor":21.0,"turns":4.0},{"damage":0.0,"enemies":"Gensokyo:Wraith","floor":22.0,"turns":2.0},{"damage":18.0,"enemies":"Gensokyo:Monolith_and_Dog","floor":28.0,"turns":3.0},{"damage":0.0,"enemies":"Gensokyo:Eternal_Rivals","floor":33.0,"turns":3.0},{"damage":0.0,"enemies":"3 Shapes","floor":35.0,"turns":4.0},{"damage":2.0,"enemies":"Orb Walker","floor":39.0,"turns":3.0},{"damage":15.0,"enemies":"Reptomancer","floor":41.0,"turns":3.0},{"damage":0.0,"enemies":"Writhing Mass","floor":42.0,"turns":3.0},{"damage":6.0,"enemies":"Nemesis","floor":45.0,"turns":3.0},{"damage":13.0,"enemies":"2 Orb Walkers","floor":47.0,"turns":2.0},{"damage":0.0,"enemies":"Giant Head","floor":48.0,"turns":2.0},{"damage":0.0,"enemies":"Awakened One","floor":50.0,"turns":4.0},{"damage":0.0,"enemies":"Donu and Deca","floor":51.0,"turns":3.0},{"damage":0,"enemies":"Shield and Spear","floor":55,"turns":2},{"damage":43,"enemies":"The Heart","floor":56,"turns":6}],"seed_played":"-5536825034211195065","potions_obtained":[{"floor":2.0,"key":"SteroidPotion"},{"floor":7.0,"key":"Strength Potion"},{"floor":18.0,"key":"FairyPotion"},{"floor":21.0,"key":"Fruit Juice"},{"floor":28.0,"key":"Block Potion"},{"floor":35.0,"key":"DuplicationPotion"}],"is_trial":false,"path_per_floor":["M","M","$","?","M","R","M","R","T","E","M","?","?","M","R","B",null,"M","M","?","M","M","R","?","R","T","?","M","?","?","$","R","B",null,"M","?","?","?","M","R","E","M","T","R","E","R","?","E","R","B","B",null,"R","$","E","B",null],"character_chosen":"MARISA","items_purchased":["MilkyWay","Juzu Bracelet","DollysMirror","Whetstone","Oddly Smooth Stone"],"campfire_rested":0,"item_purchase_floors":[3,3,31,54,54],"current_hp_per_floor":[60,60,60,60,54,54,54,54,54,51,51,51,51,36,36,18,52,46,38,38,17,22,22,22,22,22,22,4,4,4,4,4,4,52,52,52,52,52,50,50,35,35,35,35,29,29,16,20,20,24,28,58,58,58,62,23],"gold":3617,"neow_bonus":"TWO_FIFTY_GOLD","is_daily":false,"chose_seed":false,"campfire_upgraded":3,"win_rate":0,"timestamp":1607625966,"path_taken":["M","M","$","?","M","R","M","R","T","E","M","?","?","M","R","BOSS","M","M","?","M","M","R","?","R","T","?","M","?","?","$","R","BOSS","M","?","?","?","M","R","E","M","T","R","E","R","?","E","R","BOSS","BOSS","R","$","E","BOSS"],"build_version":"2020-11-30","purchased_purges":2,"victory":true,"max_hp_per_floor":[63,63,63,63,63,63,63,63,63,63,63,63,63,63,63,63,63,63,63,63,63,68,68,68,68,68,68,68,68,68,68,68,68,68,68,68,68,68,68,68,68,68,68,68,68,68,68,68,68,68,68,68,68,68,68,68],"card_choices":[{"not_picked":["LuminesStrike","OrrerysSun"],"picked":"MysteriousBeam","floor":1.0},{"not_picked":["StarBarrage","GalacticHalo"],"picked":"UnstableBomb","floor":2.0},{"not_picked":["DoubleSpark","StarlightTyphoon","MysteriousBeam"],"picked":"SKIP","floor":5.0},{"not_picked":["MysteriousBeam","Orbital"],"picked":"FairyDestructionRay","floor":7.0},{"not_picked":["UnstableBomb","Occultation"],"picked":"SatelliteIllusion","floor":10.0},{"not_picked":["DoubleSpark","EnergyRecoil","ShootTheMoon"],"picked":"SKIP","floor":11.0},{"not_picked":["DoubleSpark","EnergyRecoil","ShootTheMoon"],"picked":"SKIP","floor":11.0},{"not_picked":["MagicChant","GrandCross"],"picked":"6A","floor":14.0},{"not_picked":["GrandCross","GalacticHalo","DoubleSpark"],"picked":"SKIP","floor":18.0},{"not_picked":["SuperPerseids","LuminesStrike","UnstableBomb"],"picked":"SKIP","floor":19.0},{"not_picked":["NonDirectionalLaser","MagicAbsorber+1"],"picked":"MeteoricShower","floor":21.0},{"not_picked":["DoubleSpark","StarlightTyphoon","PropBag"],"picked":"SKIP","floor":22.0},{"not_picked":["WitchOfGreed","MachineGunSpark+1","AlicesGift"],"picked":"SKIP","floor":28.0},{"not_picked":["AsteroidBelt","DC"],"picked":"Robbery","floor":35.0},{"not_picked":["LuminesStrike+1","RefractionSpark","PowerUp"],"picked":"SKIP","floor":39.0},{"not_picked":["SatelliteIllusion","ChargingUp","OrrerysSun"],"picked":"SKIP","floor":41.0},{"not_picked":["Occultation","PowerUp","GrandCross"],"picked":"SKIP","floor":42.0},{"not_picked":["MeteoricShower","SporeBomb+1","SuperPerseids"],"picked":"SKIP","floor":45.0},{"not_picked":["SporeBomb","GravityBeat"],"picked":"Orbital","floor":47.0},{"not_picked":["Singularity","IllusionStar","GravityBeat"],"picked":"SKIP","floor":48.0},{"not_picked":["StarBarrage","EnergyFlow","CasketOfStar"],"picked":"SKIP","floor":55}],"player_experience":951805,"relics_obtained":[{"floor":9.0,"key":"StoneCalendar"},{"floor":10.0,"key":"Peace Pipe"},{"floor":26.0,"key":"Mercury Hourglass"},{"floor":28.0,"key":"Gensokyo:MosesMiracle"},{"floor":41.0,"key":"Blue Candle"},{"floor":45.0,"key":"Akabeko"},{"floor":47.0,"key":"Bird Faced Urn"},{"floor":48.0,"key":"Centennial Puzzle"},{"floor":55,"key":"Bag of Marbles"}],"event_choices":[{"damage_healed":0.0,"max_hp_gain":0.0,"max_hp_loss":0.0,"gold_gain":0.0,"event_name":"Tomb of Lord Red Mask","player_choice":"Ignored","floor":36.0,"gold_loss":0.0,"damage_taken":0.0},{"damage_healed":0.0,"max_hp_gain":0.0,"max_hp_loss":0.0,"gold_gain":0.0,"event_name":"SensoryStone","player_choice":"Memory 1","floor":37.0,"gold_loss":0.0,"damage_taken":0.0},{"cards_removed":["MysteriousBeam"],"damage_healed":0.0,"max_hp_gain":0.0,"max_hp_loss":0.0,"gold_gain":0.0,"event_name":"Falling","player_choice":"Removed Attack","floor":38.0,"gold_loss":0.0,"damage_taken":0.0},{"damage_healed":0.0,"max_hp_gain":0.0,"max_hp_loss":0.0,"gold_gain":0.0,"event_name":"Mysterious Sphere","player_choice":"Fight","floor":47.0,"gold_loss":0.0,"damage_taken":0.0}],"is_beta":false,"boss_relics":[{"not_picked":["Velvet Choker","Busted Crown"],"picked":"Coffee Dripper"},{"not_picked":["SacredBark","BewitchedHakkero"],"picked":"Runic Dome"}],"items_purged_floors":[3,31],"is_endless":false,"potions_floor_spawned":[2,7,18,21,28,35,41,47,48],"ascension_level":20}}