{"host":"v1zz5dqrlq7zjvm7","time":1607619239,"event":{"mods":["BaseMod","StSLib","Colored Map","Colored Powertips","Friendly Minions","UnlockEverythingMod","Act Like it!","HololiveMod","Minty Spire (QoL Compilation)","Prisma Mod","The Servant 0.9.4","Waifu the Spire","Gensokyo"],"gold_per_floor":[83,111,129,143,163,163,193,206,230,260,260,272,272,305,305,377,427,440,320,336,107,107,141,141,151,151,151,151,151,171,13,13,84,84,102,102,120,136,136,136,136,136],"floor_reached":41,"playtime":1761,"items_purged":["Pain"],"score":1206,"play_id":"f151cb4e-14e3-4358-b487-d7980f92dd69","local_time":"20201211032359","is_ascension_mode":true,"campfire_choices":[{"data":"Hololive_CallDoris","floor":6,"key":"SMITH"},{"data":"Hololive_CallAkiRosenthal","floor":13,"key":"SMITH"},{"data":"Hololive_CallUruhaRushia","floor":15,"key":"SMITH"},{"data":"Hololive_Yoholoon","floor":24,"key":"SMITH"},{"data":"Hololive_CallHoshimachiSuisei","floor":27,"key":"SMITH"},{"data":"Hololive_CallOzoraSubaru","floor":29,"key":"SMITH"},{"data":"Hololive_Yoholoon","floor":32,"key":"SMITH"},{"data":"Hololive_SummonFox","floor":40,"key":"SMITH"}],"circlet_count":0,"master_deck":["AscendersBane","Hololive_Strike","Hololive_Strike","Hololive_Defend","Hololive_Sequa","Hololive_CallTokinoSora+1","Hololive_CallTsunomakiWatame","Hololive_CallNekomataOkayu","Hololive_CallTsunomakiWatame","Hololive_CallAiraniIofifteen","Hololive_LuckPotion","Hololive_Psychosis","Hololive_CallMurasakiShion+1","Hololive_SummonFox+1","Hololive_CallDoris+1","Hololive_CallAyundaRisu","Hololive_CallAkiRosenthal+1","Hololive_CallTsunomakiWatame","Hololive_CallNakiriAyame","Hololive_CallYozoraMel","Hololive_CallUruhaRushia+1","Hololive_Rebirth","Hololive_CallShiranuiFlare","Hololive_CallNatsuiroMatsuri","Hololive_CallHimemoriLuna+1","Hololive_CallHoshimachiSuisei+1","Hololive_Yoholoon+1","Hololive_CallOzoraSubaru+1","Hololive_CocoNews","Hololive_DurableLive+1","Hololive_CallYozoraMel","Hololive_Yoholoon+1","Hololive_FlareMind+1","Hololive_CallShirakamiFubuki","Hololive_CallKiryuuCoco"],"relics":["Hololive_TheStar","Ornamental Fan","Shuriken","Happy Flower","Gensokyo:LunaticRedEyes","Bag of Marbles","Tiny House","Gensokyo:SpiderMask","Gensokyo:ChorusOfJoy","Toxic Egg 2","FossilizedHelix","Juzu Bracelet","SlaversCollar"],"acts_visited":["Gensokyo:Gensokyo","Gensokyo:Gensokyoer","TheBeyond"],"potions_floor_usage":[17,25,30,37],"damage_taken":[{"damage":0,"enemies":"Gensokyo:3_Fairies","floor":1,"turns":4},{"damage":0,"enemies":"Gensokyo:Cirno","floor":2,"turns":8},{"damage":0,"enemies":"Gensokyo:2_Kodama","floor":3,"turns":3},{"damage":0,"enemies":"Gensokyo:Python","floor":4,"turns":3},{"damage":0,"enemies":"Gensokyo:LivingMonolith","floor":5,"turns":3},{"damage":0,"enemies":"Gensokyo:Cirno","floor":7,"turns":5},{"damage":0,"enemies":"Gensokyo:VengefulSpirit","floor":8,"turns":3},{"damage":0,"enemies":"Gensokyo:Aya","floor":10,"turns":3},{"damage":1,"enemies":"Gensokyo:2_Rabbits","floor":12,"turns":3},{"damage":0,"enemies":"Gensokyo:Cirno","floor":14,"turns":5},{"damage":0,"enemies":"Gensokyo:Kokoro","floor":16,"turns":6},{"damage":0,"enemies":"Gensokyo:3_Dogs","floor":18,"turns":3},{"damage":0,"enemies":"Gensokyo:2_Gloops","floor":20,"turns":3},{"damage":0,"enemies":"Gensokyo:Tenshi","floor":23,"turns":3},{"damage":0,"enemies":"Gensokyo:Swordslinger","floor":25,"turns":2},{"damage":0,"enemies":"Gensokyo:Slime_Group","floor":30,"turns":2},{"damage":0,"enemies":"Gensokyo:Kaguya","floor":33,"turns":8},{"damage":0,"enemies":"3 Shapes","floor":35,"turns":3},{"damage":0,"enemies":"3 Darklings","floor":37,"turns":3},{"damage":11,"enemies":"Sphere and 2 Shapes","floor":38,"turns":6},{"damage":26,"enemies":"4 Shapes","floor":41,"turns":3}],"seed_played":"-1935860088441745410","potions_obtained":[{"floor":3,"key":"Swift Potion"},{"floor":5,"key":"SteroidPotion"},{"floor":17,"key":"Fruit Juice"},{"floor":18,"key":"PowerPotion"},{"floor":25,"key":"Swift Potion"},{"floor":35,"key":"SpeedPotion"},{"floor":37,"key":"Dexterity Potion"}],"is_trial":false,"path_per_floor":["M","?","M","M","M","R","E","M","T","E","?","M","R","E","R","B",null,"M","?","M","$","?","E","R","M","T","R","?","R","M","$","R","B",null,"M","?","M","M","?","R","M"],"character_chosen":"Hololive_HololiveCharacter","items_purchased":["Hololive_CallHoshimachiSuisei","Hololive_Yoholoon","Hololive_CallYozoraMel","Hololive_Yoholoon"],"campfire_rested":0,"item_purchase_floors":[21,21,31,31],"current_hp_per_floor":[27,27,27,27,27,27,27,27,27,27,27,26,26,26,26,26,39,39,39,39,39,39,39,39,39,39,39,36,36,36,36,36,36,36,36,36,36,25,25,25,0,0],"gold":136,"neow_bonus":"THREE_CARDS","is_daily":false,"chose_seed":false,"campfire_upgraded":8,"win_rate":0,"timestamp":1607619239,"path_taken":["M","?","M","M","?","R","E","M","T","E","?","M","R","E","R","BOSS","M","?","M","?","?","E","R","?","T","R","?","R","M","?","R","BOSS","M","?","M","M","?","R","M"],"build_version":"2020-11-30","purchased_purges":1,"victory":false,"max_hp_per_floor":[30,30,30,30,30,30,30,30,30,30,30,30,30,30,30,30,40,40,40,40,40,40,40,40,40,40,40,36,36,36,36,36,36,36,36,36,36,36,36,36,36,36],"card_choices":[{"not_picked":["Hololive_StrengthChampion","Hololive_Drill"],"picked":"Hololive_LuckPotion","floor":0},{"not_picked":["Hololive_Rebound","Hololive_HuntDinosaur","Hololive_Trident"],"picked":"Hololive_Psychosis","floor":1},{"not_picked":["Hololive_CallKiryuuCoco","Hololive_LuckPotion","Hololive_Breathe"],"picked":"Hololive_CallMurasakiShion","floor":2},{"not_picked":["Hololive_LuckPotion","Hololive_Sequa","Hololive_OvertimeWork"],"picked":"Hololive_SummonFox","floor":3},{"not_picked":["Hololive_StrengthChampion","Hololive_Trident","Hololive_MaximGun"],"picked":"Hololive_CallDoris","floor":4},{"not_picked":["Hololive_Sequa","Hololive_Psychosis","Hololive_Breathe"],"picked":"Hololive_CallAyundaRisu","floor":5},{"not_picked":["Hololive_StrengthChampion","Hololive_DDD","Hololive_CallTokinoSora"],"picked":"Hololive_CallAkiRosenthal","floor":7},{"not_picked":["Hololive_Psychosis","Hololive_CallTokinoSora","Hololive_Sequa"],"picked":"Hololive_CallTsunomakiWatame","floor":8},{"not_picked":["Hololive_CandyCastle","Hololive_LuckPotion","Hololive_StrengthChampion"],"picked":"Hololive_CallNakiriAyame","floor":10},{"not_picked":["Hololive_FlyingPonyTail","Hololive_CallMinatoAqua","Hololive_HuntDinosaur"],"picked":"Hololive_CallYozoraMel","floor":12},{"not_picked":["Hololive_CallRoboco","Hololive_OvertimeWork","Hololive_IdolExercise"],"picked":"Hololive_CallUruhaRushia","floor":14},{"not_picked":["Hololive_Nanodesu","Hololive_WolfAndLamb","Hololive_BeCareful"],"picked":"Hololive_Rebirth","floor":16},{"not_picked":["Hololive_LuckPotion","Hololive_Drill","Hololive_StrengthChampion"],"picked":"Hololive_CallShiranuiFlare","floor":17},{"not_picked":["Hololive_CallAmaneKanata","Hololive_FlyingPonyTail","Hololive_OvertimeWork+1"],"picked":"Hololive_CallNatsuiroMatsuri","floor":18},{"not_picked":["Hololive_OvertimeWork","Hololive_LuckPotion+1","Hololive_Trident"],"picked":"Hololive_CallHimemoriLuna+1","floor":20},{"not_picked":["Hololive_CallKiryuuCoco","Hololive_Sequa","Hololive_Trident"],"picked":"Hololive_CallOzoraSubaru","floor":23},{"not_picked":["Hololive_Sequa","Hololive_Watashimo+1","Hololive_Breathe+1"],"picked":"Hololive_CocoNews","floor":25},{"not_picked":["Hololive_FlyingPonyTail+1","Hololive_Sequa","Hololive_CallNekomataOkayu"],"picked":"Hololive_DurableLive+1","floor":30},{"not_picked":["Hololive_OpenUp","Hololive_AWSL","Hololive_BeCareful+1"],"picked":"Hololive_FlareMind+1","floor":33},{"not_picked":["Hololive_CallTsunomakiWatame","Hololive_Sequa","Hololive_Drill","Hololive_Breathe+1"],"picked":"SKIP","floor":35},{"not_picked":["Hololive_HuntDinosaur+1","Hololive_Trident+1","Hololive_OvertimeWork"],"picked":"Hololive_CallShirakamiFubuki","floor":37},{"not_picked":["Hololive_CocoNews","Hololive_Yoholoon","Hololive_StrengthChampion"],"picked":"Hololive_CallKiryuuCoco","floor":38}],"player_experience":152227,"relics_obtained":[{"floor":2,"key":"Ornamental Fan"},{"floor":7,"key":"Shuriken"},{"floor":10,"key":"Happy Flower"},{"floor":14,"key":"Bag of Marbles"},{"floor":23,"key":"Toxic Egg 2"},{"floor":26,"key":"FossilizedHelix"}],"event_choices":[{"cards_removed":["Hololive_Defend"],"damage_healed":0,"gold_gain":0,"player_choice":"Removed Skill","damage_taken":0,"max_hp_gain":0,"max_hp_loss":0,"event_name":"Falling","floor":36,"gold_loss":0},{"damage_healed":0,"gold_gain":0,"player_choice":"Upgraded","damage_taken":0,"max_hp_gain":0,"max_hp_loss":0,"event_name":"Upgrade Shrine","floor":39,"gold_loss":0,"cards_upgraded":["Hololive_CallTokinoSora"]}],"is_beta":false,"boss_relics":[{"not_picked":["Ectoplasm","SacredBark"],"picked":"Tiny House"},{"not_picked":["Runic Dome","Runic Pyramid"],"picked":"SlaversCollar"}],"items_purged_floors":[21],"is_endless":false,"potions_floor_spawned":[3,5,10,14,16,18,25,35,37],"killed_by":"4 Shapes","ascension_level":17}}