{"host":"ecaj4hn004xnnrw9","time":1607631935,"event":{"mods":["BaseMod","AchievementEnabler","StSLib","Hermit","Quick Restart","Minty Spire (QoL Compilation)","Replay The Spire","The Cursed"],"gold_per_floor":[112,40,56,69,19,54,69,94,117,134,134,134],"floor_reached":11,"playtime":407,"items_purged":[],"score":89,"play_id":"c121e7f7-2544-47db-9076-66e6663e6a84","local_time":"20201210202535","is_ascension_mode":true,"campfire_choices":[],"circlet_count":0,"master_deck":["Strike_B","Strike_B","Strike_B","Defend_B","Defend_B","Defend_B","Defend_B","Zap","Dualcast","White Noise","Barrage","Ball Lightning","Rebound","Storm","Cold Snap"],"relics":["Cracked Core","NeowsBlessing","Replay:Baseball","Pen Nib","Art of War","Centennial Puzzle"],"acts_visited":["Exordium"],"potions_floor_usage":[8,11],"damage_taken":[{"damage":0,"enemies":"Small Slimes","floor":1,"turns":1},{"damage":0,"enemies":"Cultist","floor":3,"turns":1},{"damage":0,"enemies":"Jaw Worm","floor":4,"turns":1},{"damage":22,"enemies":"Gremlin Nob","floor":6,"turns":4},{"damage":16,"enemies":"Lots of Slimes","floor":7,"turns":3},{"damage":31,"enemies":"Lagavulin","floor":8,"turns":5},{"damage":3,"enemies":"Red Slaver","floor":10,"turns":3},{"damage":3,"enemies":"Gremlin Nob","floor":11,"turns":2}],"seed_played":"-6773649485945760128","potions_obtained":[{"floor":3,"key":"FocusPotion"},{"floor":6,"key":"Dexterity Potion"},{"floor":8,"key":"Strength Potion"}],"is_trial":false,"path_per_floor":["M","?","M","M","?","E","M","E","T","M","E"],"character_chosen":"DEFECT","items_purchased":[],"campfire_rested":0,"item_purchase_floors":[],"current_hp_per_floor":[75,75,75,75,75,53,37,6,6,3,0,0],"gold":134,"neow_bonus":"THREE_ENEMY_KILL","is_daily":false,"chose_seed":false,"campfire_upgraded":0,"win_rate":0,"timestamp":1607631935,"path_taken":["M","?","M","?","?","E","M","E","T","M","E"],"build_version":"2020-11-30","purchased_purges":0,"victory":false,"max_hp_per_floor":[75,75,75,75,75,75,75,75,75,75,75,75],"card_choices":[{"not_picked":["Steam","Aggregate"],"picked":"White Noise","floor":1},{"not_picked":["Turbo","Reprogram","Steam"],"picked":"SKIP","floor":3},{"not_picked":["Leap","Conserve Battery"],"picked":"Barrage","floor":4},{"not_picked":["Aggregate","Hologram"],"picked":"Ball Lightning","floor":6},{"not_picked":["Go for the Eyes","Crystallizer"],"picked":"Rebound","floor":7},{"not_picked":["FTL","Sweeping Beam"],"picked":"Storm","floor":8},{"not_picked":["Melter","Go for the Eyes"],"picked":"Cold Snap","floor":10}],"player_experience":156470,"relics_obtained":[{"floor":6,"key":"Pen Nib"},{"floor":8,"key":"Art of War"},{"floor":9,"key":"Centennial Puzzle"}],"event_choices":[{"damage_healed":0,"gold_gain":0,"player_choice":"Paid Gold","damage_taken":0,"relics_obtained":["Replay:Baseball"],"max_hp_gain":0,"max_hp_loss":0,"event_name":"WeMeetAgain","floor":2,"gold_loss":72},{"cards_removed":["Strike_B"],"damage_healed":0,"gold_gain":0,"player_choice":"Card Removal","damage_taken":0,"max_hp_gain":0,"max_hp_loss":0,"event_name":"The Cleric","floor":5,"gold_loss":50}],"is_beta":false,"boss_relics":[],"items_purged_floors":[],"is_endless":false,"potions_floor_spawned":[3,6,8],"killed_by":"Gremlin Nob","ascension_level":1}}