{"host":"ygefd14btj4nx1b7","time":1607574663,"event":{"gold_per_floor":[113,132,142,160,170,202,7,7,7],"floor_reached":8,"playtime":549,"items_purged":[],"score":66,"play_id":"00192e7a-093b-4404-ab75-978585b892be","local_time":"20201209223103","is_ascension_mode":true,"campfire_choices":[],"neow_cost":"","seed_source_timestamp":33857981224199,"circlet_count":0,"master_deck":["Strike_G","Strike_G","Strike_G","Strike_G","Strike_G","Defend_G","Defend_G","Defend_G","Defend_G","Defend_G","Survivor","Neutralize","Dash","Dodge and Roll","Crippling Poison","ReplayTheSpireMod:Necrosis","Dodge and Roll","Backstab","Noxious Fumes","Decay"],"relics":["Ring of the Snake","Replay:Kaleidoscope","hubris:BottledRain","Byrd Skull"],"potions_floor_usage":[6,6,6],"damage_taken":[{"damage":0,"enemies":"Small Slimes","floor":1,"turns":3},{"damage":0,"enemies":"Jaw Worm","floor":2,"turns":4},{"damage":0,"enemies":"Cultist","floor":3,"turns":4},{"damage":0,"enemies":"Blue Slaver","floor":4,"turns":4},{"damage":13,"enemies":"Lots of Slimes","floor":5,"turns":3},{"damage":21,"enemies":"Gremlin Nob","floor":6,"turns":5},{"damage":20,"enemies":"Lagavulin","floor":8,"turns":8}],"seed_played":"898417805990682497","potions_obtained":[{"floor":2,"key":"Toxic Potion"},{"floor":3,"key":"Milkshake"},{"floor":4,"key":"AttackPotion"}],"is_trial":false,"path_per_floor":["M","M","M","M","M","E","$","E"],"character_chosen":"THE_SILENT","items_purchased":["Replay:Kaleidoscope","Noxious Fumes","Byrd Skull"],"campfire_rested":0,"item_purchase_floors":[0,7,7],"current_hp_per_floor":[61,61,61,61,48,27,27,7,7],"gold":7,"neow_bonus":"","is_prod":false,"is_daily":false,"chose_seed":false,"campfire_upgraded":0,"win_rate":0,"timestamp":1607574663,"path_taken":["M","M","M","M","M","E","$","E"],"build_version":"2020-11-30","purchased_purges":0,"victory":false,"max_hp_per_floor":[70,70,70,70,70,70,70,70,70],"card_choices":[{"not_picked":["Bane","ReplayTheSpireMod:The Works"],"picked":"Dash","floor":1},{"not_picked":["ReplayTheSpireMod:Speed Training","Blade Dance"],"picked":"Dodge and Roll","floor":2},{"not_picked":["Deadly Poison","Blade Dance"],"picked":"Crippling Poison","floor":3},{"not_picked":["Acrobatics","Outmaneuver"],"picked":"ReplayTheSpireMod:Necrosis","floor":4},{"not_picked":["Expertise","Outmaneuver"],"picked":"Dodge and Roll","floor":5},{"not_picked":["ReplayTheSpireMod:Exploit Weakness","Distraction"],"picked":"Backstab","floor":6}],"player_experience":412986,"relics_obtained":[{"floor":6,"key":"hubris:BottledRain"}],"event_choices":[],"is_beta":false,"boss_relics":[],"items_purged_floors":[],"is_endless":false,"potions_floor_spawned":[2,3,4],"killed_by":"Lagavulin","ascension_level":2}}