{"host":"a5lz0e76zb3fcwkm","time":1607612164,"event":{"mods":["BaseMod","StSLib","Colored Map","SuperFastMode","Colored Powertips","Minty Spire (QoL Compilation)","AchievementEnabler"],"gold_per_floor":[113,126,126,126,136,161,174,200,227,247,272,284,284,303,303,381,381,397,409,426,444,473,498,498,531,556,583,583,583,598,614,614,692,692,703,703],"floor_reached":35,"playtime":1254,"items_purged":[],"score":1436,"play_id":"022f108d-4acf-4861-8ec8-9ed64e21b0f7","local_time":"20201210235604","is_ascension_mode":true,"campfire_choices":[{"data":"Bouncing Flask","floor":15,"key":"SMITH"},{"floor":24,"key":"RECALL"},{"floor":32,"key":"REST"}],"circlet_count":0,"master_deck":["AscendersBane","Strike_G+1","Strike_G","Strike_G","Strike_G","Defend_G+1","Defend_G","Defend_G","Defend_G","Defend_G","Survivor","Neutralize","Corruption+1","Leg Sweep","Blade Dance","Crippling Poison","Endless Agony","Blade Dance+1","Acrobatics","Bouncing Flask+1","Distraction","Leg Sweep","After Image","Crippling Poison","Concentrate","Deadly Poison","Outmaneuver","Blade Dance","Catalyst","Adrenaline","Bane"],"relics":["Ring of the Snake","Dead Branch","Bottled Tornado","NeowsBlessing","Smiling Mask","Anchor","Toy Ornithopter","Pen Nib","Fusion Hammer","Red Mask","Lantern","Eternal Feather","Ancient Tea Set","Ornamental Fan","Coffee Dripper"],"acts_visited":["Exordium","TheCity","TheBeyond"],"potions_floor_usage":[8,27],"damage_taken":[{"damage":0,"enemies":"Small Slimes","floor":1,"turns":1},{"damage":0,"enemies":"Jaw Worm","floor":2,"turns":1},{"damage":0,"enemies":"Cultist","floor":5,"turns":1},{"damage":0,"enemies":"Lagavulin","floor":6,"turns":5},{"damage":0,"enemies":"Blue Slaver","floor":7,"turns":2},{"damage":0,"enemies":"3 Sentries","floor":8,"turns":4},{"damage":0,"enemies":"3 Louse","floor":10,"turns":2},{"damage":0,"enemies":"Lagavulin","floor":11,"turns":4},{"damage":0,"enemies":"2 Fungi Beasts","floor":12,"turns":1},{"damage":0,"enemies":"Looter","floor":14,"turns":2},{"damage":0,"enemies":"The Guardian","floor":16,"turns":4},{"damage":0,"enemies":"Chosen","floor":18,"turns":2},{"damage":0,"enemies":"3 Byrds","floor":19,"turns":2},{"damage":0,"enemies":"Centurion and Healer","floor":20,"turns":2},{"damage":0,"enemies":"Chosen and Byrds","floor":21,"turns":3},{"damage":0,"enemies":"Masked Bandits","floor":22,"turns":1},{"damage":0,"enemies":"Book of Stabbing","floor":23,"turns":1},{"damage":0,"enemies":"Gremlin Leader","floor":25,"turns":3},{"damage":0,"enemies":"Book of Stabbing","floor":27,"turns":2},{"damage":0,"enemies":"Snecko","floor":30,"turns":2},{"damage":0,"enemies":"3 Cultists","floor":31,"turns":2},{"damage":0,"enemies":"Champ","floor":33,"turns":5},{"damage":0,"enemies":"3 Darklings","floor":35,"turns":1}],"seed_played":"7969445640442690064","potions_obtained":[{"floor":1,"key":"Poison Potion"},{"floor":5,"key":"ColorlessPotion"},{"floor":12,"key":"GamblersBrew"},{"floor":19,"key":"ColorlessPotion"},{"floor":23,"key":"EntropicBrew"},{"floor":27,"key":"SkillPotion"}],"is_trial":false,"path_per_floor":["M","M","?","?","M","E","M","E","T","M","E","M","?","M","R","B",null,"M","M","M","M","?","E","R","E","T","E","?","?","M","M","R","B",null,"M"],"character_chosen":"THE_SILENT","items_purchased":[],"campfire_rested":1,"item_purchase_floors":[],"current_hp_per_floor":[59,59,52,32,32,32,32,32,32,32,32,32,32,32,32,32,58,58,58,58,58,58,58,58,58,58,63,45,45,45,45,71,71,71,71,71],"gold":703,"neow_bonus":"THREE_ENEMY_KILL","is_daily":false,"chose_seed":false,"campfire_upgraded":1,"win_rate":0,"timestamp":1607612164,"path_taken":["M","M","?","?","?","E","M","E","T","M","E","M","?","M","R","BOSS","M","M","?","M","?","E","R","E","T","E","?","?","M","M","R","BOSS","M"],"build_version":"2020-11-30","purchased_purges":0,"victory":false,"max_hp_per_floor":[66,66,66,66,66,66,66,66,66,66,66,66,66,66,66,66,66,66,66,66,66,66,66,66,66,66,66,71,71,71,71,71,71,71,71,71],"card_choices":[{"not_picked":["Tactician","Skewer"],"picked":"Leg Sweep","floor":1},{"not_picked":["Dagger Throw","Deflect"],"picked":"Blade Dance","floor":2},{"not_picked":["Catalyst","Caltrops"],"picked":"Crippling Poison","floor":5},{"not_picked":["Deflect","Doppelganger"],"picked":"Endless Agony","floor":6},{"not_picked":["Slice","Dagger Throw","Masterful Stab"],"picked":"SKIP","floor":7},{"not_picked":["Quick Slash","Skewer"],"picked":"Blade Dance","floor":8},{"not_picked":["Heel Hook","Expertise"],"picked":"Acrobatics","floor":10},{"not_picked":["Dagger Spray","Leg Sweep"],"picked":"Bouncing Flask","floor":11},{"not_picked":["Flechettes","All Out Attack"],"picked":"Distraction","floor":12},{"not_picked":["Dagger Spray","Masterful Stab"],"picked":"Leg Sweep","floor":14},{"not_picked":["Venomology","Corpse Explosion"],"picked":"After Image","floor":16},{"not_picked":["PiercingWail","Skewer+1"],"picked":"Crippling Poison","floor":18},{"not_picked":["Catalyst","Heel Hook"],"picked":"Concentrate","floor":19},{"not_picked":["PiercingWail","Expertise"],"picked":"Deadly Poison","floor":20},{"not_picked":["Leg Sweep","Prepared+1"],"picked":"Outmaneuver","floor":21},{"not_picked":["Masterful Stab","Caltrops"],"picked":"Blade Dance","floor":23},{"not_picked":["Poisoned Stab","Wraith Form v2","Riddle With Holes"],"picked":"SKIP","floor":25},{"not_picked":["Bullet Time","Prepared","Dagger Spray+1"],"picked":"SKIP","floor":27},{"not_picked":["Dagger Spray","Prepared","Deflect"],"picked":"SKIP","floor":30},{"not_picked":["Backflip","Leg Sweep+1"],"picked":"Catalyst","floor":31},{"not_picked":["Tools of the Trade","Doppelganger"],"picked":"Adrenaline","floor":33},{"not_picked":["Flying Knee","Dodge and Roll"],"picked":"Bane","floor":35}],"player_experience":1604312,"relics_obtained":[{"floor":6,"key":"Smiling Mask"},{"floor":8,"key":"Anchor"},{"floor":9,"key":"Toy Ornithopter"},{"floor":11,"key":"Pen Nib"},{"floor":22,"key":"Red Mask"},{"floor":23,"key":"Lantern"},{"floor":25,"key":"Eternal Feather"},{"floor":26,"key":"Ancient Tea Set"},{"floor":27,"key":"Ornamental Fan"}],"event_choices":[{"cards_removed":["Strike_G"],"damage_healed":0,"gold_gain":0,"player_choice":"Card Removal","damage_taken":7,"max_hp_gain":0,"max_hp_loss":0,"event_name":"Golden Wing","floor":3,"gold_loss":0},{"damage_healed":0,"gold_gain":0,"player_choice":"Entered Light","damage_taken":20,"max_hp_gain":0,"max_hp_loss":0,"event_name":"Shining Light","floor":4,"gold_loss":0,"cards_upgraded":["Strike_G","Defend_G"]},{"damage_healed":0,"gold_gain":0,"player_choice":"Upgraded","damage_taken":0,"max_hp_gain":0,"max_hp_loss":0,"event_name":"Upgrade Shrine","floor":13,"gold_loss":0,"cards_upgraded":["Blade Dance"]},{"damage_healed":0,"gold_gain":0,"player_choice":"Fought Bandits","damage_taken":0,"max_hp_gain":0,"max_hp_loss":0,"event_name":"Masked Bandits","floor":22,"gold_loss":0},{"damage_healed":0,"gold_gain":0,"player_choice":"Shed Blood","damage_taken":23,"max_hp_gain":5,"max_hp_loss":0,"event_name":"Forgotten Altar","floor":28,"gold_loss":0},{"damage_healed":0,"gold_gain":0,"player_choice":"Ignored","damage_taken":0,"max_hp_gain":0,"max_hp_loss":0,"event_name":"Vampires","floor":29,"gold_loss":0}],"is_beta":false,"boss_relics":[{"not_picked":["Empty Cage","Astrolabe"],"picked":"Fusion Hammer"},{"not_picked":["Velvet Choker","Philosopher\u0027s Stone"],"picked":"Coffee Dripper"}],"items_purged_floors":[],"is_endless":false,"potions_floor_spawned":[1,5,12,16,19,20,21,23,27],"killed_by":"3 Darklings","ascension_level":20}}