{"host":"fbqvzfq8f1yzoo4u","time":1607617439,"event":{"mods":["BaseMod","StSLib","Minty Spire (QoL Compilation)","Replay The Spire"],"gold_per_floor":[114,48,60,4,4,4,36,36,62,88,100,141,228,240,252,264,264],"floor_reached":16,"playtime":471,"items_purged":[],"score":212,"play_id":"0bce8182-898b-4970-a77f-5065168bd430","local_time":"20201211002359","is_ascension_mode":true,"campfire_choices":[{"data":"CrushJoints","floor":6.0,"key":"SMITH"},{"floor":8.0,"key":"REST"},{"floor":15.0,"key":"REST"}],"circlet_count":0,"master_deck":["AscendersBane","Strike_P","Strike_P","Strike_P","Defend_P","Defend_P","Defend_P","Defend_P","Eruption+1","Vigilance","Protect","MentalFortress+1","CrushJoints+1","Crescendo","EmptyMind","Protect","Regret"],"special_seed":0,"relics":["PureWater","Iron Hammer","MawBank","Gremlin Horn","Replay:Mystery Machine"],"acts_visited":["Exordium"],"potions_floor_usage":[16],"damage_taken":[{"damage":0.0,"enemies":"Cultist","floor":1.0,"turns":3.0},{"damage":3.0,"enemies":"Small Slimes","floor":3.0,"turns":4.0},{"damage":10.0,"enemies":"Gremlin Nob","floor":7.0,"turns":3.0},{"damage":0.0,"enemies":"2 Louse","floor":10.0,"turns":3.0},{"damage":10.0,"enemies":"3 Sentries","floor":12.0,"turns":6.0},{"damage":0,"enemies":"Slime Boss","floor":16,"turns":2}],"seed_played":"-7278754136886208","potions_obtained":[{"floor":1.0,"key":"SmokeBomb"},{"floor":3.0,"key":"BlessingOfTheForge"},{"floor":10.0,"key":"SkillPotion"}],"is_trial":false,"path_per_floor":["M","$","M","$","?","R","E","R","T","M","?","E","?","?","R","B"],"character_chosen":"WATCHER","items_purchased":["MentalFortress+1","Crescendo"],"campfire_rested":2,"item_purchase_floors":[2,4],"current_hp_per_floor":[61,61,58,58,58,58,48,68,68,68,68,58,47,47,67,67,67],"gold":264,"neow_bonus":"UPGRADE_CARD","is_daily":false,"chose_seed":false,"campfire_upgraded":1,"win_rate":0,"timestamp":1607617439,"path_taken":["M","$","?","?","?","R","E","R","T","?","?","E","?","?","R","BOSS"],"build_version":"2020-11-30","purchased_purges":0,"victory":false,"max_hp_per_floor":[68,68,68,68,68,68,68,68,68,68,68,68,68,68,68,68,68],"card_choices":[{"not_picked":["Wallop","Replay:Battleflow"],"picked":"Protect","floor":1.0},{"not_picked":["BattleHymn","Fasting2"],"picked":"CrushJoints","floor":3.0},{"not_picked":["Worship","Replay:Cycle"],"picked":"EmptyMind","floor":7.0},{"not_picked":["SashWhip","Nirvana","Replay:Vibes"],"picked":"SKIP","floor":10.0},{"not_picked":["Nirvana","EmptyFist"],"picked":"Protect","floor":12.0}],"player_experience":557016,"relics_obtained":[{"floor":7.0,"key":"Iron Hammer"},{"floor":9.0,"key":"MawBank"},{"floor":12.0,"key":"Gremlin Horn"}],"event_choices":[{"cards_removed":["Strike_P"],"damage_healed":0.0,"max_hp_gain":0.0,"max_hp_loss":0.0,"gold_gain":0.0,"event_name":"Wheel of Change","player_choice":"Card Removal","floor":5.0,"gold_loss":0.0,"damage_taken":0.0},{"damage_healed":0.0,"max_hp_gain":0.0,"max_hp_loss":0.0,"gold_gain":0.0,"event_name":"Liars Game","player_choice":"Ignored","floor":11.0,"gold_loss":0.0,"damage_taken":0.0},{"damage_healed":0.0,"max_hp_gain":0.0,"max_hp_loss":0.0,"gold_gain":75.0,"event_name":"World of Goop","player_choice":"Gather Gold","floor":13.0,"gold_loss":0.0,"damage_taken":11.0},{"damage_healed":0.0,"max_hp_gain":0.0,"max_hp_loss":0.0,"gold_gain":0.0,"event_name":"Big Fish","player_choice":"Box","floor":14.0,"gold_loss":0.0,"damage_taken":0.0,"relics_obtained":["Replay:Mystery Machine"],"cards_obtained":["Regret"]}],"is_beta":false,"boss_relics":[],"items_purged_floors":[],"is_endless":false,"potions_floor_spawned":[1,3,10],"killed_by":"Slime Boss","ascension_level":20}}