{"host":"o3so5oxo9aakc7d5","time":1607641815,"event":{"mods":["BaseMod","StSLib","Better Match","Block Reminder","Challenge The Spire","Googly Eyes","Minty Spire (QoL Compilation)","Jorbs\u0027s Wanderer Trilogy","Better Altar","Better Sensory Stone","Better Skull","Better Third Choice","CapriCore","Rare Cards Sparkle","Spicy Shops"],"gold_per_floor":[112,126,136,136,61,90,90,123,149,183,9,25,38,51,51,153,153,163,180,191,171,186,186,221,221,221,237,237,272,272,272,272,375,375,389,402,421,421,7,7,34,34,106,106,131,142,172,172,172,172],"floor_reached":51,"playtime":1484,"items_purged":["Strike_R","Strike_R","Strike_R+1"],"score":859,"play_id":"70fada72-399e-431e-bf41-d5290fd75a6a","local_time":"20201210161015","is_ascension_mode":true,"campfire_choices":[{"data":"Metallicize","floor":7,"key":"SMITH"},{"floor":15,"key":"REST"},{"data":"Offering","floor":23,"key":"SMITH"},{"data":"Whirlwind","floor":25,"key":"SMITH"},{"data":"Inflame","floor":30,"key":"SMITH"},{"floor":32,"key":"REST"},{"data":"Limit Break","floor":40,"key":"SMITH"},{"data":"Seeing Red","floor":42,"key":"SMITH"},{"data":"Inflame","floor":49,"key":"SMITH"}],"circlet_count":0,"master_deck":["Defend_R","Defend_R+1","Defend_R","Bash+1","Flex+1","Rampage","Metallicize+1","Twin Strike","Cleave","Whirlwind+1","Offering+1","Cleave","Inflame+1","Limit Break+1","Seeing Red+1","Cleave+1","Inflame+1"],"relics":["Burning Blood","Dream Catcher","Omamori","Whetstone","Happy Flower","Regal Pillow","CaptainsWheel","Philosopher\u0027s Stone","FossilizedHelix","MealTicket","Anchor","StoneCalendar","Empty Cage","Membership Card","Bag of Marbles","HandDrill","Red Skull","Paper Frog","Orichalcum","Lantern"],"acts_visited":["Exordium","TheCity","TheBeyond"],"potions_floor_usage":[16,16,24,24,29,41,50],"damage_taken":[{"damage":4,"enemies":"2 Louse","floor":1,"turns":3},{"damage":8,"enemies":"Jaw Worm","floor":2,"turns":3},{"damage":1,"enemies":"Cultist","floor":3,"turns":3},{"damage":17,"enemies":"Lagavulin","floor":6,"turns":7},{"damage":32,"enemies":"Gremlin Nob","floor":8,"turns":4},{"damage":15,"enemies":"3 Sentries","floor":10,"turns":6},{"damage":5,"enemies":"Large Slime","floor":12,"turns":6},{"damage":0,"enemies":"Lots of Slimes","floor":13,"turns":1},{"damage":2,"enemies":"2 Fungi Beasts","floor":14,"turns":4},{"damage":46,"enemies":"The Guardian","floor":16,"turns":8},{"damage":16,"enemies":"Shell Parasite","floor":18,"turns":4},{"damage":8,"enemies":"Spheric Guardian","floor":19,"turns":4},{"damage":15,"enemies":"3 Cultists","floor":20,"turns":3},{"damage":14,"enemies":"Centurion and Healer","floor":22,"turns":2},{"damage":25,"enemies":"Book of Stabbing","floor":24,"turns":5},{"damage":6,"enemies":"Snecko","floor":27,"turns":3},{"damage":4,"enemies":"Slavers","floor":29,"turns":2},{"damage":69,"enemies":"Automaton","floor":33,"turns":7},{"damage":0,"enemies":"Orb Walker","floor":35,"turns":2},{"damage":3,"enemies":"3 Shapes","floor":36,"turns":3},{"damage":0,"enemies":"Jaw Worm Horde","floor":37,"turns":1},{"damage":34,"enemies":"Reptomancer","floor":41,"turns":3},{"damage":9,"enemies":"Giant Head","floor":45,"turns":5},{"damage":0,"enemies":"4 Shapes","floor":46,"turns":1},{"damage":6,"enemies":"Reptomancer","floor":47,"turns":3},{"damage":17,"enemies":"Donu and Deca","floor":50,"turns":3}],"seed_played":"-6418261430996682433","potions_obtained":[{"floor":6,"key":"Strength Potion"},{"floor":8,"key":"AttackPotion"},{"floor":10,"key":"FairyPotion"},{"floor":18,"key":"BlessingOfTheForge"},{"floor":21,"key":"EssenceOfSteel"},{"floor":22,"key":"Energy Potion"},{"floor":27,"key":"AttackPotion"},{"floor":29,"key":"Dexterity Potion"},{"floor":35,"key":"Fire Potion"},{"floor":36,"key":"Energy Potion"},{"floor":45,"key":"BloodPotion"}],"is_trial":false,"path_per_floor":["M","M","M","?","$","E","R","E","T","E","$","M","M","M","R","B",null,"M","M","M","?","M","R","E","R","T","M","?","E","R","?","R","B",null,"M","M","M","?","$","R","E","R","T","?","E","M","E","T","R","B",null],"character_chosen":"IRONCLAD","items_purchased":["CaptainsWheel","Membership Card","Bag of Marbles","Inflame","HandDrill"],"campfire_rested":2,"item_purchase_floors":[11,39,39,39,39],"current_hp_per_floor":[80,78,80,64,64,53,53,27,27,18,18,19,25,29,68,28,80,70,68,59,59,51,51,32,32,32,32,32,34,34,34,73,10,80,80,80,80,80,80,80,52,52,52,52,49,55,55,55,55,44],"gold":172,"neow_bonus":"RANDOM_COMMON_RELIC","is_daily":false,"chose_seed":false,"campfire_upgraded":7,"win_rate":0,"timestamp":1607641815,"path_taken":["M","M","M","?","?","E","R","E","T","E","?","?","M","M","R","BOSS","M","M","M","?","M","R","E","R","T","?","?","E","R","?","R","BOSS","M","M","?","?","$","R","E","R","T","?","E","M","E","?","R","BOSS"],"build_version":"2020-11-30","purchased_purges":3,"victory":true,"max_hp_per_floor":[80,80,80,80,80,80,80,80,80,80,80,80,80,80,80,80,80,80,80,80,80,80,80,80,80,80,80,80,80,80,80,80,80,80,80,80,80,80,80,80,80,80,80,76,76,76,76,76,76,76],"card_choices":[{"not_picked":["Sword Boomerang","Pommel Strike"],"picked":"Flex","floor":1},{"not_picked":["Searing Blow","Sever Soul"],"picked":"Rampage","floor":2},{"not_picked":["Iron Wave","Rampage"],"picked":"Metallicize","floor":3},{"not_picked":["Reckless Charge","Disarm"],"picked":"Twin Strike","floor":6},{"not_picked":["Pommel Strike","Battle Trance"],"picked":"Cleave","floor":8},{"not_picked":["Heavy Blade","Bludgeon"],"picked":"Whirlwind","floor":10},{"not_picked":["Second Wind","Feel No Pain","Rupture"],"picked":"SKIP","floor":12},{"not_picked":["Shrug It Off","Combust","Burning Pact"],"picked":"SKIP","floor":13},{"not_picked":["Wild Strike","Second Wind","Reckless Charge"],"picked":"SKIP","floor":14},{"not_picked":["Exhume","Impervious"],"picked":"Offering","floor":16},{"not_picked":["Entrench","Anger"],"picked":"Cleave","floor":18},{"not_picked":["Heavy Blade","Havoc","Fire Breathing"],"picked":"SKIP","floor":19},{"not_picked":["Cleave","Intimidate"],"picked":"Inflame","floor":20},{"not_picked":["Perfected Strike","Clash+1","Exhume"],"picked":"SKIP","floor":22},{"not_picked":["Clash","Wild Strike","Immolate"],"picked":"SKIP","floor":24},{"not_picked":["Havoc+1","Body Slam+1","Anger+1"],"picked":"SKIP","floor":27},{"not_picked":["Corruption","Sword Boomerang","Clothesline+1"],"picked":"SKIP","floor":29},{"not_picked":["Brutality","Berserk"],"picked":"Limit Break","floor":33},{"not_picked":["Flex","Iron Wave"],"picked":"Seeing Red","floor":35},{"not_picked":["Wild Strike","Twin Strike","Warcry+1"],"picked":"SKIP","floor":36},{"not_picked":["Twin Strike","Anger+1"],"picked":"Cleave+1","floor":37},{"not_picked":["Anger+1","Fire Breathing+1","Havoc+1"],"picked":"SKIP","floor":41},{"not_picked":["Heavy Blade+1","Fiend Fire","Pommel Strike"],"picked":"SKIP","floor":45},{"not_picked":["Twin Strike+1","Shrug It Off+1","Armaments"],"picked":"SKIP","floor":46},{"not_picked":["Inflame","Warcry+1","Reaper"],"picked":"SKIP","floor":47}],"player_experience":506326,"relics_obtained":[{"floor":6,"key":"Omamori"},{"floor":8,"key":"Whetstone"},{"floor":9,"key":"Happy Flower"},{"floor":10,"key":"Regal Pillow"},{"floor":24,"key":"FossilizedHelix"},{"floor":26,"key":"MealTicket"},{"floor":29,"key":"Anchor"},{"floor":41,"key":"Red Skull"},{"floor":43,"key":"Paper Frog"},{"floor":45,"key":"Orichalcum"},{"floor":47,"key":"Lantern"}],"event_choices":[{"damage_healed":80,"gold_gain":0,"player_choice":"Upgrade","damage_taken":16,"max_hp_gain":0,"max_hp_loss":80,"event_name":"betterThird:BetterShining","floor":4,"gold_loss":1,"cards_upgraded":["Flex","Defend_R"]},{"damage_healed":0,"gold_gain":0,"player_choice":"Bought 1 Potion","damage_taken":0,"max_hp_gain":0,"max_hp_loss":0,"event_name":"The Woman in Blue","floor":21,"gold_loss":0},{"cards_removed":["Strike_R"],"damage_healed":0,"gold_gain":0,"player_choice":"Elegance","damage_taken":0,"max_hp_gain":0,"max_hp_loss":0,"event_name":"betterThird:BetterWriting","floor":28,"gold_loss":0},{"damage_healed":0,"gold_gain":0,"player_choice":"Gave Potion","damage_taken":0,"relics_obtained":["StoneCalendar"],"max_hp_gain":0,"max_hp_loss":0,"event_name":"WeMeetAgain","floor":31,"gold_loss":0},{"damage_healed":0,"gold_gain":0,"player_choice":"Ignored","damage_taken":0,"max_hp_gain":0,"max_hp_loss":0,"event_name":"Tomb of Lord Red Mask","floor":38,"gold_loss":0},{"damage_healed":0,"gold_gain":0,"player_choice":"Max HP","damage_taken":0,"max_hp_gain":0,"max_hp_loss":4,"event_name":"Winding Halls","floor":44,"gold_loss":0}],"is_beta":false,"boss_relics":[{"not_picked":["Pandora\u0027s Box","Cursed Key"],"picked":"Philosopher\u0027s Stone"},{"not_picked":["Runic Cube","Tiny House"],"picked":"Empty Cage"}],"items_purged_floors":[5,11,39],"is_endless":false,"potions_floor_spawned":[6,8,10,13,18,22,27,29,35,36,37,45],"ascension_level":1}}