{"host":"rby9tmzevanrudcg","time":1607603363,"event":{"gold_per_floor":[165,175,175,22,41,72,72,97,121,153,178,178,213,234,234,337,337,353,237,237,237,42,67,67,82,82,82,82,113,24,54,54,54,54],"floor_reached":33,"playtime":1741,"items_purged":["alterego_mod:Strike","alterego_mod:Strike"],"score":416,"play_id":"8d7ce95b-ac25-40b1-82ca-58b7f3e9c7e0","local_time":"20201210202923","is_ascension_mode":true,"campfire_choices":[{"data":"alterego_mod:Belle","floor":7.0,"key":"SMITH"},{"data":"alterego_mod:Weigh","floor":12.0,"key":"SMITH"},{"data":"alterego_mod:Tantrum","floor":15.0,"key":"SMITH"},{"data":"1","floor":24.0,"key":"LIFT"},{"data":"alterego_mod:ClassAdvantage","floor":27.0,"key":"SMITH"},{"data":"alterego_mod:Impale","floor":32.0,"key":"SMITH"}],"neow_cost":"NONE","seed_source_timestamp":1250859122123900,"circlet_count":0,"master_deck":["alterego_mod:Strike","alterego_mod:Strike","alterego_mod:Defend","alterego_mod:Defend","alterego_mod:Defend","alterego_mod:Defend","alterego_mod:Impale+1","alterego_mod:BigMeatyClaws","alterego_mod:BrynhildrsRune+1","alterego_mod:Birthday","alterego_mod:Weigh+1","alterego_mod:IdEs","alterego_mod:Collar","alterego_mod:Valentines","alterego_mod:Tantrum+1","alterego_mod:Clap","alterego_mod:ClassAdvantage+1","alterego_mod:BeGentle","alterego_mod:IndependentAction+1","alterego_mod:Bunnysuit","alterego_mod:Birthday+1","alterego_mod:Nekomimi"],"special_seed":0,"relics":["Tiny House","Membership Card","MealTicket","Anchor","Juzu Bracelet","CaptainsWheel","Coffee Dripper","Sling","Prayer Wheel","Girya","Art of War","Gremlin Horn"],"potions_floor_usage":[33],"damage_taken":[{"damage":3.0,"enemies":"2 Louse","floor":1.0,"turns":3.0},{"damage":1.0,"enemies":"Cultist","floor":2.0,"turns":5.0},{"damage":11.0,"enemies":"Jaw Worm","floor":5.0,"turns":3.0},{"damage":33.0,"enemies":"Lagavulin","floor":6.0,"turns":6.0},{"damage":9.0,"enemies":"3 Louse","floor":8.0,"turns":4.0},{"damage":4.0,"enemies":"3 Sentries","floor":10.0,"turns":5.0},{"damage":5.0,"enemies":"Exordium Wildlife","floor":11.0,"turns":4.0},{"damage":7.0,"enemies":"Gremlin Nob","floor":13.0,"turns":3.0},{"damage":0.0,"enemies":"2 Fungi Beasts","floor":14.0,"turns":4.0},{"damage":3.0,"enemies":"The Guardian","floor":16.0,"turns":4.0},{"damage":7.0,"enemies":"Shell Parasite","floor":18.0,"turns":4.0},{"damage":45.0,"enemies":"Book of Stabbing","floor":23.0,"turns":6.0},{"damage":0.0,"enemies":"Chosen","floor":25.0,"turns":3.0},{"damage":26.0,"enemies":"Gremlin Leader","floor":29.0,"turns":5.0},{"damage":27.0,"enemies":"Book of Stabbing","floor":31.0,"turns":5.0},{"damage":66,"enemies":"Automaton","floor":33,"turns":7}],"seed_played":"-8693737172629626597","potions_obtained":[{"floor":0.0,"key":"Explosive Potion"},{"floor":1.0,"key":"Explosive Potion"},{"floor":3.0,"key":"EntropicBrew"},{"floor":11.0,"key":"Explosive Potion"},{"floor":16.0,"key":"Ancient Potion"},{"floor":18.0,"key":"Weak Potion"}],"is_trial":false,"path_per_floor":["M","M","?","$","M","E","R","M","T","E","M","R","E","M","R","B",null,"M","$","?","?","$","E","R","M","T","R","?","E","$","E","R","B"],"character_chosen":"The_Alterego","items_purchased":["Membership Card","Sling","Prayer Wheel","alterego_mod:IndependentAction","alterego_mod:Nekomimi"],"campfire_rested":0,"item_purchase_floors":[4,19,22,22,30],"current_hp_per_floor":[74,73,73,73,64,33,33,26,26,31,28,28,23,32,32,38,75,68,75,75,61,76,40,40,42,42,42,42,18,33,11,11,0,0],"gold":54,"neow_bonus":"BOSS_RELIC","is_prod":false,"is_daily":false,"chose_seed":false,"campfire_upgraded":5,"win_rate":0,"timestamp":1607603363,"path_taken":["M","M","?","?","M","E","R","M","T","E","M","R","E","M","R","BOSS","M","$","?","?","?","E","R","M","T","R","?","E","$","E","R","BOSS"],"build_version":"2020-11-30","purchased_purges":2,"victory":false,"max_hp_per_floor":[75,75,75,75,75,75,75,75,75,75,75,75,75,75,75,75,75,75,75,75,80,80,80,80,80,80,80,80,80,80,80,80,80,80],"card_choices":[{"not_picked":["alterego_mod:BustOut","alterego_mod:Stockings"],"picked":"alterego_mod:Birthday","floor":0.0},{"not_picked":["alterego_mod:1TonWallop","alterego_mod:GoddessCore","alterego_mod:HighServant"],"picked":"SKIP","floor":1.0},{"not_picked":["alterego_mod:Cooking","alterego_mod:Clones"],"picked":"alterego_mod:Weigh","floor":2.0},{"not_picked":["alterego_mod:RidiculouslyBig","alterego_mod:BreastValley","alterego_mod:1TonWallop"],"picked":"SKIP","floor":5.0},{"not_picked":["alterego_mod:Bounce","alterego_mod:Rip"],"picked":"alterego_mod:Belle","floor":6.0},{"not_picked":["alterego_mod:Bounce","alterego_mod:PurpleHair"],"picked":"alterego_mod:IdEs","floor":8.0},{"not_picked":["alterego_mod:MagicResistance","alterego_mod:Cooking"],"picked":"alterego_mod:Collar","floor":10.0},{"not_picked":["alterego_mod:DeftHands","alterego_mod:Cooking"],"picked":"alterego_mod:Valentines","floor":11.0},{"not_picked":["alterego_mod:RidiculouslyBig","alterego_mod:Vow"],"picked":"alterego_mod:Tantrum","floor":13.0},{"not_picked":["alterego_mod:MagicResistance","alterego_mod:Lingerie"],"picked":"alterego_mod:Clap","floor":14.0},{"not_picked":["alterego_mod:Antipathy","alterego_mod:IdEs"],"picked":"alterego_mod:ClassAdvantage","floor":16.0},{"not_picked":["alterego_mod:Jiggle","alterego_mod:Mirror+1","alterego_mod:Rip"],"picked":"SKIP","floor":18.0},{"not_picked":["alterego_mod:Maid+1","alterego_mod:Mirror"],"picked":"alterego_mod:Bunnysuit","floor":23.0},{"not_picked":["alterego_mod:Cycle","alterego_mod:RocketPunch","alterego_mod:SakuraFive"],"picked":"SKIP","floor":25.0},{"not_picked":["alterego_mod:GoddessCore","alterego_mod:BustOut","alterego_mod:Jiggle"],"picked":"SKIP","floor":25.0},{"not_picked":["alterego_mod:Tantrum","alterego_mod:Cycle"],"picked":"alterego_mod:Birthday+1","floor":29.0},{"not_picked":["alterego_mod:Smother","alterego_mod:Cooking+1","alterego_mod:Jiggle"],"picked":"SKIP","floor":31.0}],"player_experience":117863,"relics_obtained":[{"floor":6.0,"key":"MealTicket"},{"floor":9.0,"key":"Anchor"},{"floor":10.0,"key":"Juzu Bracelet"},{"floor":13.0,"key":"CaptainsWheel"},{"floor":23.0,"key":"Girya"},{"floor":29.0,"key":"Art of War"},{"floor":31.0,"key":"Gremlin Horn"}],"event_choices":[{"damage_healed":0.0,"max_hp_gain":0.0,"max_hp_loss":0.0,"gold_gain":0.0,"event_name":"Lab","player_choice":"Got Potions","floor":3.0,"gold_loss":0.0,"damage_taken":0.0},{"damage_healed":0.0,"max_hp_gain":0.0,"max_hp_loss":0.0,"gold_gain":0.0,"event_name":"The Library","player_choice":"Read","floor":20.0,"gold_loss":0.0,"damage_taken":0.0,"cards_obtained":["alterego_mod:BeGentle"]},{"damage_healed":0.0,"max_hp_gain":5.0,"max_hp_loss":0.0,"gold_gain":0.0,"event_name":"Forgotten Altar","player_choice":"Shed Blood","floor":21.0,"gold_loss":0.0,"damage_taken":19.0},{"damage_healed":0.0,"max_hp_gain":0.0,"max_hp_loss":0.0,"gold_gain":0.0,"event_name":"Upgrade Shrine","player_choice":"Upgraded","floor":28.0,"gold_loss":0.0,"damage_taken":0.0,"cards_upgraded":["alterego_mod:IndependentAction"]}],"is_beta":false,"boss_relics":[{"not_picked":["Busted Crown","Snecko Eye"],"picked":"Coffee Dripper"}],"items_purged_floors":[19,30],"is_endless":false,"potions_floor_spawned":[1,6,8,11,16,18,23],"killed_by":"Automaton","ascension_level":1}}