{"host":"cjhtzh7tp54jdfyv","time":1607629951,"event":{"gold_per_floor":[116,116,116,134,4,37,49,49,75,104,117,117,117],"floor_reached":12,"playtime":531,"items_purged":["Distraction"],"score":226,"play_id":"6393a22b-945d-4455-adfc-03a43f76fba8","local_time":"20201210145231","is_ascension_mode":true,"campfire_choices":[{"data":"Poisoned Stab","floor":8,"key":"SMITH"}],"neow_cost":"NONE","seed_source_timestamp":780422778169500,"circlet_count":0,"master_deck":["AscendersBane","Strike_G","Strike_G","Strike_G","Strike_G","Defend_G","Defend_G","Defend_G","Defend_G","Defend_G+1","Survivor+1","Neutralize","Poisoned Stab+1","PiercingWail","Wraith Form v2","Calculated Gamble"],"relics":["Ring of the Snake","NeowsBlessing","MealTicket","War Paint","Darkstone Periapt"],"potions_floor_usage":[10,10,12],"damage_taken":[{"damage":0,"enemies":"2 Louse","floor":1,"turns":1},{"damage":0,"enemies":"Small Slimes","floor":4,"turns":1},{"damage":0,"enemies":"Gremlin Nob","floor":6,"turns":1},{"damage":0,"enemies":"Cultist","floor":7,"turns":3},{"damage":42,"enemies":"3 Sentries","floor":10,"turns":12},{"damage":0,"enemies":"Blue Slaver","floor":11,"turns":5},{"damage":30,"enemies":"Gremlin Nob","floor":12,"turns":3}],"seed_played":"40430236548723737","potions_obtained":[{"floor":1,"key":"SteroidPotion"},{"floor":11,"key":"Poison Potion"}],"is_trial":false,"path_per_floor":["M","?","?","M","$","E","M","R","T","E","M","E"],"character_chosen":"THE_SILENT","items_purchased":["Poison Potion"],"campfire_rested":0,"item_purchase_floors":[5],"current_hp_per_floor":[59,59,59,59,59,59,59,59,59,17,17,0,0],"gold":117,"neow_bonus":"THREE_ENEMY_KILL","is_prod":false,"is_daily":false,"chose_seed":false,"campfire_upgraded":1,"win_rate":0,"timestamp":1607629951,"path_taken":["M","?","?","M","$","E","M","R","T","E","?","E"],"build_version":"2020-11-30","purchased_purges":1,"victory":false,"max_hp_per_floor":[66,66,66,66,66,66,66,66,66,66,66,66,66],"card_choices":[{"not_picked":["Distraction","Acrobatics","Choke"],"picked":"SKIP","floor":1},{"not_picked":["Sucker Punch","Acrobatics"],"picked":"Poisoned Stab","floor":4},{"not_picked":["Bane","Acrobatics"],"picked":"PiercingWail","floor":6},{"not_picked":["Heel Hook","Deflect","Acrobatics"],"picked":"SKIP","floor":7},{"not_picked":["PiercingWail","After Image"],"picked":"Wraith Form v2","floor":10},{"not_picked":["Underhanded Strike","PiercingWail"],"picked":"Calculated Gamble","floor":11}],"player_experience":4093191,"relics_obtained":[{"floor":6,"key":"MealTicket"},{"floor":9,"key":"War Paint"},{"floor":10,"key":"Darkstone Periapt"}],"event_choices":[{"damage_healed":0,"gold_gain":0,"player_choice":"Leave","damage_taken":0,"max_hp_gain":0,"max_hp_loss":0,"event_name":"The Cleric","floor":2,"gold_loss":0},{"damage_healed":0,"gold_gain":0,"cards_transformed":["Strike_G"],"player_choice":"Transformed","damage_taken":0,"max_hp_gain":0,"max_hp_loss":0,"event_name":"Transmorgrifier","floor":3,"gold_loss":0,"cards_obtained":["Distraction"]}],"is_beta":false,"boss_relics":[],"items_purged_floors":[5],"is_endless":false,"potions_floor_spawned":[1,7,11],"killed_by":"Gremlin Nob","ascension_level":20}}