{"host":"11k7wo0zmp5ji9sn","time":1607602864,"event":{"gold_per_floor":[112,82,94,105,27,27,4,38,62,62,93,93,119,135,135,236,236,256,256,456,109,128,154,167,167,240,240,165,180,206,206,206,307,307,317,317,364,414,25,58,68,68,121,121,121,136,168,168,168,168,168,168,43,68,68,68],"floor_reached":55,"playtime":2396,"items_purged":["hermit:Defend_Hermit","hermit:FullyLoaded","hermit:Defend_Hermit"],"score":852,"play_id":"b68aefd5-8449-4363-a885-d9b2425c864c","local_time":"20201210192104","is_ascension_mode":false,"campfire_choices":[{"data":"hermit:Snapshot","floor":6.0,"key":"SMITH"},{"data":"hermit:HighNoon","floor":15.0,"key":"SMITH"},{"floor":25.0,"key":"REST"},{"data":"hermit:RoundhouseKick","floor":27.0,"key":"SMITH"},{"floor":32.0,"key":"REST"},{"floor":42.0,"key":"RECALL"},{"floor":45.0,"key":"DIG"},{"floor":49.0,"key":"REST"},{"floor":52.0,"key":"DIG"}],"neow_cost":"NONE","seed_source_timestamp":0,"circlet_count":0,"master_deck":["hermit:Strike_Hermit","hermit:Strike_Hermit","hermit:Defend_Hermit+1","hermit:Defend_Hermit","hermit:Snapshot+1","hermit:Covet","hermit:RoundhouseKick+1","hermit:ItchyTrigger","hermit:WideOpen","hermit:BodyArmor+1","hermit:HighNoon+1","hermit:Misfire","hermit:Deadeye","hermit:HoleUp","hermit:LowProfile","hermit:Dive","hermit:FinalCanter","hermit:CursedWeapon","hermit:Roulette+1","hermit:Vantage","hermit:NoHoldsBarred+1","hermit:Shortfuse+1","hermit:HighCaliber+1","hermit:LuckOfTheDraw","hermit:EternalForm","hermit:DeadMansHand+1","Panache","hermit:CalledShot+1","hermit:Cheat+1","hermit:Determination+1","hermit:Combo+1","hermit:TrackingShot+1"],"special_seed":0,"relics":["hermit:Momento","Happy Flower","Orichalcum","hermit:Horseshoe","White Beast Statue","Question Card","Velvet Choker","Pear","Molten Egg 2","Pocketwatch","Blue Candle","Meat on the Bone","Kunai","SacredBark","CaptainsWheel","Shovel","War Paint","Bag of Preparation","Mango","Ginger","Strawberry","Bottled Lightning","Lizard Tail"],"potions_floor_usage":[55],"damage_taken":[{"damage":1.0,"enemies":"Cultist","floor":1.0,"turns":3.0},{"damage":0.0,"enemies":"2 Louse","floor":3.0,"turns":2.0},{"damage":6.0,"enemies":"Jaw Worm","floor":4.0,"turns":2.0},{"damage":15.0,"enemies":"Gremlin Nob","floor":8.0,"turns":4.0},{"damage":20.0,"enemies":"Lagavulin","floor":11.0,"turns":5.0},{"damage":19.0,"enemies":"3 Sentries","floor":13.0,"turns":7.0},{"damage":1.0,"enemies":"Red Slaver","floor":14.0,"turns":2.0},{"damage":23.0,"enemies":"Hexaghost","floor":16.0,"turns":12.0},{"damage":5.0,"enemies":"Shell Parasite","floor":18.0,"turns":7.0},{"damage":7.0,"enemies":"Spheric Guardian","floor":22.0,"turns":4.0},{"damage":45.0,"enemies":"Gremlin Leader","floor":23.0,"turns":8.0},{"damage":2.0,"enemies":"Shelled Parasite and Fungi","floor":24.0,"turns":3.0},{"damage":2.0,"enemies":"Snecko","floor":29.0,"turns":2.0},{"damage":16.0,"enemies":"Slavers","floor":30.0,"turns":3.0},{"damage":42.0,"enemies":"Automaton","floor":33.0,"turns":11.0},{"damage":5.0,"enemies":"Orb Walker","floor":35.0,"turns":2.0},{"damage":20.0,"enemies":"2 Orb Walkers","floor":37.0,"turns":3.0},{"damage":2.0,"enemies":"Mind Bloom Boss Battle","floor":38.0,"turns":4.0},{"damage":2.0,"enemies":"Nemesis","floor":40.0,"turns":6.0},{"damage":0.0,"enemies":"3 Shapes","floor":41.0,"turns":2.0},{"damage":7.0,"enemies":"Spire Growth","floor":46.0,"turns":4.0},{"damage":50.0,"enemies":"Giant Head","floor":47.0,"turns":9.0},{"damage":38.0,"enemies":"Time Eater","floor":50.0,"turns":7.0},{"damage":55.0,"enemies":"Shield and Spear","floor":54.0,"turns":7.0},{"damage":116,"enemies":"The Heart","floor":55,"turns":5}],"seed_played":"7629903859666334311","potions_obtained":[{"floor":2.0,"key":"CultistPotion"},{"floor":2.0,"key":"LiquidMemories"},{"floor":3.0,"key":"hermit:Tonic"},{"floor":8.0,"key":"Weak Potion"},{"floor":13.0,"key":"Regen Potion"},{"floor":14.0,"key":"FearPotion"},{"floor":16.0,"key":"GamblersBrew"},{"floor":18.0,"key":"BlessingOfTheForge"},{"floor":22.0,"key":"Ancient Potion"},{"floor":23.0,"key":"ColorlessPotion"},{"floor":24.0,"key":"CultistPotion"},{"floor":29.0,"key":"AttackPotion"},{"floor":33.0,"key":"Swift Potion"},{"floor":35.0,"key":"FearPotion"},{"floor":37.0,"key":"CultistPotion"},{"floor":38.0,"key":"Block Potion"},{"floor":47.0,"key":"SkillPotion"},{"floor":54.0,"key":"DistilledChaos"}],"is_trial":false,"path_per_floor":["M","?","M","M","$","R","$","E","T","T","E","?","E","M","R","B",null,"M","?","?","$","M","E","M","R","T","R","?","M","E","T","R","B",null,"M","?","?","?","$","E","M","R","T","$","R","M","E","?","R","B",null,"R","$","E","B"],"character_chosen":"HERMIT","items_purchased":["hermit:HighNoon","hermit:Misfire","Molten Egg 2","hermit:Roulette+1","War Paint","Bag of Preparation"],"campfire_rested":3,"item_purchase_floors":[5,7,21,21,39,39],"current_hp_per_floor":[74,74,74,68,68,68,68,53,53,53,33,33,14,13,13,5,75,70,80,80,80,73,28,26,51,51,51,51,49,33,33,58,28,85,80,80,60,58,58,70,70,70,70,70,70,63,32,32,63,37,106,106,106,63,0,0],"gold":68,"neow_bonus":"ONE_RANDOM_RARE_CARD","is_prod":false,"is_daily":false,"chose_seed":false,"campfire_upgraded":3,"win_rate":0,"timestamp":1607602864,"path_taken":["M","?","?","M","$","R","?","E","T","?","E","?","E","?","R","BOSS","M","?","?","$","?","E","M","R","T","R","?","M","E","?","R","BOSS","M","?","?","?","$","E","?","R","T","$","R","M","E","?","R","BOSS","R","$","E","BOSS"],"build_version":"2020-11-30","purchased_purges":3,"victory":false,"max_hp_per_floor":[75,75,75,75,75,75,75,75,75,75,75,75,75,75,75,75,75,75,85,85,85,85,85,85,85,85,85,85,85,85,85,85,85,85,85,85,85,85,85,99,99,99,99,99,99,99,106,106,106,106,106,106,106,106,106,106],"card_choices":[{"not_picked":["hermit:HighCaliber","hermit:LoneWolf"],"picked":"hermit:ItchyTrigger","floor":1.0},{"not_picked":["hermit:Roulette","hermit:LoneWolf"],"picked":"hermit:WideOpen","floor":3.0},{"not_picked":["hermit:Glare","hermit:Feint"],"picked":"hermit:BodyArmor","floor":4.0},{"not_picked":["hermit:RoundhouseKick","hermit:Shortfuse"],"picked":"hermit:Deadeye","floor":8.0},{"not_picked":["hermit:Feint","hermit:Quickdraw"],"picked":"hermit:HoleUp","floor":11.0},{"not_picked":["hermit:NoHoldsBarred","hermit:Grudge"],"picked":"hermit:LowProfile","floor":13.0},{"not_picked":["hermit:Cheat","hermit:Combo","hermit:ItchyTrigger"],"picked":"hermit:Dive","floor":14.0},{"not_picked":["hermit:DeadOrAlive","hermit:Purgatory","hermit:EternalForm"],"picked":"hermit:FinalCanter","floor":16.0},{"not_picked":["hermit:Vantage","hermit:GhostlyPresence","hermit:EyeOfTheStorm"],"picked":"hermit:CursedWeapon","floor":18.0},{"not_picked":["hermit:TrackingShot+1","hermit:HoleUp","hermit:WideOpen+1"],"picked":"hermit:Vantage","floor":22.0},{"not_picked":["hermit:Coalescence","hermit:Manifest","hermit:EternalForm"],"picked":"hermit:NoHoldsBarred+1","floor":23.0},{"not_picked":["hermit:FullyLoaded+1","hermit:Snipe","hermit:Scavenge"],"picked":"hermit:Shortfuse+1","floor":24.0},{"not_picked":["hermit:Showdown+1","hermit:SprayPray+1","hermit:Vantage"],"picked":"hermit:HighCaliber+1","floor":29.0},{"not_picked":["hermit:Ricochet+1","hermit:FullyLoaded","hermit:Combo"],"picked":"hermit:LuckOfTheDraw","floor":30.0},{"not_picked":["hermit:FinalCanter+1","hermit:Roughhouse+1","hermit:Purgatory+1"],"picked":"hermit:EternalForm","floor":33.0},{"not_picked":["hermit:EyeOfTheStorm+1","hermit:Misfire+1","hermit:PistolWhip+1"],"picked":"hermit:DeadMansHand+1","floor":35.0},{"not_picked":["Master of Strategy","Secret Weapon","Magnetism"],"picked":"Panache","floor":36.0},{"not_picked":["hermit:Headshot+1","hermit:LowProfile","hermit:WideOpen+1"],"picked":"hermit:CalledShot+1","floor":37.0},{"not_picked":["hermit:Malice+1","hermit:Roulette+1","hermit:Headshot+1"],"picked":"hermit:Cheat+1","floor":38.0},{"not_picked":["hermit:WideOpen+1","hermit:Enervate+1","hermit:Shortfuse+1"],"picked":"hermit:Determination+1","floor":40.0},{"not_picked":["hermit:WideOpen+1","hermit:BodyArmor+1","hermit:EyeOfTheStorm","hermit:Glare"],"picked":"SKIP","floor":41.0},{"not_picked":["hermit:Glare+1","hermit:LowProfile+1","hermit:CalledShot+1"],"picked":"hermit:Combo+1","floor":46.0},{"not_picked":["hermit:Shortfuse+1","hermit:Ricochet+1","hermit:TakeCover","hermit:Brawl+1"],"picked":"SKIP","floor":47.0},{"not_picked":["hermit:LowProfile","hermit:HighCaliber+1","hermit:Horror+1"],"picked":"hermit:TrackingShot+1","floor":54.0}],"player_experience":587862,"relics_obtained":[{"floor":8.0,"key":"Happy Flower"},{"floor":9.0,"key":"Orichalcum"},{"floor":10.0,"key":"hermit:Horseshoe"},{"floor":11.0,"key":"White Beast Statue"},{"floor":13.0,"key":"Question Card"},{"floor":23.0,"key":"Pocketwatch"},{"floor":26.0,"key":"Blue Candle"},{"floor":30.0,"key":"Meat on the Bone"},{"floor":31.0,"key":"Kunai"},{"floor":37.0,"key":"CaptainsWheel"},{"floor":38.0,"key":"Shovel"},{"floor":40.0,"key":"Mango"},{"floor":45.0,"key":"Ginger"},{"floor":47.0,"key":"Strawberry"},{"floor":52.0,"key":"Bottled Lightning"},{"floor":54.0,"key":"Lizard Tail"}],"event_choices":[{"damage_healed":0.0,"max_hp_gain":0.0,"max_hp_loss":0.0,"gold_gain":0.0,"event_name":"The Woman in Blue","player_choice":"Bought 2 Potions","floor":2.0,"gold_loss":0.0,"damage_taken":0.0},{"damage_healed":0.0,"max_hp_gain":0.0,"max_hp_loss":0.0,"gold_gain":0.0,"cards_transformed":["hermit:Strike_Hermit"],"event_name":"Transmorgrifier","player_choice":"Transformed","floor":12.0,"gold_loss":0.0,"damage_taken":0.0,"cards_obtained":["hermit:FullyLoaded"]},{"damage_healed":0.0,"max_hp_gain":0.0,"max_hp_loss":0.0,"gold_gain":0.0,"event_name":"The Mausoleum","player_choice":"Opened","floor":19.0,"gold_loss":0.0,"damage_taken":0.0,"relics_obtained":["Pear"]},{"damage_healed":0.0,"max_hp_gain":0.0,"max_hp_loss":0.0,"gold_gain":200.0,"event_name":"Wheel of Change","player_choice":"Gold","floor":20.0,"gold_loss":0.0,"damage_taken":0.0},{"cards_removed":["hermit:Strike_Hermit"],"damage_healed":0.0,"max_hp_gain":0.0,"max_hp_loss":0.0,"gold_gain":0.0,"event_name":"Beggar","player_choice":"Gave Gold","floor":28.0,"gold_loss":75.0,"damage_taken":0.0},{"damage_healed":0.0,"max_hp_gain":0.0,"max_hp_loss":0.0,"gold_gain":0.0,"event_name":"SensoryStone","player_choice":"Memory 1","floor":36.0,"gold_loss":0.0,"damage_taken":0.0},{"damage_healed":0.0,"max_hp_gain":0.0,"max_hp_loss":0.0,"gold_gain":0.0,"event_name":"Mysterious Sphere","player_choice":"Fight","floor":37.0,"gold_loss":0.0,"damage_taken":0.0},{"damage_healed":0.0,"max_hp_gain":0.0,"max_hp_loss":0.0,"gold_gain":0.0,"event_name":"MindBloom","player_choice":"Fight","floor":38.0,"gold_loss":0.0,"damage_taken":0.0},{"damage_healed":0.0,"max_hp_gain":0.0,"max_hp_loss":0.0,"gold_gain":0.0,"event_name":"Match and Keep!","player_choice":"0 cards matched","floor":48.0,"gold_loss":0.0,"damage_taken":0.0,"cards_obtained":[]}],"is_beta":false,"boss_relics":[{"not_picked":["Philosopher\u0027s Stone","Empty Cage"],"picked":"Velvet Choker"},{"not_picked":["Black Star","SlaversCollar"],"picked":"SacredBark"}],"items_purged_floors":[21,39,53],"is_endless":false,"potions_floor_spawned":[3,8,13,14,16,18,22,23,24,29,30,33,35,37,38,40,41,46,47,54],"killed_by":"The Heart","ascension_level":0}}