{"host":"avjwtc49fhlk6kym","time":1607572767,"event":{"gold_per_floor":[116,128,203,114,128,158,22,22,22,40,54,70,70,83,83,184,184,194,204,56,56,76,76,109,109,160,191,191,191],"floor_reached":28,"playtime":1222,"items_purged":["Defend_P"],"score":286,"play_id":"e05dbe22-68bf-484a-bab5-fe96011022ca","local_time":"20201209225927","is_ascension_mode":true,"campfire_choices":[{"floor":8.0,"key":"REST"},{"floor":13.0,"key":"REST"},{"floor":15.0,"key":"REST"},{"data":"Eruption","floor":23,"key":"SMITH"},{"floor":25,"key":"REST"}],"neow_cost":"NONE","seed_source_timestamp":16479033184799,"circlet_count":0,"master_deck":["Strike_P","Strike_P+1","Defend_P","Defend_P","Defend_P","Eruption+1","Vigilance","Trip","Consecrate","SandsOfTime","Wallop","Prostrate","BowlingBash","LikeWater+1","Devotion","CutThroughFate+1","Evaluate+1","Halt+1","FollowUp+1","LessonLearned","PathToVictory+1","Wireheading","FollowUp","ReachHeaven"],"special_seed":0,"relics":["PureWater","Toxic Egg 2","Ornamental Fan","Empty Cage","Eternal Feather","Omamori","Mummified Hand"],"potions_floor_usage":[],"damage_taken":[{"damage":5.0,"enemies":"Small Slimes","floor":1.0,"turns":3.0},{"damage":0.0,"enemies":"Cultist","floor":2.0,"turns":2.0},{"damage":4.0,"enemies":"2 Louse","floor":5.0,"turns":2.0},{"damage":36.0,"enemies":"Lagavulin","floor":6.0,"turns":6.0},{"damage":0.0,"enemies":"Looter","floor":10.0,"turns":2.0},{"damage":0.0,"enemies":"Lots of Slimes","floor":11.0,"turns":3.0},{"damage":25.0,"enemies":"Gremlin Gang","floor":12.0,"turns":4.0},{"damage":3.0,"enemies":"Blue Slaver","floor":14.0,"turns":3.0},{"damage":23.0,"enemies":"The Guardian","floor":16.0,"turns":8.0},{"damage":20.0,"enemies":"2 Thieves","floor":18.0,"turns":4.0},{"damage":8.0,"enemies":"Spheric Guardian","floor":19.0,"turns":6.0},{"damage":16,"enemies":"Cultist and Chosen","floor":22,"turns":6},{"damage":44,"enemies":"Book of Stabbing","floor":24,"turns":7},{"damage":43,"enemies":"Slavers","floor":27,"turns":6},{"damage":42,"enemies":"Chosen and Byrds","floor":28,"turns":4}],"seed_played":"-5994826720449209622","potions_obtained":[{"floor":1.0,"key":"LiquidMemories"},{"floor":5.0,"key":"ColorlessPotion"},{"floor":12.0,"key":"DuplicationPotion"},{"floor":14.0,"key":"Ancient Potion"},{"floor":18.0,"key":"GamblersBrew"},{"floor":24,"key":"FairyPotion"}],"is_trial":false,"path_per_floor":["M","M","?","$","M","E","$","R","T","M","M","M","R","M","R","B",null,"M","M","$","?","M","R","E","R","T","E","M"],"character_chosen":"WATCHER","items_purchased":["Wallop","Prostrate","Devotion","Wireheading"],"campfire_rested":4,"item_purchase_floors":[4,4,7,20],"current_hp_per_floor":[67,67,60,60,56,20,20,41,41,41,41,16,37,34,55,32,72,52,44,44,72,56,56,12,45,45,2,0,0],"gold":191,"neow_bonus":"RANDOM_COLORLESS","is_prod":false,"is_daily":false,"chose_seed":false,"campfire_upgraded":1,"win_rate":0,"timestamp":1607572767,"path_taken":["M","M","?","$","?","E","$","R","T","?","M","M","R","M","R","BOSS","M","M","$","?","?","R","E","R","T","E","M"],"build_version":"2020-11-30","purchased_purges":1,"victory":false,"max_hp_per_floor":[72,72,72,72,72,72,72,72,72,72,72,72,72,72,72,72,72,72,72,72,72,72,72,72,72,72,72,72,72],"card_choices":[{"not_picked":["Finesse","Bandage Up"],"picked":"Trip","floor":0.0},{"not_picked":["Fasting2","ClearTheMind"],"picked":"Consecrate","floor":1.0},{"not_picked":["SashWhip","EmptyFist"],"picked":"SandsOfTime","floor":2.0},{"not_picked":["SashWhip","EmptyBody"],"picked":"BowlingBash","floor":5.0},{"not_picked":["Study","CutThroughFate"],"picked":"LikeWater","floor":6.0},{"not_picked":["Weave","MentalFortress"],"picked":"CutThroughFate","floor":10.0},{"not_picked":["TalkToTheHand","CutThroughFate"],"picked":"Evaluate+1","floor":11.0},{"not_picked":["Weave","BowlingBash"],"picked":"Halt+1","floor":12.0},{"not_picked":["SashWhip","Halt+1"],"picked":"FollowUp","floor":14.0},{"not_picked":["SpiritShield+1","ConjureBlade+1"],"picked":"LessonLearned","floor":16.0},{"not_picked":["FollowUp","JustLucky+1"],"picked":"PathToVictory+1","floor":18.0},{"not_picked":["SashWhip","ReachHeaven+1"],"picked":"Pray+1","floor":19.0},{"not_picked":["JustLucky+1","Evaluate+1"],"picked":"FollowUp","floor":22},{"not_picked":["Blasphemy+1","Adaptation+1","Vengeance+1"],"picked":"SKIP","floor":24},{"not_picked":["CutThroughFate","Adaptation"],"picked":"ReachHeaven","floor":27}],"player_experience":485848,"relics_obtained":[{"floor":6.0,"key":"Toxic Egg 2"},{"floor":9.0,"key":"Ornamental Fan"},{"floor":24,"key":"Eternal Feather"},{"floor":26,"key":"Omamori"},{"floor":27,"key":"Mummified Hand"}],"event_choices":[{"damage_healed":0.0,"max_hp_gain":0.0,"max_hp_loss":0.0,"gold_gain":75.0,"event_name":"FaceTrader","player_choice":"Touch","floor":3.0,"gold_loss":0.0,"damage_taken":7.0},{"cards_removed":["Pray"],"damage_healed":28.0,"max_hp_gain":0.0,"max_hp_loss":0.0,"gold_gain":0.0,"event_name":"Bonfire Elementals","player_choice":"Offered Uncommon","floor":21.0,"gold_loss":0.0,"damage_taken":0.0}],"is_beta":false,"boss_relics":[{"not_picked":["Ectoplasm","Pandora\u0027s Box"],"picked":"Empty Cage"}],"items_purged_floors":[20],"is_endless":false,"potions_floor_spawned":[1,5,12,14,18,24],"killed_by":"Chosen and Byrds","ascension_level":2}}