{"host":"rxlazyja0fsq2vfk","time":1607642803,"event":{"mods":["BaseMod","StSLib","Act Like it!","Minty Spire (QoL Compilation)","Disable Question Mark Monsters","AchievementEnabler","Transform Curses","Permanent Neow","egg","Colored Map","Colored Powertips","Defuse TimeMaze Blight","GifTheSpireLib","Shop Mod","BetterRewards","Quick Restart","Random Character Mod","Unknown Chances","Random Character Button","Relic Sorter","everything is the same but u backflip on backflip","Jedi Mod","Replay The Spire","The Construct","Bestiary","2.2 Compatiblity","Aspiration","Better Match","Better Sensory Stone","Better Skull","Better Third Choice","Halation","Hubris","Wandering Minibosses","vexMod","AlwaysNeverKeys"],"gold_per_floor":[116,126,51,17,31,60,60,60,60,85,85,95,130,146,146,250,250,267,287,287,287,4,36,36,46,46,9,9,40,240,271,271,366,366,376,391,147,65,76,104,115,115,140,140,167,179,213,233,233,233],"floor_reached":51,"playtime":2168,"items_purged":["Strike_R"],"score":1632,"play_id":"2b378610-4ed1-4c1e-9748-85a24ceb5c26","local_time":"20201210182643","is_ascension_mode":true,"campfire_choices":[{"floor":8.0,"key":"REST"},{"data":"ReplayTheSpireMod:Brewmster","floor":11.0,"key":"SMITH"},{"data":"jedi:controlledanger","floor":15.0,"key":"SMITH"},{"data":"ReplayTheSpireMod:Strike From Hell","floor":24,"key":"SMITH"},{"data":"ReplayTheSpireMod:Strike From Hell","floor":28,"key":"SMITH"},{"floor":32,"key":"REST"},{"data":"Armaments","floor":42,"key":"SMITH"},{"data":"Berserk","floor":49,"key":"SMITH"}],"circlet_count":0,"master_deck":["AscendersBane","Strike_R","Strike_R","Strike_R","Strike_R","Defend_R","Defend_R","Defend_R","Defend_R","Bash","jedi:MakeshiftSword","ReplayTheSpireMod:Necrogeddon","ReplayTheSpireMod:Brewmster+1","Deep Breath","Berserk+1","jedi:controlledanger+1","Spot Weakness+1","Headbutt+1","Reaper","Anger","Shrug It Off","Double Tap","Whirlwind+1","ReplayTheSpireMod:Strike From Hell+1","Wild Strike","Poisoned Strike","WindmillStrike","ReplayTheSpireMod:LeadingStrike","Perfected Strike","Feed","ReplayTheSpireMod:Strike From Hell+1","jedi:MakeshiftSword","Offering","Replay:Undeath\u0027s Touch+1","Perfected Strike+1","Finesse","Armaments+1","Cleave","Demon Form","Seeing Red","Seeing Red","jedi:fear+1"],"special_seed":0,"relics":["Burning Blood","ReplayTheSpireMod:ShopPack","Replay:Towering Pillar of Hats","betterThird:SlimedRelic","Darkstone Periapt","hubris:Towel","Onion Ring","hubris:Reverence","hubris:SlimyHat","Replay:Bronze Core","Brimstone","Oddly Smooth Stone","Replay:WaspNest","aspiration:VileToxins","Ornamental Fan","hubris:HollowSoul","hubris:PeanutButter","ReplayTheSpireMod:Lightbulb","halation:LettersToHer","jedi:matchstick","jedi:HeartOfTheCards"],"acts_visited":["Exordium","TheCity","TheBeyond"],"potions_floor_usage":[16,16,16,16,16,16,16,18,19,25,29,29,31,40,40,40,45,45,46,50,50],"damage_taken":[{"damage":18.0,"enemies":"Small Slimes","floor":1.0,"turns":5.0},{"damage":19.0,"enemies":"Cultist","floor":2.0,"turns":5.0},{"damage":13.0,"enemies":"Jaw Worm","floor":5.0,"turns":4.0},{"damage":34.0,"enemies":"Lagavulin","floor":6.0,"turns":8.0},{"damage":15.0,"enemies":"3 Sentries","floor":10.0,"turns":3.0},{"damage":0.0,"enemies":"Large Slime","floor":12.0,"turns":5.0},{"damage":30.0,"enemies":"Lagavulin","floor":13.0,"turns":6.0},{"damage":13.0,"enemies":"Lots of Slimes","floor":14.0,"turns":3.0},{"damage":40,"enemies":"The Guardian","floor":16,"turns":7},{"damage":13,"enemies":"Shell Parasite","floor":18,"turns":4},{"damage":24,"enemies":"Spheric Guardian","floor":19,"turns":4},{"damage":0,"enemies":"Gremlin Leader","floor":23,"turns":1},{"damage":22,"enemies":"Cultist and Chosen","floor":25,"turns":4},{"damage":10,"enemies":"Slavers","floor":29,"turns":3},{"damage":51,"enemies":"Gremlin Leader","floor":31,"turns":3},{"damage":6,"enemies":"Collector","floor":33,"turns":6},{"damage":6,"enemies":"Orb Walker","floor":35,"turns":2},{"damage":28,"enemies":"3 Darklings","floor":36,"turns":4},{"damage":0,"enemies":"Jaw Worm Horde","floor":39,"turns":2},{"damage":38,"enemies":"R_Hoarder","floor":40,"turns":4},{"damage":7,"enemies":"Sphere and 2 Shapes","floor":41,"turns":3},{"damage":1,"enemies":"Reptomancer","floor":45,"turns":3},{"damage":0,"enemies":"Transient","floor":46,"turns":5},{"damage":0,"enemies":"R_Hoarder","floor":47,"turns":4},{"damage":10,"enemies":"3 Darklings","floor":48,"turns":4},{"damage":18,"enemies":"hubris:GrandSnecko","floor":50,"turns":6}],"seed_played":"1680350305540062966","potions_obtained":[{"floor":5.0,"key":"Dexterity Potion"},{"floor":18,"key":"ColorlessPotion"},{"floor":25,"key":"BloodPotion"},{"floor":45,"key":"construct:ShiftPotion"},{"floor":46,"key":"AttackPotion"}],"is_trial":false,"path_per_floor":["M","M","?","?","M","E","?","R","T","E","R","M","E","M","R","B",null,"M","M","?","?","$","E","R","M","T","$","R","E","?","E","R","B",null,"M","M","$","$","M","E","M","R","T","?","E","M","E","M","R","B",null],"character_chosen":"IRONCLAD","items_purchased":["ReplayTheSpireMod:ShopPack","jedi:MakeshiftSword","Brimstone","Feed","jedi:MakeshiftSword","hubris:PeanutButter","Finesse"],"campfire_rested":2,"item_purchase_floors":[0,0,22,22,27,37,38],"current_hp_per_floor":[60,56,56,45,38,10,10,34,34,46,46,62,38,49,49,25,66,59,41,41,41,41,47,47,64,64,64,64,60,60,31,55,67,77,80,83,83,83,83,67,69,69,69,52,60,66,72,68,68,74],"gold":233,"neow_bonus":"","is_daily":false,"chose_seed":false,"campfire_upgraded":6,"win_rate":0,"timestamp":1607642803,"path_taken":["M","M","?","?","M","E","?","R","T","E","R","M","E","M","R","BOSS","M","M","?","?","$","E","R","?","T","$","R","E","?","E","R","BOSS","M","M","?","$","M","E","?","R","T","?","E","M","E","M","R","BOSS"],"build_version":"2020-11-30","purchased_purges":1,"victory":true,"max_hp_per_floor":[80,80,80,80,80,80,80,80,80,80,80,80,80,80,80,80,80,80,80,80,80,80,80,80,80,80,80,80,80,80,80,80,80,80,83,83,83,83,83,83,86,86,86,86,89,89,89,89,89,89],"card_choices":[{"not_picked":["Secret Technique","The Bomb"],"picked":"ReplayTheSpireMod:Necrogeddon","floor":0.0},{"not_picked":["Trip","Forethought"],"picked":"ReplayTheSpireMod:Brewmster","floor":0.0},{"not_picked":["hubris:Ssssneak","Replay:BasicMightCard"],"picked":"Deep Breath","floor":0.0},{"not_picked":["Wild Strike","Dual Wield"],"picked":"Berserk","floor":1.0},{"not_picked":["Massacre","Feel No Pain"],"picked":"jedi:controlledanger","floor":2.0},{"not_picked":["Entrench+1","Dropkick+1"],"picked":"Spot Weakness+1","floor":3.0},{"not_picked":["Thunderclap+1","Warcry+1"],"picked":"Headbutt+1","floor":3.0},{"not_picked":["Twin Strike","Clothesline","ReplayTheSpireMod:Stacked"],"picked":"SKIP","floor":5.0},{"not_picked":["Armaments","Clash"],"picked":"Reaper","floor":6.0},{"not_picked":["Pommel Strike","Heavy Blade","Body Slam"],"picked":"SKIP","floor":10.0},{"not_picked":["Twin Strike","Armaments"],"picked":"Anger","floor":12.0},{"not_picked":["Replay:Many Hands","Clash"],"picked":"Shrug It Off","floor":13.0},{"not_picked":["jedi:collectorstrike","Sever Soul","Perfected Strike"],"picked":"SKIP","floor":14.0},{"not_picked":["Hemogenesis","jedi:unlimitedpower"],"picked":"Double Tap","floor":16},{"not_picked":["Clothesline","Anger+1"],"picked":"Whirlwind+1","floor":18},{"not_picked":["Wild Strike","hubris:ReadiedAction"],"picked":"ReplayTheSpireMod:Strike From Hell","floor":19},{"not_picked":["ReplayTheSpireMod:Limb From Limb","Massacre"],"picked":"ReplayTheSpireMod:Strike From Hell","floor":23},{"not_picked":["ReplayTheSpireMod:Strike From Hell","hubris:SharpeningStone","Rampage"],"picked":"SKIP","floor":25},{"not_picked":["Infernal Blade","jedi:hate","Wild Strike"],"picked":"SKIP","floor":29},{"not_picked":["Abandon","Pommel Strike","ReplayReversal"],"picked":"SKIP","floor":31},{"not_picked":["jedi:harder","Demonic Infusion"],"picked":"Offering","floor":33},{"not_picked":["Headbutt+1","Replay:Undeath\u0027s Touch+1","Cleave"],"picked":"SKIP","floor":35},{"not_picked":["Headbutt+1","Cleave"],"picked":"Replay:Undeath\u0027s Touch+1","floor":35},{"not_picked":["Berserk","Twin Strike+1"],"picked":"Perfected Strike+1","floor":36},{"not_picked":["Spot Weakness","Disarm","Clothesline+1"],"picked":"SKIP","floor":39},{"not_picked":["Thunderclap","hubris:ReadiedAction+1"],"picked":"Armaments","floor":40},{"not_picked":["Replay:Undeath\u0027s Touch","Carnage+1"],"picked":"Cleave","floor":41},{"not_picked":["Clothesline+1","Reckless Charge+1"],"picked":"Seeing Red","floor":45},{"not_picked":["Spot Weakness","Dark Embrace+1"],"picked":"Seeing Red","floor":46},{"not_picked":["jedi:collectorstrike","Warcry+1","Flex+1"],"picked":"SKIP","floor":47},{"not_picked":["Blood for Blood+1","hubris:ReadiedAction+1"],"picked":"jedi:fear+1","floor":48}],"player_experience":470558,"relics_obtained":[{"floor":6.0,"key":"Darkstone Periapt"},{"floor":9.0,"key":"Onion Ring"},{"floor":10.0,"key":"hubris:Reverence"},{"floor":13.0,"key":"hubris:SlimyHat"},{"floor":23,"key":"Oddly Smooth Stone"},{"floor":26,"key":"Replay:WaspNest"},{"floor":29,"key":"aspiration:VileToxins"},{"floor":31,"key":"Ornamental Fan"},{"floor":40,"key":"ReplayTheSpireMod:Lightbulb"},{"floor":43,"key":"halation:LettersToHer"},{"floor":45,"key":"jedi:matchstick"},{"floor":47,"key":"jedi:HeartOfTheCards"}],"event_choices":[{"damage_healed":0.0,"max_hp_gain":0.0,"max_hp_loss":0.0,"gold_gain":0.0,"event_name":"betterMatch:BetterMatch","player_choice":"2","floor":3.0,"gold_loss":0.0,"damage_taken":0.0,"cards_obtained":["betterMatch:UncommonCard","betterMatch:CommonCard"]},{"damage_healed":0.0,"max_hp_gain":0.0,"max_hp_loss":0.0,"gold_gain":0.0,"event_name":"betterThird:BetterGoop","player_choice":"Slimed","floor":4.0,"gold_loss":34.0,"damage_taken":11.0},{"damage_healed":0,"gold_gain":0,"player_choice":"Ignored","damage_taken":0,"max_hp_gain":0,"max_hp_loss":0,"event_name":"NoteForYourself","floor":21,"gold_loss":0},{"damage_healed":0,"gold_gain":200,"player_choice":"Gold","damage_taken":0,"max_hp_gain":0,"max_hp_loss":0,"event_name":"Wheel of Change","floor":30,"gold_loss":0},{"damage_healed":0,"gold_gain":3,"player_choice":"2","damage_taken":0,"max_hp_gain":0,"max_hp_loss":17,"event_name":"betterStone:BetterStone","floor":44,"gold_loss":0}],"is_beta":false,"boss_relics":[{"not_picked":["hubris:VirtuousBlindfold","halation:Risk"],"picked":"Replay:Bronze Core"},{"not_picked":["Honey Jar","construct:WeddingRing"],"picked":"hubris:HollowSoul"}],"items_purged_floors":[0],"is_endless":false,"potions_floor_spawned":[5,12,13,14,18,25,33,36,45,46,48],"ascension_level":10}}