{"host":"wwmqne3dwir10erh","time":1607632832,"event":{"mods":["BaseMod","StSLib","Hubris","Replay The Spire","Minty Spire (QoL Compilation)","Mimic Mod","The Bladedancer","Better Note"],"gold_per_floor":[118,43,43,60,10,36,36,70,70,70,70,70,83,96,96,224,224,249,249,270,289,303,303,342,342,342,342,363,378,108,147,147,266,266,284,284,102,102,145,145,176,176,176,176,191,209,209,209,209,59,59,59],"floor_reached":53,"playtime":2099,"items_purged":["Strike_G","Spreading Infection"],"score":818,"play_id":"da041c19-c005-4792-ba87-82fa537d89ee","local_time":"20201210154032","is_ascension_mode":true,"campfire_choices":[{"floor":7.0,"key":"REST"},{"floor":12.0,"key":"REST"},{"floor":15.0,"key":"REST"},{"floor":23.0,"key":"REST"},{"floor":25.0,"key":"REST"},{"data":"Footwork","floor":27.0,"key":"SMITH"},{"data":"Bane","floor":32.0,"key":"SMITH"},{"floor":40.0,"key":"REST"},{"floor":42.0,"key":"REST"},{"floor":44.0,"key":"REST"},{"floor":49.0,"key":"REST"}],"circlet_count":0,"master_deck":["Strike_G","Strike_G","Strike_G","Defend_G","Defend_G","Defend_G","Defend_G","Defend_G","Survivor","Neutralize","All Out Attack","Deadly Poison","Venomology+1","Footwork+1","Quick Slash","Bullet Time","Replay:BasicMightCard+1","Slice","Hidden Blade","Bouncing Flask+1","Bane+1","Deadly Poison","Magnetism","Blade Dance","Corpse Explosion+1","Acrobatics+1","Magnetism","Riddle With Holes","Hidden Blade+1","Dagger Spray+1","Terror+1","Footwork+1","hubris:Wrath","Noxious Fumes+1","Skewer","Tools of the Trade","Acrobatics+1"],"special_seed":0,"relics":["Runic Dome","Torii","Mercury Hourglass","Meat on the Bone","Golden Idol","Cursed Key","Snake Skull","Art of War","Dream Catcher","Philosopher\u0027s Stone","Potion Belt","Ninja Scroll","Cauldron"],"acts_visited":["TheCity","TheBeyond"],"potions_floor_usage":[52,52,52,52,52,52,52,52,52,52,52],"damage_taken":[{"damage":1.0,"enemies":"Jaw Worm","floor":1.0,"turns":4.0},{"damage":0.0,"enemies":"2 Louse","floor":4.0,"turns":2.0},{"damage":35.0,"enemies":"Gremlin Nob","floor":6.0,"turns":5.0},{"damage":25.0,"enemies":"Lagavulin","floor":8.0,"turns":7.0},{"damage":0.0,"enemies":"Cultist","floor":13.0,"turns":3.0},{"damage":0.0,"enemies":"Gremlin Gang","floor":14.0,"turns":3.0},{"damage":7.0,"enemies":"Slime Boss","floor":16.0,"turns":10.0},{"damage":14.0,"enemies":"3 Byrds","floor":18.0,"turns":5.0},{"damage":28.0,"enemies":"Chosen","floor":20.0,"turns":6.0},{"damage":17.0,"enemies":"Snecko","floor":21.0,"turns":6.0},{"damage":16.0,"enemies":"Centurion and Healer","floor":22.0,"turns":7.0},{"damage":26.0,"enemies":"Replay:Snechameleon","floor":24.0,"turns":6.0},{"damage":3.0,"enemies":"Cultist and Chosen","floor":28.0,"turns":6.0},{"damage":1.0,"enemies":"Snecko","floor":29.0,"turns":4.0},{"damage":1.0,"enemies":"Gremlin Leader","floor":31.0,"turns":8.0},{"damage":5.0,"enemies":"Pondfish","floor":33.0,"turns":8.0},{"damage":19.0,"enemies":"3 Shapes","floor":35.0,"turns":5.0},{"damage":15.0,"enemies":"Orb Walker","floor":39.0,"turns":3.0},{"damage":49.0,"enemies":"Nemesis","floor":41.0,"turns":5.0},{"damage":33.0,"enemies":"4 Shapes","floor":45.0,"turns":4.0},{"damage":39.0,"enemies":"Maw","floor":46.0,"turns":6.0},{"damage":14,"enemies":"Donu and Deca","floor":52,"turns":5}],"seed_played":"2219171302311682098","potions_obtained":[{"floor":4.0,"key":"EssenceOfSteel"},{"floor":8.0,"key":"GamblersBrew"},{"floor":14.0,"key":"CultistPotion"},{"floor":21.0,"key":"PowerPotion"},{"floor":28.0,"key":"Adrenaline Potion"},{"floor":29.0,"key":"LifebloodPotion"},{"floor":39.0,"key":"Adrenaline Potion"},{"floor":45.0,"key":"SteroidPotion"},{"floor":46.0,"key":"Dexterity Potion"},{"floor":50.0,"key":"CunningPotion"},{"floor":50.0,"key":"EntropicBrew"},{"floor":50.0,"key":"Poison Potion"}],"is_trial":false,"path_per_floor":["M","$","?","M","?","E","R","E","T","?","?","R","M","M","R","B",null,"M","?","M","M","M","R","E","R","T","R","M","M","$","E","R","B",null,"M","?","$","?","M","R","E","R","T","R","M","M","PTL","PTL","R","$","R","B",null],"character_chosen":"THE_SILENT","items_purchased":["Magnetism","Magnetism","Cauldron"],"campfire_rested":9,"item_purchase_floors":[30,37,50],"current_hp_per_floor":[69,69,74,74,74,39,61,36,36,18,18,40,40,40,62,55,75,61,61,45,40,36,58,44,66,66,66,63,62,62,61,61,71,75,56,56,56,56,41,63,26,48,48,70,49,22,22,22,44,44,66,52],"gold":59,"neow_bonus":"BOSS_RELIC","is_daily":false,"chose_seed":false,"campfire_upgraded":2,"win_rate":0,"timestamp":1607632832,"path_taken":["M","$","?","M","?","E","R","E","T","?","?","R","M","M","R","BOSS","M","?","M","M","?","R","E","R","T","R","?","M","?","E","R","BOSS","M","?","$","?","?","R","E","R","T","R","M","M","PTL","PTL","R","?","R","BOSS"],"build_version":"2020-11-30","purchased_purges":2,"victory":true,"max_hp_per_floor":[70,70,75,75,75,75,75,75,75,75,75,75,75,75,75,75,75,75,75,75,75,75,75,75,75,75,75,75,75,75,75,75,75,75,75,75,75,75,75,75,75,75,75,75,75,75,75,75,75,75,75,75],"card_choices":[{"not_picked":["Bane","Backstab"],"picked":"All Out Attack","floor":1.0},{"not_picked":["Expertise","Flying Knee"],"picked":"Deadly Poison","floor":4.0},{"not_picked":["Catalyst","Underhanded Strike"],"picked":"Venomology","floor":6.0},{"not_picked":["Bane","Caltrops"],"picked":"Footwork","floor":8.0},{"not_picked":["Backflip","Flying Knee"],"picked":"Quick Slash","floor":13.0},{"not_picked":["Blur","Skewer","Underhanded Strike"],"picked":"SKIP","floor":14.0},{"not_picked":["Envenom","Doppelganger"],"picked":"Bullet Time","floor":16.0},{"not_picked":["Underhanded Strike+1","Reflex+1","Blur+1"],"picked":"SKIP","floor":18.0},{"not_picked":["Sucker Punch+1","ReplayTheSpireMod:The Works"],"picked":"Slice","floor":20.0},{"not_picked":["Eviscerate","hubris:SlightOfHand+1"],"picked":"Hidden Blade","floor":21.0},{"not_picked":["Backflip","Choke","ReplayTheSpireMod:Exploit Weakness"],"picked":"SKIP","floor":22.0},{"not_picked":["Flying Knee+1","Sucker Punch"],"picked":"Bouncing Flask+1","floor":24.0},{"not_picked":["Backflip+1","Bouncing Flask"],"picked":"Bane","floor":28.0},{"not_picked":["Skewer","Setup"],"picked":"Deadly Poison","floor":29.0},{"not_picked":["Tactician","hubris:TrickCloak"],"picked":"Blade Dance","floor":31.0},{"not_picked":["Wraith Form v2","Burst"],"picked":"Corpse Explosion","floor":33.0},{"not_picked":["hubris:TrickCloak","Poisoned Stab+1"],"picked":"Acrobatics+1","floor":35.0},{"not_picked":["Poisoned Stab","Outmaneuver"],"picked":"Hidden Blade+1","floor":39.0},{"not_picked":["PiercingWail","Acrobatics"],"picked":"Dagger Spray+1","floor":40.0},{"not_picked":["Corpse Explosion","Crippling Poison+1"],"picked":"Terror+1","floor":41.0},{"not_picked":["Crippling Poison","Prepared"],"picked":"Footwork+1","floor":42.0},{"not_picked":["ReplayTheSpireMod:Exploit Weakness","All Out Attack"],"picked":"Noxious Fumes+1","floor":44.0},{"not_picked":["Quick Slash+1","Dagger Spray"],"picked":"Skewer","floor":45.0},{"not_picked":["Quick Slash","Dagger Spray+1","Backstab+1"],"picked":"SKIP","floor":46.0},{"not_picked":["Accuracy+1","Dash+1"],"picked":"Tools of the Trade","floor":49.0},{"not_picked":["Outmaneuver","Fluid Movement"],"picked":"Acrobatics+1","floor":51.0}],"player_experience":2215731,"relics_obtained":[{"floor":6.0,"key":"Torii"},{"floor":8.0,"key":"Mercury Hourglass"},{"floor":9.0,"key":"Meat on the Bone"},{"floor":24.0,"key":"Snake Skull"},{"floor":26.0,"key":"Art of War"},{"floor":31.0,"key":"Dream Catcher"},{"floor":41.0,"key":"Potion Belt"},{"floor":43.0,"key":"Ninja Scroll"}],"event_choices":[{"damage_healed":0.0,"max_hp_gain":5.0,"max_hp_loss":0.0,"gold_gain":0.0,"event_name":"Big Fish","player_choice":"Donut","floor":3.0,"gold_loss":0.0,"damage_taken":0.0},{"cards_removed":["Strike_G"],"damage_healed":0.0,"max_hp_gain":0.0,"max_hp_loss":0.0,"gold_gain":0.0,"event_name":"The Cleric","player_choice":"Card Removal","floor":5.0,"gold_loss":50.0,"damage_taken":0.0},{"damage_healed":0.0,"max_hp_gain":0.0,"max_hp_loss":0.0,"gold_gain":0.0,"event_name":"Golden Idol","player_choice":"Take Damage","floor":10.0,"gold_loss":0.0,"damage_taken":18.0,"relics_obtained":["Golden Idol"]},{"damage_healed":0.0,"max_hp_gain":0.0,"max_hp_loss":0.0,"gold_gain":0.0,"event_name":"Living Wall","player_choice":"Grow","floor":11.0,"gold_loss":0.0,"damage_taken":0.0,"cards_upgraded":["Venomology"]},{"cards_removed":["Venomology"],"damage_healed":0.0,"max_hp_gain":0.0,"max_hp_loss":0.0,"gold_gain":0.0,"event_name":"betterNote:BetterNote","player_choice":"Take \u0026 Give","floor":19.0,"gold_loss":0.0,"damage_taken":0.0,"cards_obtained":["Replay:BasicMightCard"]}],"is_beta":false,"boss_relics":[{"not_picked":["SlaversCollar","Runic Pyramid"],"picked":"Cursed Key"},{"not_picked":["Busted Crown","Snecko Eye"],"picked":"Philosopher\u0027s Stone"}],"items_purged_floors":[2,30],"is_endless":false,"potions_floor_spawned":[4,8,14,18,21,28,29,39,45,46],"ascension_level":1}}