{"host":"dcj2yvrgcvh5dl2s","time":1607631039,"event":{"mods":["BaseMod","Colored Powertips","Minty Spire (QoL Compilation)","Quick Restart","StSLib","Better Note","Rare Cards Sparkle"],"gold_per_floor":[117,117,117,133,153,184,184,62,62,77,102,102,28,53,53,53,53],"floor_reached":16,"playtime":2615,"items_purged":["Regret"],"score":184,"play_id":"dc112296-eab6-4043-b3df-71784a96fb0b","local_time":"20201211061039","is_ascension_mode":true,"campfire_choices":[{"data":"Whirlwind","floor":7,"key":"SMITH"},{"floor":12,"key":"REST"},{"floor":15,"key":"REST"}],"circlet_count":0,"master_deck":["Strike_R","Strike_R","Strike_R","Strike_R","Defend_R","Defend_R","Defend_R","Defend_R","Bash","Shrug It Off","Armaments","Infernal Blade","Whirlwind+1","Shrug It Off","Sword Boomerang","Flex","Thunderclap","Pummel"],"relics":["Burning Blood","NeowsBlessing","Darkstone Periapt","Gremlin Horn","Pear","Bronze Scales","Frozen Egg 2"],"acts_visited":["Exordium"],"potions_floor_usage":[11,16],"damage_taken":[{"damage":0,"enemies":"Small Slimes","floor":1,"turns":1},{"damage":0,"enemies":"2 Louse","floor":4,"turns":1},{"damage":0,"enemies":"Jaw Worm","floor":5,"turns":1},{"damage":50,"enemies":"Gremlin Nob","floor":6,"turns":5},{"damage":0,"enemies":"3 Louse","floor":10,"turns":1},{"damage":35,"enemies":"Lagavulin","floor":11,"turns":8},{"damage":36,"enemies":"Gremlin Nob","floor":14,"turns":3},{"damage":57,"enemies":"Hexaghost","floor":16,"turns":10}],"seed_played":"-2117859240304970362","potions_obtained":[{"floor":5,"key":"SkillPotion"},{"floor":11,"key":"Swift Potion"},{"floor":14,"key":"ColorlessPotion"}],"is_trial":false,"path_per_floor":["M","?","?","M","M","E","R","$","T","M","E","R","$","E","R","B"],"character_chosen":"IRONCLAD","items_purchased":["Shrug It Off","Flex","Thunderclap"],"campfire_rested":2,"item_purchase_floors":[8,13,13],"current_hp_per_floor":[78,71,77,83,86,42,42,42,52,58,29,57,57,27,55,0,0],"gold":53,"neow_bonus":"THREE_ENEMY_KILL","is_daily":false,"chose_seed":false,"campfire_upgraded":1,"win_rate":0,"timestamp":1607631039,"path_taken":["M","?","?","M","M","E","R","$","T","?","E","R","$","E","R","BOSS"],"build_version":"2020-11-30","purchased_purges":1,"victory":false,"max_hp_per_floor":[80,80,86,86,86,86,86,86,96,96,96,96,96,96,96,96,96],"card_choices":[{"not_picked":["Cleave","Metallicize"],"picked":"Shrug It Off","floor":1},{"not_picked":["Spot Weakness","Reckless Charge"],"picked":"Armaments","floor":4},{"not_picked":["Bloodletting","Cleave"],"picked":"Infernal Blade","floor":5},{"not_picked":["Cleave","Warcry"],"picked":"Whirlwind","floor":6},{"not_picked":["Clash","Wild Strike"],"picked":"Sword Boomerang","floor":10},{"not_picked":["Immolate","Spot Weakness","Clothesline"],"picked":"SKIP","floor":11},{"not_picked":["Headbutt","Twin Strike"],"picked":"Pummel","floor":14}],"player_experience":1947973,"relics_obtained":[{"floor":6,"key":"Gremlin Horn"},{"floor":9,"key":"Pear"},{"floor":11,"key":"Bronze Scales"},{"floor":14,"key":"Frozen Egg 2"}],"event_choices":[{"cards_removed":["Strike_R"],"damage_healed":0,"gold_gain":0,"player_choice":"Card Removal","damage_taken":7,"max_hp_gain":0,"max_hp_loss":0,"event_name":"Golden Wing","floor":2,"gold_loss":0},{"damage_healed":0,"gold_gain":0,"player_choice":"Box","damage_taken":0,"relics_obtained":["Darkstone Periapt"],"max_hp_gain":0,"max_hp_loss":0,"event_name":"Big Fish","floor":3,"gold_loss":0,"cards_obtained":["Regret"]}],"is_beta":false,"boss_relics":[],"items_purged_floors":[8],"is_endless":false,"potions_floor_spawned":[5,11,14],"killed_by":"Hexaghost","ascension_level":7}}