{"host":"7dtjrvqh4jncvsue","time":1607571640,"event":{"gold_per_floor":[118,132,132,149,26,58,75,75,100,100,50,65,65,79,79,179,179,195,208,208,2,16,16,16],"floor_reached":23,"playtime":1539,"items_purged":["Strike_G","Strike_G","Strike_G"],"score":203,"play_id":"bc02fad4-fac1-402d-9a32-993773c5a19e","local_time":"20201209224040","is_ascension_mode":true,"campfire_choices":[{"data":"Poisoned Stab","floor":8,"key":"SMITH"},{"data":"Catalyst","floor":10,"key":"SMITH"},{"data":"Bouncing Flask","floor":13,"key":"SMITH"},{"data":"Night Terror","floor":15,"key":"SMITH"}],"neow_cost":"NONE","seed_source_timestamp":303588070773114,"circlet_count":0,"master_deck":["Strike_G","Strike_G","Defend_G","Defend_G","Defend_G","Defend_G","Defend_G","Survivor","Neutralize","Poisoned Stab+1","Bouncing Flask+1","Poisoned Stab","Catalyst+1","Backstab","Night Terror+1","After Image","Poisoned Stab+1"],"relics":["Philosopher\u0027s Stone","Smiling Mask","Sozu","GremlinMask","Vajra"],"potions_floor_usage":[6,16,19],"damage_taken":[{"damage":0,"enemies":"Jaw Worm","floor":1,"turns":5},{"damage":0,"enemies":"Cultist","floor":2,"turns":4},{"damage":0,"enemies":"2 Louse","floor":4,"turns":2},{"damage":9,"enemies":"3 Sentries","floor":6,"turns":12},{"damage":4,"enemies":"Exordium Thugs","floor":7,"turns":4},{"damage":0,"enemies":"Exordium Wildlife","floor":12,"turns":4},{"damage":0,"enemies":"Looter","floor":14,"turns":2},{"damage":2,"enemies":"Slime Boss","floor":16,"turns":7},{"damage":9,"enemies":"Shell Parasite","floor":18,"turns":4},{"damage":18,"enemies":"2 Thieves","floor":19,"turns":3},{"damage":27,"enemies":"Centurion and Healer","floor":22,"turns":5},{"damage":30,"enemies":"Book of Stabbing","floor":23,"turns":3}],"seed_played":"8843106989869516925","potions_obtained":[{"floor":1,"key":"BlessingOfTheForge"},{"floor":4,"key":"LiquidMemories"},{"floor":7,"key":"Fire Potion"},{"floor":16,"key":"Explosive Potion"}],"is_trial":false,"path_per_floor":["M","M","?","M","$","E","M","R","T","R","$","M","R","M","R","B",null,"M","M","?","$","M","E"],"character_chosen":"THE_SILENT","items_purchased":["Poisoned Stab","Vajra"],"campfire_rested":0,"item_purchase_floors":[5,21],"current_hp_per_floor":[70,70,70,70,70,61,57,57,57,57,57,57,57,57,57,55,70,61,43,43,43,16,0,0],"gold":16,"neow_bonus":"BOSS_RELIC","is_prod":false,"is_daily":false,"chose_seed":false,"campfire_upgraded":4,"win_rate":0,"timestamp":1607571640,"path_taken":["M","M","?","M","$","E","M","R","T","R","$","M","R","M","R","BOSS","M","M","?","$","M","E"],"build_version":"2020-11-30","purchased_purges":3,"victory":false,"max_hp_per_floor":[70,70,70,70,70,70,70,70,70,70,70,70,70,70,70,70,70,70,70,70,70,70,70,70],"card_choices":[{"not_picked":["Dash","Outmaneuver"],"picked":"Poisoned Stab","floor":1},{"not_picked":["Slice","Accuracy"],"picked":"Bouncing Flask","floor":2},{"not_picked":["Calculated Gamble","Prepared","Masterful Stab"],"picked":"SKIP","floor":4},{"not_picked":["Outmaneuver","Dagger Spray"],"picked":"Catalyst","floor":6},{"not_picked":["Dagger Spray","Poisoned Stab"],"picked":"Backstab","floor":7},{"not_picked":["Heel Hook","Flechettes","Choke"],"picked":"SKIP","floor":12},{"not_picked":["Dagger Throw","PiercingWail"],"picked":"Night Terror","floor":14},{"not_picked":["Die Die Die","Venomology"],"picked":"After Image","floor":16},{"not_picked":["Riddle With Holes","Cloak And Dagger","Leg Sweep"],"picked":"SKIP","floor":18},{"not_picked":["Poisoned Stab","Bane","Backflip"],"picked":"SKIP","floor":19},{"not_picked":["Cloak And Dagger+1","Dagger Throw"],"picked":"Poisoned Stab+1","floor":22}],"player_experience":229078,"relics_obtained":[{"floor":6,"key":"Smiling Mask"}],"event_choices":[{"damage_healed":0,"gold_gain":0,"player_choice":"Ignored","damage_taken":0,"max_hp_gain":0,"max_hp_loss":0,"event_name":"Liars Game","floor":3,"gold_loss":0},{"damage_healed":0,"gold_gain":0,"player_choice":"Trade","damage_taken":0,"relics_obtained":["GremlinMask"],"max_hp_gain":0,"max_hp_loss":0,"event_name":"FaceTrader","floor":20,"gold_loss":0}],"is_beta":false,"boss_relics":[{"not_picked":["SlaversCollar","SacredBark"],"picked":"Sozu"}],"items_purged_floors":[5,11,21],"is_endless":false,"potions_floor_spawned":[1,4,7,16,19],"killed_by":"Book of Stabbing","ascension_level":1}}