{"host":"c2uqqd95064gpl63","time":1607626639,"event":{"mods":["BaseMod","StSLib","Bard","Quick Restart","The Exalted","The Trickster","Minty Spire (QoL Compilation)","The Cursed","Melee Mod","Better Match","Downfall","Better Third Choice","Better Skull","Act Like it!","Elementarium","Menagerie","The Dragon Tamer","Luminous","Robot Space Explorer"],"gold_per_floor":[119,119,97,115,290,290,290],"floor_reached":6,"playtime":433,"items_purged":[],"score":34,"play_id":"ebc12ce6-6f06-4650-9fcd-08b5bca277b0","local_time":"20201210105719","is_ascension_mode":false,"campfire_choices":[],"circlet_count":0,"master_deck":["RobotSpaceExplorer:Strike","RobotSpaceExplorer:Strike","RobotSpaceExplorer:Strike","RobotSpaceExplorer:Strike","RobotSpaceExplorer:Defend","RobotSpaceExplorer:Defend","RobotSpaceExplorer:Defend","RobotSpaceExplorer:Defend","RobotSpaceExplorer:Scan","RobotSpaceExplorer:MiniLasers","RobotSpaceExplorer:ScrapMissile","RobotSpaceExplorer:DoubleFind","Doubt"],"relics":["RobotSpaceExplorer:RoboCore","Anchor","betterThird:SlimedRelic"],"acts_visited":["Exordium"],"potions_floor_usage":[6],"damage_taken":[{"damage":0,"enemies":"Small Slimes","floor":1,"turns":4},{"damage":2,"enemies":"2 Louse","floor":4,"turns":4},{"damage":69,"enemies":"Lagavulin","floor":6,"turns":20}],"seed_played":"-3588752545892737759","potions_obtained":[{"floor":4,"key":"Ancient Potion"}],"is_trial":false,"path_per_floor":["M","?","?","M","?","E"],"character_chosen":"RobotSpaceExplorer","items_purchased":[],"campfire_rested":0,"item_purchase_floors":[],"current_hp_per_floor":[82,75,64,62,62,0,0],"gold":290,"neow_bonus":"TEN_PERCENT_HP_BONUS","is_daily":false,"chose_seed":false,"campfire_upgraded":0,"win_rate":0.0,"timestamp":1607626639,"path_taken":["M","?","?","M","?","E"],"build_version":"2020-11-30","purchased_purges":0,"victory":false,"max_hp_per_floor":[82,82,82,82,82,82,82],"card_choices":[{"not_picked":["RobotSpaceExplorer:Counterblock","RobotSpaceExplorer:JunkDive"],"picked":"RobotSpaceExplorer:ScrapMissile","floor":1},{"not_picked":["RobotSpaceExplorer:PowerGlove","RobotSpaceExplorer:FreezeRay"],"picked":"RobotSpaceExplorer:DoubleFind","floor":4}],"player_experience":692749,"relics_obtained":[],"event_choices":[{"damage_healed":0,"gold_gain":0,"player_choice":"Relic ","damage_taken":7,"max_hp_gain":0,"max_hp_loss":0,"event_name":"betterThird:BetterScrap","floor":2,"gold_loss":0,"cards_obtained":["Aggregate"]},{"damage_healed":0,"gold_gain":0,"player_choice":"Slimed","damage_taken":11,"max_hp_gain":0,"max_hp_loss":0,"event_name":"betterThird:BetterGoop","floor":3,"gold_loss":22},{"damage_healed":0,"gold_gain":175,"player_choice":"AGREE","damage_taken":115,"max_hp_gain":0,"max_hp_loss":0,"event_name":"betterThird:BetterSerpent","floor":5,"gold_loss":0}],"is_beta":false,"boss_relics":[],"items_purged_floors":[],"is_endless":false,"potions_floor_spawned":[4],"killed_by":"Lagavulin","ascension_level":0}}