{"host":"ocllwaoi18j60ltd","time":1607614649,"event":{"mods":["BaseMod","Quick Restart","StSLib","SuperFastMode","DeckTracker","Permanent Neow","Minty Spire (QoL Compilation)"],"gold_per_floor":[111,126,143,143,143,175,175,206,206,161,188,200,225,255,267,352,364,390,274,274,284,304,304,304,9,32,32,65,82,48,61,61,138,138,156,168,30,47,47,75,75,75,75],"floor_reached":42,"playtime":1402,"items_purged":["Strike_B","Strike_B"],"score":932,"play_id":"5008cb8d-d346-447f-9449-c7455217bb4c","local_time":"20201211003729","is_ascension_mode":true,"campfire_choices":[{"data":"Buffer","floor":7.0,"key":"SMITH"},{"floor":12.0,"key":"REST"},{"data":"Go for the Eyes","floor":15.0,"key":"SMITH"},{"floor":23.0,"key":"REST"},{"data":"Apotheosis","floor":27.0,"key":"SMITH"},{"data":"Double Energy","floor":32.0,"key":"SMITH"},{"floor":41.0,"key":"REST"}],"circlet_count":0,"master_deck":["AscendersBane","Defend_B","Defend_B","Defend_B","Defend_B","Zap","Dualcast","Buffer+1","Ball Lightning","Double Energy+1","Tempest","Ball Lightning","Static Discharge","Go for the Eyes+1","FTL","Genetic Algorithm","Biased Cognition","Apotheosis+1","Glacier","Turbo","Defragment","Core Surge","Capacitor+1"],"special_seed":0,"relics":["Cracked Core","Anchor","Dead Branch","Bag of Marbles","Sundial","MawBank","SacredBark","Lantern","Nunchaku","The Courier","Empty Cage","Toy Ornithopter","Unceasing Top"],"acts_visited":["Exordium","TheCity","TheBeyond"],"potions_floor_usage":[42],"damage_taken":[{"damage":1.0,"enemies":"2 Louse","floor":1.0,"turns":3.0},{"damage":8.0,"enemies":"Small Slimes","floor":2.0,"turns":3.0},{"damage":0.0,"enemies":"Jaw Worm","floor":3.0,"turns":3.0},{"damage":15.0,"enemies":"Lagavulin","floor":6.0,"turns":5.0},{"damage":6.0,"enemies":"Gremlin Nob","floor":8.0,"turns":4.0},{"damage":10.0,"enemies":"3 Sentries","floor":11.0,"turns":6.0},{"damage":0.0,"enemies":"3 Louse","floor":13.0,"turns":2.0},{"damage":3.0,"enemies":"Large Slime","floor":14.0,"turns":4.0},{"damage":18.0,"enemies":"Slime Boss","floor":16.0,"turns":10.0},{"damage":6.0,"enemies":"3 Byrds","floor":18.0,"turns":3.0},{"damage":12.0,"enemies":"Chosen","floor":21.0,"turns":4.0},{"damage":18.0,"enemies":"Centurion and Healer","floor":22.0,"turns":4.0},{"damage":8.0,"enemies":"Gremlin Leader","floor":28.0,"turns":5.0},{"damage":0.0,"enemies":"Snecko","floor":29.0,"turns":7.0},{"damage":0.0,"enemies":"Chosen and Byrds","floor":31.0,"turns":7.0},{"damage":40.0,"enemies":"Champ","floor":33.0,"turns":10.0},{"damage":39.0,"enemies":"3 Darklings","floor":35.0,"turns":5.0},{"damage":7.0,"enemies":"3 Shapes","floor":36.0,"turns":4.0},{"damage":21.0,"enemies":"Spire Growth","floor":38.0,"turns":7.0},{"damage":15.0,"enemies":"Reptomancer","floor":40.0,"turns":7.0},{"damage":57,"enemies":"Nemesis","floor":42,"turns":7}],"seed_played":"-3693118040629458482","potions_obtained":[{"floor":2.0,"key":"LiquidMemories"},{"floor":3.0,"key":"SkillPotion"},{"floor":13.0,"key":"Fruit Juice"},{"floor":14.0,"key":"DuplicationPotion"},{"floor":28.0,"key":"FairyPotion"},{"floor":36.0,"key":"BlessingOfTheForge"},{"floor":38.0,"key":"ColorlessPotion"}],"is_trial":false,"path_per_floor":["M","M","M","?","?","E","R","E","T","?","E","R","M","M","R","B",null,"M","$","?","M","M","R","?","$","T","R","E","M","$","M","R","B",null,"M","M","$","M","?","E","R","E"],"character_chosen":"DEFECT","items_purchased":["FocusPotion","Apotheosis","Defragment","Toy Ornithopter"],"campfire_rested":3,"item_purchase_floors":[19,25,30,37],"current_hp_per_floor":[63,55,55,55,50,35,35,29,29,29,19,40,45,42,42,24,63,57,57,57,45,27,49,49,49,49,49,41,41,41,41,41,1,57,18,11,11,39,39,29,51,0,0],"gold":75,"neow_bonus":"ONE_RANDOM_RARE_CARD","is_daily":false,"chose_seed":false,"campfire_upgraded":4,"win_rate":0,"timestamp":1607614649,"path_taken":["M","M","M","?","?","E","R","E","T","?","E","R","M","M","R","BOSS","M","$","?","M","M","R","?","$","T","R","E","M","?","M","R","BOSS","M","M","$","M","?","E","R","E"],"build_version":"2020-11-30","purchased_purges":2,"victory":false,"max_hp_per_floor":[71,71,71,71,71,71,71,71,71,71,71,71,76,76,76,76,76,76,76,76,76,76,76,76,76,76,76,76,76,76,76,76,76,76,76,76,76,76,76,76,76,76,76],"card_choices":[{"not_picked":["Streamline","Cold Snap"],"picked":"Ball Lightning","floor":1.0},{"not_picked":["Compile Driver","Ball Lightning"],"picked":"Double Energy","floor":2.0},{"not_picked":["Double Energy","Beam Cell"],"picked":"Tempest","floor":3.0},{"not_picked":["Beam Cell","Leap"],"picked":"Static Discharge","floor":6.0},{"not_picked":["Scrape","Hologram"],"picked":"Go for the Eyes","floor":8.0},{"not_picked":["Hologram","Hyperbeam"],"picked":"FTL","floor":11.0},{"not_picked":["Cold Snap","Sunder"],"picked":"Genetic Algorithm","floor":13.0},{"not_picked":["Rebound","Barrage","Go for the Eyes"],"picked":"SKIP","floor":14.0},{"not_picked":["Core Surge","All For One"],"picked":"Biased Cognition","floor":16.0},{"not_picked":["Streamline","Force Field+1","Redo"],"picked":"SKIP","floor":18.0},{"not_picked":["Darkness","Hologram","Leap"],"picked":"SKIP","floor":21.0},{"not_picked":["Redo","Rebound","Compile Driver"],"picked":"SKIP","floor":22.0},{"not_picked":["Steam","Ball Lightning"],"picked":"Glacier","floor":28.0},{"not_picked":["Hello World","Sweeping Beam"],"picked":"Turbo","floor":29.0},{"not_picked":["Turbo","Beam Cell","Rip and Tear"],"picked":"SKIP","floor":31.0},{"not_picked":["Turbo","Beam Cell","Rip and Tear"],"picked":"SKIP","floor":31.0},{"not_picked":["Electrodynamics","Fission"],"picked":"Core Surge","floor":33.0},{"not_picked":["Ball Lightning","Streamline","Turbo+1"],"picked":"SKIP","floor":35.0},{"not_picked":["Steam","Sunder","Turbo+1"],"picked":"SKIP","floor":36.0},{"not_picked":["Cold Snap","Turbo","Rip and Tear+1"],"picked":"SKIP","floor":38.0},{"not_picked":["Redo+1","Barrage"],"picked":"Capacitor+1","floor":40.0}],"player_experience":817864,"relics_obtained":[{"floor":6.0,"key":"Dead Branch"},{"floor":8.0,"key":"Bag of Marbles"},{"floor":9.0,"key":"Sundial"},{"floor":11.0,"key":"MawBank"},{"floor":26.0,"key":"Nunchaku"},{"floor":28.0,"key":"The Courier"},{"floor":40.0,"key":"Unceasing Top"}],"event_choices":[{"damage_healed":0.0,"max_hp_gain":0.0,"max_hp_loss":0.0,"gold_gain":0.0,"cards_transformed":["Strike_B"],"event_name":"Living Wall","player_choice":"Change","floor":4.0,"gold_loss":0.0,"damage_taken":0.0,"cards_obtained":["Ball Lightning"]},{"damage_healed":0.0,"max_hp_gain":0.0,"max_hp_loss":0.0,"gold_gain":0.0,"event_name":"Scrap Ooze","player_choice":"Success","floor":5.0,"gold_loss":0.0,"damage_taken":5.0,"relics_obtained":["Anchor"]},{"damage_healed":0.0,"max_hp_gain":0.0,"max_hp_loss":0.0,"gold_gain":0.0,"event_name":"World of Goop","player_choice":"Left Gold","floor":10.0,"gold_loss":45.0,"damage_taken":0.0},{"damage_healed":0.0,"max_hp_gain":0.0,"max_hp_loss":0.0,"gold_gain":0.0,"event_name":"The Mausoleum","player_choice":"Opened","floor":20.0,"gold_loss":0.0,"damage_taken":0.0,"relics_obtained":["Lantern"],"cards_obtained":["Writhe"]},{"damage_healed":0.0,"max_hp_gain":0.0,"max_hp_loss":0.0,"gold_gain":0.0,"event_name":"Ghosts","player_choice":"Ignored","floor":24.0,"gold_loss":0.0,"damage_taken":0.0},{"damage_healed":0.0,"max_hp_gain":0.0,"max_hp_loss":0.0,"gold_gain":0.0,"event_name":"Mysterious Sphere","player_choice":"Ignored","floor":39.0,"gold_loss":0.0,"damage_taken":0.0}],"is_beta":false,"boss_relics":[{"not_picked":["Runic Dome","Cursed Key"],"picked":"SacredBark"},{"not_picked":["Philosopher\u0027s Stone","Inserter"],"picked":"Empty Cage"}],"items_purged_floors":[19,25],"is_endless":false,"potions_floor_spawned":[2,3,13,14,21,28,29,36,38],"killed_by":"Nemesis","ascension_level":20}}