{"host":"dfbnut35xpj0zllb","time":1607632047,"event":{"mods":["BaseMod","StSLib","Act Like it!","Colored Map","Hermit","Highlight Path","Jorbs\u0027s Wanderer Trilogy","Minty Spire (QoL Compilation)","Relic Stats","The Bug Knight","The Construct","The Cursed","The Mystic","The Jungle","Bard","Beaked The Cultist","Glutton Mod","Mad Scientist","Marisa????????","The Servant 0.9.4","The Witch","Wandering Minibosses","Hallownest"],"gold_per_floor":[113,188,208,3,22,54,73,73,73,100,112,126,137,150,150,253,253,263,278,10,27,39,65,65,78,78,78,97,97,111,138,138,236,236,254,271,287,0,10,26,61,61,84,59,75,0,16,31,31,130],"floor_reached":51,"playtime":6737,"items_purged":["Strike_R","Strike_R","Strike_R","Strike_R"],"score":816,"play_id":"3815098a-aaef-4d49-9555-f8b0b4935798","local_time":"20201210122727","is_ascension_mode":false,"campfire_choices":[{"floor":15.0,"key":"REST"},{"data":"Armaments","floor":24,"key":"SMITH"},{"data":"Armaments","floor":27,"key":"SMITH"},{"data":"Barricade","floor":32,"key":"SMITH"},{"data":"Berserk","floor":42,"key":"SMITH"},{"data":"Demon Form","floor":49,"key":"SMITH"}],"circlet_count":0,"master_deck":["Strike_R","Defend_R","Defend_R","Defend_R","Defend_R","Bash","Twin Strike","Barricade+1","Armaments+1","Enlightenment","Clothesline","Inflame","Sever Soul","Cleave","Metallicize","Infernal Blade","Battle Trance","Armaments+1","Ghostly Armor","Bludgeon","True Grit+1","Flame Barrier","The Bomb","Pummel+1","Body Slam","Anger","Body Slam+1","Battle Trance","Cleave","Shrug It Off","Demon Form+1","Iron Wave+1","Dual Wield","Pommel Strike","Power Through+1","Shrug It Off","Berserk+1","Armaments+1","Demon Form"],"special_seed":0,"relics":["Burning Blood","Oddly Smooth Stone","Blood Vial","Bottled Lightning","Coffee Dripper","HollowMod:LifeEnderRelic","Eternal Feather","StoneCalendar","Lantern","construct:WeddingRing","wanderingMiniBosses:CarrionFlame","Membership Card","Anchor","HornCleat","Bag of Marbles"],"acts_visited":["Exordium","Hallownest:KingdomsEdge"],"potions_floor_usage":[19,23,33,47],"damage_taken":[{"damage":0.0,"enemies":"Cultist","floor":1.0,"turns":4.0},{"damage":0.0,"enemies":"Small Slimes","floor":3.0,"turns":4.0},{"damage":4.0,"enemies":"2 Louse","floor":5.0,"turns":4.0},{"damage":28.0,"enemies":"Gremlin Nob","floor":6.0,"turns":5.0},{"damage":4.0,"enemies":"Blue Slaver","floor":7.0,"turns":8.0},{"damage":39.0,"enemies":"3 Sentries","floor":10.0,"turns":9.0},{"damage":23.0,"enemies":"Gremlin Gang","floor":11.0,"turns":7.0},{"damage":23.0,"enemies":"3 Louse","floor":12.0,"turns":7.0},{"damage":10.0,"enemies":"2 Fungi Beasts","floor":13.0,"turns":3.0},{"damage":0.0,"enemies":"Large Slime","floor":14.0,"turns":6.0},{"damage":20.0,"enemies":"The Guardian","floor":16.0,"turns":15.0},{"damage":0,"enemies":"theJungle:5_Spyders","floor":18,"turns":6},{"damage":8,"enemies":"theJungle:MUSHROOMGANG","floor":19,"turns":8},{"damage":19,"enemies":"theJungle:2_Snecko_Cultists","floor":21,"turns":6},{"damage":34,"enemies":"theJungle:Snecko_Cultist_And_Trap","floor":22,"turns":6},{"damage":0,"enemies":"theJungle:MamaSnecko","floor":23,"turns":8},{"damage":9,"enemies":"theJungle:SlimyTreeVines","floor":25,"turns":7},{"damage":1,"enemies":"theJungle:Lyon","floor":28,"turns":5},{"damage":0,"enemies":"theJungle:2_Flameangoes","floor":30,"turns":6},{"damage":15,"enemies":"theJungle:2_Phrogs","floor":31,"turns":7},{"damage":73,"enemies":"theJungle:TotemBoss","floor":33,"turns":8},{"damage":0,"enemies":"Hallownest:Shield_Heavy","floor":35,"turns":4},{"damage":28,"enemies":"Hallownest:2_Littles","floor":36,"turns":6},{"damage":28,"enemies":"Hallownest:monsterPrimalAspid","floor":37,"turns":6},{"damage":4,"enemies":"Hallownest:2_Wandering_and_1_Horned","floor":39,"turns":6},{"damage":0,"enemies":"Hallownest:2_Soldiers_and_1_Guardian","floor":40,"turns":4},{"damage":15,"enemies":"Hallownest:eliteCollector","floor":41,"turns":11},{"damage":0,"enemies":"Hallownest:monsterPrimalAspid","floor":45,"turns":4},{"damage":14,"enemies":"Hallownest:2_Wandering_and_1_Horned","floor":47,"turns":8},{"damage":1,"enemies":"Hallownest:2_Wing_and_1_Kings","floor":48,"turns":6},{"damage":0,"enemies":"Hallownest:BossHollowKnight","floor":50,"turns":12}],"seed_played":"-2290145556868313972","potions_obtained":[{"floor":5.0,"key":"EssenceOfSteel"},{"floor":7.0,"key":"BloodPotion"},{"floor":10.0,"key":"AttackPotion"},{"floor":12.0,"key":"ColorlessPotion"},{"floor":14.0,"key":"Energy Potion"},{"floor":18,"key":"HeartOfIron"},{"floor":22,"key":"construct:ShiftPotion"},{"floor":25,"key":"Block Potion"},{"floor":30,"key":"SneckoOil"},{"floor":31,"key":"SteroidPotion"},{"floor":36,"key":"PowerPotion"},{"floor":47,"key":"Explosive Potion"}],"is_trial":false,"path_per_floor":["M","?","M","$","M","E","M","?","T","E","M","M","M","M","R","B",null,"M","M","$","M","M","E","R","M","T","R","M","?","M","E","R","B",null,"M","M","M","$","M","M","E","R","T","?","M","$","M","M","R","B",null],"character_chosen":"IRONCLAD","items_purchased":["Armaments","Enlightenment","The Bomb","Membership Card","Anchor"],"campfire_rested":1,"item_purchase_floors":[4,4,20,38,38],"current_hp_per_floor":[88,77,83,83,85,63,65,65,65,34,19,21,19,27,53,41,88,88,86,86,75,49,57,57,62,62,77,84,84,88,79,88,21,88,88,66,46,46,50,58,51,72,72,72,80,80,74,81,88,88],"gold":130,"neow_bonus":"TEN_PERCENT_HP_BONUS","is_daily":false,"chose_seed":false,"campfire_upgraded":5,"win_rate":0.0,"timestamp":1607632047,"path_taken":["M","?","M","$","M","E","M","?","T","E","M","M","M","M","R","BOSS","M","M","$","M","M","E","R","M","T","R","M","?","M","E","R","BOSS","M","M","M","$","M","?","E","R","T","?","M","?","M","M","R","BOSS"],"build_version":"2020-11-30","purchased_purges":4,"victory":true,"max_hp_per_floor":[88,88,88,88,88,88,88,88,88,88,88,88,88,88,88,88,88,88,88,88,88,88,88,88,88,88,88,88,88,88,88,88,88,88,88,88,88,88,88,88,88,88,88,88,88,88,88,88,88,88],"relic_stats":{"Blood Vial":38,"counters":[31,206],"Eternal Feather":52,"StoneCalendar":[187],"obtain_stats":[{"Lantern":31,"HollowMod:LifeEnderRelic":23,"construct:WeddingRing":34,"Oddly Smooth Stone":6,"Eternal Feather":26,"StoneCalendar":29,"Burning Blood":0,"Blood Vial":9,"Anchor":38,"HornCleat":41,"wanderingMiniBosses:CarrionFlame":36,"Coffee Dripper":17,"Bag of Marbles":43,"Bottled Lightning":10,"Membership Card":38},{"Lantern":20,"HollowMod:LifeEnderRelic":16,"construct:WeddingRing":21,"Oddly Smooth Stone":4,"Eternal Feather":17,"StoneCalendar":18,"Burning Blood":0,"Blood Vial":5,"Anchor":24,"HornCleat":27,"wanderingMiniBosses:CarrionFlame":23,"Coffee Dripper":11,"Bag of Marbles":27,"Bottled Lightning":6,"Membership Card":24},{"Lantern":131,"HollowMod:LifeEnderRelic":106,"construct:WeddingRing":139,"Oddly Smooth Stone":17,"Eternal Feather":113,"StoneCalendar":118,"Burning Blood":0,"Blood Vial":25,"Anchor":155,"HornCleat":176,"wanderingMiniBosses:CarrionFlame":149,"Coffee Dripper":72,"Bag of Marbles":176,"Bottled Lightning":34,"Membership Card":155}],"Burning Blood":158},"card_choices":[{"not_picked":["Body Slam","Warcry"],"picked":"Twin Strike","floor":1.0},{"not_picked":["Metallicize","Reckless Charge"],"picked":"Barricade","floor":3.0},{"not_picked":["Blood for Blood","Bloodletting"],"picked":"Clothesline","floor":5.0},{"not_picked":["Intimidate","Anger"],"picked":"Inflame","floor":6.0},{"not_picked":["Perfected Strike","Hemokinesis"],"picked":"Sever Soul","floor":7.0},{"not_picked":["Cleave","Iron Wave"],"picked":"Metallicize","floor":10.0},{"not_picked":["Burning Pact","Hemokinesis"],"picked":"Infernal Blade","floor":11.0},{"not_picked":["Headbutt","Body Slam"],"picked":"Battle Trance","floor":12.0},{"not_picked":["Combust","Hemokinesis"],"picked":"Armaments","floor":13.0},{"not_picked":["Perfected Strike","Whirlwind"],"picked":"Ghostly Armor","floor":14.0},{"not_picked":["Corruption","Barricade"],"picked":"Bludgeon","floor":16.0},{"not_picked":["Dark Embrace","Sword Boomerang"],"picked":"True Grit+1","floor":18},{"not_picked":["Twin Strike","True Grit"],"picked":"Flame Barrier","floor":19},{"not_picked":["Clash+1","Rage"],"picked":"Pummel+1","floor":21},{"not_picked":["Perfected Strike+1","Pommel Strike"],"picked":"Body Slam","floor":22},{"not_picked":["Perfected Strike","Flex"],"picked":"Anger","floor":23},{"not_picked":["Flex","Warcry"],"picked":"Body Slam+1","floor":25},{"not_picked":["Infernal Blade","Armaments+1"],"picked":"Battle Trance","floor":28},{"not_picked":["Corruption","Sword Boomerang"],"picked":"Cleave","floor":30},{"not_picked":["Body Slam","Clash"],"picked":"Shrug It Off","floor":31},{"not_picked":["Reaper","Berserk"],"picked":"Demon Form","floor":33},{"not_picked":["Flex","Armaments+1"],"picked":"Iron Wave+1","floor":35},{"not_picked":["Warcry","Battle Trance"],"picked":"Dual Wield","floor":36},{"not_picked":["Sword Boomerang+1","Offering"],"picked":"Pommel Strike","floor":37},{"not_picked":["Thunderclap+1","Inflame+1"],"picked":"Power Through+1","floor":39},{"not_picked":["Pommel Strike","Cleave"],"picked":"Shrug It Off","floor":40},{"not_picked":["Feel No Pain+1","Clash+1"],"picked":"Berserk","floor":41},{"not_picked":["Perfected Strike+1","Headbutt"],"picked":"Armaments+1","floor":45},{"not_picked":["Thunderclap+1","Infernal Blade","Inflame+1"],"picked":"SKIP","floor":47},{"not_picked":["Clash","Pummel+1","Anger"],"picked":"SKIP","floor":48},{"not_picked":["Brutality","Fiend Fire"],"picked":"Demon Form","floor":50}],"player_experience":2481,"relics_obtained":[{"floor":6.0,"key":"Oddly Smooth Stone"},{"floor":9.0,"key":"Blood Vial"},{"floor":10.0,"key":"Bottled Lightning"},{"floor":23,"key":"HollowMod:LifeEnderRelic"},{"floor":26,"key":"Eternal Feather"},{"floor":31,"key":"Lantern"},{"floor":36,"key":"wanderingMiniBosses:CarrionFlame"},{"floor":41,"key":"HornCleat"},{"floor":43,"key":"Bag of Marbles"}],"event_choices":[{"damage_healed":0.0,"max_hp_gain":0.0,"max_hp_loss":0.0,"gold_gain":75.0,"event_name":"World of Goop","player_choice":"Gather Gold","floor":2.0,"gold_loss":0.0,"damage_taken":11.0},{"damage_healed":0.0,"max_hp_gain":0.0,"max_hp_loss":0.0,"gold_gain":0.0,"event_name":"Match and Keep!","player_choice":"1 cards matched","floor":8.0,"gold_loss":0.0,"damage_taken":0.0,"cards_obtained":["Cleave"]},{"damage_healed":0,"gold_gain":0,"player_choice":"Gave Potion","damage_taken":0,"relics_obtained":["StoneCalendar"],"max_hp_gain":0,"max_hp_loss":0,"event_name":"WeMeetAgain","floor":29,"gold_loss":0}],"is_beta":false,"boss_relics":[{"not_picked":["Tiny House","Busted Crown"],"picked":"Coffee Dripper"},{"not_picked":["Velvet Choker","Empty Cage"],"picked":"construct:WeddingRing"}],"items_purged_floors":[4,20,38,46],"is_endless":false,"potions_floor_spawned":[5,7,10,12,14,18,22,25,30,31,36,39,41,47],"ascension_level":0}}