{"host":"2n2g1vowfllvjtvi","time":1607630069,"event":{"mods":["BaseMod","AchievementEnabler","Custom Start","GifTheSpireLib","Keyboard Shortcuts","Minty Spire (QoL Compilation)","Quick Restart","Rare Cards Sparkle","StSLib","SuperFastMode"],"gold_per_floor":[115,115,131,158,10,51,51,92,92,92,14,14,30,48,48,169,169,169,169],"floor_reached":18,"playtime":229,"items_purged":["Strike_G"],"score":270,"play_id":"5fdbf38a-bddf-4f40-8ed6-f074b304c815","local_time":"20201211045429","is_ascension_mode":true,"campfire_choices":[{"data":"Terror","floor":7,"key":"SMITH"},{"data":"Deadly Poison","floor":12,"key":"SMITH"},{"data":"Tactician","floor":15,"key":"SMITH"}],"circlet_count":0,"master_deck":["Survivor","Neutralize","Dagger Throw","Terror+1","Dagger Spray","Deadly Poison+1","Calculated Gamble","Tactician+1","Corpse Explosion","After Image","Prepared","Sucker Punch","Bane","Setup","Cloak And Dagger","Noxious Fumes","Deflect","Burst"],"special_seed":0,"relics":["Ring of the Snake","NeowsBlessing","Golden Idol","Bronze Scales","Gambling Chip","Dream Catcher","Boot","Mercury Hourglass","Pandora\u0027s Box"],"acts_visited":["Exordium","TheCity"],"potions_floor_usage":[16,16],"damage_taken":[{"damage":0,"enemies":"Small Slimes","floor":1,"turns":1},{"damage":0,"enemies":"Jaw Worm","floor":3,"turns":1},{"damage":0,"enemies":"Gremlin Nob","floor":6,"turns":1},{"damage":38,"enemies":"Lagavulin","floor":8,"turns":6},{"damage":0,"enemies":"2 Louse","floor":13,"turns":1},{"damage":0,"enemies":"Blue Slaver","floor":14,"turns":3},{"damage":1,"enemies":"Hexaghost","floor":16,"turns":5},{"damage":0,"enemies":"2 Thieves","floor":18,"turns":1}],"seed_played":"3967450695189312389","potions_obtained":[{"floor":1,"key":"Strength Potion"},{"floor":6,"key":"Strength Potion"}],"is_trial":false,"path_per_floor":["M","?","M","T","$","E","R","E","T","T","$","R","M","M","R","B",null,"M"],"character_chosen":"THE_SILENT","items_purchased":["Terror","Calculated Gamble"],"campfire_rested":0,"item_purchase_floors":[5,11],"current_hp_per_floor":[63,63,63,63,63,63,63,25,25,25,25,25,25,25,25,24,55,55,55],"gold":169,"neow_bonus":"THREE_ENEMY_KILL","is_daily":false,"chose_seed":false,"campfire_upgraded":3,"win_rate":0,"timestamp":1607630069,"path_taken":["M","?","M","?","$","E","R","E","T","?","?","R","M","M","R","BOSS","M"],"build_version":"2020-11-30","purchased_purges":1,"victory":false,"max_hp_per_floor":[70,65,65,65,65,65,65,65,65,65,65,65,65,65,65,65,65,65,65],"card_choices":[{"not_picked":["Concentrate","Reflex"],"picked":"Dagger Throw","floor":1},{"not_picked":["Deflect","Well Laid Plans","Flechettes"],"picked":"SKIP","floor":3},{"not_picked":["Flying Knee","Backflip"],"picked":"Dagger Spray","floor":6},{"not_picked":["Heel Hook","Bullet Time"],"picked":"Deadly Poison","floor":8},{"not_picked":["Bane","Outmaneuver"],"picked":"Tactician","floor":13},{"not_picked":["Cloak And Dagger","Sucker Punch","Outmaneuver"],"picked":"SKIP","floor":14},{"not_picked":["Wraith Form v2","Storm of Steel"],"picked":"Corpse Explosion","floor":16}],"player_experience":441290,"relics_obtained":[{"floor":4,"key":"Bronze Scales"},{"floor":6,"key":"Gambling Chip"},{"floor":8,"key":"Dream Catcher"},{"floor":9,"key":"Boot"},{"floor":10,"key":"Mercury Hourglass"}],"event_choices":[{"damage_healed":0,"gold_gain":0,"player_choice":"Lose Max HP","damage_taken":0,"relics_obtained":["Golden Idol"],"max_hp_gain":0,"max_hp_loss":5,"event_name":"Golden Idol","floor":2,"gold_loss":0}],"is_beta":false,"boss_relics":[{"not_picked":["Runic Pyramid","Ectoplasm"],"picked":"Pandora\u0027s Box"}],"items_purged_floors":[5],"is_endless":false,"potions_floor_spawned":[1,6],"killed_by":"2 Thieves","ascension_level":8}}