{"host":"l8lm1goh5xm9tkuw","time":1607609674,"event":{"mods":["BaseMod","StSLib","MostiFishMod","Act Like it!","Astrologer","Colored Map","Colored Powertips","Hermit","KomeijiMod","Lobotomy","LobotomyExtend","Marisa£¨ìFÓê¡¡Ä§ÀíÉ³£©","Minty Spire (QoL Compilation)","Quick Restart","Replay The Spire","TestMod","The Bug Knight","The Hierophant","UnlockEverythingMod","vexMod","Alarm Clock","KinomotoSakuraMod(Ä¾Ö®±¾Ó£)","¡¾ÒÅÎï¿¨ÅÆ¡¿REMEMod","GungeonMod","Shade Mod","The Animator","Yuri Mod","Library of Ruina","Library of Ruina Extra"],"gold_per_floor":[364,376,150,150,173,173,173,208,234,258,283,283,298,329,329,458,458,477,498,516,259,282,316,341,384,384,304,318,334,357,392,392,516,516,534,434,454,472,530,566,93,141,165,192,192,233,274,312,312,336,356,356,356,91,145,325],"floor_reached":57,"playtime":1652,"items_purged":["LightDefense","LightAttack","LightDefense","LightDefense","Dodge"],"score":2557,"play_id":"6f1b5b93-33e6-46f6-becd-70047c62927c","local_time":"20201210221434","is_ascension_mode":true,"campfire_choices":[{"floor":7.0,"key":"RECALL"},{"data":"DeepDrag","floor":15.0,"key":"SMITH"},{"data":"SmokingPipe","floor":49,"key":"SMITH"},{"data":"CleanUp","floor":53,"key":"SMITH"}],"circlet_count":0,"master_deck":["ChargeAndCover+1","FocusedStrikes","DeepDrag+1","LossOfSenses","SmokingPipe+1","Bvapour","AssaultOrder+1","DefenseOrder","RulesOfTheBackstreets","ShrineToMusic","DefenseOrder+1","SilentMist+1","GuidanceOfTheGears+1","CleanUp+1","GuidanceOfTheGears","Quickness+1"],"special_seed":0,"relics":["PageOfLibrarian","DaveBox","testmod-TestBox","REME_ComplimentaryCards","testmod-IWantAll","FeatherPendant","Question Card","LetterFromLob","SynthV","Golden Idol","DemoMod:GlassGuonStoneRelic","PageOfSingingMachine","Potion Belt","PreservedInsect","ImportantClient","PageOfBlackSwan","PageOfQueenBee","DemoMod:PoisonVial","vexMod:MemoryStick","testmod-Antiphasic","Whetstone","RhineSuit","Pen Nib","Juzu Bracelet","vexMod:FocusSash","vexMod:Spyglass","Replay:Bandana","DemoMod:Orange","Replay:Towering Pillar of Hats","vexMod:ScavengeHelm","testmod-IndustrialRevolution","PageOfUniverseFragment"],"acts_visited":["Exordium","TheCity","TheBeyond","TheEnding"],"potions_floor_usage":[46],"damage_taken":[{"damage":0.0,"enemies":"Cultist","floor":1.0,"turns":2.0},{"damage":0.0,"enemies":"Small Slimes","floor":2.0,"turns":2.0},{"damage":0.0,"enemies":"2 Louse","floor":5.0,"turns":2.0},{"damage":0.0,"enemies":"HollowMod:MossKnight","floor":8.0,"turns":5.0},{"damage":0.0,"enemies":"Blue Slaver","floor":10.0,"turns":2.0},{"damage":0.0,"enemies":"Large Slime","floor":11.0,"turns":1.0},{"damage":0.0,"enemies":"Exordium Thugs","floor":13.0,"turns":2.0},{"damage":0.0,"enemies":"Lagavulin","floor":14.0,"turns":2.0},{"damage":0.0,"enemies":"Slime Boss","floor":16.0,"turns":1.0},{"damage":0.0,"enemies":"Shell Parasite","floor":18.0,"turns":2.0},{"damage":0.0,"enemies":"3 Byrds","floor":19.0,"turns":2.0},{"damage":0.0,"enemies":"Snecko","floor":20.0,"turns":1.0},{"damage":0.0,"enemies":"Cultist and Chosen","floor":22.0,"turns":2.0},{"damage":0.0,"enemies":"Gremlin Leader","floor":23.0,"turns":1.0},{"damage":0.0,"enemies":"Snake Plant","floor":24.0,"turns":1.0},{"damage":0.0,"enemies":"Book of Stabbing","floor":25.0,"turns":2.0},{"damage":0,"enemies":"Shelled Parasite and Fungi","floor":28,"turns":2},{"damage":0,"enemies":"Sentry and Sphere","floor":29,"turns":2},{"damage":0,"enemies":"Centurion and Healer","floor":30,"turns":2},{"damage":0,"enemies":"Gremlin Leader","floor":31,"turns":2},{"damage":0,"enemies":"Automaton","floor":33,"turns":2},{"damage":0,"enemies":"3 Darklings","floor":35,"turns":2},{"damage":6,"enemies":"3 Shapes","floor":37,"turns":2},{"damage":0,"enemies":"Maw","floor":38,"turns":2},{"damage":0,"enemies":"Reptomancer","floor":40,"turns":2},{"damage":0,"enemies":"HollowMod:StalkingDevout","floor":42,"turns":2},{"damage":0,"enemies":"Sphere and 2 Shapes","floor":44,"turns":2},{"damage":6,"enemies":"Reptomancer","floor":46,"turns":1},{"damage":0,"enemies":"Transient","floor":47,"turns":3},{"damage":0,"enemies":"Maw","floor":48,"turns":2},{"damage":0,"enemies":"Awakened One","floor":50,"turns":3},{"damage":0,"enemies":"Awakened One","floor":51,"turns":1},{"damage":0,"enemies":"Shield and Spear","floor":55,"turns":1},{"damage":4,"enemies":"The Heart","floor":56,"turns":3}],"seed_played":"5334690567603933027","potions_obtained":[{"floor":11.0,"key":"Weak Potion"},{"floor":13.0,"key":"Ancient Potion"},{"floor":14.0,"key":"LiquidMemories"},{"floor":16.0,"key":"SpeedPotion"},{"floor":18.0,"key":"CalmPotion"},{"floor":22.0,"key":"Adrenaline Potion"},{"floor":24.0,"key":"Dexterity Potion"},{"floor":29,"key":"AttackPotion"},{"floor":47,"key":"testmod-EscapePotion"}],"is_trial":false,"path_per_floor":["M","M","$","?","M","E","R","E","T","M","M","?","M","E","R","B",null,"M","M","M","$","M","E","M","E","T","$","M","M","M","E","R_BF","B",null,"M","$","M","M","?","E","$","E","T","M","T","E","M","M","R","B",null,null,"R","$","E","B",null],"character_chosen":"Librarian","items_purchased":["SynthV","PageOfQueenBee","Bvapour","vexMod:FocusSash","vexMod:Spyglass","Replay:Bandana","testmod-IndustrialRevolution"],"campfire_rested":0,"item_purchase_floors":[3,21,21,41,41,41,54],"current_hp_per_floor":[39,39,39,20,20,79,79,79,79,79,79,79,79,79,79,79,79,79,79,79,79,79,79,79,79,79,79,79,79,79,79,79,79,79,79,79,73,73,42,42,42,54,54,54,54,48,52,52,52,58,58,83,83,83,83,89],"gold":325,"neow_bonus":"TWO_FIFTY_GOLD","is_daily":false,"chose_seed":false,"campfire_upgraded":3,"win_rate":0,"timestamp":1607609674,"path_taken":["M","?","$","?","M","E","R","E","T","M","M","?","M","E","R","BOSS","M","M","M","$","M","E","M","E","T","$","M","?","M","E","R_BF","BOSS","M","$","M","M","?","E","$","E","T","?","?","E","M","M","R","BOSS","R","$","E","BOSS"],"build_version":"2020-11-30","purchased_purges":5,"victory":true,"max_hp_per_floor":[79,79,79,79,79,79,79,79,79,79,79,79,79,79,79,79,79,79,79,79,79,79,79,79,79,79,79,79,79,79,79,79,79,79,79,79,79,79,79,79,79,91,91,91,91,91,91,91,91,91,91,91,91,91,91,91],"card_choices":[{"not_picked":["GuardingStance","Rewind","DesperateStruggle","BackstreetsDash"],"picked":"SKIP","floor":1.0},{"not_picked":["Standoff","SpearedSweep","GuardingStance","DesperateStruggle","DarkCloud"],"picked":"SKIP","floor":2.0},{"not_picked":["Leap_lor","RipSpace","WillOfThePrescript","IngredientHunt","TrimTheIngredients"],"picked":"SKIP","floor":5.0},{"not_picked":["SomberProcuration","ButterflySlash","ICanCookAnything","Eradication","Rewind"],"picked":"SKIP","floor":8.0},{"not_picked":["Multislash","Leap_lor","Standoff","SpearedSweep","BackstreetsDash"],"picked":"SKIP","floor":10.0},{"not_picked":["EndlessBattle","SkitterAway","SmokingPipe","Leap_lor"],"picked":"DeepDrag","floor":11.0},{"not_picked":["SunsetBlade","SpearedSweep","SharpSwipe","HandleRequest"],"picked":"SmokingPipe","floor":13.0},{"not_picked":["WillOfThePrescript","DarkCloud","FlyingSword","SunsetBlade","Unlock1"],"picked":"SKIP","floor":14.0},{"not_picked":["UnforgettableMelody","DarkCloud+1","Wallop_lor","NightInTheBackstreets","HandleRequest+1"],"picked":"SKIP","floor":18.0},{"not_picked":["Thirst","FleetFootsteps","Thrust+1","Wallop_lor","PreparedMind"],"picked":"SKIP","floor":19.0},{"not_picked":["DarkCloud","NightInTheBackstreets+1","SunsetBlade+1","ShockingBlow","Faith"],"picked":"SKIP","floor":20.0},{"not_picked":["Parry","Multislash","GuidanceOfTheGears+1","Quickness"],"picked":"AssaultOrder","floor":22.0},{"not_picked":["DarkCloud","Suppress","SetFire+1","FierceCharge","Parry"],"picked":"SKIP","floor":23.0},{"not_picked":["Riposte","Faith","PreemptiveStrike","Fence+1","Thrust"],"picked":"SKIP","floor":24.0},{"not_picked":["Multislash","PreemptiveStrike","TasteMyFlamingBat","HandlingWork","WillOfThePrescript"],"picked":"SKIP","floor":25.0},{"not_picked":["SunsetBlade","HandleRequest","ToWhereThePrescriptPoints+1","CrackOfDawn","Multislash"],"picked":"SKIP","floor":28},{"not_picked":["Quickness","NightInTheBackstreets+1","FleetFootsteps","DarkCloud"],"picked":"DefenseOrder","floor":29},{"not_picked":["ICanCookAnything","Brawl","FierceCharge","Wallop_lor+1","LawAndOrder"],"picked":"SKIP","floor":30},{"not_picked":["HandleRequest","CumulusWall","Multislash+1","ButterflySlash"],"picked":"RulesOfTheBackstreets","floor":31},{"not_picked":["Unlock1+1","Quickness+1","Wallop_lor","PreemptiveStrike"],"picked":"DefenseOrder+1","floor":35},{"not_picked":["Quickness","FlashOfSunup","DarkCloud","Fence+1","YourShield"],"picked":"SKIP","floor":37},{"not_picked":["Quickness","Thrust+1","PreemptiveStrike","WillOfThePrescript"],"picked":"SilentMist+1","floor":38},{"not_picked":["ButterflySlash+1","FierceCharge+1","Quickness","HandlingWork+1"],"picked":"GuidanceOfTheGears+1","floor":39},{"not_picked":["LoosenUp","PreemptiveStrike","SunsetBlade+1","ScratchThat","HandleRequest+1"],"picked":"SKIP","floor":40},{"not_picked":["Multislash","ReadyUp","Faith+1","SharpenedBlade"],"picked":"CleanUp","floor":42},{"not_picked":["WillOfThePrescript","Guardian_lor","Quickness","SetFire"],"picked":"GuidanceOfTheGears","floor":44},{"not_picked":["FierceCharge+1","Guardian_lor+1","EnergyBeam","Quickness","DarkCloud"],"picked":"SKIP","floor":46},{"not_picked":["NightInTheBackstreets+1","WillOfThePrescript+1","EnergyConversion","TasteMyFlamingBat+1"],"picked":"Quickness+1","floor":47},{"not_picked":["DefenseOrder","SkyClearingCut","BladeWhirl","Execute_lor+1","FierceCharge"],"picked":"SKIP","floor":48},{"not_picked":["FleetFootsteps+1","NightInTheBackstreets","Unlock1+1","CutIn+1","Thrust"],"picked":"SKIP","floor":55}],"player_experience":300217,"relics_obtained":[{"floor":1.0,"key":"Question Card"},{"floor":1.0,"key":"LetterFromLob"},{"floor":8.0,"key":"PageOfSingingMachine"},{"floor":9.0,"key":"Potion Belt"},{"floor":14.0,"key":"PreservedInsect"},{"floor":16.0,"key":"ImportantClient"},{"floor":23.0,"key":"DemoMod:PoisonVial"},{"floor":25.0,"key":"vexMod:MemoryStick"},{"floor":26.0,"key":"testmod-Antiphasic"},{"floor":31,"key":"Whetstone"},{"floor":39,"key":"Pen Nib"},{"floor":40,"key":"Juzu Bracelet"},{"floor":42,"key":"DemoMod:Orange"},{"floor":45,"key":"Replay:Towering Pillar of Hats"},{"floor":46,"key":"vexMod:ScavengeHelm"},{"floor":55,"key":"PageOfUniverseFragment"}],"event_choices":[{"damage_healed":0.0,"max_hp_gain":0.0,"max_hp_loss":0.0,"gold_gain":0.0,"event_name":"Golden Idol","player_choice":"Take Damage","floor":4.0,"gold_loss":0.0,"damage_taken":19.0,"relics_obtained":["Golden Idol"]},{"damage_healed":0.0,"max_hp_gain":0.0,"max_hp_loss":0.0,"gold_gain":0.0,"cards_transformed":["LightAttack"],"event_name":"Transmorgrifier","player_choice":"Transformed","floor":12.0,"gold_loss":0.0,"damage_taken":0.0,"cards_obtained":["LossOfSenses"]}],"is_beta":false,"boss_relics":[{"not_picked":["ExusiaiGun","Runic Pyramid"],"picked":"PageOfBlackSwan"},{"not_picked":["ReplayTheSpireMod:DimensionalGlitch","Replay:Ancient Bell"],"picked":"RhineSuit"}],"items_purged_floors":[3,27,36,41,54],"is_endless":false,"potions_floor_spawned":[11,13,14,16,18,22,24,29,33,35,38,40,44,47,48,55],"ascension_level":9}}