{"host":"8fup84v061vi31le","time":1607610329,"event":{"gold_per_floor":[109,89,106,118,135,163,163,163,163,187,187,226,247,271,271,271,271],"floor_reached":16,"playtime":514,"items_purged":[],"score":125,"play_id":"f85e49ff-2a18-4039-b8e6-5a024d2e28db","local_time":"20201210222529","is_ascension_mode":true,"campfire_choices":[{"floor":11.0,"key":"REST"},{"floor":15,"key":"REST"}],"neow_cost":"NONE","seed_source_timestamp":209819937973700,"circlet_count":0,"master_deck":["Strike_G","Strike_G","Strike_G","Strike_G","Defend_G","Defend_G","Defend_G","Defend_G","Defend_G","Survivor","Neutralize","Terror","Dagger Throw","Dagger Spray","Distraction","Eviscerate","Reflex","Tactician"],"special_seed":0,"relics":["Ring of the Snake","NeowsBlessing","Strawberry","Golden Idol","Omamori","Singing Bowl"],"potions_floor_usage":[12,12],"damage_taken":[{"damage":0.0,"enemies":"2 Louse","floor":1.0,"turns":1.0},{"damage":0.0,"enemies":"Cultist","floor":3.0,"turns":1.0},{"damage":0.0,"enemies":"Jaw Worm","floor":4.0,"turns":1.0},{"damage":6.0,"enemies":"Looter","floor":5.0,"turns":3.0},{"damage":13.0,"enemies":"Gremlin Nob","floor":6.0,"turns":3.0},{"damage":14.0,"enemies":"Exordium Wildlife","floor":10.0,"turns":4.0},{"damage":19,"enemies":"3 Sentries","floor":12,"turns":7},{"damage":7,"enemies":"Exordium Thugs","floor":13,"turns":4},{"damage":4,"enemies":"Large Slime","floor":14,"turns":4},{"damage":25,"enemies":"Slime Boss","floor":16,"turns":6}],"seed_played":"6252816202509377578","potions_obtained":[{"floor":1.0,"key":"DuplicationPotion"},{"floor":2.0,"key":"FearPotion"},{"floor":3.0,"key":"Strength Potion"},{"floor":4.0,"key":"Block Potion"}],"is_trial":false,"path_per_floor":["M","?","M","M","M","E","?","?","T","M","R","E","M","M","R","B"],"character_chosen":"THE_SILENT","items_purchased":[],"campfire_rested":2,"item_purchase_floors":[],"current_hp_per_floor":[70,70,70,70,64,58,39,32,32,18,41,24,17,15,39,14,14],"gold":271,"neow_bonus":"THREE_ENEMY_KILL","is_prod":false,"is_daily":false,"chose_seed":false,"campfire_upgraded":0,"win_rate":0,"timestamp":1607610329,"path_taken":["M","?","?","?","M","E","?","?","T","M","R","E","?","M","R","BOSS"],"build_version":"2020-11-30","purchased_purges":0,"victory":false,"max_hp_per_floor":[70,70,70,70,70,77,77,77,77,77,77,79,79,81,81,81,81],"card_choices":[{"not_picked":["Deflect","Prepared"],"picked":"Terror","floor":1.0},{"not_picked":["Distraction","Sucker Punch"],"picked":"Dagger Throw","floor":3.0},{"not_picked":["Dodge and Roll","Dash"],"picked":"Dagger Spray","floor":4.0},{"not_picked":["Prepared","A Thousand Cuts"],"picked":"Distraction","floor":5.0},{"not_picked":["Backflip","Acrobatics"],"picked":"Eviscerate","floor":6.0},{"not_picked":["Flechettes","Quick Slash"],"picked":"Reflex","floor":10.0},{"not_picked":["Catalyst","Terror","Dodge and Roll"],"picked":"Singing Bowl","floor":12},{"not_picked":["Distraction","Leg Sweep"],"picked":"Tactician","floor":13},{"not_picked":["Noxious Fumes","Heel Hook","Flying Knee"],"picked":"Singing Bowl","floor":14}],"player_experience":46708,"relics_obtained":[{"floor":6.0,"key":"Strawberry"},{"floor":9.0,"key":"Omamori"},{"floor":12,"key":"Singing Bowl"}],"event_choices":[{"damage_healed":0.0,"max_hp_gain":0.0,"max_hp_loss":0.0,"gold_gain":0.0,"event_name":"The Woman in Blue","player_choice":"Bought 1 Potion","floor":2.0,"gold_loss":0.0,"damage_taken":0.0},{"damage_healed":0.0,"max_hp_gain":0.0,"max_hp_loss":0.0,"gold_gain":0.0,"event_name":"Golden Idol","player_choice":"Take Damage","floor":7.0,"gold_loss":0.0,"damage_taken":19.0,"relics_obtained":["Golden Idol"]},{"cards_removed":["Strike_G"],"damage_healed":0.0,"max_hp_gain":0.0,"max_hp_loss":0.0,"gold_gain":0.0,"event_name":"Golden Wing","player_choice":"Card Removal","floor":8.0,"gold_loss":0.0,"damage_taken":7.0}],"is_beta":false,"boss_relics":[],"items_purged_floors":[],"is_endless":false,"potions_floor_spawned":[1,3,4,5],"killed_by":"Slime Boss","ascension_level":2}}