{"host":"uua02xqorlefedoe","time":1607587684,"event":{"gold_per_floor":[113,113,128,148,148,177,177,212,212,246,246,16,27,47,47,143,143,153,153,39,51,70,100,100,127,127,35,48,82,182,198,198,295,295,314,326,336,336,355,381,381,413,413,442,455,474,504,504,504,504,504,504,9,41,41],"floor_reached":56,"playtime":4516,"items_purged":["Strike_R","Perfected Strike+1"],"score":2376,"play_id":"ee178ccb-4cb4-4140-b6c0-6a8fc1ea4f1c","local_time":"20201210080804","is_ascension_mode":true,"campfire_choices":[{"data":"Pommel Strike","floor":7.0,"key":"SMITH"},{"data":"Bash","floor":11.0,"key":"SMITH"},{"data":"Flame Barrier","floor":15.0,"key":"SMITH"},{"data":"Shrug It Off","floor":24.0,"key":"SMITH"},{"data":"Flame Barrier","floor":32.0,"key":"SMITH"},{"data":"Rupture","floor":41.0,"key":"SMITH"},{"floor":49.0,"key":"RECALL"},{"data":"Juggernaut","floor":52.0,"key":"SMITH"}],"neow_cost":"NONE","seed_source_timestamp":0,"circlet_count":0,"master_deck":["Bash+1","Pommel Strike+1","Shrug It Off+1","Entrench","Uppercut+1","Impervious","Flame Barrier+1","Metallicize","Twin Strike+1","Heavy Blade+1","Corruption","Spot Weakness","Shrug It Off","Body Slam+1","Inflame","Flame Barrier+1","Shrug It Off","Entrench","Shrug It Off","Carnage+1","Pommel Strike+1","Reaper+1","Sentinel+1","Impervious","Warcry","Battle Trance","Juggernaut+1","Intimidate","Hemokinesis+1","Thunderclap+1","Dark Embrace","Shrug It Off+1","Clothesline+1","Rupture+1","Bloodletting","Ghostly Armor+1","Armaments+1","Body Slam+1","True Grit+1","Madness","Madness"],"special_seed":0,"relics":["Snecko Eye","Dead Branch","Gremlin Horn","Molten Egg 2","Mummified Hand","Pen Nib","Membership Card","Mark of Pain","Frozen Eye","Eternal Feather","Blue Candle","InkBottle","Orrery","Whetstone","FossilizedHelix","The Courier","Pandora\u0027s Box","Torii","Darkstone Periapt","Art of War","Kunai","Vajra","Akabeko","Happy Flower","Centennial Puzzle","Pear","Sundial","StoneCalendar"],"potions_floor_usage":[55,55],"damage_taken":[{"damage":6.0,"enemies":"2 Louse","floor":1.0,"turns":3.0},{"damage":0.0,"enemies":"Cultist","floor":3.0,"turns":3.0},{"damage":0.0,"enemies":"Jaw Worm","floor":4.0,"turns":2.0},{"damage":7.0,"enemies":"Lagavulin","floor":6.0,"turns":5.0},{"damage":8.0,"enemies":"Gremlin Nob","floor":8.0,"turns":3.0},{"damage":12.0,"enemies":"Lagavulin","floor":10.0,"turns":4.0},{"damage":0.0,"enemies":"Large Slime","floor":13.0,"turns":3.0},{"damage":0.0,"enemies":"Exordium Thugs","floor":14.0,"turns":3.0},{"damage":0.0,"enemies":"The Guardian","floor":16.0,"turns":7.0},{"damage":0.0,"enemies":"2 Thieves","floor":18.0,"turns":1.0},{"damage":0.0,"enemies":"Shell Parasite","floor":21.0,"turns":2.0},{"damage":2.0,"enemies":"Snecko","floor":22.0,"turns":2.0},{"damage":0.0,"enemies":"Book of Stabbing","floor":23.0,"turns":3.0},{"damage":21.0,"enemies":"Slavers","floor":25.0,"turns":3.0},{"damage":0.0,"enemies":"3 Cultists","floor":28.0,"turns":2.0},{"damage":0.0,"enemies":"Book of Stabbing","floor":29.0,"turns":2.0},{"damage":0.0,"enemies":"Colosseum Slavers","floor":30.0,"turns":3.0},{"damage":0.0,"enemies":"Colosseum Nobs","floor":30.0,"turns":2.0},{"damage":0.0,"enemies":"Chosen and Byrds","floor":31.0,"turns":3.0},{"damage":0.0,"enemies":"Collector","floor":33.0,"turns":2.0},{"damage":3.0,"enemies":"3 Darklings","floor":35.0,"turns":3.0},{"damage":4.0,"enemies":"3 Shapes","floor":36.0,"turns":2.0},{"damage":7.0,"enemies":"Maw","floor":37.0,"turns":3.0},{"damage":0.0,"enemies":"Spire Growth","floor":39.0,"turns":2.0},{"damage":0.0,"enemies":"Giant Head","floor":40.0,"turns":2.0},{"damage":6.0,"enemies":"Reptomancer","floor":42.0,"turns":5.0},{"damage":0.0,"enemies":"Giant Head","floor":44.0,"turns":3.0},{"damage":0.0,"enemies":"Jaw Worm Horde","floor":45.0,"turns":2.0},{"damage":8.0,"enemies":"Maw","floor":46.0,"turns":2.0},{"damage":0.0,"enemies":"Reptomancer","floor":47.0,"turns":1.0},{"damage":0.0,"enemies":"Donu and Deca","floor":50.0,"turns":3.0},{"damage":3.0,"enemies":"Shield and Spear","floor":54.0,"turns":3.0},{"damage":12,"enemies":"The Heart","floor":55,"turns":4}],"seed_played":"-239848020621350572","potions_obtained":[{"floor":3.0,"key":"Swift Potion"},{"floor":8.0,"key":"EssenceOfSteel"},{"floor":14.0,"key":"Swift Potion"},{"floor":19.0,"key":"Energy Potion"},{"floor":19.0,"key":"Ancient Potion"},{"floor":23.0,"key":"SkillPotion"},{"floor":31.0,"key":"CultistPotion"},{"floor":37.0,"key":"AttackPotion"},{"floor":44.0,"key":"LiquidMemories"}],"is_trial":false,"path_per_floor":["M","?","M","M","T","E","R","E","T","E","R","$","M","M","R","B",null,"M","?","$","M","M","E","R","E","T","$","M","E","?","M","R","B",null,"M","M","M","?","M","E","R","E","T","E","M","M","E","?","R","B",null,"R","$","E","B",null],"character_chosen":"IRONCLAD","items_purchased":["Membership Card","Flame Barrier","Metallicize","Frozen Eye","Flame Barrier","Orrery","Vajra","Akabeko","Happy Flower","Centennial Puzzle","Pear","Sundial"],"campfire_rested":0,"item_purchase_floors":[12,12,12,20,27,27,53,53,53,53,53,53],"current_hp_per_floor":[66,66,66,66,66,59,59,51,51,39,39,39,39,39,39,39,70,70,70,70,70,68,68,80,59,59,59,59,59,71,71,80,80,80,80,76,69,69,69,69,80,77,77,80,80,72,72,62,80,80,80,80,90,90,78],"gold":41,"neow_bonus":"BOSS_RELIC","is_prod":false,"is_daily":false,"chose_seed":false,"campfire_upgraded":7,"win_rate":0,"timestamp":1607587684,"path_taken":["M","?","?","M","?","E","R","E","T","E","R","?","M","M","R","BOSS","M","?","?","M","M","E","R","E","T","$","M","E","?","M","R","BOSS","M","M","M","?","M","E","R","E","T","E","M","M","E","?","R","BOSS","R","$","E","BOSS"],"build_version":"2020-11-30","purchased_purges":2,"victory":true,"max_hp_per_floor":[80,80,80,80,80,80,80,80,80,80,80,80,80,80,80,80,80,80,80,80,80,80,80,80,80,80,80,80,80,80,80,80,80,80,80,80,80,80,80,80,80,80,80,80,80,80,80,80,80,80,80,80,90,90,90],"card_choices":[{"not_picked":["Body Slam","Bloodletting"],"picked":"Pommel Strike","floor":1.0},{"not_picked":["Iron Wave","Body Slam"],"picked":"Perfected Strike","floor":3.0},{"not_picked":["Clash","Combust","Havoc"],"picked":"SKIP","floor":4.0},{"not_picked":["Spot Weakness","Sword Boomerang"],"picked":"Entrench","floor":6.0},{"not_picked":["Sentinel","Flame Barrier"],"picked":"Uppercut+1","floor":8.0},{"not_picked":["Spot Weakness","Anger+1"],"picked":"Impervious","floor":10.0},{"not_picked":["Entrench","Evolve"],"picked":"Twin Strike+1","floor":13.0},{"not_picked":["Wild Strike+1","Sever Soul+1"],"picked":"Heavy Blade+1","floor":14.0},{"not_picked":["Fiend Fire+1","Bludgeon+1"],"picked":"Corruption","floor":16.0},{"not_picked":["Iron Wave+1","Carnage+1"],"picked":"Spot Weakness","floor":18.0},{"not_picked":["Armaments","Ghostly Armor"],"picked":"Shrug It Off","floor":21.0},{"not_picked":["Sword Boomerang+1","Wild Strike+1","Havoc+1"],"picked":"SKIP","floor":22.0},{"not_picked":["Pommel Strike+1","Searing Blow+1"],"picked":"Body Slam+1","floor":23.0},{"not_picked":["Bloodletting","Double Tap"],"picked":"Inflame","floor":25.0},{"not_picked":["Heavy Blade+1","Thunderclap+1"],"picked":"Shrug It Off","floor":27.0},{"not_picked":["Body Slam+1","Heavy Blade+1"],"picked":"Entrench","floor":27.0},{"not_picked":["Headbutt+1","Pummel+1"],"picked":"Shrug It Off","floor":27.0},{"not_picked":["Headbutt+1","Havoc"],"picked":"Carnage+1","floor":27.0},{"not_picked":["Anger+1","Thunderclap+1"],"picked":"Pommel Strike+1","floor":28.0},{"not_picked":["Fiend Fire+1","Clash+1"],"picked":"Reaper+1","floor":29.0},{"not_picked":["True Grit","Sword Boomerang+1"],"picked":"Sentinel+1","floor":31.0},{"not_picked":["Fiend Fire+1","Offering"],"picked":"Impervious","floor":33.0},{"not_picked":["Clash+1","Iron Wave+1","Havoc+1"],"picked":"SKIP","floor":35.0},{"not_picked":["Clash+1","Iron Wave+1","Havoc+1"],"picked":"SKIP","floor":35.0},{"not_picked":["Havoc+1","Twin Strike+1"],"picked":"Shrug It Off+1","floor":36.0},{"not_picked":["Pummel+1","True Grit"],"picked":"Clothesline+1","floor":37.0},{"not_picked":["Evolve+1","Disarm+1"],"picked":"Rupture","floor":39.0},{"not_picked":["Clash+1","Immolate+1"],"picked":"Bloodletting","floor":40.0},{"not_picked":["Rupture","Sever Soul+1"],"picked":"Ghostly Armor+1","floor":42.0},{"not_picked":["Pommel Strike+1","Havoc","Flex"],"picked":"SKIP","floor":44.0},{"not_picked":["Warcry+1","Rampage+1"],"picked":"Armaments+1","floor":45.0},{"not_picked":["Wild Strike+1","Pommel Strike+1"],"picked":"Body Slam+1","floor":46.0},{"not_picked":["Double Tap","Clothesline+1"],"picked":"True Grit+1","floor":47.0},{"not_picked":["Warcry","Limit Break","Sword Boomerang+1"],"picked":"SKIP","floor":54.0}],"player_experience":416036,"relics_obtained":[{"floor":5.0,"key":"Dead Branch"},{"floor":6.0,"key":"Gremlin Horn"},{"floor":8.0,"key":"Molten Egg 2"},{"floor":9.0,"key":"Mummified Hand"},{"floor":10.0,"key":"Pen Nib"},{"floor":23.0,"key":"Eternal Feather"},{"floor":25.0,"key":"Blue Candle"},{"floor":26.0,"key":"InkBottle"},{"floor":29.0,"key":"Whetstone"},{"floor":30.0,"key":"FossilizedHelix"},{"floor":30.0,"key":"The Courier"},{"floor":40.0,"key":"Torii"},{"floor":42.0,"key":"Darkstone Periapt"},{"floor":44.0,"key":"Art of War"},{"floor":47.0,"key":"Kunai"},{"floor":54.0,"key":"StoneCalendar"}],"event_choices":[{"damage_healed":0.0,"max_hp_gain":0.0,"max_hp_loss":0.0,"gold_gain":0.0,"cards_transformed":["Strike_R"],"event_name":"Transmorgrifier","player_choice":"Transformed","floor":2.0,"gold_loss":0.0,"damage_taken":0.0,"cards_obtained":["Shrug It Off"]},{"damage_healed":0.0,"max_hp_gain":0.0,"max_hp_loss":0.0,"gold_gain":0.0,"event_name":"Lab","player_choice":"Got Potions","floor":19.0,"gold_loss":0.0,"damage_taken":0.0},{"damage_healed":0.0,"max_hp_gain":0.0,"max_hp_loss":0.0,"gold_gain":0.0,"event_name":"Colosseum","player_choice":"Fight","floor":30.0,"gold_loss":0.0,"damage_taken":0.0},{"damage_healed":0.0,"max_hp_gain":0.0,"max_hp_loss":0.0,"gold_gain":0.0,"event_name":"Colosseum","player_choice":"Fought Nobs","floor":30.0,"gold_loss":0.0,"damage_taken":0.0},{"damage_healed":0.0,"max_hp_gain":0.0,"max_hp_loss":0.0,"gold_gain":0.0,"event_name":"Tomb of Lord Red Mask","player_choice":"Ignored","floor":38.0,"gold_loss":0.0,"damage_taken":0.0},{"damage_healed":0.0,"max_hp_gain":0.0,"max_hp_loss":0.0,"gold_gain":0.0,"event_name":"Winding Halls","player_choice":"Embrace Madness","floor":48.0,"gold_loss":0.0,"damage_taken":10.0,"cards_obtained":["Madness","Madness"]}],"is_beta":false,"boss_relics":[{"not_picked":["Busted Crown","Runic Dome"],"picked":"Mark of Pain"},{"not_picked":["Astrolabe","SacredBark"],"picked":"Pandora\u0027s Box"}],"items_purged_floors":[20,53],"is_endless":false,"potions_floor_spawned":[3,8,14,22,23,28,31,37,44,45,47],"ascension_level":8}}