{"host":"gk9qdtkqd8dwfeg2","time":1607610128,"event":{"mods":["BaseMod","StSLib","Shop Mod","Minty Spire (QoL Compilation)","Replay The Spire","TestMod","Waifu the Spire","【东方二次创作】八云紫mod","vexMod","RumiaBox-露米娅的神秘盒子","The Cursed"],"gold_per_floor":[118,118,2,12,12,12,41,41,41,69,87,103,103,135,135,209,209,226,249,249,259,219,244,187,207,258,124,124,124,124],"floor_reached":29,"playtime":1121,"items_purged":["Strike_R"],"score":572,"play_id":"f658bc9d-323d-4085-a839-282cb99aaaeb","local_time":"20201210222208","is_ascension_mode":true,"campfire_choices":[{"data":"Dark Embrace","floor":6,"key":"SMITH"},{"floor":13,"key":"REST"},{"data":"1","floor":15,"key":"LIFT"},{"data":"2","floor":28,"key":"LIFT"}],"circlet_count":0,"master_deck":["AscendersBane","Strike_R","Strike_R","Strike_R","Strike_R","Defend_R","Defend_R","Defend_R","Defend_R","Bash+1","ReplayTheSpireMod:Strike From Hell","Dark Embrace+1","Pot Of Greed","Pot Of Greed","Burning Pact+1","Defy Death","CommonCold","Amnesia","Eclipse","Defy Death","Pommel Strike+1","Armaments+1","Body Slam+1"],"relics":["Burning Blood","testmod-TestBox","testmod-ChristmasGift","NeowsBlessing","Baka","vexMod:ScavengeHelm","Potion Belt","Girya","Runic Pyramid","Replay:Wax Seal","Ornamental Fan","MerchantsRug"],"acts_visited":["Exordium","TheCity"],"potions_floor_usage":[10,10,10,10,10,10,11,11,11,12,18,18,18,18,18,18,18,21,21,23,24],"damage_taken":[{"damage":0,"enemies":"Small Slimes","floor":1,"turns":1},{"damage":0,"enemies":"Cultist","floor":4,"turns":1},{"damage":0,"enemies":"3 Sentries","floor":7,"turns":1},{"damage":82,"enemies":"Gremlin Nob","floor":10,"turns":5},{"damage":10,"enemies":"2 Louse","floor":11,"turns":3},{"damage":14,"enemies":"2 Fungi Beasts","floor":12,"turns":4},{"damage":47,"enemies":"Replay:BlueRogue","floor":14,"turns":4},{"damage":40,"enemies":"Slime Boss","floor":16,"turns":7},{"damage":6,"enemies":"Spheric Guardian","floor":18,"turns":3},{"damage":13,"enemies":"2 Thieves","floor":21,"turns":5},{"damage":38,"enemies":"Book of Stabbing","floor":23,"turns":4},{"damage":29,"enemies":"Centurion and Healer","floor":24,"turns":4},{"damage":12,"enemies":"Chosen and Byrds","floor":25,"turns":4},{"damage":0,"enemies":"Slavers","floor":29,"turns":1}],"seed_played":"-665072810525323326","potions_obtained":[{"floor":4,"key":"Weak Potion"},{"floor":7,"key":"BlessingOfTheForge"},{"floor":10,"key":"LiquidBronze"},{"floor":18,"key":"Elixir"},{"floor":22,"key":"Adrenaline Potion"},{"floor":22,"key":"SteroidPotion"},{"floor":22,"key":"DuplicationPotion"},{"floor":23,"key":"testmod-TestPotion"}],"is_trial":false,"path_per_floor":["M","?","$","M","?","R","E","?","T","E","M","M","R","E","R","B",null,"M","T","?","M","?","E","M","M","T","$","R","E"],"character_chosen":"IRONCLAD","items_purchased":["Dark Embrace","MerchantsRug"],"campfire_rested":1,"item_purchase_floors":[3,27],"current_hp_per_floor":[74,74,74,75,75,75,75,75,75,22,25,24,46,39,39,28,63,67,67,46,42,42,31,25,39,39,39,39,39,39],"gold":124,"neow_bonus":"THREE_ENEMY_KILL","is_daily":false,"chose_seed":false,"campfire_upgraded":1,"win_rate":0,"timestamp":1607610128,"path_taken":["M","?","$","M","?","R","E","?","T","E","M","M","R","E","R","BOSS","M","?","?","M","?","E","M","M","T","$","R","E"],"build_version":"2020-11-30","purchased_purges":1,"victory":false,"max_hp_per_floor":[75,75,75,75,75,75,75,75,75,75,75,75,75,75,75,75,75,75,75,80,80,80,80,80,80,80,80,80,80,80],"card_choices":[{"not_picked":["Heavy Blade","Havoc"],"picked":"ReplayTheSpireMod:Strike From Hell","floor":1},{"not_picked":["Combust","Perfected Strike","Metallicize"],"picked":"SKIP","floor":4},{"not_picked":["Twin Strike","Wild Strike"],"picked":"Burning Pact","floor":7},{"not_picked":["Clothesline","ReplayTheSpireMod:LeadingStrike"],"picked":"Defy Death","floor":10},{"not_picked":["ReplayTheSpireMod:Muscle Training","Thunderclap","Clothesline"],"picked":"SKIP","floor":11},{"not_picked":["Heavy Blade","Run Through","Cleave"],"picked":"SKIP","floor":12},{"not_picked":["Clash","Cleave","Clothesline"],"picked":"SKIP","floor":14},{"not_picked":["Hemogenesis","Demon Form"],"picked":"Eclipse","floor":16},{"not_picked":["Warcry","Flex"],"picked":"Defy Death","floor":18},{"not_picked":["Run Through","Whirlwind"],"picked":"Pommel Strike+1","floor":21},{"not_picked":["Cleave","Double Tap"],"picked":"Armaments+1","floor":23},{"not_picked":["Clothesline","ReplayTheSpireMod:Strike From Hell","ReplayTheSpireMod:Stacked"],"picked":"SKIP","floor":24},{"not_picked":["Headbutt","Defy Death"],"picked":"Body Slam+1","floor":25}],"player_experience":1005829,"relics_obtained":[{"floor":1,"key":"Baka"},{"floor":7,"key":"Grinning Jar"},{"floor":9,"key":"vexMod:ScavengeHelm"},{"floor":10,"key":"Potion Belt"},{"floor":14,"key":"Girya"},{"floor":19,"key":"Replay:Wax Seal"},{"floor":23,"key":"Ornamental Fan"}],"event_choices":[{"damage_healed":0,"gold_gain":0,"player_choice":"Ignored","damage_taken":0,"max_hp_gain":0,"max_hp_loss":0,"event_name":"Shining Light","floor":2,"gold_loss":0},{"damage_healed":0,"gold_gain":0,"player_choice":"Upgraded","damage_taken":0,"max_hp_gain":0,"max_hp_loss":0,"event_name":"Upgrade Shrine","floor":8,"gold_loss":0,"cards_upgraded":["Burning Pact"]},{"damage_healed":0,"gold_gain":0,"player_choice":"Shed Blood","damage_taken":26,"max_hp_gain":5,"max_hp_loss":0,"event_name":"Forgotten Altar","floor":20,"gold_loss":0},{"damage_healed":0,"gold_gain":0,"player_choice":"Bought 3 Potions","damage_taken":0,"max_hp_gain":0,"max_hp_loss":0,"event_name":"The Woman in Blue","floor":22,"gold_loss":0}],"is_beta":false,"boss_relics":[{"not_picked":["Runic Cube","Snecko Heart"],"picked":"Runic Pyramid"}],"items_purged_floors":[3],"is_endless":false,"potions_floor_spawned":[4,7,10,18,23],"killed_by":"Slavers","ascension_level":20}}