{"host":"se2kry7a7ac49ar7","time":1607571883,"event":{"gold_per_floor":[113,127,127,127,140,152,152,164,164,124,152,152,152,166,166,262,312,331,341,395,145,158,158,191,205,205,205,236,246,261,261,261,364,364,380,391,93,112,12,42,42,42,42],"floor_reached":42,"playtime":6324,"items_purged":[],"score":570,"play_id":"fecca212-ee00-4f27-86a9-0de7ca185be4","local_time":"20201209194443","is_ascension_mode":false,"campfire_choices":[{"floor":13,"key":"REST"},{"data":"Barrier","floor":15,"key":"SMITH"},{"data":"Duplication","floor":23,"key":"SMITH"},{"data":"Luminosity","floor":32,"key":"SMITH"}],"neow_cost":"NONE","seed_source_timestamp":31925433888160,"circlet_count":0,"master_deck":["Strike_S","Strike_S","Strike_S","Defend_S","Defend_S+1","KidneyShot","Exchange","Barrier+1","StarChef","Duplication+1","Starlight","Misdirection+1","Rewind","Read+1","MurderousAura","FlawlessForm","Spin+1","Advance","SpecialFormula","PendulumOfEternity","Desolation","Luminosity+1","Read+1","BottledTime+1","Shame","Dilation","TimeWarp","Replace+1","FastForward+1","LightFlow"],"relics":["SplendidAttire","Hallownest:DreamNailRelic","Blood Vial","Nunchaku","Tiny House","Bronze Scales","Hallownest:UnbreakableCardRelic","Pear","War Paint","StoneCalendar","Potion Belt","WarpedTongs","Happy Flower","Sling","Hallownest:SoulVesselRelic","Ancient Tea Set","Hallownest:BeastSealRelic"],"potions_floor_usage":[14,16,22,24,42],"damage_taken":[{"damage":4,"enemies":"Hallownest:2_Baldur","floor":1,"turns":5},{"damage":0,"enemies":"Hallownest:2_Tiktiks_and_1_Crawlid","floor":2,"turns":7},{"damage":3,"enemies":"Hallownest:monsterHuskWarrior","floor":5,"turns":5},{"damage":23,"enemies":"Hallownest:1_Ooma_and_2_Uuma","floor":6,"turns":19},{"damage":25,"enemies":"Hallownest:MossCreep_and_Mosskin","floor":8,"turns":8},{"damage":3,"enemies":"Hallownest:eliteCrystalGuardian","floor":11,"turns":10},{"damage":0,"enemies":"Hallownest:Guard_and_Warrior","floor":14,"turns":15},{"damage":0,"enemies":"Hallownest:BossBrokenVessel","floor":16,"turns":25},{"damage":8,"enemies":"Hallownest:3_Youths","floor":18,"turns":14},{"damage":5,"enemies":"Hallownest:2_Mistakes","floor":19,"turns":10},{"damage":33,"enemies":"Hallownest:3_Mistakes","floor":22,"turns":8},{"damage":14,"enemies":"Hallownest:eliteWatcherKnight","floor":24,"turns":10},{"damage":17,"enemies":"Hallownest:2_Flukemon","floor":25,"turns":7},{"damage":22,"enemies":"Hallownest:eliteSoulWarrior","floor":28,"turns":8},{"damage":0,"enemies":"Hallownest:Warrior_and_Youth","floor":29,"turns":7},{"damage":0,"enemies":"Hallownest:2_Husk_Sentries","floor":30,"turns":8},{"damage":18,"enemies":"Hallownest:BossGrimm","floor":33,"turns":9},{"damage":15,"enemies":"Hallownest:3_Siblings","floor":35,"turns":10},{"damage":12,"enemies":"Hallownest:2_Littles","floor":36,"turns":5},{"damage":30,"enemies":"Hallownest:2_Wing_and_1_Kings","floor":38,"turns":9},{"damage":0,"enemies":"Hallownest:eliteCollector","floor":40,"turns":7},{"damage":85,"enemies":"Hallownest:2_Primals","floor":42,"turns":4}],"seed_played":"4744884679095329357","potions_obtained":[{"floor":8,"key":"Block Potion"},{"floor":11,"key":"Weak Potion"},{"floor":16,"key":"ColorlessPotion"},{"floor":17,"key":"FairyPotion"},{"floor":18,"key":"Weak Potion"},{"floor":28,"key":"DuplicationPotion"},{"floor":29,"key":"Strength Potion"},{"floor":30,"key":"SteroidPotion"},{"floor":35,"key":"FearPotion"}],"is_trial":false,"path_per_floor":["M","M","?","?","M","M","?","M","T","?","E","?","R","M","R","B",null,"M","M","T","?","M","R","E","M","T","T","E","M","M","?","R","B",null,"M","M","$","M","?","E","?","?"],"character_chosen":"THE_SERVANT","items_purchased":["Happy Flower","Sling"],"campfire_rested":1,"item_purchase_floors":[37,37],"current_hp_per_floor":[67,67,67,67,64,41,32,7,7,39,38,10,29,31,31,33,69,61,58,58,58,27,27,30,25,25,25,15,22,34,34,34,23,79,74,69,69,46,46,53,53,0,0],"gold":42,"neow_bonus":"TEN_PERCENT_HP_BONUS","is_prod":false,"is_daily":false,"chose_seed":false,"campfire_upgraded":3,"win_rate":0.0,"timestamp":1607571883,"path_taken":["M","M","?","?","M","?","?","M","T","?","E","?","R","M","R","BOSS","M","M","?","?","M","R","E","?","T","?","E","M","?","?","R","BOSS","M","M","$","M","?","E","?","?"],"build_version":"2020-11-30","purchased_purges":0,"victory":false,"max_hp_per_floor":[71,71,71,71,71,71,71,71,71,71,71,64,64,64,64,64,69,69,69,69,69,69,69,79,79,79,79,79,79,79,79,79,79,79,79,79,79,79,79,79,79,79,79],"card_choices":[{"not_picked":["Potential","Ricochet"],"picked":"Barrier","floor":1},{"not_picked":["Spin","Misdirection"],"picked":"StarChef","floor":2},{"not_picked":["TimeWarp","Alleviate"],"picked":"Starlight","floor":5},{"not_picked":["ReturningBlade","WasteNot"],"picked":"Misdirection","floor":6},{"not_picked":["Ricochet","Spin"],"picked":"Rewind","floor":8},{"not_picked":["ReturningBlade","ShatteredReality"],"picked":"Read","floor":11},{"not_picked":["FastForward","FanOfKnives"],"picked":"MurderousAura","floor":14},{"not_picked":["Duplication","SoulSculpture"],"picked":"FlawlessForm","floor":16},{"not_picked":["BottledTime","ShatteredReality"],"picked":"DualDimension","floor":17},{"not_picked":["Replace","BottledTime"],"picked":"Spin+1","floor":18},{"not_picked":["Foresight","Revamp+1"],"picked":"Advance","floor":19},{"not_picked":["FastForward","Ricochet"],"picked":"SpecialFormula","floor":22},{"not_picked":["Moonlight","Collapse"],"picked":"PendulumOfEternity","floor":24},{"not_picked":["Starlight","Ricochet+1"],"picked":"Desolation","floor":25},{"not_picked":["DoubleEdge","Spin+1"],"picked":"Luminosity","floor":28},{"not_picked":["Spin","Barrier"],"picked":"Read+1","floor":29},{"not_picked":["Contraction","Hightail"],"picked":"BottledTime+1","floor":30},{"not_picked":["PendulumOfEternity","SoulSculpture"],"picked":"Dilation","floor":33},{"not_picked":["Ricochet","DoubleEdge"],"picked":"TimeWarp","floor":35},{"not_picked":["DoubleEdge+1","Reset"],"picked":"Replace+1","floor":36},{"not_picked":["DoubleEdge+1","TimeWarp"],"picked":"FastForward+1","floor":38},{"not_picked":["SilverBlades+1","ReturningBlade"],"picked":"LightFlow","floor":40}],"player_experience":612515,"relics_obtained":[{"floor":9,"key":"Blood Vial"},{"floor":11,"key":"Nunchaku"},{"floor":20,"key":"Bronze Scales"},{"floor":24,"key":"Pear"},{"floor":26,"key":"War Paint"},{"floor":27,"key":"StoneCalendar"},{"floor":28,"key":"Potion Belt"},{"floor":40,"key":"Ancient Tea Set"}],"event_choices":[],"is_beta":false,"boss_relics":[{"not_picked":["Empty Cage","Velvet Choker"],"picked":"Tiny House"},{"not_picked":["Astrolabe","Calling Bell"],"picked":"SplendidAttire"}],"items_purged_floors":[],"is_endless":false,"potions_floor_spawned":[8,11,16,18,28,29,30,35],"killed_by":"Hallownest:2_Primals","ascension_level":0}}