{"host":"5iafpxwkdrtbs389","time":1607578758,"event":{"gold_per_floor":[110,123,48,59,134,161,161,61,61,61,77,77,77,77,77,176,176,191,93,24,43,53,53,64,64,88,88,104,117,127,138,138,138,138],"floor_reached":33,"playtime":1347,"items_purged":["Strike_R","Strike_R"],"score":261,"play_id":"eea4c342-7e62-404e-a2ac-25dc20709048","local_time":"20201210143918","is_ascension_mode":true,"campfire_choices":[{"floor":7,"key":"REST"},{"floor":13,"key":"REST"},{"data":"Bash","floor":15,"key":"SMITH"},{"data":"Entrench","floor":23,"key":"SMITH"},{"data":"Battle Trance","floor":25,"key":"SMITH"},{"data":"Shrug It Off","floor":27,"key":"SMITH"},{"floor":32,"key":"REST"}],"neow_cost":"NONE","seed_source_timestamp":679794375616900,"circlet_count":0,"master_deck":["Strike_R","Strike_R","Defend_R","Defend_R","Defend_R","Defend_R","Bash+1","Body Slam+1","Impervious+1","Entrench+1","Shrug It Off+1","Battle Trance+1","Shrug It Off+1"],"relics":["Burning Blood","InkBottle","Gremlin Horn","Nunchaku"],"potions_floor_usage":[16,30,31],"damage_taken":[{"damage":1,"enemies":"Cultist","floor":1,"turns":3},{"damage":2,"enemies":"2 Louse","floor":2,"turns":3},{"damage":3,"enemies":"Small Slimes","floor":4,"turns":4},{"damage":65,"enemies":"3 Sentries","floor":6,"turns":14},{"damage":15,"enemies":"Red Slaver","floor":11,"turns":6},{"damage":50,"enemies":"The Guardian","floor":16,"turns":12},{"damage":0,"enemies":"Chosen","floor":18,"turns":4},{"damage":16,"enemies":"Shell Parasite","floor":21,"turns":8},{"damage":17,"enemies":"Centurion and Healer","floor":22,"turns":7},{"damage":3,"enemies":"Snake Plant","floor":24,"turns":4},{"damage":22,"enemies":"Shelled Parasite and Fungi","floor":28,"turns":5},{"damage":39,"enemies":"Sentry and Sphere","floor":29,"turns":13},{"damage":0,"enemies":"Snake Plant","floor":30,"turns":3},{"damage":12,"enemies":"Snecko","floor":31,"turns":8},{"damage":39,"enemies":"Automaton","floor":33,"turns":6}],"seed_played":"-8678675407359746160","potions_obtained":[{"floor":6,"key":"AttackPotion"},{"floor":11,"key":"Block Potion"},{"floor":16,"key":"FearPotion"},{"floor":21,"key":"Ancient Potion"},{"floor":28,"key":"Block Potion"}],"is_trial":false,"path_per_floor":["M","M","$","M","?","E","R","$","T","?","M","?","R","$","R","B",null,"M","$","$","M","M","R","M","R","T","R","M","M","M","M","R","B"],"character_chosen":"IRONCLAD","items_purchased":["Entrench","Shrug It Off","Battle Trance"],"campfire_rested":3,"item_purchase_floors":[19,19,20],"current_hp_per_floor":[80,80,80,80,72,13,37,37,37,37,28,28,52,52,52,8,80,80,80,80,70,59,59,62,62,62,62,46,13,19,13,37,0,0],"gold":138,"neow_bonus":"REMOVE_CARD","is_prod":false,"is_daily":false,"chose_seed":false,"campfire_upgraded":4,"win_rate":0,"timestamp":1607578758,"path_taken":["M","M","$","M","?","E","R","?","T","?","M","?","R","$","R","BOSS","M","?","$","M","M","R","M","R","T","R","?","M","M","M","R","BOSS"],"build_version":"2020-11-30","purchased_purges":2,"victory":false,"max_hp_per_floor":[80,80,80,80,80,80,80,80,80,80,80,80,80,80,80,80,80,80,80,80,80,80,80,80,80,80,80,80,80,80,80,80,80,80],"card_choices":[{"not_picked":["Cleave","Evolve","Clothesline"],"picked":"SKIP","floor":1},{"not_picked":["Dark Embrace","Flex"],"picked":"Body Slam","floor":2},{"not_picked":["Feel No Pain","Armaments","Havoc"],"picked":"SKIP","floor":4},{"not_picked":["Hemokinesis","Flex"],"picked":"Impervious","floor":6},{"not_picked":["Warcry","Armaments","Thunderclap"],"picked":"SKIP","floor":11},{"not_picked":["Heavy Blade+1","Rampage","Bloodletting"],"picked":"SKIP","floor":18},{"not_picked":["Perfected Strike","Dropkick+1"],"picked":"Shrug It Off+1","floor":21},{"not_picked":["Heavy Blade","Twin Strike","Cleave"],"picked":"SKIP","floor":22},{"not_picked":["Havoc","Carnage+1","Reckless Charge"],"picked":"SKIP","floor":24},{"not_picked":["Flame Barrier","Shockwave","Sword Boomerang"],"picked":"SKIP","floor":28},{"not_picked":["Anger","Sever Soul","Armaments"],"picked":"SKIP","floor":29},{"not_picked":["Cleave","Headbutt","Havoc"],"picked":"SKIP","floor":30},{"not_picked":["Searing Blow+1","Inflame","True Grit"],"picked":"SKIP","floor":31}],"player_experience":34879,"relics_obtained":[{"floor":6,"key":"InkBottle"},{"floor":9,"key":"Gremlin Horn"},{"floor":26,"key":"Nunchaku"}],"event_choices":[{"damage_healed":0,"gold_gain":75,"player_choice":"Touch","damage_taken":8,"max_hp_gain":0,"max_hp_loss":0,"event_name":"FaceTrader","floor":5,"gold_loss":0},{"damage_healed":0,"gold_gain":0,"player_choice":"Grow","damage_taken":0,"max_hp_gain":0,"max_hp_loss":0,"event_name":"Living Wall","floor":10,"gold_loss":0,"cards_upgraded":["Body Slam"]},{"damage_healed":0,"gold_gain":0,"player_choice":"Upgraded","damage_taken":0,"max_hp_gain":0,"max_hp_loss":0,"event_name":"Upgrade Shrine","floor":12,"gold_loss":0,"cards_upgraded":["Impervious"]}],"is_beta":false,"boss_relics":[{"not_picked":["Ectoplasm","Snecko Eye","Astrolabe"]}],"items_purged_floors":[3,8],"is_endless":false,"potions_floor_spawned":[6,11,16,21,22,28],"killed_by":"Automaton","ascension_level":1}}