{"host":"og6lam4kt3nibbw0","time":1607586143,"event":{"gold_per_floor":[114,39,39,39,39,39,39,39,39,49,49,65,78,78,78],"floor_reached":14,"playtime":253,"items_purged":[],"score":156,"play_id":"5c4d9a61-16f3-4a9d-b9a6-4c7e6f2cfaf8","local_time":"20201210164223","is_ascension_mode":true,"campfire_choices":[{"data":"Infinite Blades","floor":6.0,"key":"SMITH"},{"data":"Cloak And Dagger","floor":8.0,"key":"SMITH"},{"data":"Neutralize","floor":11.0,"key":"SMITH"}],"neow_cost":"TEN_PERCENT_HP_LOSS","seed_source_timestamp":2221602010633800,"circlet_count":0,"master_deck":["AscendersBane","Strike_G","Strike_G","Strike_G","Strike_G","Defend_G","Defend_G","Defend_G","Defend_G","Survivor","Neutralize+1","Cloak And Dagger+1","Infinite Blades+1","Dagger Throw","Terror"],"special_seed":0,"relics":["Ring of the Snake","Bottled Tornado"],"potions_floor_usage":[],"damage_taken":[{"damage":7.0,"enemies":"2 Louse","floor":1.0,"turns":3.0},{"damage":0.0,"enemies":"Jaw Worm","floor":10.0,"turns":4.0},{"damage":0.0,"enemies":"Cultist","floor":12.0,"turns":3.0},{"damage":18,"enemies":"Lots of Slimes","floor":13,"turns":6},{"damage":49,"enemies":"Gremlin Nob","floor":14,"turns":4}],"seed_played":"-5069619980838115087","potions_obtained":[{"floor":10.0,"key":"Fruit Juice"}],"is_trial":false,"path_per_floor":["M","$","?","$","?","R","$","R","T","M","R","M","M","E"],"character_chosen":"THE_SILENT","items_purchased":["Infinite Blades"],"campfire_rested":0,"item_purchase_floors":[2],"current_hp_per_floor":[52,52,52,52,52,52,52,52,52,57,57,57,39,0,0],"gold":78,"neow_bonus":"REMOVE_TWO","is_prod":false,"is_daily":false,"chose_seed":false,"campfire_upgraded":3,"win_rate":0,"timestamp":1607586143,"path_taken":["M","$","?","$","?","R","?","R","T","M","R","M","?","E"],"build_version":"2020-11-30","purchased_purges":0,"victory":false,"max_hp_per_floor":[60,60,60,60,60,60,60,60,60,65,65,65,65,65,65],"card_choices":[{"not_picked":["Dodge and Roll","Dagger Throw"],"picked":"Cloak And Dagger","floor":1.0},{"not_picked":["Well Laid Plans","Deflect"],"picked":"Dagger Throw","floor":10.0},{"not_picked":["Slice","Endless Agony","Flying Knee"],"picked":"SKIP","floor":12.0},{"not_picked":["Dodge and Roll","Prepared"],"picked":"Terror","floor":13}],"player_experience":761149,"relics_obtained":[{"floor":9.0,"key":"Bottled Tornado"}],"event_choices":[{"damage_healed":0.0,"max_hp_gain":0.0,"max_hp_loss":0.0,"gold_gain":0.0,"event_name":"Scrap Ooze","player_choice":"Fled","floor":3.0,"gold_loss":0.0,"damage_taken":0.0},{"damage_healed":0.0,"max_hp_gain":0.0,"max_hp_loss":0.0,"gold_gain":0.0,"event_name":"Shining Light","player_choice":"Ignored","floor":5.0,"gold_loss":0.0,"damage_taken":0.0}],"is_beta":false,"boss_relics":[],"items_purged_floors":[],"is_endless":false,"potions_floor_spawned":[10],"killed_by":"Gremlin Nob","ascension_level":20}}