{"host":"121m0oxswv9tg9hk","time":1607614091,"event":{"mods":["BaseMod","StSLib","AchievementEnabler","Downfall","Replay The Spire","Hubris","Infinite Spire","Minty Spire (QoL Compilation)","Better Third Choice","MarisaÅiñ∂âJÅ@ñÇóùçπÅj","The Construct","The Mystic","Hermit","The Cursed","Shade Mod","The Hierophant","The Gatherer","Aspiration","The Dragon Tamer"],"gold_per_floor":[109,109,125,138,158,188,188,205,205,215,215,249,249,261,261,366,366,386,400,420,345,361,394,394,413,413,440,440,460,491,501,501,596,596,655,655,717,775,837,837,837],"floor_reached":40,"playtime":2553,"items_purged":[],"score":745,"play_id":"0be8efae-f0e2-4b3c-bb55-764d25df9167","local_time":"20201210162811","is_ascension_mode":true,"campfire_choices":[{"data":"Shade:FreshBones","floor":7,"key":"SMITH"},{"floor":11,"key":"REST"},{"data":"Shade:SkeletonArmy","floor":13,"key":"SMITH"},{"data":"Shade:AblativeArmor","floor":15,"key":"SMITH"},{"floor":24,"key":"REST"},{"data":"Shade:AnimateDead","floor":28,"key":"SMITH"}],"circlet_count":0,"master_deck":["Shade:Strike_Shade","Shade:Strike_Shade","Shade:Strike_Shade","Shade:Strike_Shade","Shade:Defend_Shade","Shade:Defend_Shade","Shade:Defend_Shade","Shade:AnimateDead+1","Shade:Bonestorm+1","Shade:SkeletonArmy+1","Shade:Bite_Shade+1","Shade:FreshBones+1","Shade:GraveStillness","Shade:CloudOfShrapnel","Shade:GraveStillness","Shade:WallOfFlesh","Shade:AblativeArmor+1","Shade:CommandSoldier+1","Shade:OpenGraves+1","Shade:WallOfFlesh","Shade:SpectralStrikes","Shade:WallOfFlesh+1","Shade:BoneShards","Shade:Putrefaction","Shade:FreshBones+1","Shade:RitualOffering","Shade:CloudOfShrapnel","Parasite"],"relics":["Shade:YorickPolishedSkull","aspiration:Nostalgia","TheCursedMod:BlackMagic101","Chameleon Ring","Replay:Bottled Eggs","Lantern","construct:FoamFinger","Pondfish Scales","Red Mask","Toy Ornithopter","infinitespire:EvilPickle","hubris:ScarierMask"],"acts_visited":["Exordium","TheCity","TheBeyond"],"potions_floor_usage":[10,12,16,23,27,30,33,38,39,40],"damage_taken":[{"damage":0,"enemies":"2 Louse","floor":1,"turns":3},{"damage":0,"enemies":"Cultist","floor":3,"turns":2},{"damage":0,"enemies":"Jaw Worm","floor":4,"turns":3},{"damage":5,"enemies":"Exordium Wildlife","floor":5,"turns":3},{"damage":27,"enemies":"Lagavulin","floor":6,"turns":6},{"damage":0,"enemies":"Large Slime","floor":8,"turns":4},{"damage":0,"enemies":"Gremlin Gang","floor":10,"turns":2},{"damage":0,"enemies":"Replay:BlueRogue","floor":12,"turns":5},{"damage":3,"enemies":"Blue Slaver","floor":14,"turns":4},{"damage":11,"enemies":"The Guardian","floor":16,"turns":9},{"damage":19,"enemies":"2 Thieves","floor":18,"turns":3},{"damage":0,"enemies":"Spheric Guardian","floor":19,"turns":3},{"damage":18,"enemies":"Centurion and Healer","floor":20,"turns":5},{"damage":3,"enemies":"Snecko","floor":22,"turns":5},{"damage":14,"enemies":"Book of Stabbing","floor":23,"turns":3},{"damage":9,"enemies":"3 Cultists","floor":25,"turns":4},{"damage":2,"enemies":"Masked Bandits","floor":27,"turns":3},{"damage":0,"enemies":"Snake Plant","floor":29,"turns":3},{"damage":16,"enemies":"Slavers","floor":30,"turns":4},{"damage":10,"enemies":"Centurion and Healer","floor":31,"turns":9},{"damage":34,"enemies":"Pondfish","floor":33,"turns":16},{"damage":10,"enemies":"3 Darklings","floor":35,"turns":4},{"damage":0,"enemies":"3 Shapes","floor":37,"turns":2},{"damage":0,"enemies":"Spire Growth","floor":38,"turns":4},{"damage":1,"enemies":"Writhing Mass","floor":39,"turns":9},{"damage":113,"enemies":"Nemesis","floor":40,"turns":10}],"seed_played":"-837334085241109982","potions_obtained":[{"floor":3,"key":"SpeedPotion"},{"floor":6,"key":"Fire Potion"},{"floor":8,"key":"LiquidBronze"},{"floor":10,"key":"Adrenaline Potion"},{"floor":16,"key":"SteroidPotion"},{"floor":18,"key":"FairyPotion"},{"floor":22,"key":"Cursed Concoction"},{"floor":23,"key":"Block Potion"},{"floor":27,"key":"Ancient Potion"},{"floor":32,"key":"Reflective Coating"},{"floor":33,"key":"infinitespire:BlackPotion"},{"floor":37,"key":"Explosive Potion"},{"floor":38,"key":"LifebloodPotion"}],"is_trial":false,"path_per_floor":["M","?","M","M","M","E","R","M","T","M","R","E","R","M","R","B",null,"M","M","M","?","M","E","R","M","T","?","R","M","E","M","R","B",null,"M","?","M","M","M","E"],"character_chosen":"SHADE","items_purchased":[],"campfire_rested":2,"item_purchase_floors":[],"current_hp_per_floor":[65,65,65,65,60,33,33,37,37,37,56,62,62,62,62,57,65,46,49,34,34,37,26,45,42,42,40,40,40,27,26,26,12,65,58,58,58,65,65,0,0],"gold":837,"neow_bonus":"NOSTALGIA","is_daily":false,"chose_seed":false,"campfire_upgraded":4,"win_rate":0,"timestamp":1607614091,"path_taken":["M","?","M","M","M","E","R","M","T","?","R","E","R","M","R","BOSS","M","M","M","?","M","E","R","M","T","?","R","M","E","M","R","BOSS","M","?","M","M","?","E"],"build_version":"2020-11-30","purchased_purges":0,"victory":false,"max_hp_per_floor":[65,65,65,65,65,65,65,65,65,65,65,65,65,65,65,65,65,65,65,65,65,65,65,65,65,65,65,65,65,65,65,65,65,65,65,65,65,65,65,65,65],"card_choices":[{"not_picked":["Shade:FingerOfDeath","Shade:CommandSoldier"],"picked":"Shade:Bonestorm","floor":1},{"not_picked":["Shade:ExtraLimbs","Shade:CommandSoldier"],"picked":"Shade:SkeletonArmy","floor":3},{"not_picked":["Shade:Trample","Shade:AncientSpear"],"picked":"Shade:Bite_Shade","floor":4},{"not_picked":["Shade:FuneraryJewels","Shade:Frenzy"],"picked":"Shade:FreshBones","floor":5},{"not_picked":["Shade:MadHubris","Shade:Premonition"],"picked":"Shade:GraveStillness","floor":6},{"not_picked":["Shade:ScuttlingHand","Shade:CoffinDance"],"picked":"Shade:CloudOfShrapnel","floor":8},{"not_picked":["Shade:Premonition","Shade:Asphyxiate"],"picked":"Shade:GraveStillness","floor":10},{"not_picked":["Shade:FreshBones","Shade:SoulToxin"],"picked":"Shade:WallOfFlesh","floor":12},{"not_picked":["Shade:BoneShards","Shade:PotionOfRestlessness"],"picked":"Shade:AblativeArmor","floor":14},{"not_picked":["Shade:FreshBones+1","Shade:PotionOfRestlessness"],"picked":"Shade:CommandSoldier+1","floor":18},{"not_picked":["Shade:GraveStillness","Shade:FreshBones","Shade:FleshToFlesh"],"picked":"SKIP","floor":19},{"not_picked":["Shade:AncientSpear","Shade:ExtraLimbs","Shade:SanguineRitual"],"picked":"SKIP","floor":20},{"not_picked":["Shade:FleshLikeOak","Shade:FeralStrike"],"picked":"Shade:OpenGraves+1","floor":22},{"not_picked":["Shade:GreaterAnimation","Shade:PotionOfRestlessness","Shade:Premonition+1"],"picked":"SKIP","floor":23},{"not_picked":["Shade:BoneShards","Shade:Bonestorm+1"],"picked":"Shade:WallOfFlesh","floor":25},{"not_picked":["Shade:ClawBack","Shade:UnbarTheGrave"],"picked":"Shade:SpectralStrikes","floor":29},{"not_picked":["Shade:GraveStillness","Shade:SoulPierce"],"picked":"Shade:WallOfFlesh+1","floor":30},{"not_picked":["Shade:FingerOfDeath","Shade:Excise"],"picked":"Shade:BoneShards","floor":31},{"not_picked":["Shade:Tombstone","Shade:SoulPierce"],"picked":"Shade:Putrefaction","floor":33},{"not_picked":["Shade:CommandSoldier","Shade:Frenzy"],"picked":"Shade:FreshBones+1","floor":35},{"not_picked":["Shade:FeralStrike","Shade:SkeletonHug"],"picked":"Shade:CloudOfShrapnel","floor":37},{"not_picked":["Shade:AncientSpear","Shade:Trample+1","Shade:Brains"],"picked":"SKIP","floor":38},{"not_picked":["Shade:LyeBath","Shade:GoDigging","Shade:Trample+1"],"picked":"SKIP","floor":39}],"player_experience":2788112,"relics_obtained":[{"floor":6,"key":"Chameleon Ring"},{"floor":9,"key":"Replay:Bottled Eggs"},{"floor":12,"key":"Lantern"},{"floor":23,"key":"construct:FoamFinger"},{"floor":26,"key":"Pondfish Scales"},{"floor":27,"key":"Red Mask"},{"floor":30,"key":"Toy Ornithopter"}],"event_choices":[{"damage_healed":0,"gold_gain":0,"player_choice":"Upgraded","damage_taken":0,"max_hp_gain":0,"max_hp_loss":0,"event_name":"Upgrade Shrine","floor":2,"gold_loss":0,"cards_upgraded":["Shade:Bonestorm"]},{"cards_removed":["Shade:Defend_Shade"],"damage_healed":0,"gold_gain":0,"player_choice":"Gave Gold","damage_taken":0,"max_hp_gain":0,"max_hp_loss":0,"event_name":"Beggar","floor":21,"gold_loss":75},{"damage_healed":0,"gold_gain":0,"player_choice":"Fought Bandits","damage_taken":0,"max_hp_gain":0,"max_hp_loss":0,"event_name":"Masked Bandits","floor":27,"gold_loss":0},{"damage_healed":0,"gold_gain":0,"cards_transformed":["Shade:CarefulCut"],"player_choice":"Transformed","damage_taken":0,"max_hp_gain":0,"max_hp_loss":0,"event_name":"Transmorgrifier","floor":36,"gold_loss":0,"cards_obtained":["Shade:RitualOffering"]}],"is_beta":false,"boss_relics":[{"not_picked":["Replay:Bronze Core","Tiny House"],"picked":"Shade:YorickPolishedSkull"},{"not_picked":["aspiration:SecretTechniqueScroll","Runic Pyramid"],"picked":"hubris:ScarierMask"}],"items_purged_floors":[],"is_endless":false,"potions_floor_spawned":[3,6,8,10,16,18,22,23,27,33,37,38],"killed_by":"Nemesis","ascension_level":4}}