{"host":"Squid","time":1607629063,"event":{"mods":["BaseMod","StSLib","Minty Spire (QoL Compilation)"],"gold_per_floor":[119,135,150,150,61,61,86,86,113,123,133,145,161,193,193,290,290,309,65,82,82,94,94,123,123,123,123,10,36,36,36,36,140,140,155,0,10,60,60,86,86,105,105,130,130,1,20,52,52,52,52,52,52,84,84],"floor_reached":56,"playtime":3217,"items_purged":["Strike_G"],"score":1953,"play_id":"1fe74017-3aff-4cd6-8cf9-0c93048e4116","local_time":"20201210143743","is_ascension_mode":true,"campfire_choices":[{"data":"Noxious Fumes","floor":6.0,"key":"SMITH"},{"data":"Neutralize","floor":8.0,"key":"SMITH"},{"data":"Footwork","floor":15.0,"key":"SMITH"},{"data":"Wraith Form v2","floor":23.0,"key":"SMITH"},{"floor":25.0,"key":"REST"},{"data":"Prepared","floor":27.0,"key":"SMITH"},{"data":"Catalyst","floor":32.0,"key":"SMITH"},{"floor":41.0,"key":"REST"},{"floor":45,"key":"REST"},{"floor":49,"key":"RECALL"},{"data":"PiercingWail","floor":52,"key":"SMITH"}],"circlet_count":0,"master_deck":["AscendersBane","Strike_G","Strike_G","Defend_G","Defend_G","Defend_G","Defend_G","Defend_G","Survivor","Neutralize+1","Bane","Dash","Endless Agony","Noxious Fumes+1","PanicButton","Blur","Sucker Punch","Deadly Poison","Footwork+1","Blur","Deadly Poison","Wraith Form v2+1","PiercingWail+1","Good Instincts","Catalyst+1","Prepared+1","Noxious Fumes+1","Shame","Bullet Time","Dodge and Roll","Dodge and Roll","Caltrops+1","Blur","PiercingWail","Footwork+1","Backflip"],"special_seed":0,"relics":["Ring of the Snake","Oddly Smooth Stone","Bronze Scales","Ancient Tea Set","Runic Pyramid","OrangePellets","Frozen Egg 2","Bird Faced Urn","Tingsha","Happy Flower","Mummified Hand","Philosopher\u0027s Stone","Red Mask","Turnip","Bottled Tornado","Juzu Bracelet","Gambling Chip"],"acts_visited":["Exordium","TheCity","TheBeyond","TheEnding"],"potions_floor_usage":[],"damage_taken":[{"damage":4.0,"enemies":"Jaw Worm","floor":1.0,"turns":6.0},{"damage":0.0,"enemies":"2 Louse","floor":2.0,"turns":3.0},{"damage":3.0,"enemies":"Small Slimes","floor":3.0,"turns":3.0},{"damage":18.0,"enemies":"Lagavulin","floor":7.0,"turns":7.0},{"damage":0.0,"enemies":"Blue Slaver","floor":10.0,"turns":3.0},{"damage":0.0,"enemies":"2 Fungi Beasts","floor":11.0,"turns":4.0},{"damage":0.0,"enemies":"Looter","floor":12.0,"turns":2.0},{"damage":8.0,"enemies":"Lots of Slimes","floor":13.0,"turns":4.0},{"damage":1.0,"enemies":"3 Sentries","floor":14.0,"turns":6.0},{"damage":17.0,"enemies":"Slime Boss","floor":16.0,"turns":12.0},{"damage":1.0,"enemies":"3 Byrds","floor":18.0,"turns":3.0},{"damage":5.0,"enemies":"Spheric Guardian","floor":20.0,"turns":8.0},{"damage":9.0,"enemies":"3 Cultists","floor":22.0,"turns":9.0},{"damage":8.0,"enemies":"Slavers","floor":24.0,"turns":6.0},{"damage":8.0,"enemies":"Gremlin Leader","floor":29.0,"turns":7.0},{"damage":10.0,"enemies":"Automaton","floor":33.0,"turns":9.0},{"damage":7.0,"enemies":"Orb Walker","floor":35.0,"turns":3.0},{"damage":0.0,"enemies":"3 Shapes","floor":37.0,"turns":7.0},{"damage":0.0,"enemies":"Mind Bloom Boss Battle","floor":38.0,"turns":6.0},{"damage":61.0,"enemies":"Reptomancer","floor":40.0,"turns":7.0},{"damage":3.0,"enemies":"Spire Growth","floor":42.0,"turns":6.0},{"damage":0,"enemies":"Nemesis","floor":44,"turns":7},{"damage":19,"enemies":"Transient","floor":47,"turns":5},{"damage":0,"enemies":"Reptomancer","floor":48,"turns":6},{"damage":13,"enemies":"Awakened One","floor":50,"turns":16},{"damage":8,"enemies":"Shield and Spear","floor":54,"turns":8},{"damage":20,"enemies":"The Heart","floor":55,"turns":11}],"seed_played":"-2977682753705614649","potions_obtained":[{"floor":2.0,"key":"FearPotion"},{"floor":3.0,"key":"FearPotion"},{"floor":11.0,"key":"SteroidPotion"},{"floor":16.0,"key":"Poison Potion"},{"floor":22.0,"key":"Weak Potion"},{"floor":29.0,"key":"FairyPotion"},{"floor":40.0,"key":"DuplicationPotion"}],"is_trial":false,"path_per_floor":["M","M","M","?","$","R","E","R","T","M","M","M","M","E","R","B",null,"M","$","M","?","M","R","E","R","T","R","$","E","?","T","R","B",null,"M","?","M","?","?","E","R","M","T","E","R","$","M","E","R","B",null,"R","$","E","B",null],"character_chosen":"THE_SILENT","items_purchased":["PanicButton","OrangePellets","Good Instincts","Noxious Fumes+1","Blur","PiercingWail"],"campfire_rested":3,"item_purchase_floors":[5,19,19,28,46,46],"current_hp_per_floor":[59,59,56,61,61,61,43,43,43,43,43,43,35,34,34,17,61,60,60,55,41,32,32,24,48,48,48,48,46,46,46,46,42,71,68,68,74,80,80,23,47,52,52,60,80,80,63,73,73,72,78,78,78,76,66],"gold":84,"neow_bonus":"TRANSFORM_CARD","is_daily":false,"chose_seed":false,"campfire_upgraded":7,"win_rate":0,"timestamp":1607629063,"path_taken":["M","M","M","?","$","R","E","R","T","M","M","M","M","E","R","BOSS","M","$","M","?","M","R","E","R","T","R","$","E","?","?","R","BOSS","M","?","M","?","?","E","R","M","T","E","R","$","M","E","R","BOSS","R","$","E","BOSS"],"build_version":"2020-12-07","purchased_purges":1,"victory":true,"max_hp_per_floor":[70,70,70,75,75,75,75,75,75,75,75,75,75,75,75,75,75,75,75,75,80,80,80,80,80,80,80,80,80,80,80,80,80,80,80,80,80,80,80,80,80,80,80,80,80,80,80,80,80,80,80,80,80,80,80],"card_choices":[{"not_picked":["Dagger Throw","Skewer"],"picked":"Dash","floor":1.0},{"not_picked":["Accuracy","Quick Slash"],"picked":"Endless Agony","floor":2.0},{"not_picked":["Flying Knee","Backstab"],"picked":"Noxious Fumes","floor":3.0},{"not_picked":["Dodge and Roll","Sucker Punch"],"picked":"Blur","floor":7.0},{"not_picked":["Backflip","Dodge and Roll"],"picked":"Sucker Punch","floor":10.0},{"not_picked":["Flying Knee","Distraction"],"picked":"Deadly Poison","floor":11.0},{"not_picked":["Outmaneuver","Crippling Poison"],"picked":"Footwork","floor":12.0},{"not_picked":["Bane","Outmaneuver"],"picked":"Blur","floor":13.0},{"not_picked":["Deflect","Eviscerate"],"picked":"Deadly Poison","floor":14.0},{"not_picked":["Malaise","Doppelganger"],"picked":"Wraith Form v2","floor":16.0},{"not_picked":["Bouncing Flask","Prepared"],"picked":"PiercingWail","floor":18.0},{"not_picked":["Deadly Poison","Blur","Backstab"],"picked":"SKIP","floor":20.0},{"not_picked":["Quick Slash","Eviscerate"],"picked":"Catalyst","floor":22.0},{"not_picked":["Backflip","Dagger Spray"],"picked":"Prepared","floor":24.0},{"not_picked":["Grand Finale","Reflex+1","Deflect"],"picked":"SKIP","floor":29.0},{"not_picked":["A Thousand Cuts+1","Phantasmal Killer"],"picked":"Bullet Time","floor":33.0},{"not_picked":["Well Laid Plans+1","Dagger Spray+1"],"picked":"Dodge and Roll","floor":35.0},{"not_picked":["Sucker Punch+1","Dagger Spray","Acrobatics"],"picked":"SKIP","floor":37.0},{"not_picked":["Dodge and Roll","Infinite Blades+1","Escape Plan"],"picked":"SKIP","floor":40.0},{"not_picked":["Infinite Blades+1","Escape Plan"],"picked":"Dodge and Roll","floor":40.0},{"not_picked":["Sucker Punch","Flechettes"],"picked":"Caltrops+1","floor":42.0},{"not_picked":["Flying Knee","Riddle With Holes+1","Skewer"],"picked":"SKIP","floor":44},{"not_picked":["Quick Slash","Underhanded Strike+1","Storm of Steel"],"picked":"SKIP","floor":47},{"not_picked":["Corpse Explosion","Blur+1"],"picked":"Footwork+1","floor":48},{"not_picked":["Dagger Spray+1","Choke"],"picked":"Backflip","floor":54}],"player_experience":825480,"relics_obtained":[{"floor":7.0,"key":"Oddly Smooth Stone"},{"floor":9.0,"key":"Bronze Scales"},{"floor":14.0,"key":"Ancient Tea Set"},{"floor":24.0,"key":"Frozen Egg 2"},{"floor":26.0,"key":"Bird Faced Urn"},{"floor":29.0,"key":"Tingsha"},{"floor":31.0,"key":"Mummified Hand"},{"floor":38.0,"key":"Turnip"},{"floor":40.0,"key":"Bottled Tornado"},{"floor":44,"key":"Juzu Bracelet"},{"floor":48,"key":"Gambling Chip"}],"event_choices":[{"damage_healed":0.0,"max_hp_gain":5.0,"max_hp_loss":0.0,"gold_gain":0.0,"event_name":"Big Fish","player_choice":"Donut","floor":4.0,"gold_loss":0.0,"damage_taken":0.0},{"damage_healed":0.0,"max_hp_gain":5.0,"max_hp_loss":0.0,"gold_gain":0.0,"event_name":"Forgotten Altar","player_choice":"Shed Blood","floor":21.0,"gold_loss":0.0,"damage_taken":19.0},{"damage_healed":0.0,"max_hp_gain":0.0,"max_hp_loss":0.0,"gold_gain":0.0,"event_name":"Addict","player_choice":"Stole Relic","floor":30.0,"gold_loss":0.0,"damage_taken":0.0,"relics_obtained":["Happy Flower"],"cards_obtained":["Shame"]},{"damage_healed":0.0,"max_hp_gain":0.0,"max_hp_loss":0.0,"gold_gain":0.0,"event_name":"Tomb of Lord Red Mask","player_choice":"Paid","floor":36.0,"gold_loss":155.0,"damage_taken":0.0,"relics_obtained":["Red Mask"]},{"damage_healed":0.0,"max_hp_gain":0.0,"max_hp_loss":0.0,"gold_gain":0.0,"event_name":"MindBloom","player_choice":"Fight","floor":38.0,"gold_loss":0.0,"damage_taken":0.0},{"cards_removed":["Strike_G"],"damage_healed":0.0,"max_hp_gain":0.0,"max_hp_loss":0.0,"gold_gain":0.0,"event_name":"Falling","player_choice":"Removed Attack","floor":39.0,"gold_loss":0.0,"damage_taken":0.0}],"is_beta":true,"boss_relics":[{"not_picked":["WristBlade","Fusion Hammer"],"picked":"Runic Pyramid"},{"not_picked":["Tiny House","SacredBark"],"picked":"Philosopher\u0027s Stone"}],"items_purged_floors":[28],"is_endless":false,"potions_floor_spawned":[2,3,11,13,16,18,22,29,40,47,48],"ascension_level":12}}