{"host":"cijwx898anu8dehj","time":1607570224,"event":{"gold_per_floor":[110,122,122,24,24,54,54,84,84,84,103,116,127,156,156,251,251,268,193,212,212,311,342,342,342,369,35,46,46,75,87,87,186,186,206,59,59,70,70,70,98,98,98,112,132,163,213,26,26,26],"floor_reached":51,"playtime":3715,"items_purged":["Regret","Strike_G","Defend_G","Defend_G"],"score":1128,"play_id":"b8b27738-4a21-494c-b89a-d402a4124e11","local_time":"20201210011704","is_ascension_mode":true,"campfire_choices":[{"floor":7.0,"key":"REST"},{"floor":10.0,"key":"REST"},{"data":"Accuracy","floor":15.0,"key":"SMITH"},{"floor":25.0,"key":"REST"},{"floor":29.0,"key":"REST"},{"data":"Neutralize","floor":32.0,"key":"SMITH"},{"data":"A Thousand Cuts","floor":40.0,"key":"SMITH"},{"data":"Footwork","floor":42.0,"key":"SMITH"},{"data":"Leg Sweep","floor":49.0,"key":"SMITH"}],"neow_cost":"NONE","seed_source_timestamp":230022025268852,"circlet_count":0,"master_deck":["Strike_G","Defend_G","Defend_G","Survivor","Neutralize+1","Sucker Punch","Blade Dance","Backflip","Blade Dance","Accuracy+1","Leg Sweep+1","Predator","After Image","Dagger Spray+1","Deflect","Footwork+1","Clumsy","Infinite Blades","All Out Attack+1","Flying Knee+1","Venomology","Blade Dance","Slice","Acrobatics","Deflect+1","PiercingWail","A Thousand Cuts+1","Malaise","Deflect+1","Noxious Fumes+1","Blade Dance+1","Accuracy"],"special_seed":0,"relics":["Cursed Key","Art of War","Vajra","Gambling Chip","Snake Skull","Runic Pyramid","Sundial","Mummified Hand","Boot","Happy Flower","Tough Bandages","Empty Cage","Peace Pipe","MealTicket","Torii"],"potions_floor_usage":[50,50,50,50,50,50],"damage_taken":[{"damage":0.0,"enemies":"Small Slimes","floor":1.0,"turns":5.0},{"damage":4.0,"enemies":"Jaw Worm","floor":2.0,"turns":4.0},{"damage":40.0,"enemies":"Lagavulin","floor":6.0,"turns":9.0},{"damage":7.0,"enemies":"3 Sentries","floor":8.0,"turns":7.0},{"damage":0.0,"enemies":"Cultist","floor":11.0,"turns":3.0},{"damage":3.0,"enemies":"Blue Slaver","floor":12.0,"turns":2.0},{"damage":0.0,"enemies":"Large Slime","floor":13.0,"turns":2.0},{"damage":2.0,"enemies":"Lagavulin","floor":14.0,"turns":5.0},{"damage":13.0,"enemies":"Slime Boss","floor":16.0,"turns":7.0},{"damage":5.0,"enemies":"Spheric Guardian","floor":18.0,"turns":6.0},{"damage":9.0,"enemies":"2 Thieves","floor":20.0,"turns":4.0},{"damage":22.0,"enemies":"Slavers","floor":23.0,"turns":6.0},{"damage":0.0,"enemies":"Chosen and Byrds","floor":28.0,"turns":6.0},{"damage":0.0,"enemies":"Gremlin Leader","floor":30.0,"turns":6.0},{"damage":0.0,"enemies":"3 Cultists","floor":31.0,"turns":4.0},{"damage":9.0,"enemies":"Collector","floor":33.0,"turns":9.0},{"damage":0.0,"enemies":"3 Darklings","floor":35.0,"turns":5.0},{"damage":0.0,"enemies":"3 Shapes","floor":38.0,"turns":5.0},{"damage":12.0,"enemies":"Nemesis","floor":41.0,"turns":4.0},{"damage":0.0,"enemies":"3 Darklings","floor":44.0,"turns":4.0},{"damage":0.0,"enemies":"Transient","floor":45.0,"turns":5.0},{"damage":0.0,"enemies":"Reptomancer","floor":46.0,"turns":6.0},{"damage":0.0,"enemies":"Mind Bloom Boss Battle","floor":47.0,"turns":3.0},{"damage":47,"enemies":"Donu and Deca","floor":50,"turns":6}],"seed_played":"8162136676512141214","potions_obtained":[{"floor":6.0,"key":"Fire Potion"},{"floor":12.0,"key":"Explosive Potion"},{"floor":13.0,"key":"SneckoOil"},{"floor":14.0,"key":"GamblersBrew"},{"floor":28.0,"key":"AttackPotion"},{"floor":30.0,"key":"SteroidPotion"},{"floor":31.0,"key":"EntropicBrew"},{"floor":35.0,"key":"SneckoOil"},{"floor":45.0,"key":"CultistPotion"}],"is_trial":false,"path_per_floor":["M","M","?","$","?","E","R","E","T","R","M","M","M","E","R","B",null,"M","?","M","?","?","E","?","R","T","$","M","R","E","M","R","B",null,"M","$","?","M","?","R","E","R","T","M","M","E","?","$","R","B",null],"character_chosen":"THE_SILENT","items_purchased":["Backflip","Happy Flower","Infinite Blades","Slice","Accuracy"],"campfire_rested":4,"item_purchase_floors":[4,27,27,36,48],"current_hp_per_floor":[63,59,59,59,70,30,51,44,44,65,65,62,62,60,60,47,64,59,59,50,50,50,28,28,49,49,49,49,70,70,70,70,61,68,68,68,68,68,68,68,56,56,56,56,56,56,56,70,70,23],"gold":26,"neow_bonus":"BOSS_RELIC","is_prod":false,"is_daily":false,"chose_seed":false,"campfire_upgraded":5,"win_rate":0,"timestamp":1607570224,"path_taken":["M","M","?","$","?","E","R","E","T","R","M","?","M","E","R","BOSS","M","?","M","?","?","E","?","R","T","$","M","R","E","M","R","BOSS","M","$","?","?","?","R","E","R","T","M","?","E","?","?","R","BOSS"],"build_version":"2020-11-30","purchased_purges":4,"victory":true,"max_hp_per_floor":[70,70,70,70,70,70,70,70,70,70,70,70,70,70,70,70,70,70,70,70,70,70,70,70,70,70,70,70,70,70,70,70,70,70,70,70,70,70,70,70,70,70,70,70,70,70,70,70,70,70],"relic_stats":{"Happy Flower":[21],"Torii":4,"counters":[24,123],"Snake Skull":[1],"Cursed Key":1,"Boot":[31],"Peace Pipe":0,"Tough Bandages":[126],"Sundial":[6],"Mummified Hand":[62],"Gambling Chip":[32],"MealTicket":14,"Art of War":[5],"obtain_stats":[{"Happy Flower":27,"Torii":47,"Vajra":6,"Snake Skull":14,"Cursed Key":0,"Boot":26,"Empty Cage":34,"Peace Pipe":41,"Tough Bandages":30,"Sundial":21,"Mummified Hand":23,"Gambling Chip":8,"MealTicket":46,"Art of War":3,"Ring of the Snake":0,"Runic Pyramid":17},{"Happy Flower":12,"Torii":23,"Vajra":3,"Snake Skull":8,"Cursed Key":0,"Boot":12,"Empty Cage":16,"Peace Pipe":19,"Tough Bandages":14,"Sundial":11,"Mummified Hand":12,"Gambling Chip":4,"MealTicket":22,"Art of War":2,"Ring of the Snake":0,"Runic Pyramid":9},{"Happy Flower":60,"Torii":117,"Vajra":18,"Snake Skull":37,"Cursed Key":0,"Boot":60,"Empty Cage":85,"Peace Pipe":99,"Tough Bandages":72,"Sundial":54,"Mummified Hand":60,"Gambling Chip":25,"MealTicket":114,"Art of War":9,"Ring of the Snake":0,"Runic Pyramid":44}]},"card_choices":[{"not_picked":["PiercingWail","Acrobatics"],"picked":"Sucker Punch","floor":1.0},{"not_picked":["Prepared","PiercingWail"],"picked":"Blade Dance","floor":2.0},{"not_picked":["Poisoned Stab","Dodge and Roll"],"picked":"Blade Dance","floor":6.0},{"not_picked":["Calculated Gamble","Bouncing Flask","Flechettes"],"picked":"SKIP","floor":8.0},{"not_picked":["Slice","Crippling Poison"],"picked":"Accuracy","floor":11.0},{"not_picked":["Slice","Grand Finale","Deadly Poison"],"picked":"SKIP","floor":12.0},{"not_picked":["Underhanded Strike","Distraction"],"picked":"Leg Sweep","floor":13.0},{"not_picked":["Dagger Throw","Calculated Gamble"],"picked":"Predator","floor":14.0},{"not_picked":["Storm of Steel","Corpse Explosion"],"picked":"After Image","floor":16.0},{"not_picked":["Slice","Blade Dance"],"picked":"Dagger Spray+1","floor":18.0},{"not_picked":["Slice","Flechettes"],"picked":"Deflect","floor":20.0},{"not_picked":["Terror","Masterful Stab"],"picked":"Footwork","floor":23.0},{"not_picked":["Outmaneuver","Underhanded Strike","Deflect"],"picked":"SKIP","floor":28.0},{"not_picked":["PiercingWail","Prepared"],"picked":"All Out Attack+1","floor":30.0},{"not_picked":["Deflect","Catalyst"],"picked":"Flying Knee+1","floor":31.0},{"not_picked":["Malaise","Bullet Time"],"picked":"Venomology","floor":33.0},{"not_picked":["Slice","Poisoned Stab"],"picked":"Blade Dance","floor":35.0},{"not_picked":["Skewer","Well Laid Plans"],"picked":"Deflect+1","floor":38.0},{"not_picked":["Dagger Spray","Dodge and Roll+1"],"picked":"Malaise","floor":41.0},{"not_picked":["Blade Dance","Eviscerate"],"picked":"Deflect+1","floor":44.0},{"not_picked":["Backflip","Setup","Deadly Poison"],"picked":"SKIP","floor":45.0},{"not_picked":["Prepared","Corpse Explosion"],"picked":"Noxious Fumes+1","floor":46.0},{"not_picked":["Deflect","Prepared"],"picked":"Blade Dance+1","floor":47.0}],"player_experience":896698,"relics_obtained":[{"floor":6.0,"key":"Vajra"},{"floor":8.0,"key":"Gambling Chip"},{"floor":14.0,"key":"Snake Skull"},{"floor":23.0,"key":"Mummified Hand"},{"floor":26.0,"key":"Boot"},{"floor":30.0,"key":"Tough Bandages"},{"floor":41.0,"key":"Peace Pipe"},{"floor":46.0,"key":"MealTicket"},{"floor":47.0,"key":"Torii"}],"event_choices":[{"damage_healed":0.0,"max_hp_gain":0.0,"max_hp_loss":0.0,"gold_gain":0.0,"event_name":"Big Fish","player_choice":"Box","floor":3.0,"gold_loss":0.0,"damage_taken":0.0,"relics_obtained":["Art of War"],"cards_obtained":["Regret"]},{"damage_healed":11.0,"max_hp_gain":0.0,"max_hp_loss":0.0,"gold_gain":0.0,"event_name":"Wheel of Change","player_choice":"Full Heal","floor":5.0,"gold_loss":0.0,"damage_taken":0.0},{"cards_removed":["Strike_G"],"damage_healed":0.0,"max_hp_gain":0.0,"max_hp_loss":0.0,"gold_gain":0.0,"event_name":"Beggar","player_choice":"Gave Gold","floor":19.0,"gold_loss":75.0,"damage_taken":0.0},{"damage_healed":0.0,"max_hp_gain":0.0,"max_hp_loss":0.0,"gold_gain":0.0,"event_name":"The Mausoleum","player_choice":"Opened","floor":21.0,"gold_loss":0.0,"damage_taken":0.0,"relics_obtained":["Sundial"]},{"damage_healed":0.0,"max_hp_gain":0.0,"max_hp_loss":0.0,"gold_gain":99.0,"event_name":"Nest","player_choice":"Stole From Cult","floor":22.0,"gold_loss":0.0,"damage_taken":0.0},{"damage_healed":0.0,"max_hp_gain":0.0,"max_hp_loss":0.0,"gold_gain":0.0,"event_name":"Vampires","player_choice":"Ignored","floor":24.0,"gold_loss":0.0,"damage_taken":0.0},{"damage_healed":0.0,"max_hp_gain":0.0,"max_hp_loss":0.0,"gold_gain":0.0,"cards_transformed":["Strike_G"],"event_name":"Transmorgrifier","player_choice":"Transformed","floor":37.0,"gold_loss":0.0,"damage_taken":0.0,"cards_obtained":["Acrobatics"]},{"damage_healed":0.0,"max_hp_gain":0.0,"max_hp_loss":0.0,"gold_gain":0.0,"event_name":"Match and Keep!","player_choice":"2 cards matched","floor":39.0,"gold_loss":0.0,"damage_taken":0.0,"cards_obtained":["PiercingWail","A Thousand Cuts"]},{"damage_healed":0.0,"max_hp_gain":0.0,"max_hp_loss":0.0,"gold_gain":0.0,"event_name":"MindBloom","player_choice":"Fight","floor":47.0,"gold_loss":0.0,"damage_taken":0.0}],"is_beta":false,"boss_relics":[{"not_picked":["Ectoplasm","Sozu"],"picked":"Runic Pyramid"},{"not_picked":["Coffee Dripper","Philosopher\u0027s Stone"],"picked":"Empty Cage"}],"items_purged_floors":[4,27,36,48],"is_endless":false,"potions_floor_spawned":[6,12,13,14,28,30,31,33,35,44,45],"ascension_level":9}}