{"host":"z26j60ycepuqi9th","time":1607620589,"event":{"mods":["BaseMod","StSLib","Highlight Path","Card Forge","Card Filter","Permanent Neow","Quick Restart","篝火指南","Relic Stats","MostiFishMod","Spicy Shops","SuperFastMode","DeckTracker","Minty Spire (QoL Compilation)","Friendly Minions","TestMod","Act Like it!","CapriCore","Dota2Spire","【遗物卡牌】REMEMod","Shop Mod","The Dragon Tamer","TheWitcher","[地精首领爬塔]The Maniac","Mari\u0027s V1 Patch","Mari Mod (Legacy)","The Alterego"],"gold_per_floor":[111,261,261,40,51,76,96,127,180,218,237,271,271,289,289,375,375,392,408,430,454,472,517,517,375,422,456,456,493,521,436,436,544,544,576,976,998,1035,1035,1097,560,615,663,721,721,355,382,416,416,470,470,315,1,53,89],"floor_reached":56,"playtime":2056,"items_purged":["Doubt","Strike_G","Strike_G","Strike_G","Strike_G","Strike_G","Survivor","Neutralize"],"score":2636,"play_id":"84f9ef71-27a1-4756-a28d-4ac8e56789cb","local_time":"20201211011629","is_ascension_mode":true,"campfire_choices":[{"data":"testmod-EternalityOfKhronos","floor":15,"key":"SMITH"},{"data":"Discovery","floor":24,"key":"SMITH"},{"data":"MostiFishMod:Neurotoxin","floor":32,"key":"SMITH"},{"floor":45,"key":"RECALL"},{"data":"REME_ACTH","floor":49,"key":"SMITH"}],"circlet_count":0,"master_deck":["AscendersBane","Defend_G","Defend_G","Defend_G","Defend_G+1","Defend_G","Neutralize","testmod-EternalityOfKhronos+1","Escape Plan+1","Discovery+1","MostiFishMod:ReprogramOld","SnafuTest:BombNorthernWind","MostiFishMod:Neurotoxin+1","REME_ACTH+1","Backflip","Footwork+1","Escape Plan","Footwork+1"],"relics":["Ring of the Snake","Hammer of Thor","Seething Fire","Anvil of the Gods","testmod-TestBox","REME_ComplimentaryCards","testmod-ObsoleteBoomerang","GreenFoldingFan","Question Card","PrismaticShard","Pear","Dota2Spire:LotusOrb","testmod-Acrobat","War Paint","Odd Mushroom","ImportantClient","testmod-Fanaticism","Matryoshka","Dota2Spire:ShadowBlade","Question Card","Juzu Bracelet","Dota2Spire:MaskOfMadness","testmod-TheFather","REME_PuzzleBoxRelic","Black Star","Mercury Hourglass","Dota2Spire:ArmletOfMordiggian","Membership Card","testmod-TurbochargingSystem","testmod-Maize","Frozen Egg 2","Dota2Spire:Satanic","Dota2Spire:DrumOfEndurance","Happy Flower","Dota2Spire:Desolator","DaCapo","Snake Skull","testmod-IndustrialRevolution","Dota2Spire:BattleFury"],"acts_visited":["Exordium","TheCity","TheBeyond","TheEnding"],"potions_floor_usage":[],"damage_taken":[{"damage":4,"enemies":"Small Slimes","floor":1,"turns":2},{"damage":4,"enemies":"2 Louse","floor":5,"turns":2},{"damage":42,"enemies":"3 Sentries","floor":6,"turns":11},{"damage":6,"enemies":"Cultist","floor":7,"turns":3},{"damage":6,"enemies":"Gremlin Nob","floor":8,"turns":3},{"damage":13,"enemies":"Lagavulin","floor":10,"turns":4},{"damage":4,"enemies":"Blue Slaver","floor":11,"turns":2},{"damage":10,"enemies":"The Mushroom Lair","floor":12,"turns":3},{"damage":13,"enemies":"Gremlin Gang","floor":14,"turns":3},{"damage":26,"enemies":"Slime Boss","floor":16,"turns":7},{"damage":8,"enemies":"Spheric Guardian","floor":18,"turns":4},{"damage":26,"enemies":"Shell Parasite","floor":19,"turns":3},{"damage":6,"enemies":"Snake Plant","floor":20,"turns":3},{"damage":34,"enemies":"Centurion and Healer","floor":21,"turns":6},{"damage":23,"enemies":"Cultist and Chosen","floor":22,"turns":5},{"damage":12,"enemies":"Gremlin Leader","floor":23,"turns":6},{"damage":23,"enemies":"Book of Stabbing","floor":27,"turns":4},{"damage":8,"enemies":"Gremlin Leader","floor":29,"turns":4},{"damage":20,"enemies":"Snake Plant","floor":30,"turns":3},{"damage":44,"enemies":"Champ","floor":33,"turns":4},{"damage":4,"enemies":"3 Shapes","floor":35,"turns":2},{"damage":20,"enemies":"Orb Walker","floor":37,"turns":2},{"damage":7,"enemies":"Maw","floor":38,"turns":4},{"damage":15,"enemies":"Reptomancer","floor":40,"turns":4},{"damage":19,"enemies":"Giant Head","floor":42,"turns":4},{"damage":4,"enemies":"Reptomancer","floor":44,"turns":2},{"damage":9,"enemies":"4 Shapes","floor":47,"turns":1},{"damage":4,"enemies":"Mind Bloom Boss Battle","floor":48,"turns":2},{"damage":9,"enemies":"Awakened One","floor":50,"turns":7},{"damage":4,"enemies":"Shield and Spear","floor":54,"turns":2},{"damage":13,"enemies":"The Heart","floor":55,"turns":4}],"seed_played":"3915625753044794548","potions_obtained":[{"floor":1,"key":"Energy Potion"},{"floor":6,"key":"FearPotion"}],"is_trial":false,"path_per_floor":["M","?","?","$","M","E","M","E","T","E","M","?","?","M","R","B",null,"M","M","M","M","M","E","R","$","T","E","?","E","M","?","R","B",null,"M","?","M","M","?","E","R","E","T","E","R","$","M","?","R","B",null,"R","$","E","B",null],"character_chosen":"THE_SILENT","items_purchased":["Discovery","Dota2Spire:ShadowBlade","Membership Card","testmod-TurbochargingSystem","testmod-Maize","Backflip","Dota2Spire:Desolator","Footwork+1","Snake Skull","Escape Plan","Footwork+1"],"campfire_rested":0,"item_purchase_floors":[4,25,41,41,41,46,46,52,53,53,53],"current_hp_per_floor":[65,65,65,65,66,44,48,52,52,49,55,55,55,52,52,36,66,68,64,68,76,64,70,70,70,70,76,76,76,67,67,67,76,76,76,76,76,76,72,67,67,72,72,72,72,72,72,72,72,72,72,72,72,72,72],"gold":89,"neow_bonus":"THREE_CARDS","is_daily":false,"chose_seed":false,"campfire_upgraded":4,"win_rate":0,"timestamp":1607620589,"path_taken":["M","?","?","$","M","E","M","E","T","E","M","?","?","M","R","BOSS","M","M","?","M","M","E","R","$","T","E","?","E","M","?","R","BOSS","M","?","M","M","?","E","R","E","T","E","R","$","M","?","R","BOSS","R","$","E","BOSS"],"build_version":"2020-11-30","purchased_purges":8,"victory":true,"max_hp_per_floor":[66,66,66,66,66,76,76,76,76,76,76,76,76,76,76,76,76,76,76,76,76,76,76,76,76,76,76,76,76,76,76,76,76,76,76,76,76,76,72,72,72,72,72,72,72,72,72,72,72,72,72,72,72,72,72],"relic_stats":{"Happy Flower":[5],"counters":[31,113],"Snake Skull":[36],"Juzu Bracelet":1,"Black Star":4,"War Paint":["Defend_G","Escape Plan"],"Question Card":41,"obtain_stats":[{"Dota2Spire:MaskOfMadness":27,"DaveBox":0,"Dota2Spire:ArmletOfMordiggian":40,"Dota2Spire:DrumOfEndurance":43,"Hammer of Thor":0,"Dota2Spire:ShadowBlade":25,"Snake Skull":53,"Juzu Bracelet":26,"PrismaticShard":1,"Dota2Spire:LotusOrb":8,"GreenFoldingFan":0,"testmod-Fanaticism":17,"Dota2Spire:Satanic":42,"Matryoshka":23,"testmod-ObsoleteBoomerang":0,"testmod-TheFather":29,"DaCapo":48,"Ring of the Snake":0,"ImportantClient":16,"testmod-Maize":41,"testmod-TestBox":0,"Pear":6,"Happy Flower":44,"Dota2Spire:BattleFury":54,"Seething Fire":0,"testmod-TurbochargingSystem":41,"War Paint":10,"Odd Mushroom":12,"Frozen Egg 2":42,"Question Card":1,"testmod-IndustrialRevolution":54,"Mercury Hourglass":40,"Anvil of the Gods":0,"testmod-Acrobat":9,"Black Star":34,"Membership Card":41,"REME_PuzzleBoxRelic":31,"REME_ComplimentaryCards":0,"Dota2Spire:Desolator":46},{"Dota2Spire:MaskOfMadness":17,"DaveBox":0,"Dota2Spire:ArmletOfMordiggian":24,"Dota2Spire:DrumOfEndurance":25,"Hammer of Thor":0,"Dota2Spire:ShadowBlade":16,"Snake Skull":29,"Juzu Bracelet":16,"PrismaticShard":1,"Dota2Spire:LotusOrb":5,"GreenFoldingFan":0,"testmod-Fanaticism":10,"Dota2Spire:Satanic":25,"Matryoshka":16,"testmod-ObsoleteBoomerang":0,"testmod-TheFather":18,"DaCapo":28,"Ring of the Snake":0,"ImportantClient":10,"testmod-Maize":24,"testmod-TestBox":0,"Pear":3,"Happy Flower":26,"Dota2Spire:BattleFury":30,"Seething Fire":0,"testmod-TurbochargingSystem":24,"War Paint":6,"Odd Mushroom":8,"Frozen Egg 2":25,"Question Card":1,"testmod-IndustrialRevolution":30,"Mercury Hourglass":24,"Anvil of the Gods":0,"testmod-Acrobat":5,"Black Star":20,"Membership Card":24,"REME_PuzzleBoxRelic":19,"REME_ComplimentaryCards":0,"Dota2Spire:Desolator":26},{"Dota2Spire:MaskOfMadness":69,"DaveBox":0,"Dota2Spire:ArmletOfMordiggian":91,"Dota2Spire:DrumOfEndurance":95,"Hammer of Thor":0,"Dota2Spire:ShadowBlade":65,"Snake Skull":107,"Juzu Bracelet":65,"PrismaticShard":2,"Dota2Spire:LotusOrb":21,"GreenFoldingFan":0,"testmod-Fanaticism":40,"Dota2Spire:Satanic":95,"Matryoshka":65,"testmod-ObsoleteBoomerang":0,"testmod-TheFather":73,"DaCapo":100,"Ring of the Snake":0,"ImportantClient":40,"testmod-Maize":91,"testmod-TestBox":0,"Pear":15,"Happy Flower":97,"Dota2Spire:BattleFury":109,"Seething Fire":0,"testmod-TurbochargingSystem":91,"War Paint":25,"Odd Mushroom":30,"Frozen Egg 2":95,"Question Card":2,"testmod-IndustrialRevolution":109,"Mercury Hourglass":91,"Anvil of the Gods":0,"testmod-Acrobat":21,"Black Star":80,"Membership Card":91,"REME_PuzzleBoxRelic":76,"REME_ComplimentaryCards":0,"Dota2Spire:Desolator":97}],"Ring of the Snake":[62],"Mercury Hourglass":[99]},"card_choices":[{"not_picked":["Leg Sweep","Sucker Punch"],"picked":"Escape Plan","floor":1},{"not_picked":["Deadly Poison","Ball Lightning","MariMod:Mari_Sparkle","MariMod:Mari_Old_Costume"],"picked":"SKIP","floor":5},{"not_picked":["alterego_mod:VirginLaserPalladion","Slice","DTMod:FlameSlash","maniac:EndOfTheRoad"],"picked":"SKIP","floor":6},{"not_picked":["Twin Strike","Blizzard","MariMod:Mari_Character_Development","MostiFishMod:ReprogramOld"],"picked":"SKIP","floor":7},{"not_picked":["Twin Strike","Blizzard","MariMod:Mari_Character_Development"],"picked":"MostiFishMod:ReprogramOld","floor":7},{"not_picked":["MariMod:Mari_The_Planisphere","Second Wind","MariMod:Mari_Reckless_Driving","alterego_mod:Support"],"picked":"SKIP","floor":8},{"not_picked":["MariMod:Mari_Expensive_Tastes","maniac:Exterminator","MariMod:Mari_Defiance","DTMod:HeatWave"],"picked":"SKIP","floor":10},{"not_picked":["Conserve Battery","maniac:MeleeStrike","SnafuTest:ShieldUp","Dual Wield"],"picked":"SKIP","floor":11},{"not_picked":["MostiFishMod:Clarity","Quick Slash","alterego_mod:DiscoLights"],"picked":"SnafuTest:BombNorthernWind","floor":12},{"not_picked":["Self Repair","Dagger Throw","SnafuTest:MCPlayGwent","MariMod:Mari_Slap"],"picked":"SKIP","floor":14},{"not_picked":["MostiFishMod:LinkProtocol","MasterReality","Electrodynamics"],"picked":"MostiFishMod:Neurotoxin","floor":16},{"not_picked":["SnafuTest:ShoulderSlam+1","Consecrate","SnafuTest:RecklessBlow","Stack"],"picked":"SKIP","floor":18},{"not_picked":["SnafuTest:BombMoonDust","Thunderclap","SnafuTest:Kick","Rebound"],"picked":"SKIP","floor":19},{"not_picked":["Fasting2","Second Wind","alterego_mod:SakuraPetals+1","Twin Strike+1"],"picked":"SKIP","floor":20},{"not_picked":["REME_Compress","alterego_mod:DeftHands","SnafuTest:FirstAid","DTMod:CrossStep"],"picked":"SKIP","floor":21},{"not_picked":["Auto Shields+1","alterego_mod:Complex","SnafuTest:SignYrden","DTMod:HeatWave"],"picked":"SKIP","floor":22},{"not_picked":["SnafuTest:PowerAlwaysOnRoads","DTMod:LastStand+1","Vengeance","Sweeping Beam"],"picked":"SKIP","floor":23},{"not_picked":["MostiFishMod:FlowState","Heavy Blade+1","alterego_mod:Maid","SnafuTest:ScholarsIntrigue","REME_GreenPollution"],"picked":"SKIP","floor":27},{"not_picked":["DTMod:BurningEnergy+1","Fiend Fire","alterego_mod:Cycle","alterego_mod:DeftHands","Crippling Poison+1"],"picked":"SKIP","floor":29},{"not_picked":["Vengeance","alterego_mod:Bunnysuit","Sword Boomerang","SnafuTest:PowerAlwaysOnRoads","SnafuTest:BombDancingStar"],"picked":"SKIP","floor":30},{"not_picked":["DTMod:Training+1","Consecrate","Aggregate+1","Self Repair+1","alterego_mod:Cooking"],"picked":"SKIP","floor":35},{"not_picked":["testmod-DeathImprint","SnafuTest:BombDevilsPuffball","maniac:DashForward","SnafuTest:BombDimeritium","Conserve Battery"],"picked":"SKIP","floor":37},{"not_picked":["ClearTheMind","Setup","FollowUp","MostiFishMod:Disappear","EmptyBody"],"picked":"SKIP","floor":38},{"not_picked":["alterego_mod:Bounce","FollowUp","SnafuTest:RecklessBlow","SnafuTest:MCMockAndRun","DTMod:ForkedFire"],"picked":"SKIP","floor":40},{"not_picked":["DTMod:BurningEnergy","Acrobatics","TalkToTheHand","testmod-HeadAttack"],"picked":"REME_ACTH","floor":42},{"not_picked":["Double Energy","Footwork+1","Hologram","testmod-Bloodthirsty+1","DTMod:Feint+1"],"picked":"SKIP","floor":44},{"not_picked":["SnafuTest:ShoulderSlam","maniac:Confront+1","DTMod:Weaken+1","MariMod:Mari_Reckless_Driving","maniac:MeleeStrike"],"picked":"SKIP","floor":47},{"not_picked":["maniac:SecretBackups+1","MariMod:Mari_Hug","maniac:Whirlscythe","Fission","MariMod:Mari_Pent_Up_Emotions"],"picked":"SKIP","floor":54}],"player_experience":98278,"relics_obtained":[{"floor":1,"key":"Question Card"},{"floor":1,"key":"PrismaticShard"},{"floor":6,"key":"Pear"},{"floor":8,"key":"Dota2Spire:LotusOrb"},{"floor":9,"key":"testmod-Acrobat"},{"floor":10,"key":"War Paint"},{"floor":12,"key":"Odd Mushroom"},{"floor":16,"key":"ImportantClient"},{"floor":23,"key":"Matryoshka"},{"floor":26,"key":"Question Card"},{"floor":26,"key":"Juzu Bracelet"},{"floor":27,"key":"Dota2Spire:MaskOfMadness"},{"floor":29,"key":"testmod-TheFather"},{"floor":40,"key":"Mercury Hourglass"},{"floor":40,"key":"Dota2Spire:ArmletOfMordiggian"},{"floor":42,"key":"Frozen Egg 2"},{"floor":42,"key":"Dota2Spire:Satanic"},{"floor":43,"key":"Dota2Spire:DrumOfEndurance"},{"floor":44,"key":"Happy Flower"},{"floor":48,"key":"DaCapo"},{"floor":54,"key":"testmod-IndustrialRevolution"},{"floor":54,"key":"Dota2Spire:BattleFury"}],"event_choices":[{"damage_healed":0,"gold_gain":150,"player_choice":"AGREE","damage_taken":0,"max_hp_gain":0,"max_hp_loss":0,"event_name":"Liars Game","floor":2,"gold_loss":0,"cards_obtained":["Doubt"]},{"damage_healed":0,"gold_gain":0,"player_choice":"Ignored","damage_taken":0,"max_hp_gain":0,"max_hp_loss":0,"event_name":"给自己的盒子","floor":3,"gold_loss":0},{"damage_healed":0,"gold_gain":0,"player_choice":"Fought Mushrooms","damage_taken":0,"max_hp_gain":0,"max_hp_loss":0,"event_name":"Mushrooms","floor":12,"gold_loss":0},{"damage_healed":0,"gold_gain":0,"player_choice":"1 cards matched","damage_taken":0,"max_hp_gain":0,"max_hp_loss":0,"event_name":"Match and Keep!","floor":13,"gold_loss":0,"cards_obtained":["Neutralize"]},{"damage_healed":0,"gold_gain":0,"player_choice":"0 cards matched","damage_taken":0,"max_hp_gain":0,"max_hp_loss":0,"event_name":"Match and Keep!","floor":28,"gold_loss":0,"cards_obtained":[]},{"damage_healed":0,"gold_gain":0,"player_choice":"Obtained Relic","damage_taken":0,"relics_obtained":["REME_PuzzleBoxRelic"],"max_hp_gain":0,"max_hp_loss":0,"event_name":"Addict","floor":31,"gold_loss":85},{"damage_healed":0,"gold_gain":400,"player_choice":"Sell","damage_taken":0,"max_hp_gain":0,"max_hp_loss":0,"event_name":"恩洛斯的盘子","floor":36,"relics_lost":["DaveBox"],"gold_loss":0},{"damage_healed":0,"gold_gain":0,"player_choice":"Max HP","damage_taken":0,"max_hp_gain":0,"max_hp_loss":4,"event_name":"Winding Halls","floor":39,"gold_loss":0},{"damage_healed":0,"gold_gain":0,"player_choice":"Fight","damage_taken":0,"max_hp_gain":0,"max_hp_loss":0,"event_name":"MindBloom","floor":48,"gold_loss":0}],"is_beta":false,"boss_relics":[{"not_picked":["MetatronsCube","HaiYi:Twilight"],"picked":"testmod-Fanaticism"},{"not_picked":["testmod-Nine","Calling Bell"],"picked":"Black Star"}],"items_purged_floors":[4,25,41,41,46,46,52,53],"is_endless":false,"potions_floor_spawned":[1,6,8,10,11,16,22,27,30,35,37,47],"ascension_level":18}}