{"host":"p7j7o00jacnw7qzt","time":1607631086,"event":{"mods":["BaseMod","Minty Spire (QoL Compilation)","Relic Stats","Colored Map","Colored Powertips","DeckTracker","Highlight Path"],"gold_per_floor":[110,110,260,55,55,99,49,93,93,93,111,145,145,161,161,260,260,280,280,85,10,10,40,40,74,74,108,122,152,25,45,45,124,124,134,145,145,170,170,195,210,210,210,210,110,145,32,46,46,46,46,46,46,46,76,76],"floor_reached":57,"playtime":2169,"items_purged":["Doubt","Strike_G","Strike_G","Defend_G","Strike_G","Strike_G+1","Defend_G"],"score":3510,"play_id":"fb4c6dd9-75a1-46b6-83b6-5b5956d106b2","local_time":"20201210151126","is_ascension_mode":true,"campfire_choices":[{"data":"Accuracy","floor":10.0,"key":"SMITH"},{"data":"Acrobatics","floor":13.0,"key":"SMITH"},{"data":"Blade Dance","floor":15.0,"key":"SMITH"},{"data":"Blade Dance","floor":24.0,"key":"SMITH"},{"floor":32.0,"key":"RECALL"},{"floor":42.0,"key":"REST"},{"floor":49.0,"key":"REST"},{"floor":53.0,"key":"REST"}],"circlet_count":0,"master_deck":["AscendersBane","Defend_G","Defend_G","Defend_G","Survivor","Neutralize","Blade Dance+1","Accuracy+1","Blade Dance+1","Tactician","Acrobatics+1","Adrenaline","Accuracy+1","Terror","Calculated Gamble+1","Reflex+1","Concentrate+1","Prepared+1","After Image","Backflip+1","Escape Plan+1","Prepared+1","Finesse+1","Deep Breath+1","Deep Breath+1","Storm of Steel+1"],"special_seed":0,"relics":["Ring of the Snake","NeowsBlessing","Question Card","Membership Card","Bloody Idol","Whetstone","StrikeDummy","Nunchaku","Gambling Chip","WristBlade","InkBottle","Toxic Egg 2","Red Mask","Pen Nib","Vajra","Fusion Hammer","Ginger","Gremlin Horn","White Beast Statue","Akabeko","CaptainsWheel"],"acts_visited":["Exordium","TheCity","TheBeyond","TheEnding"],"potions_floor_usage":[56,56],"damage_taken":[{"damage":0.0,"enemies":"Cultist","floor":1.0,"turns":1.0},{"damage":0.0,"enemies":"Lagavulin","floor":6.0,"turns":1.0},{"damage":0.0,"enemies":"3 Sentries","floor":8.0,"turns":1.0},{"damage":0.0,"enemies":"2 Louse","floor":11.0,"turns":2.0},{"damage":17.0,"enemies":"Lagavulin","floor":12.0,"turns":4.0},{"damage":4.0,"enemies":"Small Slimes","floor":14.0,"turns":3.0},{"damage":18.0,"enemies":"Hexaghost","floor":16.0,"turns":8.0},{"damage":0.0,"enemies":"3 Byrds","floor":18.0,"turns":2.0},{"damage":0.0,"enemies":"Gremlin Leader","floor":23.0,"turns":4.0},{"damage":0.0,"enemies":"Masked Bandits","floor":25.0,"turns":1.0},{"damage":3.0,"enemies":"Slavers","floor":27.0,"turns":3.0},{"damage":0.0,"enemies":"2 Thieves","floor":28.0,"turns":1.0},{"damage":0.0,"enemies":"Book of Stabbing","floor":29.0,"turns":1.0},{"damage":0.0,"enemies":"Centurion and Healer","floor":31.0,"turns":1.0},{"damage":0.0,"enemies":"Collector","floor":33.0,"turns":2.0},{"damage":0.0,"enemies":"3 Darklings","floor":35.0,"turns":1.0},{"damage":0.0,"enemies":"Orb Walker","floor":36.0,"turns":1.0},{"damage":0.0,"enemies":"Mind Bloom Boss Battle","floor":38.0,"turns":1.0},{"damage":0.0,"enemies":"Nemesis","floor":40.0,"turns":1.0},{"damage":0.0,"enemies":"Jaw Worm Horde","floor":41.0,"turns":1.0},{"damage":0.0,"enemies":"Giant Head","floor":46.0,"turns":1.0},{"damage":0.0,"enemies":"Sphere and 2 Shapes","floor":48.0,"turns":1.0},{"damage":0.0,"enemies":"Awakened One","floor":50.0,"turns":2.0},{"damage":0.0,"enemies":"Donu and Deca","floor":51.0,"turns":1.0},{"damage":0.0,"enemies":"Shield and Spear","floor":55.0,"turns":1.0},{"damage":45,"enemies":"The Heart","floor":56,"turns":6}],"seed_played":"-4457074333329715740","potions_obtained":[{"floor":6.0,"key":"Poison Potion"},{"floor":12.0,"key":"LiquidBronze"},{"floor":14.0,"key":"GamblersBrew"},{"floor":16.0,"key":"Ancient Potion"},{"floor":25.0,"key":"EssenceOfSteel"},{"floor":27.0,"key":"LiquidBronze"},{"floor":28.0,"key":"Strength Potion"},{"floor":35.0,"key":"Swift Potion"},{"floor":40.0,"key":"Energy Potion"},{"floor":55.0,"key":"Swift Potion"}],"is_trial":false,"path_per_floor":["M","T","?","$","?","E","$","E","T","R","M","E","R","M","R","B",null,"M","?","$","$","?","E","R","?","T","E","M","E","$","M","R","B",null,"M","M","?","?","?","E","M","R","T","?","$","E","$","M","R","B","B",null,"R","$","E","B",null],"character_chosen":"THE_SILENT","items_purchased":["Membership Card","InkBottle","Concentrate+1"],"campfire_rested":3,"item_purchase_floors":[4,20,30],"current_hp_per_floor":[59,59,59,59,59,59,59,59,59,59,59,42,42,38,38,20,50,50,50,50,50,50,55,55,60,60,60,60,60,60,60,60,60,60,60,60,57,57,57,57,57,57,57,47,47,52,52,57,57,57,57,57,57,57,57,12],"gold":76,"neow_bonus":"THREE_ENEMY_KILL","is_daily":false,"chose_seed":false,"campfire_upgraded":4,"win_rate":0,"timestamp":1607631086,"path_taken":["M","?","?","$","?","E","$","E","T","R","M","E","R","M","R","BOSS","M","?","?","$","?","E","R","?","T","E","M","E","?","M","R","BOSS","M","M","?","?","?","E","M","R","T","?","?","E","$","M","R","BOSS","BOSS","R","$","E","BOSS"],"build_version":"2020-11-30","purchased_purges":7,"victory":true,"max_hp_per_floor":[66,66,66,66,60,60,60,60,60,60,60,60,60,60,60,60,60,60,60,60,60,60,60,60,60,60,60,60,60,60,60,60,60,60,60,60,57,57,57,57,57,57,57,57,57,57,57,57,57,57,57,57,57,57,57,57],"relic_stats":{"Nunchaku":[28],"Gremlin Horn":[9,9],"counters":[26,52],"Bloody Idol":23,"Gambling Chip":[91],"Pen Nib":[18],"Whetstone":["Strike_G","Strike_G"],"Ginger":[2],"Question Card":25,"obtain_stats":[{"NeowsBlessing":0,"Gremlin Horn":40,"Golden Idol":5,"Vajra":29,"Pen Nib":27,"Whetstone":6,"Ginger":38,"Question Card":2,"White Beast Statue":43,"Akabeko":46,"Nunchaku":9,"CaptainsWheel":55,"WristBlade":17,"Gambling Chip":12,"Bloody Idol":22,"Fusion Hammer":34,"Red Mask":25,"Membership Card":4,"Toxic Egg 2":23,"StrikeDummy":8,"InkBottle":20,"Ring of the Snake":0},{"NeowsBlessing":0,"Gremlin Horn":19,"Golden Idol":1,"Vajra":13,"Pen Nib":11,"Whetstone":2,"Ginger":18,"Question Card":1,"White Beast Statue":20,"Akabeko":21,"Nunchaku":3,"CaptainsWheel":25,"WristBlade":7,"Gambling Chip":5,"Bloody Idol":8,"Fusion Hammer":15,"Red Mask":10,"Membership Card":1,"Toxic Egg 2":9,"StrikeDummy":3,"InkBottle":8,"Ring of the Snake":0},{"NeowsBlessing":0,"Gremlin Horn":39,"Golden Idol":1,"Vajra":32,"Pen Nib":30,"Whetstone":2,"Ginger":38,"Question Card":1,"White Beast Statue":40,"Akabeko":41,"Nunchaku":3,"CaptainsWheel":46,"WristBlade":20,"Gambling Chip":9,"Bloody Idol":22,"Fusion Hammer":35,"Red Mask":27,"Membership Card":1,"Toxic Egg 2":26,"StrikeDummy":3,"InkBottle":22,"Ring of the Snake":0}],"InkBottle":[44],"Ring of the Snake":[52]},"card_choices":[{"not_picked":["Acrobatics","Slice"],"picked":"Blade Dance","floor":1.0},{"not_picked":["PiercingWail","Outmaneuver","Underhanded Strike"],"picked":"Accuracy","floor":6.0},{"not_picked":["Distraction","Heel Hook","Calculated Gamble"],"picked":"Blade Dance","floor":8.0},{"not_picked":["Underhanded Strike","Predator","Outmaneuver"],"picked":"Tactician","floor":11.0},{"not_picked":["Prepared","Deflect","Footwork"],"picked":"Acrobatics","floor":12.0},{"not_picked":["Blade Dance","Bane","Poisoned Stab","PiercingWail"],"picked":"SKIP","floor":14.0},{"not_picked":["Unload","Glass Knife","Burst"],"picked":"Adrenaline","floor":16.0},{"not_picked":["Prepared+1","Terror","Blade Dance"],"picked":"Accuracy+1","floor":18.0},{"not_picked":["Well Laid Plans","Endless Agony","Poisoned Stab+1","Quick Slash"],"picked":"SKIP","floor":23.0},{"not_picked":["Underhanded Strike","Quick Slash","Slice"],"picked":"Calculated Gamble+1","floor":25.0},{"not_picked":["Leg Sweep+1","Outmaneuver+1","Quick Slash","Flying Knee"],"picked":"SKIP","floor":27.0},{"not_picked":["Caltrops","Masterful Stab","Storm of Steel+1","Deflect+1"],"picked":"SKIP","floor":28.0},{"not_picked":["Cloak And Dagger+1","Deadly Poison+1","Wraith Form v2"],"picked":"Reflex+1","floor":29.0},{"not_picked":["Crippling Poison+1","Dagger Spray","Bouncing Flask+1"],"picked":"Prepared+1","floor":31.0},{"not_picked":["Storm of Steel+1","Wraith Form v2","Doppelganger+1"],"picked":"After Image","floor":33.0},{"not_picked":["Crippling Poison+1","Distraction+1","Cloak And Dagger+1"],"picked":"Backflip+1","floor":35.0},{"not_picked":["Cloak And Dagger+1","Sucker Punch","Quick Slash","Backstab"],"picked":"SKIP","floor":36.0},{"not_picked":["Noxious Fumes","Footwork","PiercingWail+1"],"picked":"Escape Plan+1","floor":38.0},{"not_picked":["Dagger Spray","Backflip+1","Riddle With Holes","Finisher"],"picked":"SKIP","floor":40.0},{"not_picked":["Dagger Spray","Backflip+1","Riddle With Holes","Finisher"],"picked":"SKIP","floor":40.0},{"not_picked":["Flying Knee","Catalyst+1","Setup+1"],"picked":"Prepared+1","floor":41.0},{"not_picked":["Impatience+1","Magnetism","Apotheosis+1"],"picked":"Finesse+1","floor":44.0},{"not_picked":["PanicButton+1","Jack Of All Trades+1","Mind Blast"],"picked":"Deep Breath+1","floor":44.0},{"not_picked":["Good Instincts+1","Madness+1","Trip+1"],"picked":"Deep Breath+1","floor":44.0},{"not_picked":["Underhanded Strike","Poisoned Stab","Bouncing Flask+1"],"picked":"Storm of Steel+1","floor":46.0},{"not_picked":["Eviscerate+1","Cloak And Dagger+1","Noxious Fumes","Bane"],"picked":"SKIP","floor":48.0},{"not_picked":["Cloak And Dagger+1","Slice","Corpse Explosion+1","Outmaneuver+1"],"picked":"SKIP","floor":55.0}],"player_experience":745131,"relics_obtained":[{"floor":2.0,"key":"Question Card"},{"floor":6.0,"key":"Whetstone"},{"floor":8.0,"key":"StrikeDummy"},{"floor":9.0,"key":"Nunchaku"},{"floor":12.0,"key":"Gambling Chip"},{"floor":23.0,"key":"Toxic Egg 2"},{"floor":25.0,"key":"Red Mask"},{"floor":27.0,"key":"Pen Nib"},{"floor":29.0,"key":"Vajra"},{"floor":38.0,"key":"Ginger"},{"floor":40.0,"key":"Gremlin Horn"},{"floor":43.0,"key":"White Beast Statue"},{"floor":46.0,"key":"Akabeko"},{"floor":55.0,"key":"CaptainsWheel"}],"event_choices":[{"damage_healed":0.0,"max_hp_gain":0.0,"max_hp_loss":0.0,"gold_gain":150.0,"event_name":"Liars Game","player_choice":"AGREE","floor":3.0,"gold_loss":0.0,"damage_taken":0.0,"cards_obtained":["Doubt"]},{"damage_healed":0.0,"max_hp_gain":0.0,"max_hp_loss":6.0,"gold_gain":0.0,"event_name":"Golden Idol","player_choice":"Lose Max HP","floor":5.0,"gold_loss":0.0,"damage_taken":0.0,"relics_obtained":["Golden Idol"]},{"damage_healed":0.0,"max_hp_gain":0.0,"max_hp_loss":0.0,"gold_gain":0.0,"event_name":"Match and Keep!","player_choice":"1 cards matched","floor":19.0,"gold_loss":0.0,"damage_taken":0.0,"cards_obtained":["Terror"]},{"damage_healed":0.0,"max_hp_gain":0.0,"max_hp_loss":0.0,"gold_gain":0.0,"event_name":"Forgotten Altar","player_choice":"Gave Idol","floor":22.0,"relics_lost":["Golden Idol"],"gold_loss":0.0,"damage_taken":0.0,"relics_obtained":["Bloody Idol"]},{"damage_healed":0.0,"max_hp_gain":0.0,"max_hp_loss":0.0,"gold_gain":0.0,"event_name":"Masked Bandits","player_choice":"Fought Bandits","floor":25.0,"gold_loss":0.0,"damage_taken":0.0},{"damage_healed":0.0,"max_hp_gain":0.0,"max_hp_loss":3.0,"gold_gain":0.0,"event_name":"Winding Halls","player_choice":"Max HP","floor":37.0,"gold_loss":0.0,"damage_taken":0.0},{"damage_healed":0.0,"max_hp_gain":0.0,"max_hp_loss":0.0,"gold_gain":0.0,"event_name":"MindBloom","player_choice":"Fight","floor":38.0,"gold_loss":0.0,"damage_taken":0.0},{"cards_removed":["Strike_G"],"damage_healed":0.0,"max_hp_gain":0.0,"max_hp_loss":0.0,"gold_gain":0.0,"event_name":"Falling","player_choice":"Removed Attack","floor":39.0,"gold_loss":0.0,"damage_taken":0.0},{"damage_healed":0.0,"max_hp_gain":0.0,"max_hp_loss":0.0,"gold_gain":0.0,"event_name":"SensoryStone","player_choice":"Memory 3","floor":44.0,"gold_loss":0.0,"damage_taken":10.0}],"is_beta":false,"boss_relics":[{"not_picked":["Calling Bell","Ectoplasm"],"picked":"WristBlade"},{"not_picked":["Cursed Key","Pandora\u0027s Box"],"picked":"Fusion Hammer"}],"items_purged_floors":[4,7,20,21,30,45,47],"is_endless":false,"potions_floor_spawned":[6,12,14,16,25,27,28,35,40,46,48,55],"ascension_level":20}}