{"host":"68ryiucqar8jyfi2","time":1607635371,"event":{"mods":["2.2 Compatiblity","BaseMod","Act Like it!","StSLib","Aspiration","Better Match","Better Note","Better Skull","Better Third Choice","CapriCore","Curses Come First","Defuse TimeMaze Blight","Displayed Cursed Tome","Emptier Cage","Energized Spire","Friendly Minions","HexUI Lib","Hubris","Hyrulean Relics","Minty Spire (QoL Compilation)","Permanent Neow","RNG Fix","Replay The Spire","Robot Space Explorer","Trackpad","Transform Curses","Uncapped","Wandering Minibosses","Infinite Spire"],"gold_per_floor":[119,118,136,145,139,139,160,179,204,217,219,238,249,276,276,373,373,398,421,436,458,483,522,530,567,567,292,315,315,353,377,377,470,470,488,510,532,432,452,492,514,538,589,635,670,700,724,750,750,861,861,884,904,922,1743,1743,1783,1809,1809,1864,1893,1917,1945,1585,1610,1610,1724,1724,1754,1754,1780,1463,1496,1548,1254,1292,1292,1292,1292,1320,1320,1747,1747,1862,1862,1885,1962,1962,1962,1612,1656,1687,1719,1719,1260,1260,1260,1304,1327,1327,1454,1454,1507,1565,1565,1565,1515,1579,1380,1404,1429,1480,1524,1584,1584,1689,1689,1812,1812,1847,1499,1499,1535,1535,1646,1720,1729,1729,1800,1800,1750,1750,1750,1750,1880,1880,2002,2002,2050,2050,2077,2173,2225,2276,2353,2158,2206,2277,1678,1802,1894,2199,2199,2256,2256,2258,2258,2258,2310,2361,2402,2402,2111,2151,1746,1746,1771,1771,2212,2230,2288,2294,2212,1723,1723,1723,1770,1834,1858,1858,1902,2018,2018,2062,2062,2304,2304,2344,2344,2344,2409,1609,1669,1728,1728,1753,1492,1528,1528,1528,1583,1583,1695,1695,1836,1686,1688,1712,1786,1844,1844],"floor_reached":210,"playtime":5216,"items_purged":["Strike_R","Defend_R","Strike_R","Strike_R","Strike_R+1","Heavy Blade+1","Bash+1","Defend_R+3","Pommel Strike+1","Shrug It Off+1","hubris:Compulsion","Pride","Sword Boomerang+1"],"score":4176,"play_id":"fe6ce5ab-f7ac-468d-b309-55c25b6bec40","local_time":"20201210212251","daily_mods":["Vintage","Heirloom","Flight"],"is_ascension_mode":false,"campfire_choices":[{"data":"Bash","floor":6,"key":"SMITH"},{"floor":15,"key":"DIG"},{"floor":32,"key":"DIG"},{"data":"Defend_R","floor":49,"key":"PURGE"},{"data":"Strike_R","floor":66,"key":"PURGE"},{"data":"Thunderclap","floor":100,"key":"SMITH"},{"data":"Defend_R+1","floor":100,"key":"SMITH"},{"data":"Defend_R+2","floor":117,"key":"SMITH"},{"data":"Heavy Blade+1","floor":134,"key":"PURGE"},{"floor":185,"key":"DIG"}],"circlet_count":0,"master_deck":["Feel No Pain+1","Body Slam+1","Metallicize+1"],"relics":["Burning Blood","StoneCalendar","Replay:Rubber Ducky","aspiration:AnachronicSnailShell","trackpad:BerserkersDraught","aspiration:ChemicalBlood","hubris:PeanutButter","zeldaRelics:CourageTriforce","Tiny Chest","Bronze Scales","trackpad:WritersBlock","Matryoshka","Mirror","trackpad:AdjectivePendant","zeldaRelics:HylianShield","Red Skull","Lantern","PreservedInsect","trackpad:Mousetrap","hubris:TenFootPole","zeldaRelics:WisdomTriforce","Shuriken","zeldaRelics:PowerTriforce","hubris:SlimyHat","Molten Egg 2","Toxic Egg 2","hubris:DeckOfHolding","Unceasing Top","trackpad:ByrdCharm","Champion Belt","Pocketwatch","Self Forming Clay","Happy Flower","trackpad:CultistFigurine","Replay:Bandana","Ice Cream","Vajra","Dream Catcher","Blue Doll","Pondfish Scales","hubris:ToyBattleship","aspiration:FrozenJewel","Replay:Arrowhead","wanderingMiniBosses:MasterThiefsPresence","Ancient Tea Set","Replay:Wax Seal","Replay:Ringing Soul","Toy Ornithopter","Gremlin Food","Replay:Mystery Machine","Chameleon Ring","aspiration:Nostalgia","Sizzling Blood","Bag of Marbles","aspiration:FetidBarrel","Bag of Preparation","BargainBundle","Simple Rune","Pet Ghost","War Paint","hubris:ChampionShield","trackpad:PetRock","Omamori","Akabeko","Mummified Hand","Iron Hammer","Ginger","Old Coin","trackpad:WondrousWand","Philosopher\u0027s Stone","Smiling Mask","Blue Candle","trackpad:SappingStone","Lee\u0027s Waffle","ReplayTheSpireMod:TigerMarble","zeldaRelics:Boomerang","Frozen Egg 2","Lizard Tail","Orichalcum","Calling Bell","infinitespire:CheckeredPen","hubris:MedicalManual","infinitespire:PuzzleCube","CeramicFish","hubris:Icosahedron","Another Sword","Sling","Potion Belt","Charon\u0027s Ashes","Counterbalance","ReplayTheSpireMod:Lightbulb","ReplayFunnel","MealTicket","TheAbacus","Peace Pipe","Oddly Smooth Stone","Durian","Torii","trackpad:ByrdBGone","infinitespire:Golems Mask","Replay:Towering Pillar of Hats","StrikeDummy","Replay:Baseball","infinitespire:Beetle Shell","Anchor","aspiration:Lifesprig","aspiration:ArtOfWarUpgrade","King of Hearts","ReplayTheSpireMod:Shallot","Pen Nib","HandDrill","infinitespire:Midas Blood","Whetstone","Coffee Dripper","Golden Idol","ReplayTheSpireMod:Spearhead","infinitespire:Eraser","Paper Frog","hubris:EmptyBottle","trackpad:IceCube","Ornamental Fan","Blood Vial","Mercury Hourglass","Centennial Puzzle","Boot","hubris:OldNail","ReplayTheSpireMod:CursedCoin","Strawberry","Medical Kit","Bird Faced Urn","infinitespire:EmpoweringShard","aspiration:TomeofQuesting","Darkstone Periapt","infinitespire:Lucky Rock","aspiration:HummingbirdHeart","Golden Egg","White Beast Statue","hubris:SphereOfDissonance","Brimstone","BranchBurnRelic","Nunchaku","trackpad:RapidFire","Snack Pack","Juzu Bracelet","Black Star","ClockworkSouvenir","Kunai","hubris:BundleOfHerbs","infinitespire:WardingShard"],"acts_visited":["Exordium","TheCity","TheBeyond","Exordium","TheCity","TheBeyond","Exordium","TheCity","TheBeyond","Exordium","Exordium","TheCity","TheBeyond"],"potions_floor_usage":[],"damage_taken":[{"damage":13,"enemies":"Jaw Worm","floor":1,"turns":3},{"damage":4,"enemies":"Small Slimes","floor":2,"turns":6},{"damage":3,"enemies":"2 Louse","floor":3,"turns":2},{"damage":17,"enemies":"Blue Slaver","floor":4,"turns":5},{"damage":13,"enemies":"Exordium Wildlife","floor":5,"turns":6},{"damage":0,"enemies":"Gremlin Nob","floor":7,"turns":2},{"damage":0,"enemies":"2 Fungi Beasts","floor":8,"turns":1},{"damage":2,"enemies":"Exordium Thugs","floor":10,"turns":2},{"damage":0,"enemies":"3 Louse","floor":11,"turns":2},{"damage":0,"enemies":"Looter","floor":12,"turns":1},{"damage":0,"enemies":"Blue Slaver","floor":13,"turns":1},{"damage":0,"enemies":"Lagavulin","floor":14,"turns":2},{"damage":0,"enemies":"Slime Boss","floor":16,"turns":2},{"damage":0,"enemies":"Chosen","floor":18,"turns":1},{"damage":0,"enemies":"Shell Parasite","floor":19,"turns":1},{"damage":0,"enemies":"Shelled Parasite and Fungi","floor":20,"turns":2},{"damage":0,"enemies":"Snake Plant","floor":21,"turns":1},{"damage":0,"enemies":"3 Cultists","floor":22,"turns":2},{"damage":0,"enemies":"Nightmare","floor":23,"turns":2},{"damage":0,"enemies":"Cultist and Chosen","floor":24,"turns":1},{"damage":0,"enemies":"Gremlin Leader","floor":25,"turns":1},{"damage":0,"enemies":"Snecko","floor":28,"turns":1},{"damage":0,"enemies":"Slavers","floor":30,"turns":1},{"damage":0,"enemies":"Centurion and Healer","floor":31,"turns":1},{"damage":0,"enemies":"Automaton","floor":33,"turns":1},{"damage":0,"enemies":"3 Darklings","floor":35,"turns":1},{"damage":0,"enemies":"Orb Walker","floor":36,"turns":1},{"damage":0,"enemies":"Writhing Mass","floor":37,"turns":1},{"damage":0,"enemies":"Sphere and 2 Shapes","floor":39,"turns":1},{"damage":0,"enemies":"R_Hoarder","floor":40,"turns":1},{"damage":0,"enemies":"3 Darklings","floor":41,"turns":1},{"damage":0,"enemies":"Giant Head","floor":42,"turns":1},{"damage":0,"enemies":"R_Hoarder","floor":44,"turns":2},{"damage":0,"enemies":"4 Shapes","floor":45,"turns":1},{"damage":0,"enemies":"Sphere and 2 Shapes","floor":46,"turns":1},{"damage":0,"enemies":"3 Darklings","floor":47,"turns":1},{"damage":0,"enemies":"Spire Growth","floor":48,"turns":1},{"damage":0,"enemies":"infinitespire:MassOfShapes","floor":50,"turns":1},{"damage":0,"enemies":"Small Slimes","floor":52,"turns":1},{"damage":0,"enemies":"2 Louse","floor":53,"turns":1},{"damage":0,"enemies":"Jaw Worm","floor":54,"turns":1},{"damage":0,"enemies":"Large Slime","floor":55,"turns":4},{"damage":0,"enemies":"Lagavulin","floor":57,"turns":2},{"damage":0,"enemies":"Blue Slaver","floor":58,"turns":1},{"damage":0,"enemies":"Red Slaver","floor":61,"turns":1},{"damage":0,"enemies":"Exordium Wildlife","floor":62,"turns":1},{"damage":0,"enemies":"Blue Slaver","floor":63,"turns":1},{"damage":0,"enemies":"Red Slaver","floor":65,"turns":1},{"damage":0,"enemies":"The Guardian","floor":67,"turns":2},{"damage":0,"enemies":"Spheric Guardian","floor":69,"turns":1},{"damage":0,"enemies":"2 Thieves","floor":71,"turns":1},{"damage":0,"enemies":"Cultist and Chosen","floor":73,"turns":2},{"damage":0,"enemies":"Book of Stabbing","floor":74,"turns":1},{"damage":0,"enemies":"3 Cultists","floor":76,"turns":1},{"damage":0,"enemies":"Centurion and Healer","floor":80,"turns":1},{"damage":0,"enemies":"Colosseum Slavers","floor":82,"turns":1},{"damage":0,"enemies":"Colosseum Nobs","floor":82,"turns":1},{"damage":0,"enemies":"Automaton","floor":84,"turns":1},{"damage":0,"enemies":"Orb Walker","floor":86,"turns":1},{"damage":0,"enemies":"Giant Head","floor":91,"turns":1},{"damage":0,"enemies":"3 Darklings","floor":92,"turns":1},{"damage":0,"enemies":"Sphere and 2 Shapes","floor":93,"turns":1},{"damage":0,"enemies":"Writhing Mass","floor":98,"turns":1},{"damage":0,"enemies":"Time Eater","floor":101,"turns":1},{"damage":0,"enemies":"Small Slimes","floor":103,"turns":1},{"damage":0,"enemies":"Lagavulin","floor":108,"turns":1},{"damage":0,"enemies":"Gremlin Nob","floor":112,"turns":1},{"damage":0,"enemies":"Jaw Worm","floor":113,"turns":1},{"damage":0,"enemies":"2 Louse","floor":114,"turns":1},{"damage":0,"enemies":"Lots of Slimes","floor":116,"turns":1},{"damage":0,"enemies":"Slime Boss","floor":118,"turns":1},{"damage":0,"enemies":"Chosen","floor":120,"turns":1},{"damage":0,"enemies":"Shell Parasite","floor":123,"turns":1},{"damage":0,"enemies":"Gremlin Leader","floor":125,"turns":1},{"damage":0,"enemies":"Cultist and Chosen","floor":126,"turns":1},{"damage":0,"enemies":"Centurion and Healer","floor":129,"turns":1},{"damage":0,"enemies":"Collector","floor":135,"turns":4},{"damage":0,"enemies":"3 Darklings","floor":137,"turns":1},{"damage":2,"enemies":"Orb Walker","floor":139,"turns":1},{"damage":0,"enemies":"4 Shapes","floor":142,"turns":1},{"damage":0,"enemies":"Transient","floor":143,"turns":5},{"damage":0,"enemies":"Maw","floor":144,"turns":2},{"damage":0,"enemies":"Writhing Mass","floor":147,"turns":1},{"damage":0,"enemies":"Sphere and 2 Shapes","floor":148,"turns":1},{"damage":0,"enemies":"3 Darklings","floor":150,"turns":2},{"damage":0,"enemies":"infinitespire:LordOfFortification","floor":152,"turns":3},{"damage":0,"enemies":"Small Slimes","floor":154,"turns":1},{"damage":0,"enemies":"Jaw Worm","floor":160,"turns":1},{"damage":0,"enemies":"Cultist","floor":161,"turns":1},{"damage":0,"enemies":"Blue Slaver","floor":164,"turns":1},{"damage":0,"enemies":"infinitespire:LordOfFortification","floor":169,"turns":3},{"damage":0,"enemies":"Small Slimes","floor":171,"turns":1},{"damage":0,"enemies":"Jaw Worm","floor":177,"turns":1},{"damage":0,"enemies":"2 Louse","floor":178,"turns":1},{"damage":0,"enemies":"Large Slime","floor":181,"turns":1},{"damage":0,"enemies":"Lots of Slimes","floor":182,"turns":1},{"damage":0,"enemies":"Looter","floor":184,"turns":1},{"damage":0,"enemies":"infinitespire:LordOfFortification","floor":186,"turns":5},{"damage":0,"enemies":"Spheric Guardian","floor":188,"turns":1},{"damage":0,"enemies":"2 Thieves","floor":191,"turns":1},{"damage":0,"enemies":"Book of Stabbing","floor":193,"turns":7},{"damage":0,"enemies":"Cultist and Chosen","floor":194,"turns":7},{"damage":0,"enemies":"Snecko","floor":198,"turns":2},{"damage":0,"enemies":"Centurion and Healer","floor":201,"turns":7},{"damage":0,"enemies":"infinitespire:LordOfFortification","floor":203,"turns":18},{"damage":0,"enemies":"3 Darklings","floor":205,"turns":1},{"damage":0,"enemies":"3 Shapes","floor":209,"turns":2},{"damage":0,"enemies":"R_Hoarder","floor":210,"turns":1}],"seed_played":"1411646148782144776","potions_obtained":[{"floor":2,"key":"Languid Potion"},{"floor":4,"key":"FairyPotion"},{"floor":7,"key":"BloodPotion"},{"floor":16,"key":"Block Potion"},{"floor":113,"key":"Strength Potion"},{"floor":116,"key":"SkillPotion"},{"floor":120,"key":"BlessingOfTheForge"},{"floor":142,"key":"Strength Potion"},{"floor":164,"key":"Weak Potion"}],"is_trial":true,"path_per_floor":["M","M","M","M","M","R","E","M","T","M","M","M","M","E","R","B",null,"M","M","M","M","M","NM","M","E","T","$","M","AVR","E","M","R","B",null,"M","M","M","$","M","E","M","E","T","E","M","M","M","M","R","B",null,"M","M","M","M","$","E","M","AVR","T","M","M","M","$","M","R","B",null,"M","?","M","$","M","E","$","M","T","T","?","M","?","?","R","B",null,"M","T","?","?","$","E","M","M","T","$","?","AVR","M","T","R","B",null,"M","?","?","?","$","E","$","T","T","E","M","M","?","M","R","B",null,"M","$","T","M","T","E","M","?","T","M","?","$","T","?","R","B",null,"M","?","M","?","T","M","M","M","T","$","M","M","$","M","R","B",null,"M","?","?","?","$","T","M","M","T","$","M","$","?","T","R","B",null,"M","?","$","$","?","R","M","M","T","T","M","M","?","M","R","B",null,"M","?","T","M","$","E","M","R","T","$","M","T","?","M","R","B",null,"M","$","?","T","M","E"],"character_chosen":"IRONCLAD","items_purchased":["hubris:SlimyHat","Thunderclap","aspiration:Nostalgia","Bag of Marbles","Sword Boomerang+1","BargainBundle","Simple Rune","Pet Ghost","trackpad:PetRock","Omamori","trackpad:SappingStone","Lee\u0027s Waffle","zeldaRelics:Boomerang","Frozen Egg 2","Sling","MealTicket","TheAbacus","aspiration:Lifesprig","Feel No Pain+1","ReplayTheSpireMod:Shallot","Pen Nib","HandDrill","hubris:EmptyBottle","trackpad:IceCube","Blood Vial","Mercury Hourglass","ReplayTheSpireMod:CursedCoin","Strawberry","Body Slam+1","Medical Kit","Bird Faced Urn","hubris:SphereOfDissonance","Brimstone","Dead Branch","Metallicize+1","trackpad:RapidFire","ClockworkSouvenir"],"campfire_rested":0,"item_purchase_floors":[27,27,64,64,64,72,72,72,75,75,90,90,95,95,109,121,121,146,146,149,149,149,163,163,165,165,173,173,173,174,174,192,192,192,192,197,206],"current_hp_per_floor":[73,75,78,67,60,60,66,72,72,76,80,80,80,80,80,80,80,80,80,80,80,80,80,80,80,80,80,80,80,80,80,80,80,80,80,80,80,80,80,80,80,80,80,80,80,80,80,80,80,80,80,80,80,80,80,80,80,80,80,80,80,80,80,87,87,87,87,87,87,87,87,87,87,87,87,87,87,87,86,87,87,87,87,87,87,87,87,90,93,100,100,100,100,100,100,100,100,100,100,100,100,100,100,100,100,100,100,103,103,103,103,107,111,115,115,119,119,123,123,127,127,127,127,132,132,140,143,143,147,147,147,147,147,147,147,147,147,147,147,147,147,151,151,155,155,158,161,165,165,169,148,158,169,169,169,148,148,155,155,160,165,165,169,169,169,169,169,169,169,169,169,164,169,169,169,169,169,169,169,169,169,169,169,169,169,169,169,169,169,169,169,169,169,169,169,169,169,169,169,169,169,169,169,169,169,169,168,169,169,169,169],"gold":1844,"neow_bonus":"","is_daily":false,"chose_seed":false,"campfire_upgraded":4,"win_rate":0,"timestamp":1607635371,"path_taken":["M","M","M","M","M","R","E","M","T","M","M","?","M","E","R","BOSS","M","M","M","M","M","NM","M","E","T","$","M","AVR","E","M","R","BOSS","M","M","M","$","M","E","?","E","T","E","M","M","M","M","R","BOSS","M","M","M","M","$","E","M","AVR","T","M","M","M","$","M","R","BOSS","M","?","M","$","M","E","$","M","T","?","?","M","?","?","R","BOSS","M","?","?","?","$","E","M","M","T","$","?","AVR","M","?","R","BOSS","M","?","?","?","$","E","$","?","T","E","?","M","?","M","R","BOSS","M","$","?","M","?","E","?","?","T","M","?","$","?","?","R","BOSS","M","?","M","?","?","M","M","M","T","$","M","M","$","M","R","BOSS","M","?","?","?","$","?","?","M","T","$","M","?","?","?","R","BOSS","M","?","$","$","?","R","M","?","T","?","?","M","?","M","R","BOSS","M","?","?","?","$","E","?","R","T","$","?","?","?","?","R","BOSS","M","$","?","?","M","E"],"build_version":"2020-11-30","purchased_purges":13,"victory":false,"max_hp_per_floor":[80,80,80,80,80,80,80,80,80,80,80,80,80,80,80,80,80,80,80,80,80,80,80,80,80,80,80,80,80,80,80,80,80,80,80,80,80,80,80,80,80,80,80,80,80,80,80,80,80,80,80,80,80,80,80,80,80,80,80,80,80,80,80,87,87,87,87,87,87,87,87,87,87,87,87,87,87,87,87,87,87,87,87,87,87,87,87,90,93,100,100,100,100,100,100,100,100,100,100,100,100,100,100,100,100,100,100,103,103,103,103,107,111,115,115,119,119,123,123,127,127,127,127,132,132,140,143,143,147,147,147,147,147,147,147,147,147,147,147,147,147,151,151,155,155,158,161,165,165,169,169,169,169,169,169,169,169,169,169,169,169,169,169,169,169,169,169,169,169,169,169,169,169,169,169,169,169,169,169,169,169,169,169,169,169,169,169,169,169,169,169,169,169,169,169,169,169,169,169,169,169,169,169,169,169,169,169,169,169,169,169],"card_choices":[{"not_picked":["Abandon","hubris:ReadiedAction","True Grit"],"picked":"SKIP","floor":7},{"not_picked":["Body Slam","ReplayTheSpireMod:Corrosion Curse"],"picked":"Shrug It Off","floor":14},{"not_picked":["Replay:Undeath\u0027s Touch","ReplayTheSpireMod:Stacked","Impervious"],"picked":"SKIP","floor":23},{"not_picked":["hubris:ReadiedAction","Combust","Defy Death"],"picked":"SKIP","floor":25},{"not_picked":["hubris:StunningStrike+1","Replay:Undeath\u0027s Touch+1"],"picked":"Heavy Blade+1","floor":30},{"not_picked":["Clothesline+1","Run Through+1","Body Slam+1"],"picked":"SKIP","floor":40},{"not_picked":["Berserk","Impervious+1","ReplayTheSpireMod:LeadingStrike+1"],"picked":"SKIP","floor":42},{"not_picked":["Cleave+1","Metallicize","Defy Death+1"],"picked":"SKIP","floor":44},{"not_picked":["Wild Strike+1","Sentinel+1","Uppercut+1"],"picked":"SKIP","floor":57},{"not_picked":["Ghostly Armor+1","Burning Pact+1","Intimidate+1"],"picked":"SKIP","floor":74},{"not_picked":["True Grit+1","Entrench+1","Sentinel+1"],"picked":"SKIP","floor":91},{"not_picked":["Heavy Blade+1","Clash+1"],"picked":"Feed+1","floor":108},{"not_picked":["Searing Blow+1","Clash+1","Cleave+1"],"picked":"SKIP","floor":112},{"not_picked":["Flex+1","Infernal Blade+1","Evolve+1"],"picked":"SKIP","floor":125},{"not_picked":["Blood for Blood+1","Flex+1","Clothesline+1"],"picked":"SKIP","floor":193}],"player_experience":147925,"relics_obtained":[{"floor":1,"key":"Replay:Rubber Ducky"},{"floor":2,"key":"aspiration:AnachronicSnailShell"},{"floor":3,"key":"trackpad:BerserkersDraught"},{"floor":4,"key":"aspiration:ChemicalBlood"},{"floor":5,"key":"hubris:PeanutButter"},{"floor":7,"key":"zeldaRelics:CouragePiece"},{"floor":8,"key":"Tiny Chest"},{"floor":9,"key":"zeldaRelics:CouragePiece"},{"floor":10,"key":"Bronze Scales"},{"floor":11,"key":"trackpad:WritersBlock"},{"floor":12,"key":"Matryoshka"},{"floor":13,"key":"Mirror"},{"floor":14,"key":"zeldaRelics:CouragePiece"},{"floor":15,"key":"trackpad:AdjectivePendant"},{"floor":18,"key":"Red Skull"},{"floor":19,"key":"Lantern"},{"floor":20,"key":"PreservedInsect"},{"floor":21,"key":"trackpad:Mousetrap"},{"floor":22,"key":"hubris:TenFootPole"},{"floor":23,"key":"zeldaRelics:WisdomPiece"},{"floor":24,"key":"Shuriken"},{"floor":25,"key":"zeldaRelics:WisdomPiece"},{"floor":26,"key":"zeldaRelics:WisdomPiece"},{"floor":26,"key":"zeldaRelics:WisdomPiece"},{"floor":28,"key":"Molten Egg 2"},{"floor":30,"key":"zeldaRelics:PowerPiece"},{"floor":31,"key":"Toxic Egg 2"},{"floor":32,"key":"hubris:DeckOfHolding"},{"floor":35,"key":"Unceasing Top"},{"floor":36,"key":"trackpad:ByrdCharm"},{"floor":37,"key":"Champion Belt"},{"floor":39,"key":"Pocketwatch"},{"floor":40,"key":"zeldaRelics:PowerPiece"},{"floor":41,"key":"Self Forming Clay"},{"floor":42,"key":"Happy Flower"},{"floor":43,"key":"trackpad:CultistFigurine"},{"floor":43,"key":"Replay:Bandana"},{"floor":44,"key":"Ice Cream"},{"floor":45,"key":"Vajra"},{"floor":46,"key":"Dream Catcher"},{"floor":47,"key":"Blue Doll"},{"floor":48,"key":"Pondfish Scales"},{"floor":52,"key":"hubris:ToyBattleship"},{"floor":53,"key":"aspiration:FrozenJewel"},{"floor":54,"key":"Replay:Arrowhead"},{"floor":55,"key":"wanderingMiniBosses:MasterThiefsPresence"},{"floor":55,"key":"Ancient Tea Set"},{"floor":57,"key":"Replay:Wax Seal"},{"floor":58,"key":"Replay:Ringing Soul"},{"floor":60,"key":"Toy Ornithopter"},{"floor":61,"key":"Gremlin Food"},{"floor":62,"key":"Replay:Mystery Machine"},{"floor":63,"key":"Chameleon Ring"},{"floor":65,"key":"aspiration:FetidBarrel"},{"floor":69,"key":"Bag of Preparation"},{"floor":73,"key":"War Paint"},{"floor":74,"key":"hubris:ChampionShield"},{"floor":76,"key":"Akabeko"},{"floor":77,"key":"Mummified Hand"},{"floor":78,"key":"Iron Hammer"},{"floor":80,"key":"Ginger"},{"floor":82,"key":"Old Coin"},{"floor":82,"key":"trackpad:WondrousWand"},{"floor":86,"key":"Smiling Mask"},{"floor":87,"key":"Blue Candle"},{"floor":92,"key":"ReplayTheSpireMod:TigerMarble"},{"floor":98,"key":"Lizard Tail"},{"floor":99,"key":"Orichalcum"},{"floor":102,"key":"infinitespire:CheckeredPen"},{"floor":102,"key":"hubris:MedicalManual"},{"floor":103,"key":"infinitespire:PuzzleCube"},{"floor":108,"key":"Another Sword"},{"floor":111,"key":"Potion Belt"},{"floor":113,"key":"Charon\u0027s Ashes"},{"floor":114,"key":"Counterbalance"},{"floor":116,"key":"ReplayTheSpireMod:Lightbulb"},{"floor":120,"key":"ReplayFunnel"},{"floor":122,"key":"Peace Pipe"},{"floor":123,"key":"Oddly Smooth Stone"},{"floor":124,"key":"Durian"},{"floor":125,"key":"Torii"},{"floor":126,"key":"trackpad:ByrdBGone"},{"floor":129,"key":"infinitespire:Golems Mask"},{"floor":132,"key":"Replay:Towering Pillar of Hats"},{"floor":137,"key":"StrikeDummy"},{"floor":141,"key":"Replay:Baseball"},{"floor":143,"key":"infinitespire:Beetle Shell"},{"floor":144,"key":"Anchor"},{"floor":147,"key":"Art of War"},{"floor":148,"key":"King of Hearts"},{"floor":150,"key":"infinitespire:Midas Blood"},{"floor":151,"key":"Whetstone"},{"floor":159,"key":"ReplayTheSpireMod:Spearhead"},{"floor":161,"key":"infinitespire:Eraser"},{"floor":162,"key":"Paper Frog"},{"floor":164,"key":"Ornamental Fan"},{"floor":167,"key":"Centennial Puzzle"},{"floor":171,"key":"Boot"},{"floor":178,"key":"infinitespire:EmpoweringShard"},{"floor":179,"key":"aspiration:TomeofQuesting"},{"floor":180,"key":"Darkstone Periapt"},{"floor":181,"key":"infinitespire:Lucky Rock"},{"floor":184,"key":"aspiration:HummingbirdHeart"},{"floor":185,"key":"Golden Egg"},{"floor":191,"key":"White Beast Statue"},{"floor":196,"key":"Nunchaku"},{"floor":199,"key":"Snack Pack"},{"floor":201,"key":"Juzu Bracelet"},{"floor":208,"key":"Kunai"},{"floor":209,"key":"hubris:BundleOfHerbs"},{"floor":210,"key":"infinitespire:WardingShard"}],"event_choices":[{"damage_healed":0,"gold_gain":0,"player_choice":"Full Heal","damage_taken":0,"max_hp_gain":0,"max_hp_loss":0,"event_name":"Wheel of Change","floor":70,"gold_loss":0},{"damage_healed":0,"gold_gain":0,"player_choice":"Punched","damage_taken":3,"max_hp_gain":0,"max_hp_loss":0,"event_name":"Designer","floor":79,"gold_loss":0},{"damage_healed":0,"gold_gain":0,"player_choice":"Ignored","damage_taken":0,"max_hp_gain":0,"max_hp_loss":0,"event_name":"Vampires","floor":81,"gold_loss":0},{"damage_healed":0,"gold_gain":0,"player_choice":"Fight","damage_taken":0,"max_hp_gain":0,"max_hp_loss":0,"event_name":"Colosseum","floor":82,"gold_loss":0},{"damage_healed":0,"gold_gain":0,"player_choice":"Fought Nobs","damage_taken":0,"max_hp_gain":0,"max_hp_loss":0,"event_name":"Colosseum","floor":82,"gold_loss":0},{"damage_healed":0,"gold_gain":0,"player_choice":"Ignored","damage_taken":0,"max_hp_gain":0,"max_hp_loss":0,"event_name":"Ghosts","floor":83,"gold_loss":0},{"damage_healed":0,"gold_gain":0,"player_choice":"Copied","damage_taken":0,"max_hp_gain":0,"max_hp_loss":0,"event_name":"Duplicator","floor":88,"gold_loss":0,"cards_obtained":["Heavy Blade"]},{"damage_healed":0,"gold_gain":58,"player_choice":"Gained Gold","damage_taken":0,"max_hp_gain":0,"max_hp_loss":0,"event_name":"Golden Wing","floor":104,"gold_loss":0},{"damage_healed":0,"gold_gain":0,"player_choice":"Gave Potion","damage_taken":0,"relics_obtained":["CeramicFish"],"max_hp_gain":0,"max_hp_loss":0,"event_name":"WeMeetAgain","floor":105,"gold_loss":0},{"cards_removed":["Defend_R"],"damage_healed":0,"gold_gain":0,"player_choice":"Forget","damage_taken":0,"max_hp_gain":0,"max_hp_loss":0,"event_name":"Living Wall","floor":115,"gold_loss":0},{"damage_healed":0,"gold_gain":0,"player_choice":"Read","damage_taken":0,"max_hp_gain":0,"max_hp_loss":0,"event_name":"The Library","floor":127,"gold_loss":0,"cards_obtained":["Pommel Strike"]},{"damage_healed":0,"gold_gain":0,"player_choice":"Ignored","damage_taken":0,"max_hp_gain":0,"max_hp_loss":0,"event_name":"Ghosts","floor":133,"gold_loss":0},{"damage_healed":0,"gold_gain":0,"player_choice":"Ignored","damage_taken":0,"max_hp_gain":0,"max_hp_loss":0,"event_name":"Transmorgrifier","floor":138,"gold_loss":0},{"cards_removed":["Thunderclap"],"damage_healed":5,"gold_gain":0,"player_choice":"Offered Common","damage_taken":0,"max_hp_gain":0,"max_hp_loss":0,"event_name":"Bonfire Elementals","floor":140,"gold_loss":0},{"cards_removed":["Thunderclap"],"damage_healed":5,"gold_gain":0,"player_choice":"Offered Special","damage_taken":0,"max_hp_gain":0,"max_hp_loss":0,"event_name":"Bonfire Elementals","floor":140,"gold_loss":0},{"cards_removed":["Feed"],"damage_healed":0,"gold_gain":0,"player_choice":"Forget","damage_taken":0,"max_hp_gain":0,"max_hp_loss":0,"event_name":"Living Wall","floor":155,"gold_loss":0},{"damage_healed":0,"gold_gain":0,"player_choice":"Take Damage","damage_taken":42,"relics_obtained":["Golden Idol"],"max_hp_gain":0,"max_hp_loss":0,"event_name":"Golden Idol","floor":156,"gold_loss":0},{"damage_healed":0,"gold_gain":0,"player_choice":"Ignored","damage_taken":2258,"max_hp_gain":0,"max_hp_loss":0,"event_name":"betterThird:BetterSerpent","floor":157,"gold_loss":0},{"damage_healed":0,"gold_gain":0,"player_choice":"Relic ","damage_taken":12,"max_hp_gain":0,"max_hp_loss":0,"event_name":"betterThird:BetterScrap","floor":172,"gold_loss":0,"cards_obtained":["After Image"]},{"damage_healed":0,"gold_gain":0,"player_choice":"Bought 0 Potions","damage_taken":0,"max_hp_gain":0,"max_hp_loss":0,"event_name":"The Woman in Blue","floor":183,"gold_loss":0},{"damage_healed":0,"gold_gain":0,"player_choice":"Ignored","damage_taken":0,"max_hp_gain":0,"max_hp_loss":0,"event_name":"Ghosts","floor":200,"gold_loss":0},{"damage_healed":0,"gold_gain":0,"player_choice":"Punched","damage_taken":3,"max_hp_gain":0,"max_hp_loss":0,"event_name":"Designer","floor":207,"gold_loss":0}],"is_beta":false,"boss_relics":[{"not_picked":["aspiration:SecretTechniqueScroll","Painkiller Herb"],"picked":"zeldaRelics:HylianShield"},{"not_picked":["ChewingGum","hubris:ScarierMask","energizedSpire:HugeHouse"]},{"not_picked":["aspiration:SilentSkillbook","Replay:Grab Bag","hubris:GrandSneckoEye"]},{"not_picked":["energizedSpire:DeadBattery","aspiration:PoetsPen_weak","infinitespire:Burning Sword"]},{"not_picked":["hubris:VirtuousBlindfold","Runic Pyramid"],"picked":"Philosopher\u0027s Stone"},{"not_picked":["energizedSpire:HugeHouse","Runic Cube"],"picked":"Calling Bell"},{"not_picked":["Replay:Ancient Bell","trackpad:Trackpad","aspiration:RitualDagger"]},{"not_picked":["energizedSpire:NeverEndingSparkler","Mark of Pain","energizedSpire:RedRose"]},{"not_picked":["hubris:GrandSneckoEye","Tiny House"],"picked":"Coffee Dripper"},{"not_picked":["Replay:Drink Me","hubris:GrandSneckoEye","aspiration:DefectSkillbook"]},{"not_picked":["Cursed Key","Abe\u0027s Treasure","aspiration:PoetsPen_weak"]},{"not_picked":["Replay:Bronze Core","infinitespire:Cupcake"],"picked":"Black Star"}],"items_purged_floors":[27,38,72,90,95,107,109,121,131,149,173,174,192],"is_endless":true,"potions_floor_spawned":[2,4,7,12,16,19,22,23,24,28,30,35,42,45,46,48,50,52,55,58,65,76,80,82,86,91,93,103,113,116,120,126,129,139,144,148,150,152,161,164,169,182,184,188,193,194,198,201,203,205,209,210],"killed_by":"R_Hoarder","ascension_level":0}}