{"host":"dpbezu80jg8zk7un","time":1607561639,"event":{"gold_per_floor":[14,14,32,82,101,101,134,134,134,134,150,150,150,184,184,259,259,278,297,297,297],"floor_reached":20,"playtime":519,"items_purged":[],"score":364,"play_id":"8f3f8369-8584-4780-95ec-999a19e98b60","local_time":"20201210095359","is_ascension_mode":true,"campfire_choices":[{"data":"Eruption","floor":6.0,"key":"SMITH"},{"data":"CrushJoints","floor":8.0,"key":"SMITH"},{"data":"Meditate","floor":10.0,"key":"SMITH"},{"data":"MentalFortress","floor":13.0,"key":"SMITH"},{"data":"Brilliance","floor":15,"key":"SMITH"}],"neow_cost":"NO_GOLD","seed_source_timestamp":62891912690700,"circlet_count":0,"master_deck":["AscendersBane","Strike_P","Strike_P","Strike_P","Strike_P","Defend_P","Defend_P","Defend_P","Eruption+1","Vigilance","Brilliance+1","MentalFortress+1","CrushJoints+1","Meditate+1","Prostrate+1"],"special_seed":0,"relics":["PureWater","Gremlin Horn","Bottled Tornado","Runic Pyramid"],"potions_floor_usage":[16,19],"damage_taken":[{"damage":7.0,"enemies":"Small Slimes","floor":1.0,"turns":4.0},{"damage":3.0,"enemies":"2 Louse","floor":3.0,"turns":2.0},{"damage":0.0,"enemies":"Cultist","floor":5.0,"turns":2.0},{"damage":13.0,"enemies":"Gremlin Nob","floor":7.0,"turns":3.0},{"damage":1.0,"enemies":"Looter","floor":11.0,"turns":3.0},{"damage":9,"enemies":"Lagavulin","floor":14,"turns":5},{"damage":7,"enemies":"The Guardian","floor":16,"turns":5},{"damage":22,"enemies":"2 Thieves","floor":18,"turns":3},{"damage":5,"enemies":"Chosen","floor":19,"turns":4},{"damage":32,"enemies":"Masked Bandits","floor":20,"turns":3}],"seed_played":"-4193089779429222773","potions_obtained":[{"floor":1.0,"key":"Strength Potion"},{"floor":5.0,"key":"Swift Potion"},{"floor":7.0,"key":"AttackPotion"},{"floor":12.0,"key":"LiquidMemories"},{"floor":18,"key":"Dexterity Potion"}],"is_trial":false,"path_per_floor":["M","?","M","?","M","R","E","R","T","R","M","?","R","E","R","B",null,"M","M","?"],"character_chosen":"WATCHER","items_purchased":[],"campfire_rested":0,"item_purchase_floors":[],"current_hp_per_floor":[54,54,51,45,45,45,32,32,32,32,31,31,31,22,22,15,55,33,28,0,0],"gold":297,"neow_bonus":"THREE_RARE_CARDS","is_prod":false,"is_daily":false,"chose_seed":false,"campfire_upgraded":5,"win_rate":0,"timestamp":1607561639,"path_taken":["M","?","M","?","M","R","E","R","T","R","?","?","R","E","R","BOSS","M","M","?"],"build_version":"2020-11-30","purchased_purges":0,"victory":false,"max_hp_per_floor":[68,68,68,68,68,68,68,68,68,68,68,68,68,68,68,68,68,68,68,68,68],"card_choices":[{"not_picked":["Alpha","SpiritShield"],"picked":"Brilliance","floor":0.0},{"not_picked":["Pray","ThirdEye"],"picked":"MentalFortress","floor":1.0},{"not_picked":["SashWhip","FlurryOfBlows"],"picked":"CrushJoints","floor":3.0},{"not_picked":["Omniscience","Consecrate","SandsOfTime"],"picked":"SKIP","floor":5.0},{"not_picked":["FollowUp","PathToVictory"],"picked":"Meditate","floor":7.0},{"not_picked":["ClearTheMind","Protect","TalkToTheHand"],"picked":"SKIP","floor":11.0},{"not_picked":["EmptyFist","BowlingBash","FlurryOfBlows"],"picked":"SKIP","floor":14},{"not_picked":["Swivel","PathToVictory"],"picked":"Prostrate+1","floor":18},{"not_picked":["ThirdEye","CutThroughFate","ClearTheMind"],"picked":"SKIP","floor":19}],"player_experience":2728357,"relics_obtained":[{"floor":7.0,"key":"Gremlin Horn"},{"floor":9.0,"key":"Bottled Tornado"}],"event_choices":[{"cards_removed":["Defend_P"],"damage_healed":0.0,"max_hp_gain":0.0,"max_hp_loss":0.0,"gold_gain":0.0,"event_name":"Living Wall","player_choice":"Forget","floor":2.0,"gold_loss":0.0,"damage_taken":0.0},{"damage_healed":0.0,"max_hp_gain":0.0,"max_hp_loss":0.0,"gold_gain":50.0,"event_name":"FaceTrader","player_choice":"Touch","floor":4.0,"gold_loss":0.0,"damage_taken":6.0},{"damage_healed":0.0,"max_hp_gain":0.0,"max_hp_loss":0.0,"gold_gain":0.0,"event_name":"Lab","player_choice":"Got Potions","floor":12.0,"gold_loss":0.0,"damage_taken":0.0},{"damage_healed":0,"gold_gain":0,"player_choice":"Fought Bandits","damage_taken":0,"max_hp_gain":0,"max_hp_loss":0,"event_name":"Masked Bandits","floor":20,"gold_loss":0}],"is_beta":false,"boss_relics":[{"not_picked":["Snecko Eye","Ectoplasm"],"picked":"Runic Pyramid"}],"items_purged_floors":[],"is_endless":false,"potions_floor_spawned":[1,5,7,18],"killed_by":"Masked Bandits","ascension_level":20}}