{"host":"a484oiac96svwyi6","time":1607587394,"event":{"gold_per_floor":[689,689,709,709,734,734,765,765,765,466,466,490,542,292,292,422,522,553,553,567,604,604,646,673,673,673,673,673,683,737,760,760,899,899,911,944,944,944,964,964,990,1043,1062,1116,1169,1207,1227,1227,1242,813,813,823],"floor_reached":53,"playtime":2547,"items_purged":[],"score":1719,"play_id":"550d7e99-7c02-4416-bdd9-126f7a0eb79d","local_time":"20201210030314","is_ascension_mode":true,"campfire_choices":[{"data":"dioMod:Minions","floor":6,"key":"SMITH"},{"floor":11,"key":"REST"},{"floor":15,"key":"REST"},{"data":"dioMod:TheWalk","floor":25,"key":"SMITH"},{"data":"dioMod:TheWalk","floor":32,"key":"SMITH"},{"data":"Specialist","floor":51,"key":"SMITH"}],"neow_cost":"","seed_source_timestamp":870412293591600,"circlet_count":0,"master_deck":["dioMod:Strike","dioMod:Strike","dioMod:Strike","dioMod:Strike+1","Bite","dioMod:Defend+1","dioMod:Defend+1","dioMod:Defend","dioMod:Defend+1","StuffTheSpire:FreeRealEstate","dioMod:Minions+1","dioMod:CutDeep","dioMod:DaggerSpree","dioMod:DominatingPresence","ShadowRift","StuffTheSpire:FreeRealEstate","dioMod:FlyAway","dioMod:Muda","dioMod:BloodTransfusion","dioMod:BloodTransfusion","dioMod:DaggerToss","dioMod:TheWalk+1","dioMod:DaggerSpree","dioMod:Minions","dioMod:BlendIn","dioMod:Strike","dioMod:Strike","dioMod:Strike","dioMod:Strike+1","Bite","dioMod:Defend+1","dioMod:Defend+1","dioMod:Defend","dioMod:Defend+1","StuffTheSpire:FreeRealEstate","dioMod:Minions+1","dioMod:CutDeep","dioMod:DaggerSpree","dioMod:DominatingPresence","ShadowRift","StuffTheSpire:FreeRealEstate","dioMod:FlyAway","dioMod:Muda","dioMod:BloodTransfusion","dioMod:BloodTransfusion","dioMod:DaggerToss","dioMod:TheWalk+1","dioMod:DaggerSpree","dioMod:Minions","dioMod:BlendIn","dioMod:Refresh","dioMod:BloodSuck+1","dioMod:DoubleTime+1","dioMod:SecretPlan","dioMod:Pluck","dioMod:DarkRebirth","dioMod:DominatingPresence+1","dioMod:Minions","Parasite","dioMod:PathToHeaven","dioMod:BloodSplash","dioMod:ComboFever","dioMod:DoubleTime","dioMod:DominatingPresence+1","dioMod:BloodTransfusion","Specialist+1","Apotheosis"],"relics":["dioMod:VampireBlood","HowToJump","Akabeko","War Paint","Replay:Bottled Steam","ReplayTheSpireMod:Lightbulb","hubris:FunFungus","Gremlin Food","DollysMirror","MawBank","Frozen Eye","Replay:Wanted Poster","Bloody Idol","Blood Vial","infinitespire:EmpoweringShard","Pondfish Scales","Shovel","SlaversCollar","FossilizedHelix","StuffTheSpire:CocoNut","Pen Nib","Gremlin Horn","Replay:Baseball"],"potions_floor_usage":[21,21,21,23],"damage_taken":[{"damage":1,"enemies":"Small Slimes","floor":1,"turns":4},{"damage":0,"enemies":"2 Louse","floor":3,"turns":2},{"damage":0,"enemies":"Cultist","floor":5,"turns":4},{"damage":35,"enemies":"3 Sentries","floor":7,"turns":5},{"damage":3,"enemies":"Looter","floor":12,"turns":3},{"damage":14,"enemies":"Lagavulin","floor":13,"turns":4},{"damage":38,"enemies":"The Guardian","floor":16,"turns":12},{"damage":14,"enemies":"2 Thieves","floor":18,"turns":3},{"damage":0,"enemies":"Shell Parasite","floor":20,"turns":1},{"damage":51,"enemies":"Shelled Parasite and Fungi","floor":21,"turns":6},{"damage":34,"enemies":"Gremlin Leader","floor":23,"turns":6},{"damage":12,"enemies":"Cultist and Chosen","floor":24,"turns":3},{"damage":14,"enemies":"Snake Plant","floor":29,"turns":2},{"damage":49,"enemies":"Book of Stabbing","floor":30,"turns":5},{"damage":0,"enemies":"3 Cultists","floor":31,"turns":3},{"damage":66,"enemies":"Pondfish","floor":33,"turns":10},{"damage":0,"enemies":"Orb Walker","floor":35,"turns":1},{"damage":38,"enemies":"3 Darklings","floor":36,"turns":6},{"damage":5,"enemies":"Maw","floor":39,"turns":5},{"damage":33,"enemies":"Writhing Mass","floor":41,"turns":4},{"damage":21,"enemies":"Giant Head","floor":42,"turns":6},{"damage":0,"enemies":"3 Darklings","floor":43,"turns":1},{"damage":12,"enemies":"Reptomancer","floor":44,"turns":4},{"damage":0,"enemies":"Nemesis","floor":46,"turns":3},{"damage":67,"enemies":"Jaw Worm Horde","floor":47,"turns":5},{"damage":0,"enemies":"Sphere and 2 Shapes","floor":49,"turns":1},{"damage":52,"enemies":"Time Eater","floor":52,"turns":6}],"seed_played":"-2564840625073396902","potions_obtained":[{"floor":5,"key":"DDmod:CleansePotion"},{"floor":12,"key":"PowerPotion"},{"floor":13,"key":"Block Potion"},{"floor":18,"key":"PowerPotion"},{"floor":21,"key":"AttackPotion"},{"floor":30,"key":"DistilledChaos"},{"floor":33,"key":"conspire:TimeTravelPotion"},{"floor":35,"key":"ColorlessPotion"}],"is_trial":false,"path_per_floor":["M","?","M","?","M","R","E","?","T","$","R","M","E","$","R","B",null,"M","?","M","M","?","E","M","R","T","$","$","M","E","M","R","B",null,"M","M","PTL","PTL","M","$","M","E","M","E","T","E","M","?","M","$","R_BF","B",null],"character_chosen":"THE_DEFAULT","items_purchased":["Akabeko","StuffTheSpire:FreeRealEstate","Gremlin Food","DollysMirror","dioMod:BloodTransfusion","dioMod:DaggerToss","Frozen Eye","Replay:Baseball","Specialist","Apotheosis"],"campfire_rested":2,"item_purchase_floors":[0,0,10,10,14,14,14,50,50,50],"current_hp_per_floor":[75,75,75,75,75,75,51,35,35,35,57,59,50,50,72,63,75,75,17,27,39,39,75,75,75,75,75,75,75,75,75,75,75,75,75,75,75,75,75,75,72,75,75,82,82,82,52,52,73,73,73,62],"gold":823,"neow_bonus":"","is_prod":false,"is_daily":false,"chose_seed":false,"campfire_upgraded":4,"win_rate":0,"timestamp":1607587394,"path_taken":["M","?","?","?","M","R","E","?","T","$","R","M","E","?","R","BOSS","M","?","?","?","?","E","?","R","T","?","$","M","E","?","R","BOSS","M","M","PTL","PTL","M","$","M","E","M","E","T","E","M","?","M","$","R_BF","BOSS"],"build_version":"2020-11-30","purchased_purges":0,"victory":true,"max_hp_per_floor":[75,75,75,75,75,75,75,75,75,75,75,75,75,75,75,75,75,75,75,75,75,75,75,75,75,75,75,75,75,75,75,75,75,75,75,75,75,75,75,75,75,75,75,82,82,82,82,82,82,82,82,82],"relic_stats":{"Blood Vial":12,"Shovel":0,"Gremlin Horn":[0,0],"counters":[66,269],"Bloody Idol":171,"Pen Nib":[1],"War Paint":["dioMod:Defend","dioMod:Defend"],"MawBank":12,"obtain_stats":[{"Gremlin Horn":46,"Whetstone":8,"Ginger":9,"Boot":0,"Replay:Wanted Poster":17,"Blood Vial":19,"vexMod:InvisibilityCloak":24,"DollysMirror":10,"Replay:Bottled Steam":7,"conspire:Dentures":27,"Girya":20,"Replay:Grab Bag":17,"Oddly Smooth Stone":0,"Pen Nib":45,"Letter Opener":26,"War Paint":4,"Question Card":24,"Akabeko":0,"relicPack:EdsArm":5,"SlaversCollar":34,"Bottled Flame":45,"Replay:Baseball":50,"relicPack:KazumaCape":34,"dioMod:VampireBlood":0,"ReplayTheSpireMod:TigerMarble":28,"infinitespire:EmpoweringShard":23,"ReplayTheSpireMod:DimensionalGlitch":38,"vexMod:ImprovementManual":28,"SnailShell":38,"SacredBark":17,"RetroEgg":30,"Rawhide":11,"conspire:SpecialSausage":17,"Replay:Multitool":40,"Smiling Mask":11,"Empty Cage":17,"Replay:Rubber Ducky":9,"StuffTheSpire:RunicConfusion":17,"Frozen Eye":14,"Nunchaku":44,"Replay:Bandana":0,"hubris:Icosahedron":19,"Shovel":30,"StuffTheSpire:HeavyRock":6,"Toolbox":0,"MiniBlackHole":26,"hubris:FunFungus":9,"Gremlin Food":10,"HowToJump":0,"StuffTheSpire:Expresso":11,"MawBank":13,"Pondfish Scales":26,"StuffTheSpire:Mouthbags":43,"betterThird:SlimedRelic":3,"Bloody Idol":19,"StuffTheSpire:CocoNut":44,"Turnip":0,"ReplayTheSpireMod:Lightbulb":8,"FossilizedHelix":42},{"Gremlin Horn":63,"Whetstone":4,"Ginger":28,"Boot":25,"Replay:Wanted Poster":8,"Blood Vial":47,"vexMod:InvisibilityCloak":11,"DollysMirror":43,"Replay:Bottled Steam":43,"conspire:Dentures":36,"Girya":9,"Replay:Grab Bag":8,"Oddly Smooth Stone":25,"Pen Nib":62,"Letter Opener":12,"War Paint":41,"Question Card":35,"Akabeko":39,"relicPack:EdsArm":26,"SlaversCollar":55,"Bottled Flame":21,"Replay:Baseball":65,"relicPack:KazumaCape":16,"dioMod:VampireBlood":0,"ReplayTheSpireMod:TigerMarble":13,"infinitespire:EmpoweringShard":50,"ReplayTheSpireMod:DimensionalGlitch":18,"vexMod:ImprovementManual":13,"SnailShell":18,"SacredBark":8,"RetroEgg":14,"Rawhide":28,"conspire:SpecialSausage":31,"Replay:Multitool":19,"Smiling Mask":5,"Empty Cage":8,"Replay:Rubber Ducky":4,"StuffTheSpire:RunicConfusion":8,"Frozen Eye":45,"Nunchaku":21,"Replay:Bandana":25,"hubris:Icosahedron":9,"Shovel":53,"StuffTheSpire:HeavyRock":3,"Toolbox":25,"MiniBlackHole":35,"hubris:FunFungus":43,"Gremlin Food":43,"HowToJump":0,"StuffTheSpire:Expresso":28,"MawBank":45,"Pondfish Scales":51,"StuffTheSpire:Mouthbags":20,"betterThird:SlimedRelic":1,"Bloody Idol":47,"StuffTheSpire:CocoNut":62,"Turnip":25,"ReplayTheSpireMod:Lightbulb":43,"FossilizedHelix":60},{"Gremlin Horn":257,"Whetstone":21,"Ginger":96,"Boot":81,"Replay:Wanted Poster":32,"Blood Vial":191,"vexMod:InvisibilityCloak":40,"DollysMirror":169,"Replay:Bottled Steam":169,"conspire:Dentures":140,"Girya":35,"Replay:Grab Bag":32,"Oddly Smooth Stone":81,"Pen Nib":254,"Letter Opener":42,"War Paint":160,"Question Card":137,"Akabeko":154,"relicPack:EdsArm":84,"SlaversCollar":227,"Bottled Flame":66,"Replay:Baseball":263,"relicPack:KazumaCape":51,"dioMod:VampireBlood":0,"ReplayTheSpireMod:TigerMarble":43,"infinitespire:EmpoweringShard":204,"ReplayTheSpireMod:DimensionalGlitch":53,"vexMod:ImprovementManual":43,"SnailShell":53,"SacredBark":32,"RetroEgg":45,"Rawhide":96,"conspire:SpecialSausage":114,"Replay:Multitool":57,"Smiling Mask":24,"Empty Cage":32,"Replay:Rubber Ducky":21,"StuffTheSpire:RunicConfusion":32,"Frozen Eye":176,"Nunchaku":66,"Replay:Bandana":81,"hubris:Icosahedron":35,"Shovel":214,"StuffTheSpire:HeavyRock":14,"Toolbox":81,"MiniBlackHole":137,"hubris:FunFungus":169,"Gremlin Food":169,"HowToJump":0,"StuffTheSpire:Expresso":96,"MawBank":176,"Pondfish Scales":207,"StuffTheSpire:Mouthbags":61,"betterThird:SlimedRelic":3,"Bloody Idol":191,"StuffTheSpire:CocoNut":254,"Turnip":81,"ReplayTheSpireMod:Lightbulb":169,"FossilizedHelix":249}]},"card_choices":[{"not_picked":["dioMod:Diversion","dioMod:TripleThreat"],"picked":"dioMod:Minions","floor":1},{"not_picked":["dioMod:ComposedMuda","dioMod:StreetSign"],"picked":"dioMod:CutDeep","floor":3},{"not_picked":["dioMod:CautiousMuda","dioMod:Roundabout"],"picked":"dioMod:DaggerSpree","floor":5},{"not_picked":["dioMod:PhantomBlood","dioMod:DaggerSpree"],"picked":"dioMod:DominatingPresence","floor":7},{"not_picked":["dioMod:HeavyLifting","dioMod:GoodbyeJojo"],"picked":"dioMod:FlyAway","floor":12},{"not_picked":["dioMod:DisarmingVoice","dioMod:PhantomBlood"],"picked":"dioMod:Muda","floor":13},{"not_picked":["dioMod:ZaWarudo","dioMod:KonoDioDa"],"picked":"dioMod:TheWalk","floor":16},{"not_picked":["dioMod:CutDeep","dioMod:TripleThreat"],"picked":"dioMod:DaggerSpree","floor":18},{"not_picked":["dioMod:CautiousMuda+1","dioMod:Diversion"],"picked":"dioMod:Minions","floor":20},{"not_picked":["dioMod:TripleThreat+1","dioMod:HeavyLifting"],"picked":"dioMod:BlendIn","floor":21},{"not_picked":["dioMod:TripleThreat+1","dioMod:BloodShield"],"picked":"dioMod:Refresh","floor":23},{"not_picked":["dioMod:ComposedMuda","dioMod:Donut"],"picked":"dioMod:BloodSuck+1","floor":24},{"not_picked":["dioMod:VengefulMuda","dioMod:SecretPlan"],"picked":"dioMod:DoubleTime+1","floor":29},{"not_picked":["dioMod:StreetSign","dioMod:BloodSplash"],"picked":"dioMod:SecretPlan","floor":30},{"not_picked":["dioMod:CautiousMuda","dioMod:TripleThreat+1","dioMod:SlashThroughTime"],"picked":"SKIP","floor":31},{"not_picked":["dioMod:SevenPageMuda","dioMod:Despair"],"picked":"dioMod:Pluck","floor":33},{"not_picked":["dioMod:Hiss","dioMod:FlyAway+1"],"picked":"dioMod:DarkRebirth","floor":35},{"not_picked":["dioMod:Diversion+1","dioMod:BloodSplash"],"picked":"dioMod:DominatingPresence+1","floor":36},{"not_picked":["dioMod:Roundabout+1","dioMod:WRYYY"],"picked":"dioMod:Minions","floor":39},{"not_picked":["dioMod:TripleThreat","dioMod:Donut+1"],"picked":"dioMod:PathToHeaven","floor":41},{"not_picked":["dioMod:FlyAway","dioMod:DaggerSpree"],"picked":"dioMod:BloodSplash","floor":42},{"not_picked":["dioMod:StreetSign","dioMod:DisarmingVoice+1","dioMod:Diversion"],"picked":"SKIP","floor":43},{"not_picked":["dioMod:DisarmingVoice","dioMod:Diversion"],"picked":"dioMod:ComboFever","floor":44},{"not_picked":["dioMod:SevenPageMuda","dioMod:Minions+1"],"picked":"dioMod:DoubleTime","floor":46},{"not_picked":["dioMod:Donut","dioMod:BloodShield+1"],"picked":"dioMod:DominatingPresence+1","floor":47},{"not_picked":["dioMod:Diversion+1","dioMod:WRYYY"],"picked":"dioMod:BloodTransfusion","floor":49}],"player_experience":272767,"relics_obtained":[{"floor":4,"key":"War Paint"},{"floor":7,"key":"Replay:Bottled Steam"},{"floor":9,"key":"hubris:FunFungus"},{"floor":13,"key":"MawBank"},{"floor":23,"key":"infinitespire:EmpoweringShard"},{"floor":26,"key":"Pondfish Scales"},{"floor":30,"key":"Shovel"},{"floor":42,"key":"FossilizedHelix"},{"floor":44,"key":"StuffTheSpire:CocoNut"},{"floor":45,"key":"Pen Nib"},{"floor":46,"key":"Gremlin Horn"}],"event_choices":[{"damage_healed":0,"gold_gain":0,"player_choice":"Ignored","damage_taken":689,"max_hp_gain":0,"max_hp_loss":0,"event_name":"betterThird:BetterSerpent","floor":2,"gold_loss":0},{"damage_healed":0,"gold_gain":0,"player_choice":" Idol Vial ","damage_taken":58,"relics_obtained":["Bloody Idol","Blood Vial"],"max_hp_gain":75,"max_hp_loss":17,"event_name":"betterAltar:BetterAltar","floor":19,"potions_obtained":[],"relics_lost":[],"gold_loss":0}],"is_beta":false,"boss_relics":[{"not_picked":["ReplayTheSpireMod:SealedPack","Sozu"],"picked":"Replay:Wanted Poster"},{"not_picked":["vexMod:EndlessSickness","Runic Dome"],"picked":"SlaversCollar"}],"items_purged_floors":[],"is_endless":false,"potions_floor_spawned":[5,12,13,18,21,30,33,35,36,41,44,49],"ascension_level":4}}