{"host":"wwt2ezt6nhdbor27","time":1607571532,"event":{"gold_per_floor":[118,130,147,167,185,185,204,204,254,280,300,317,345,365,365,466,466,484,484,494,510,528,528,538,564,564,18,32,32,67,82,82,180,180,193,0,0,0,0,34,34,54,54,68,79,101,115,134,134,134,134],"floor_reached":50,"playtime":10923,"items_purged":[],"score":561,"play_id":"bf00843d-3bf1-4e27-8f3e-fbd42864381d","local_time":"20201209193852","is_ascension_mode":false,"campfire_choices":[{"data":"hermit:Gestalt","floor":6,"key":"SMITH"},{"floor":15,"key":"REST"},{"floor":23,"key":"REST"},{"floor":32,"key":"RECALL"},{"data":"hermit:ShadowCloak","floor":41,"key":"SMITH"},{"floor":49,"key":"REST"}],"neow_cost":"NONE","seed_source_timestamp":2254220734839300,"circlet_count":0,"master_deck":["hermit:Strike_Hermit+1","hermit:Strike_Hermit","hermit:Strike_Hermit","hermit:Strike_Hermit","hermit:Defend_Hermit","hermit:Defend_Hermit","hermit:Defend_Hermit","hermit:Defend_Hermit","hermit:Snapshot","hermit:Covet","hermit:FatalDesire","hermit:BodyArmor","hermit:Gestalt+1","hermit:Coalescence","hermit:Manifest","hermit:ShadowCloak+1","hermit:ShadowCloak+1","hermit:Brawl","hermit:Quickdraw","hermit:TrackingShot","hermit:Cheat","hermit:CalledShot","hermit:RoundhouseKick","hermit:HoleUp+1","hermit:Vantage","hermit:HoleUp+1","hermit:GoldenBullet+1","hermit:HeroicBravado","hermit:Malice+1","hermit:Brawl","hermit:Showdown+1","hermit:Headshot+1","hermit:HeroicBravado","hermit:Dive+1","hermit:Brawl+1","hermit:Scavenge+1","hermit:Malice","hermit:CalledShot","hermit:Spite"],"relics":["hermit:Momento","Vajra","Bag of Preparation","Letter Opener","Bag of Marbles","Snecko Eye","Thread and Needle","Gambling Chip","Lee\u0027s Waffle","Du-Vu Doll","Sozu","Red Mask","White Beast Statue","Whetstone","Boot"],"potions_floor_usage":[7,10],"damage_taken":[{"damage":6,"enemies":"Cultist","floor":1,"turns":3},{"damage":0,"enemies":"Small Slimes","floor":2,"turns":3},{"damage":2,"enemies":"Jaw Worm","floor":3,"turns":4},{"damage":1,"enemies":"Red Slaver","floor":4,"turns":6},{"damage":2,"enemies":"Blue Slaver","floor":5,"turns":4},{"damage":1,"enemies":"2 Fungi Beasts","floor":7,"turns":4},{"damage":13,"enemies":"Gremlin Nob","floor":10,"turns":6},{"damage":12,"enemies":"Looter","floor":11,"turns":5},{"damage":2,"enemies":"Red Slaver","floor":12,"turns":4},{"damage":11,"enemies":"3 Sentries","floor":13,"turns":11},{"damage":5,"enemies":"Large Slime","floor":14,"turns":7},{"damage":10,"enemies":"The Guardian","floor":16,"turns":14},{"damage":2,"enemies":"Chosen","floor":18,"turns":7},{"damage":8,"enemies":"Shell Parasite","floor":20,"turns":5},{"damage":11,"enemies":"Shelled Parasite and Fungi","floor":21,"turns":8},{"damage":1,"enemies":"Snecko","floor":22,"turns":8},{"damage":3,"enemies":"Cultist and Chosen","floor":24,"turns":8},{"damage":1,"enemies":"HollowMod:Nosk","floor":25,"turns":11},{"damage":0,"enemies":"Centurion and Healer","floor":28,"turns":9},{"damage":29,"enemies":"Slavers","floor":30,"turns":6},{"damage":0,"enemies":"Snecko","floor":31,"turns":5},{"damage":3,"enemies":"Champ","floor":33,"turns":10},{"damage":2,"enemies":"3 Darklings","floor":35,"turns":10},{"damage":6,"enemies":"Giant Head","floor":40,"turns":14},{"damage":2,"enemies":"Orb Walker","floor":42,"turns":4},{"damage":36,"enemies":"4 Shapes","floor":44,"turns":5},{"damage":14,"enemies":"Spire Growth","floor":45,"turns":7},{"damage":4,"enemies":"Transient","floor":46,"turns":5},{"damage":2,"enemies":"Maw","floor":47,"turns":8},{"damage":0,"enemies":"3 Darklings","floor":48,"turns":4},{"damage":50,"enemies":"Time Eater","floor":50,"turns":8}],"seed_played":"-4076696459552442399","potions_obtained":[{"floor":4,"key":"Strength Potion"},{"floor":5,"key":"Fruit Juice"},{"floor":7,"key":"GamblersBrew"},{"floor":13,"key":"hermit:Tonic"},{"floor":16,"key":"FearPotion"},{"floor":18,"key":"PowerPotion"},{"floor":22,"key":"GamblersBrew"}],"is_trial":false,"path_per_floor":["M","M","M","M","M","R","M","?","T","E","M","M","E","M","R","B",null,"M","?","M","M","M","R","M","E","T","$","M","?","E","M","R","B",null,"M","?","$","?","?","E","R","M","T","M","M","M","M","M","R","B"],"character_chosen":"HERMIT","items_purchased":["Gambling Chip","Lee\u0027s Waffle","hermit:Brawl"],"campfire_rested":3,"item_purchase_floors":[27,27,27],"current_hp_per_floor":[69,69,67,66,64,64,68,68,68,55,43,41,30,25,49,39,80,78,72,64,53,52,76,73,72,72,87,87,87,58,58,58,55,87,85,85,85,83,83,77,77,75,75,39,25,21,19,19,43,0,0],"gold":134,"neow_bonus":"ONE_RANDOM_RARE_CARD","is_prod":false,"is_daily":false,"chose_seed":false,"campfire_upgraded":2,"win_rate":0.0,"timestamp":1607571532,"path_taken":["M","M","?","M","?","R","M","?","T","E","?","M","E","M","R","BOSS","M","?","M","M","M","R","M","E","T","$","?","?","E","?","R","BOSS","M","?","$","?","?","E","R","M","T","?","M","M","M","M","R","BOSS"],"build_version":"2020-11-30","purchased_purges":0,"victory":false,"max_hp_per_floor":[75,75,75,75,75,75,80,80,80,80,80,80,80,80,80,80,80,80,80,80,80,80,80,80,80,80,87,87,87,87,87,87,87,87,87,87,87,83,83,83,83,83,83,83,83,83,83,83,83,83,83],"relic_stats":{"Sozu":7,"Lee\u0027s Waffle":15,"counters":[31,213],"Gambling Chip":[71],"Snecko Eye":[319,299,255,301],"Bag of Preparation":[50],"Letter Opener":[230],"Whetstone":["hermit:Strike_Hermit","hermit:GoldenBullet"],"Boot":[2],"obtain_stats":[{"Lee\u0027s Waffle":27,"Vajra":8,"Thread and Needle":25,"Bag of Preparation":9,"Letter Opener":10,"Whetstone":40,"Boot":43,"White Beast Statue":39,"Du-Vu Doll":30,"Sozu":34,"Gambling Chip":27,"Snecko Eye":17,"Bag of Marbles":13,"Red Mask":36,"hermit:Momento":0},{"Lee\u0027s Waffle":18,"Vajra":6,"Thread and Needle":18,"Bag of Preparation":6,"Letter Opener":7,"Whetstone":24,"Boot":25,"White Beast Statue":23,"Du-Vu Doll":20,"Sozu":22,"Gambling Chip":18,"Snecko Eye":12,"Bag of Marbles":10,"Red Mask":23,"hermit:Momento":0},{"Lee\u0027s Waffle":118,"Vajra":24,"Thread and Needle":118,"Bag of Preparation":24,"Letter Opener":30,"Whetstone":172,"Boot":176,"White Beast Statue":158,"Du-Vu Doll":133,"Sozu":148,"Gambling Chip":118,"Snecko Eye":71,"Bag of Marbles":50,"Red Mask":158,"hermit:Momento":0}]},"card_choices":[{"not_picked":["hermit:Desperado","hermit:Quickdraw"],"picked":"hermit:BodyArmor","floor":1},{"not_picked":["hermit:WideOpen","hermit:Showdown"],"picked":"hermit:Gestalt","floor":2},{"not_picked":["hermit:LowProfile","hermit:WideOpen"],"picked":"hermit:Coalescence","floor":3},{"not_picked":["hermit:ItchyTrigger","hermit:Roulette"],"picked":"hermit:Manifest","floor":4},{"not_picked":["hermit:BigShot","hermit:EyeOfTheStorm"],"picked":"hermit:ShadowCloak","floor":5},{"not_picked":["hermit:Coalescence","hermit:Virtue"],"picked":"hermit:ShadowCloak","floor":7},{"not_picked":["hermit:HighCaliber","hermit:HighNoon"],"picked":"hermit:Brawl","floor":10},{"not_picked":["hermit:HighCaliber","hermit:TrackingShot"],"picked":"hermit:Quickdraw","floor":11},{"not_picked":["hermit:Desperado","hermit:BigShot"],"picked":"hermit:TrackingShot","floor":12},{"not_picked":["hermit:SprayPray","hermit:Desperado"],"picked":"hermit:Cheat","floor":13},{"not_picked":["hermit:PistolWhip","hermit:TrackingShot"],"picked":"hermit:CalledShot","floor":14},{"not_picked":["hermit:Magnum","hermit:FromBeyond"],"picked":"hermit:RoundhouseKick","floor":16},{"not_picked":["hermit:CalledShot+1","hermit:Ricochet"],"picked":"hermit:HoleUp+1","floor":18},{"not_picked":["hermit:Determination","hermit:Snipe"],"picked":"hermit:Vantage","floor":20},{"not_picked":["hermit:Snipe","hermit:DeadMansHand"],"picked":"hermit:HoleUp+1","floor":21},{"not_picked":["hermit:Snipe","hermit:ItchyTrigger"],"picked":"hermit:GoldenBullet","floor":22},{"not_picked":["hermit:Brawl+1","hermit:Vantage"],"picked":"hermit:HeroicBravado","floor":24},{"not_picked":["hermit:CalledShot+1","hermit:Feint+1"],"picked":"hermit:Malice+1","floor":25},{"not_picked":["hermit:WideOpen","hermit:Ricochet"],"picked":"hermit:Showdown+1","floor":28},{"not_picked":["hermit:Snipe+1","hermit:LoneWolf","hermit:Purgatory"],"picked":"SKIP","floor":30},{"not_picked":["hermit:Misfire+1","hermit:Glare+1"],"picked":"hermit:Headshot+1","floor":31},{"not_picked":["hermit:FromBeyond","hermit:BlackWind"],"picked":"hermit:HeroicBravado","floor":33},{"not_picked":["hermit:TrackingShot+1","hermit:Shortfuse+1"],"picked":"hermit:Dive+1","floor":35},{"not_picked":["hermit:Headshot","hermit:Glare+1"],"picked":"hermit:Brawl+1","floor":40},{"not_picked":["hermit:CalledShot","hermit:HoleUp","hermit:Shortfuse+1"],"picked":"SKIP","floor":42},{"not_picked":["hermit:TakeAim","hermit:LowProfile"],"picked":"hermit:Scavenge+1","floor":44},{"not_picked":["hermit:Misfire","hermit:WideOpen"],"picked":"hermit:Malice","floor":45},{"not_picked":["hermit:TrackingShot+1","hermit:NoHoldsBarred+1"],"picked":"hermit:CalledShot","floor":46},{"not_picked":["hermit:LowProfile","hermit:Desperado+1","hermit:EyeOfTheStorm"],"picked":"SKIP","floor":47},{"not_picked":["hermit:Grudge","hermit:PistolWhip"],"picked":"hermit:Spite","floor":48}],"player_experience":148400,"relics_obtained":[{"floor":9,"key":"Bag of Preparation"},{"floor":10,"key":"Letter Opener"},{"floor":13,"key":"Bag of Marbles"},{"floor":25,"key":"Thread and Needle"},{"floor":30,"key":"Du-Vu Doll"},{"floor":39,"key":"White Beast Statue"},{"floor":40,"key":"Whetstone"},{"floor":43,"key":"Boot"}],"event_choices":[{"damage_healed":0,"gold_gain":0,"player_choice":"Gave Potion","damage_taken":0,"relics_obtained":["Vajra"],"max_hp_gain":0,"max_hp_loss":0,"event_name":"WeMeetAgain","floor":8,"gold_loss":0},{"damage_healed":0,"gold_gain":0,"player_choice":"","damage_taken":6,"max_hp_gain":0,"max_hp_loss":0,"event_name":"Knowing Skull","floor":19,"potions_obtained":[],"gold_loss":0,"cards_obtained":[]},{"damage_healed":0,"gold_gain":0,"player_choice":"Upgraded","damage_taken":0,"max_hp_gain":0,"max_hp_loss":0,"event_name":"Upgrade Shrine","floor":29,"gold_loss":0,"cards_upgraded":["hermit:ShadowCloak"]},{"damage_healed":0,"gold_gain":0,"player_choice":"Paid","damage_taken":0,"relics_obtained":["Red Mask"],"max_hp_gain":0,"max_hp_loss":0,"event_name":"Tomb of Lord Red Mask","floor":36,"gold_loss":193},{"damage_healed":0,"gold_gain":0,"player_choice":"Max HP","damage_taken":0,"max_hp_gain":0,"max_hp_loss":4,"event_name":"Winding Halls","floor":38,"gold_loss":0},{"damage_healed":0,"gold_gain":0,"player_choice":"Relic","damage_taken":0,"max_hp_gain":0,"max_hp_loss":0,"event_name":"Wheel of Change","floor":39,"gold_loss":0}],"is_beta":false,"boss_relics":[{"not_picked":["Astrolabe","hermit:DentedPlate"],"picked":"Snecko Eye"},{"not_picked":["hermit:ClaspedLocket","Philosopher\u0027s Stone"],"picked":"Sozu"}],"items_purged_floors":[],"is_endless":false,"potions_floor_spawned":[4,5,7,13,16,18,22,28,30,40,42,44,45,46,47,48],"killed_by":"Time Eater","ascension_level":0}}