{"host":"bq4pt811tk9yrmjl","time":1607624694,"event":{"mods":["BaseMod","AchievementEnabler","Colored Map","Colored Powertips","Defuse TimeMaze Blight","Minty Spire (QoL Compilation)","StSLib","SuperFastMode","UnlockEverythingMod"],"gold_per_floor":[114,128,128,128,88,122,140,140,140,90,107,107,107],"floor_reached":12,"playtime":161,"items_purged":[],"score":108,"play_id":"b86626f0-a751-4405-9f5d-79e1a0d64bc8","local_time":"20201210162454","is_ascension_mode":true,"campfire_choices":[{"data":"Zap","floor":8,"key":"SMITH"}],"circlet_count":0,"master_deck":["Strike_B","Strike_B","Strike_B","Defend_B","Defend_B","Defend_B","Defend_B","Zap+1","Dualcast","Conserve Battery"],"relics":["Cracked Core","NeowsBlessing","Singing Bowl","Juzu Bracelet"],"acts_visited":["Exordium"],"potions_floor_usage":[12],"damage_taken":[{"damage":0,"enemies":"Small Slimes","floor":1,"turns":1},{"damage":0,"enemies":"2 Louse","floor":2,"turns":1},{"damage":0,"enemies":"Lagavulin","floor":6,"turns":1},{"damage":4,"enemies":"Cultist","floor":7,"turns":4},{"damage":16,"enemies":"Large Slime","floor":11,"turns":7},{"damage":19,"enemies":"Gremlin Nob","floor":12,"turns":4}],"seed_played":"-2312844786709173086","potions_obtained":[{"floor":5,"key":"CultistPotion"},{"floor":5,"key":"FocusPotion"},{"floor":5,"key":"SteroidPotion"},{"floor":6,"key":"PowerPotion"}],"is_trial":false,"path_per_floor":["M","M","$","?","?","E","M","R","T","?","M","E"],"character_chosen":"DEFECT","items_purchased":[],"campfire_rested":0,"item_purchase_floors":[],"current_hp_per_floor":[75,75,75,80,80,82,80,80,80,80,66,47,47],"gold":107,"neow_bonus":"THREE_ENEMY_KILL","is_daily":false,"chose_seed":false,"campfire_upgraded":1,"win_rate":0,"timestamp":1607624694,"path_taken":["M","M","$","?","?","E","?","R","T","?","M","E"],"build_version":"2020-11-30","purchased_purges":0,"victory":false,"max_hp_per_floor":[75,75,75,80,80,82,84,84,84,84,86,86,86],"card_choices":[{"not_picked":["Barrage","Chill"],"picked":"Conserve Battery","floor":1},{"not_picked":["Hologram","Genetic Algorithm","Conserve Battery"],"picked":"SKIP","floor":2},{"not_picked":["Force Field","White Noise","Beam Cell"],"picked":"Singing Bowl","floor":6},{"not_picked":["Doom and Gloom","Leap","Rebound"],"picked":"Singing Bowl","floor":7},{"not_picked":["Recycle","Genetic Algorithm","Hologram"],"picked":"Singing Bowl","floor":11}],"player_experience":51608,"relics_obtained":[{"floor":6,"key":"Singing Bowl"},{"floor":9,"key":"Juzu Bracelet"}],"event_choices":[{"damage_healed":0,"gold_gain":0,"player_choice":"Donut","damage_taken":0,"max_hp_gain":5,"max_hp_loss":0,"event_name":"Big Fish","floor":4,"gold_loss":0},{"damage_healed":0,"gold_gain":0,"player_choice":"Bought 3 Potions","damage_taken":0,"max_hp_gain":0,"max_hp_loss":0,"event_name":"The Woman in Blue","floor":5,"gold_loss":0},{"cards_removed":["Strike_B"],"damage_healed":0,"gold_gain":0,"player_choice":"Card Removal","damage_taken":0,"max_hp_gain":0,"max_hp_loss":0,"event_name":"The Cleric","floor":10,"gold_loss":50}],"is_beta":false,"boss_relics":[],"items_purged_floors":[],"is_endless":false,"potions_floor_spawned":[6,7],"killed_by":"Gremlin Nob","ascension_level":1}}