{"host":"bxn2em57qlx5u4i0","time":1607567637,"event":{"gold_per_floor":[119,138,213,138,138,138,173,173,248,273,273,306,331,365,365,439,439,451,451,105,105,155,184,212,237,292,317,350,350,378,406,406,479,479,491,491,516,536,536,562,562,18,41,74,107,139,171,197,197,197,197,197,197,34,60,60],"floor_reached":57,"playtime":1194,"items_purged":["Pain","Normality"],"score":4305,"play_id":"13d01ce5-4f4d-4d11-a5e3-7d24ea927a20","local_time":"20201209213357","daily_mods":["SealedDeck","Heirloom","Time Dilation","Flight","DeadlyEvents","Cursed Run","Elite Swarm","Lethality"],"is_ascension_mode":true,"campfire_choices":[{"data":"Flex","floor":6.0,"key":"SMITH"},{"data":"1","floor":8.0,"key":"LIFT"},{"data":"2","floor":11.0,"key":"LIFT"},{"data":"3","floor":15.0,"key":"LIFT"},{"data":"Flex","floor":29.0,"key":"SMITH"},{"floor":32.0,"key":"REST"},{"floor":41,"key":"RECALL"},{"data":"Shockwave","floor":49,"key":"SMITH"},{"data":"Pommel Strike","floor":53,"key":"SMITH"}],"neow_cost":"","seed_source_timestamp":68099378477900,"circlet_count":0,"master_deck":["AscendersBane","Shockwave+1","Pommel Strike+1","Shrug It Off","Thunderclap","Pommel Strike","Dropkick","Seeing Red","Flex+1","Flex+1","Offering","Shame","Berserk+1","Impervious","Offering","Exhume","Limit Break","Seeing Red","Flash of Steel","Limit Break","Offering","Limit Break","Reaper","Barricade+1","Decay","Reaper","Master of Strategy","Seeing Red","Exhume","Regret","Exhume","Parasite"],"special_seed":0,"relics":["Cursed Key","Darkstone Periapt","Du-Vu Doll","StoneCalendar","Girya","Pear","Frozen Egg 2","Turnip","Peace Pipe","Blood Vial","Runic Cube","Chemical X","Nunchaku","CaptainsWheel","Mango","Sundial","Mercury Hourglass","Bag of Marbles","White Beast Statue","Coffee Dripper","Ice Cream","Gremlin Horn","Mummified Hand","Bag of Preparation","Orichalcum","Champion Belt","Singing Bowl","Lizard Tail","Happy Flower","Omamori","Anchor","Centennial Puzzle"],"potions_floor_usage":[56,56],"damage_taken":[{"damage":0.0,"enemies":"Cultist","floor":1.0,"turns":1.0},{"damage":0.0,"enemies":"Jaw Worm","floor":2.0,"turns":1.0},{"damage":1.0,"enemies":"3 Sentries","floor":7.0,"turns":3.0},{"damage":0.0,"enemies":"Gremlin Nob","floor":10.0,"turns":1.0},{"damage":15.0,"enemies":"3 Sentries","floor":12.0,"turns":3.0},{"damage":0.0,"enemies":"Gremlin Nob","floor":13.0,"turns":1.0},{"damage":12.0,"enemies":"3 Sentries","floor":14.0,"turns":2.0},{"damage":18.0,"enemies":"The Guardian","floor":16.0,"turns":1.0},{"damage":12.0,"enemies":"3 Byrds","floor":18.0,"turns":2.0},{"damage":12.0,"enemies":"Gremlin Leader","floor":23.0,"turns":2.0},{"damage":0.0,"enemies":"Slavers","floor":24.0,"turns":1.0},{"damage":6.0,"enemies":"Gremlin Leader","floor":25.0,"turns":1.0},{"damage":33.0,"enemies":"Book of Stabbing","floor":27.0,"turns":3.0},{"damage":6.0,"enemies":"Gremlin Leader","floor":28.0,"turns":2.0},{"damage":20.0,"enemies":"Book of Stabbing","floor":30.0,"turns":3.0},{"damage":8.0,"enemies":"Gremlin Leader","floor":31.0,"turns":2.0},{"damage":27.0,"enemies":"Champ","floor":33.0,"turns":5.0},{"damage":6.0,"enemies":"Orb Walker","floor":35.0,"turns":1.0},{"damage":6.0,"enemies":"Mind Bloom Boss Battle","floor":37.0,"turns":2.0},{"damage":6.0,"enemies":"3 Darklings","floor":38.0,"turns":1.0},{"damage":12,"enemies":"Reptomancer","floor":40,"turns":2},{"damage":18,"enemies":"Giant Head","floor":44,"turns":1},{"damage":12,"enemies":"Reptomancer","floor":45,"turns":1},{"damage":6,"enemies":"Nemesis","floor":46,"turns":1},{"damage":6,"enemies":"Reptomancer","floor":47,"turns":1},{"damage":0,"enemies":"Giant Head","floor":48,"turns":1},{"damage":12,"enemies":"Awakened One","floor":50,"turns":2},{"damage":47,"enemies":"Time Eater","floor":51,"turns":3},{"damage":6,"enemies":"Shield and Spear","floor":55,"turns":1},{"damage":125,"enemies":"The Heart","floor":56,"turns":4}],"seed_played":"-728093260190723202","potions_obtained":[{"floor":1.0,"key":"Weak Potion"},{"floor":14.0,"key":"AttackPotion"},{"floor":16.0,"key":"Explosive Potion"},{"floor":18.0,"key":"Fire Potion"},{"floor":23.0,"key":"DistilledChaos"},{"floor":25.0,"key":"Energy Potion"},{"floor":33.0,"key":"SteroidPotion"},{"floor":35.0,"key":"DistilledChaos"},{"floor":39.0,"key":"SkillPotion"}],"is_trial":true,"path_per_floor":["M","M","?","?","$","R","E","R","T","E","R","E","E","E","R","B",null,"M","?","$","$","?","E","E","E","T","E","E","R","E","E","R","B",null,"M","?","?","M","?","E","R","$","T","E","E","E","E","E","R","B","B",null,"R","$","E","B",null],"character_chosen":"IRONCLAD","items_purchased":["Flash of Steel","Chemical X","Mummified Hand","Bag of Preparation","Anchor"],"campfire_rested":1,"item_purchase_floors":[20,20,42,42,54],"current_hp_per_floor":[68,68,57,57,57,57,56,56,72,72,72,57,57,45,45,35,82,72,72,72,72,72,62,64,74,80,49,45,45,27,21,56,37,102,106,96,123,123,123,123,123,123,129,129,129,125,133,135,135,135,135,135,135,135,137,141],"gold":60,"neow_bonus":"","is_prod":false,"is_daily":false,"chose_seed":false,"campfire_upgraded":4,"win_rate":0,"timestamp":1607567637,"path_taken":["M","?","?","?","?","R","E","R","T","E","R","E","E","E","R","BOSS","M","?","$","$","?","E","E","E","T","E","E","R","E","E","R","BOSS","M","?","?","M","?","E","R","$","T","E","E","?","E","?","R","BOSS","BOSS","R","$","E","BOSS"],"build_version":"2020-11-30","purchased_purges":2,"victory":true,"max_hp_per_floor":[75,75,75,75,75,75,75,75,91,91,91,91,91,91,91,97,97,97,97,97,97,97,97,97,111,117,117,117,117,117,117,117,123,123,123,123,123,123,123,123,123,123,129,129,129,131,133,135,135,135,135,135,135,135,137,143],"relic_stats":{"Darkstone Periapt":36,"Gremlin Horn":[7,7],"Singing Bowl":8,"Happy Flower":[3],"counters":[30,55],"StoneCalendar":[0],"Bag of Preparation":[18],"Orichalcum":[12],"Cursed Key":3,"Mercury Hourglass":[129],"Peace Pipe":1,"Blood Vial":26,"Nunchaku":[5],"Lizard Tail":0,"Centennial Puzzle":[3],"Sundial":[2],"Mummified Hand":[12],"Turnip":[14],"Chemical X":[1],"Champion Belt":[17],"obtain_stats":[{"Darkstone Periapt":0,"Ice Cream":37,"Gremlin Horn":40,"Singing Bowl":45,"StoneCalendar":0,"Mango":25,"Bag of Preparation":42,"Cursed Key":0,"Blood Vial":14,"Nunchaku":23,"Lizard Tail":46,"Centennial Puzzle":55,"Sundial":27,"Mummified Hand":42,"Chemical X":20,"Runic Cube":17,"Girya":7,"Pear":9,"Happy Flower":47,"Omamori":48,"Frozen Egg 2":10,"Orichalcum":43,"White Beast Statue":31,"Mercury Hourglass":28,"Du-Vu Doll":0,"Peace Pipe":13,"CaptainsWheel":24,"Anchor":54,"Turnip":12,"Bag of Marbles":30,"Coffee Dripper":34,"Champion Belt":44},{"Darkstone Periapt":0,"Ice Cream":19,"Gremlin Horn":21,"Singing Bowl":23,"StoneCalendar":0,"Mango":12,"Bag of Preparation":21,"Cursed Key":0,"Blood Vial":7,"Nunchaku":10,"Lizard Tail":24,"Centennial Puzzle":29,"Sundial":13,"Mummified Hand":21,"Chemical X":9,"Runic Cube":8,"Girya":3,"Pear":3,"Happy Flower":25,"Omamori":26,"Frozen Egg 2":4,"Orichalcum":21,"White Beast Statue":16,"Mercury Hourglass":14,"Du-Vu Doll":0,"Peace Pipe":6,"CaptainsWheel":11,"Anchor":28,"Turnip":5,"Bag of Marbles":15,"Coffee Dripper":17,"Champion Belt":22},{"Darkstone Periapt":0,"Ice Cream":37,"Gremlin Horn":40,"Singing Bowl":42,"StoneCalendar":0,"Mango":19,"Bag of Preparation":40,"Cursed Key":0,"Blood Vial":12,"Nunchaku":17,"Lizard Tail":43,"Centennial Puzzle":51,"Sundial":22,"Mummified Hand":40,"Chemical X":15,"Runic Cube":13,"Girya":5,"Pear":5,"Happy Flower":44,"Omamori":45,"Frozen Egg 2":6,"Orichalcum":40,"White Beast Statue":29,"Mercury Hourglass":24,"Du-Vu Doll":0,"Peace Pipe":10,"CaptainsWheel":18,"Anchor":50,"Turnip":9,"Bag of Marbles":27,"Coffee Dripper":34,"Champion Belt":41}],"Runic Cube":[53]},"card_choices":[{"not_picked":["Headbutt","Sword Boomerang","Uppercut"],"picked":"SKIP","floor":1.0},{"not_picked":["Iron Wave","True Grit","Dark Embrace"],"picked":"SKIP","floor":2.0},{"not_picked":["Barricade","Bludgeon"],"picked":"Offering","floor":7.0},{"not_picked":["Double Tap","Impervious"],"picked":"Berserk+1","floor":10.0},{"not_picked":["Fiend Fire","Berserk+1"],"picked":"Impervious","floor":12.0},{"not_picked":["Feed","Immolate"],"picked":"Offering","floor":13.0},{"not_picked":["Berserk+1","Brutality+1"],"picked":"Exhume","floor":14.0},{"not_picked":["Offering","Double Tap"],"picked":"Limit Break","floor":16.0},{"not_picked":["Havoc","Fire Breathing+1","Iron Wave"],"picked":"SKIP","floor":18.0},{"not_picked":["Berserk+1","Offering"],"picked":"Limit Break","floor":23.0},{"not_picked":["Feed","Immolate"],"picked":"Offering","floor":24.0},{"not_picked":["Offering","Berserk+1","Fiend Fire"],"picked":"SKIP","floor":25.0},{"not_picked":["Brutality+1","Impervious"],"picked":"Limit Break","floor":27.0},{"not_picked":["Offering","Limit Break","Juggernaut+1"],"picked":"SKIP","floor":28.0},{"not_picked":["Impervious","Berserk+1"],"picked":"Reaper","floor":30.0},{"not_picked":["Offering","Immolate"],"picked":"Barricade+1","floor":31.0},{"not_picked":["Corruption+1","Exhume"],"picked":"Reaper","floor":33.0},{"not_picked":["Dark Embrace+1","Heavy Blade","Combust+1"],"picked":"SKIP","floor":35.0},{"not_picked":["Secret Weapon","Flash of Steel"],"picked":"Master of Strategy","floor":36.0},{"not_picked":["Havoc","Pommel Strike"],"picked":"Seeing Red","floor":38.0},{"not_picked":["Feed","Barricade+1"],"picked":"Exhume","floor":40},{"not_picked":["Exhume","Demon Form+1","Fiend Fire"],"picked":"SKIP","floor":44},{"not_picked":["Bludgeon","Barricade+1"],"picked":"Exhume","floor":45},{"not_picked":["Berserk+1","Feed","Immolate"],"picked":"Singing Bowl","floor":46},{"not_picked":["Juggernaut+1","Demon Form+1","Bludgeon"],"picked":"Singing Bowl","floor":47},{"not_picked":["Immolate","Fiend Fire","Exhume"],"picked":"Singing Bowl","floor":48},{"not_picked":["Juggernaut+1","Corruption+1","Double Tap"],"picked":"Singing Bowl","floor":55}],"player_experience":2775059,"relics_obtained":[{"floor":7.0,"key":"Girya"},{"floor":9.0,"key":"Pear"},{"floor":10.0,"key":"Frozen Egg 2"},{"floor":12.0,"key":"Turnip"},{"floor":13.0,"key":"Peace Pipe"},{"floor":14.0,"key":"Blood Vial"},{"floor":23.0,"key":"Nunchaku"},{"floor":24.0,"key":"CaptainsWheel"},{"floor":25.0,"key":"Mango"},{"floor":27.0,"key":"Sundial"},{"floor":28.0,"key":"Mercury Hourglass"},{"floor":30.0,"key":"Bag of Marbles"},{"floor":31.0,"key":"White Beast Statue"},{"floor":37.0,"key":"Ice Cream"},{"floor":40,"key":"Gremlin Horn"},{"floor":43,"key":"Orichalcum"},{"floor":44,"key":"Champion Belt"},{"floor":45,"key":"Singing Bowl"},{"floor":46,"key":"Lizard Tail"},{"floor":47,"key":"Happy Flower"},{"floor":48,"key":"Omamori"},{"floor":55,"key":"Centennial Puzzle"}],"event_choices":[{"damage_healed":0.0,"max_hp_gain":0.0,"max_hp_loss":0.0,"gold_gain":75.0,"event_name":"World of Goop","player_choice":"Gather Gold","floor":3.0,"gold_loss":0.0,"damage_taken":11.0},{"cards_removed":["Body Slam"],"damage_healed":0.0,"max_hp_gain":0.0,"max_hp_loss":0.0,"gold_gain":0.0,"event_name":"The Cleric","player_choice":"Card Removal","floor":4.0,"gold_loss":75.0,"damage_taken":0.0},{"damage_healed":0.0,"max_hp_gain":0.0,"max_hp_loss":0.0,"gold_gain":0.0,"event_name":"The Library","player_choice":"Read","floor":19.0,"gold_loss":0.0,"damage_taken":0.0,"cards_obtained":["Seeing Red"]},{"damage_healed":0.0,"max_hp_gain":0.0,"max_hp_loss":0.0,"gold_gain":50.0,"event_name":"Nest","player_choice":"Stole From Cult","floor":22.0,"gold_loss":0.0,"damage_taken":0.0},{"damage_healed":0.0,"max_hp_gain":0.0,"max_hp_loss":0.0,"gold_gain":0.0,"event_name":"SensoryStone","player_choice":"Memory 3","floor":36.0,"gold_loss":0.0,"damage_taken":10.0},{"damage_healed":0.0,"max_hp_gain":0.0,"max_hp_loss":0.0,"gold_gain":0.0,"event_name":"MindBloom","player_choice":"Fight","floor":37.0,"gold_loss":0.0,"damage_taken":0.0},{"damage_healed":0.0,"max_hp_gain":0.0,"max_hp_loss":0.0,"gold_gain":0.0,"event_name":"Lab","player_choice":"Got Potions","floor":39.0,"gold_loss":0.0,"damage_taken":0.0}],"is_beta":false,"boss_relics":[{"not_picked":["Tiny House","SacredBark"],"picked":"Runic Cube"},{"not_picked":["Mark of Pain","Snecko Eye"],"picked":"Coffee Dripper"}],"items_purged_floors":[20,42],"is_endless":false,"potions_floor_spawned":[1,14,16,18,23,25,33,35,37,38,40,44,45,46,47,48,55],"ascension_level":20}}