{"host":"99ad87xtd5ypi7ii","time":1607608496,"event":{"gold_per_floor":[119,119,394,89,89,123,73,104,157,157,174,174,184,212,212,316,316,332,332,332,352,370,403,419,447,447,461,491,510,510,541,541,541,541],"floor_reached":33,"playtime":2394,"items_purged":["Regret"],"score":429,"play_id":"beba9101-132e-4430-8d79-2e925a6c363c","local_time":"20201210145456","is_ascension_mode":true,"campfire_choices":[{"data":"blademaster:Sharpen","floor":10,"key":"SMITH"},{"data":"blademaster:Overcharge","floor":12,"key":"SMITH"},{"data":"Apotheosis","floor":15,"key":"SMITH"},{"floor":32,"key":"RECALL"}],"neow_cost":"NONE","seed_source_timestamp":380419571683200,"circlet_count":0,"master_deck":["blademaster:Strike","blademaster:Strike","blademaster:Strike","blademaster:Defend","blademaster:Defend","blademaster:Defend+1","blademaster:Defend","blademaster:RagingBlow","blademaster:HighVoltage","blademaster:ThunderingOpener","Apotheosis+1","blademaster:WindSlash","blademaster:Overcharge+1","blademaster:Gust","blademaster:AspectOfLightning+1","blademaster:Safeguard","blademaster:FuryOfTheElements","blademaster:Reversal","RitualDagger","blademaster:DaggerAndCloak","blademaster:EyeOfTheTornado","blademaster:AncestralHealing+1","blademaster:ChargingUp+1","blademaster:SlyStabs+1","blademaster:EnchantedCuirass"],"relics":["blademaster:DancersAmulet","NeowsBlessing","StrikeDummy","HornCleat","Ancient Tea Set","Lantern","Potion Belt","Runic Pyramid","War Paint","Oddly Smooth Stone","Mercury Hourglass","Red Mask","elementalistmod:BlueRibbon","Molten Egg 2"],"potions_floor_usage":[18,21,21,21,21,22],"damage_taken":[{"damage":0,"enemies":"Jaw Worm","floor":1,"turns":1},{"damage":0,"enemies":"Gremlin Nob","floor":6,"turns":1},{"damage":0,"enemies":"Lagavulin","floor":8,"turns":1},{"damage":0,"enemies":"Cultist","floor":11,"turns":2},{"damage":0,"enemies":"2 Louse","floor":13,"turns":2},{"damage":4,"enemies":"3 Sentries","floor":14,"turns":6},{"damage":1,"enemies":"The Guardian","floor":16,"turns":8},{"damage":2,"enemies":"Spheric Guardian","floor":18,"turns":4},{"damage":0,"enemies":"3 Byrds","floor":21,"turns":2},{"damage":0,"enemies":"Snake Plant","floor":22,"turns":3},{"damage":22,"enemies":"Book of Stabbing","floor":23,"turns":6},{"damage":26,"enemies":"Snecko","floor":24,"turns":6},{"damage":29,"enemies":"Slavers","floor":25,"turns":4},{"damage":0,"enemies":"3 Cultists","floor":27,"turns":3},{"damage":4,"enemies":"Masked Bandits","floor":28,"turns":3},{"damage":8,"enemies":"Cultist and Chosen","floor":29,"turns":7},{"damage":8,"enemies":"Gremlin Leader","floor":31,"turns":5},{"damage":5,"enemies":"Collector","floor":33,"turns":7}],"seed_played":"1301515526640807783","potions_obtained":[{"floor":8,"key":"LiquidBronze"},{"floor":13,"key":"Strength Potion"},{"floor":14,"key":"Swift Potion"},{"floor":16,"key":"EntropicBrew"},{"floor":21,"key":"Block Potion"},{"floor":24,"key":"PowerPotion"},{"floor":28,"key":"EntropicBrew"},{"floor":31,"key":"ColorlessPotion"}],"is_trial":false,"path_per_floor":["M","$","?","$","T","E","?","E","T","R","M","R","M","E","R","B",null,"M","?","?","M","M","E","M","E","T","M","?","M","?","E","R","B"],"character_chosen":"THE_BLADEMASTER","items_purchased":["Apotheosis","blademaster:WindSlash"],"campfire_rested":0,"item_purchase_floors":[4,4],"current_hp_per_floor":[75,75,75,75,75,75,75,75,75,75,75,75,75,71,71,75,75,75,69,69,75,75,59,73,50,50,56,58,73,73,75,75,70,70],"gold":541,"neow_bonus":"THREE_ENEMY_KILL","is_prod":false,"is_daily":false,"chose_seed":false,"campfire_upgraded":3,"win_rate":0,"timestamp":1607608496,"path_taken":["M","$","?","$","?","E","?","E","T","R","M","R","M","E","R","BOSS","M","?","?","M","M","E","M","E","T","?","?","M","?","E","R","BOSS"],"build_version":"2020-11-30","purchased_purges":1,"victory":false,"max_hp_per_floor":[75,75,75,75,75,75,75,75,75,75,75,75,75,75,75,75,75,75,75,75,75,75,75,75,75,75,75,75,75,75,75,75,75,75],"card_choices":[{"not_picked":["blademaster:Meditate","blademaster:Thrust"],"picked":"blademaster:ThunderingOpener","floor":1},{"not_picked":["blademaster:Discharge","blademaster:Safeguard"],"picked":"blademaster:Overcharge","floor":6},{"not_picked":["blademaster:ParryingStrike","blademaster:CloudOfSteel"],"picked":"blademaster:Sharpen","floor":8},{"not_picked":["blademaster:Vortex","blademaster:Breeze"],"picked":"blademaster:Gust","floor":11},{"not_picked":["blademaster:DragonStrike","blademaster:DeadlyDance"],"picked":"blademaster:AspectOfLightning","floor":13},{"not_picked":["blademaster:Bloodbath","blademaster:DragonStrike"],"picked":"blademaster:Safeguard","floor":14},{"not_picked":["blademaster:BladeDance","blademaster:Empower"],"picked":"blademaster:FuryOfTheElements","floor":16},{"not_picked":["blademaster:DragonStrike","blademaster:Sunder"],"picked":"blademaster:Reversal","floor":18},{"not_picked":["blademaster:FuriousStrike","blademaster:FlockOfBlades"],"picked":"blademaster:DaggerAndCloak","floor":21},{"not_picked":["blademaster:ParryingStrike","blademaster:BloodyBlow"],"picked":"blademaster:EyeOfTheTornado","floor":22},{"not_picked":["blademaster:Sunder+1","blademaster:Cut+1"],"picked":"blademaster:AncestralHealing+1","floor":23},{"not_picked":["blademaster:FuriousStrike","blademaster:Slice","blademaster:FlockOfBlades"],"picked":"SKIP","floor":24},{"not_picked":["blademaster:ThunderingOpener","blademaster:Flash"],"picked":"blademaster:ChargingUp+1","floor":25},{"not_picked":["blademaster:AspectOfWind+1","blademaster:AwakeningStrike","blademaster:SharpBlades"],"picked":"SKIP","floor":27},{"not_picked":["blademaster:Safeguard","blademaster:DragonStrike"],"picked":"blademaster:SlyStabs+1","floor":28},{"not_picked":["blademaster:Thrust","blademaster:ParryingStrike+1","blademaster:Meditate"],"picked":"SKIP","floor":29},{"not_picked":["blademaster:BladeCross+1","blademaster:Reversal+1"],"picked":"blademaster:EnchantedCuirass","floor":31}],"player_experience":699094,"relics_obtained":[{"floor":5,"key":"StrikeDummy"},{"floor":6,"key":"HornCleat"},{"floor":6,"key":"blademaster:OnAttackedChargePerk"},{"floor":8,"key":"Ancient Tea Set"},{"floor":8,"key":"blademaster:BleedingLaceratePerk"},{"floor":9,"key":"Lantern"},{"floor":14,"key":"Potion Belt"},{"floor":14,"key":"blademaster:StanceHealPerk"},{"floor":23,"key":"War Paint"},{"floor":23,"key":"blademaster:FuryEveryTurnPerk"},{"floor":25,"key":"Oddly Smooth Stone"},{"floor":25,"key":"blademaster:FinisherDrawCardPerk"},{"floor":26,"key":"Mercury Hourglass"},{"floor":28,"key":"Red Mask"},{"floor":31,"key":"Molten Egg 2"},{"floor":31,"key":"blademaster:RandomBladePerk"}],"event_choices":[{"damage_healed":0,"gold_gain":275,"player_choice":"Desecrate","damage_taken":0,"max_hp_gain":0,"max_hp_loss":0,"event_name":"Golden Shrine","floor":3,"gold_loss":0,"cards_obtained":["Regret"]},{"cards_removed":["blademaster:Strike"],"damage_healed":0,"gold_gain":0,"player_choice":"Card Removal","damage_taken":0,"max_hp_gain":0,"max_hp_loss":0,"event_name":"The Cleric","floor":7,"gold_loss":50},{"damage_healed":0,"gold_gain":0,"player_choice":"Joined the Cult","damage_taken":6,"max_hp_gain":0,"max_hp_loss":0,"event_name":"Nest","floor":19,"gold_loss":0,"cards_obtained":["RitualDagger"]},{"cards_removed":["blademaster:Sharpen"],"damage_healed":0,"gold_gain":0,"player_choice":"Purged","damage_taken":0,"max_hp_gain":0,"max_hp_loss":0,"event_name":"Purifier","floor":20,"gold_loss":0},{"damage_healed":0,"gold_gain":0,"player_choice":"Fought Bandits","damage_taken":0,"max_hp_gain":0,"max_hp_loss":0,"event_name":"Masked Bandits","floor":28,"gold_loss":0}],"is_beta":false,"boss_relics":[{"not_picked":["Cursed Key","Calling Bell"],"picked":"Runic Pyramid"}],"items_purged_floors":[4],"is_endless":false,"potions_floor_spawned":[8,13,14,16,21,24,28,31],"killed_by":"Collector","ascension_level":3}}