{"host":"ko40t1o51xotjt2v","time":1607627829,"event":{"mods":["BaseMod","GifTheSpireLib","StSLib","AchievementEnabler","Downfall","Downfall-Rebalance","2.2 Compatiblity","Aspiration","Energized Spire","Halation","Hubris","Jedi Mod","MostiFishMod","Spikes Relics","Stuff the Spire","TestMod","Conspire","Spicy Shops","Minty Spire (QoL Compilation)","vexMod"],"gold_per_floor":[116,116,135,135,149,174,174,204,204,29,54,454,465,490,490,592,592,609,609,524,538,549,549,566,600,623,651,668,681,17,46,46,145,195,210,239,251,267,280,280,308,320,372,372,372,397,415,447,447,447,447,447,2,28,28],"floor_reached":56,"playtime":3197,"items_purged":["Defend_R","Strike_R","Strike_R","Strike_R"],"score":2058,"play_id":"09c7c171-2d09-47dd-8f53-2acd743b6b50","local_time":"20201210201709","is_ascension_mode":true,"campfire_choices":[{"data":"Combust","floor":7.0,"key":"SMITH"},{"data":"Wild Strike","floor":15.0,"key":"SMITH"},{"floor":23.0,"key":"RECALL"},{"data":"StuffTheSpire:Incineration","floor":32,"key":"SMITH"},{"data":"Wild Strike","floor":40,"key":"SMITH"},{"data":"Reckless Charge","floor":49,"key":"SMITH"},{"data":"Bash","floor":52,"key":"SMITH"}],"circlet_count":0,"master_deck":["AscendersBane","Genetic Algorithm+1","Strike_R","Strike_R","Defend_R","Defend_R","Defend_R","Bash+1","MostiFishMod:OrdinaryWorld+1","Combust+1","Thunderclap+1","StuffTheSpire:Incineration+1","Offering","Wild Strike+1","Reckless Charge+1","StuffTheSpire:Pyroclast","Wild Strike+1","Parasite","MostiFishMod:BrandingRite+1","Fire Breathing"],"special_seed":0,"relics":["Burning Blood","DaveBox","testmod-ConstraintPeriapt","DianPoetry","Question Card","halation:StarCompass","jedi:ironblood","Toy Ornithopter","StuffTheSpire:Mouthbags","halation:SelfBoilingWater","ImportantClient","HereWithMe","hubris:EvacipatedBox","SynthV:C4","hubris:DeckOfHolding","StuffTheSpire:OldFever","halation:KoshaPiece","Self Forming Clay","Turnip","ClockworkSouvenir","Kunai","Tiny House","conspire:DeflatedDodgeball","ImprovedEquipment","Lantern","Bronze Scales","Akabeko","Charon\u0027s Ashes","testmod-LifeArmor","jedi:bottledfury"],"acts_visited":["TheBeyond","TheEnding"],"potions_floor_usage":[29,38,46,50,55],"damage_taken":[{"damage":6.0,"enemies":"2 Louse","floor":1.0,"turns":2.0},{"damage":0.0,"enemies":"Cultist","floor":3.0,"turns":3.0},{"damage":0.0,"enemies":"conspire:RoseBush","floor":5.0,"turns":2.0},{"damage":9.0,"enemies":"3 Sentries","floor":6.0,"turns":4.0},{"damage":22.0,"enemies":"Gremlin Nob","floor":8.0,"turns":3.0},{"damage":16.0,"enemies":"Lagavulin","floor":11.0,"turns":4.0},{"damage":0.0,"enemies":"2 Fungi Beasts","floor":13.0,"turns":1.0},{"damage":6.0,"enemies":"3 Sentries","floor":14.0,"turns":1.0},{"damage":20.0,"enemies":"The Guardian","floor":16.0,"turns":3.0},{"damage":0.0,"enemies":"Spheric Guardian","floor":18.0,"turns":2.0},{"damage":2.0,"enemies":"Chosen","floor":21.0,"turns":2.0},{"damage":14.0,"enemies":"Snake Plant","floor":22.0,"turns":2.0},{"damage":14.0,"enemies":"Cultist and Chosen","floor":24.0,"turns":2.0},{"damage":13.0,"enemies":"Gremlin Leader","floor":25.0,"turns":3.0},{"damage":10.0,"enemies":"conspire:Head Lice","floor":27.0,"turns":2.0},{"damage":0,"enemies":"3 Cultists","floor":28,"turns":2},{"damage":0,"enemies":"Snecko","floor":29,"turns":2},{"damage":0,"enemies":"Gremlin Leader","floor":31,"turns":2},{"damage":4,"enemies":"Champ","floor":33,"turns":4},{"damage":30,"enemies":"3 Shapes","floor":35,"turns":2},{"damage":29,"enemies":"conspire:MimicChest","floor":36,"turns":4},{"damage":0,"enemies":"3 Darklings","floor":37,"turns":2},{"damage":6,"enemies":"Spire Growth","floor":38,"turns":3},{"damage":0,"enemies":"Sphere and 2 Shapes","floor":39,"turns":2},{"damage":22,"enemies":"Giant Head","floor":41,"turns":5},{"damage":0,"enemies":"4 Shapes","floor":42,"turns":2},{"damage":0,"enemies":"Reptomancer","floor":46,"turns":4},{"damage":1,"enemies":"Writhing Mass","floor":47,"turns":4},{"damage":0,"enemies":"Nemesis","floor":48,"turns":3},{"damage":66,"enemies":"conspire:OrnateMirror","floor":50,"turns":8},{"damage":15,"enemies":"Shield and Spear","floor":54,"turns":3},{"damage":14,"enemies":"The Heart","floor":55,"turns":5}],"seed_played":"-2433860006652572921","potions_obtained":[{"floor":1.0,"key":"SteroidPotion"},{"floor":3.0,"key":"AttackPotion"},{"floor":11.0,"key":"Dexterity Potion"},{"floor":21.0,"key":"Fire Potion"},{"floor":27.0,"key":"PowerPotion"},{"floor":33,"key":"Guardian:BlockOnCardUsePotion"},{"floor":34,"key":"testmod-TimePotion"},{"floor":38,"key":"LiquidBronze"},{"floor":46,"key":"jedi:StrikingPotion"}],"is_trial":false,"path_per_floor":["M","?","M","?","M","E","R","E","T","$","E","?","M","E","R","B",null,"M","$","?","M","M","R","M","E","T","E","M","M","$","E","R","B",null,"M","?","M","M","M","R","E","M","T","?","?","E","M","E","R","B",null,"R","$","E","B",null],"character_chosen":"IRONCLAD","items_purchased":["hubris:EvacipatedBox","Self Forming Clay","Turnip","ClockworkSouvenir","Charon\u0027s Ashes","testmod-LifeArmor","Fire Breathing"],"campfire_rested":0,"item_purchase_floors":[19,30,30,30,53,53,53],"current_hp_per_floor":[73,73,80,80,80,80,80,65,65,65,59,59,65,66,66,59,75,80,61,61,67,69,69,61,65,65,67,75,80,80,80,80,80,85,61,48,60,74,85,85,76,85,85,85,85,85,85,85,85,50,76,76,76,74,85],"gold":28,"neow_bonus":"ONE_RANDOM_RARE_CARD","is_daily":false,"chose_seed":false,"campfire_upgraded":6,"win_rate":0,"timestamp":1607627829,"path_taken":["M","?","?","?","M","E","R","E","T","$","E","?","?","E","R","BOSS","M","?","?","M","M","R","M","E","T","E","?","?","$","E","R","BOSS","M","?","?","M","M","R","E","M","T","?","?","E","M","E","R","BOSS","R","$","E","BOSS"],"build_version":"2020-11-30","purchased_purges":4,"victory":true,"max_hp_per_floor":[80,80,80,80,80,80,80,80,80,80,80,80,80,80,80,80,80,80,80,80,80,80,80,80,80,80,80,80,80,80,80,80,80,85,85,85,85,85,85,85,85,85,85,85,85,85,85,85,85,85,85,85,85,85,85],"card_choices":[{"not_picked":["Shockwave","Pommel Strike","Dark Embrace"],"picked":"SKIP","floor":1.0},{"not_picked":["Iron Wave","Perfected Strike","Entrench"],"picked":"StuffTheSpire:Pyroclast","floor":3.0},{"not_picked":["True Grit","jedi:fear","Perfected Strike","Corruption"],"picked":"SKIP","floor":5.0},{"not_picked":["Clash","Bludgeon","Headbutt"],"picked":"Combust","floor":6.0},{"not_picked":["Feel No Pain","Limit Break","Armaments"],"picked":"Thunderclap","floor":8.0},{"not_picked":["Pummel","True Grit","Anger"],"picked":"StuffTheSpire:Incineration","floor":11.0},{"not_picked":["Anger","Sentinel","Shockwave"],"picked":"Offering","floor":13.0},{"not_picked":["jedi:fear","Cleave","Twin Strike"],"picked":"Wild Strike","floor":14.0},{"not_picked":["Carnage+1","Searing Blow","StuffTheSpire:Pyroclast","Shrug It Off"],"picked":"SKIP","floor":18.0},{"not_picked":["StuffTheSpire:Slingshot","jedi:fear+1","Shrug It Off","Bludgeon"],"picked":"SKIP","floor":21.0},{"not_picked":["Entrench","Clothesline","Shockwave+1"],"picked":"Reckless Charge","floor":22.0},{"not_picked":["Heavy Blade+1","Evolve+1","jedi:MakeshiftSword","Warcry+1"],"picked":"SKIP","floor":24.0},{"not_picked":["Feed","Whirlwind+1","Second Wind","Body Slam"],"picked":"SKIP","floor":25.0},{"not_picked":["Dark Embrace+1","jedi:fear+1","StuffTheSpire:RagingBull","Ghostly Armor"],"picked":"SKIP","floor":27.0},{"not_picked":["Dark Embrace+1","jedi:fear+1","StuffTheSpire:RagingBull","Ghostly Armor"],"picked":"SKIP","floor":27.0},{"not_picked":["Bloodletting","hubris:SharpeningStone+1","Searing Blow","Warcry"],"picked":"SKIP","floor":28},{"not_picked":["Evolve","Wild Strike","StuffTheSpire:RockThrow+1","Pommel Strike+1"],"picked":"SKIP","floor":29},{"not_picked":["Thunderclap","Second Wind","Spot Weakness","Havoc"],"picked":"SKIP","floor":31},{"not_picked":["Sword Boomerang","Anger","Heavy Blade+1"],"picked":"Wild Strike","floor":34},{"not_picked":["Battle Trance","Havoc","jedi:fear+1","Dark Embrace+1"],"picked":"SKIP","floor":35},{"not_picked":["Twin Strike","Clothesline","jedi:fear","Iron Wave"],"picked":"SKIP","floor":37},{"not_picked":["Pommel Strike+1","Dropkick","StuffTheSpire:Slingshot","StuffTheSpire:RagingBull"],"picked":"SKIP","floor":38},{"not_picked":["Sword Boomerang+1","True Grit","Dual Wield","Pommel Strike"],"picked":"SKIP","floor":39},{"not_picked":["hubris:SharpeningStone","Rupture","Corruption","Sword Boomerang"],"picked":"SKIP","floor":41},{"not_picked":["StuffTheSpire:RockThrow","Inflame","Warcry","Hemokinesis+1"],"picked":"SKIP","floor":42},{"not_picked":["Flex+1","StuffTheSpire:Incineration","Sever Soul+1","MostiFishMod:NeverNightCountry"],"picked":"SKIP","floor":46},{"not_picked":["Clash","Anger","Thunderclap+1"],"picked":"MostiFishMod:BrandingRite+1","floor":47},{"not_picked":["BarbarianYell","Headbutt+1","Body Slam","StuffTheSpire:Slingshot+1"],"picked":"SKIP","floor":48},{"not_picked":["Body Slam","Cleave","StuffTheSpire:Incineration+1","jedi:suffering+1"],"picked":"SKIP","floor":54}],"player_experience":409879,"relics_obtained":[{"floor":1.0,"key":"Question Card"},{"floor":6.0,"key":"jedi:ironblood"},{"floor":8.0,"key":"Toy Ornithopter"},{"floor":11.0,"key":"StuffTheSpire:Mouthbags"},{"floor":14.0,"key":"halation:SelfBoilingWater"},{"floor":16.0,"key":"ImportantClient"},{"floor":25.0,"key":"hubris:DeckOfHolding"},{"floor":26.0,"key":"StuffTheSpire:OldFever"},{"floor":27.0,"key":"halation:KoshaPiece"},{"floor":31,"key":"Kunai"},{"floor":36,"key":"conspire:DeflatedDodgeball"},{"floor":41,"key":"ImprovedEquipment"},{"floor":43,"key":"Lantern"},{"floor":46,"key":"Bronze Scales"},{"floor":48,"key":"Akabeko"},{"floor":54,"key":"jedi:bottledfury"}],"event_choices":[{"damage_healed":0.0,"max_hp_gain":0.0,"max_hp_loss":0.0,"gold_gain":0.0,"event_name":"Upgrade Shrine","player_choice":"Upgraded","floor":2.0,"gold_loss":0.0,"damage_taken":0.0,"cards_upgraded":["MostiFishMod:OrdinaryWorld"]},{"damage_healed":0.0,"max_hp_gain":0.0,"max_hp_loss":0.0,"gold_gain":400.0,"event_name":"Plate Of N\u0027loth","player_choice":"Sell","floor":12.0,"relics_lost":["testmod-TestBox"],"gold_loss":0.0,"damage_taken":0.0},{"damage_healed":0.0,"max_hp_gain":0.0,"max_hp_loss":0.0,"gold_gain":0.0,"event_name":"Addict","player_choice":"Obtained Relic","floor":20.0,"gold_loss":85.0,"damage_taken":0.0,"relics_obtained":["SynthV:C4"]},{"damage_healed":0,"gold_gain":0,"player_choice":"Leave","damage_taken":0,"max_hp_gain":0,"max_hp_loss":0,"event_name":"conspire:Investor","floor":45,"gold_loss":0}],"is_beta":false,"boss_relics":[{"not_picked":["hubris:RunicObelisk","TimeKeys"],"picked":"HereWithMe"},{"not_picked":["BirthdayGift-Tetrahedron","testmod-StringDisintegrator","vexMod:CursedCompass"],"picked":"Tiny House"}],"items_purged_floors":[10,10,30,53],"is_endless":false,"potions_floor_spawned":[1,3,11,21,27,33,35,38,39,41,46,47,54],"ascension_level":11}}