{"host":"ctqfwlng7h8v2vsz","time":1607561440,"event":{"gold_per_floor":[8910,8922,8922,7862,7872,7872,7872,7872,7872,7872,6751,6751,6780,5104,5104,5175,5175,5192,3962,3976,3901,2475,2475,2508,2542,2613,2613,1214,1238,1238,1238,1238,1324,1324,1356,1356,623,2868,2292,2292,2292,2292,2319,2319,2319,2347,2347,2384,2384,2384,2384,2384,2384,1643,1672,1672,1672],"floor_reached":56,"playtime":2066,"items_purged":["Tools of the Trade","PiercingWail","Neutralize","Dagger Throw","Eviscerate","Die Die Die","Survivor","Backflip","Secret Technique+1","Skewer+1","Judgement+1","Reboot"],"score":2577,"play_id":"be6f5d31-6b19-49e3-95fd-c5a77f3b3e19","local_time":"20201210095040","is_ascension_mode":true,"campfire_choices":[{"data":"Bouncing Flask","floor":6.0,"key":"PURGE"},{"data":"Outmaneuver","floor":7.0,"key":"PURGE"},{"data":"Unload","floor":8.0,"key":"PURGE"},{"data":"Judgement","floor":10.0,"key":"SMITH"},{"data":"Doubt","floor":12.0,"key":"PURGE"},{"data":"Deep Breath","floor":15.0,"key":"SMITH"},{"data":"Echo Form","floor":23.0,"key":"SMITH"},{"data":"After Image","floor":30.0,"key":"SMITH"},{"data":"Footwork","floor":32.0,"key":"SMITH"},{"floor":40.0,"key":"RECALL"},{"data":"Footwork","floor":41.0,"key":"SMITH"},{"data":"Footwork","floor":42.0,"key":"SMITH"},{"data":"After Image","floor":44.0,"key":"SMITH"},{"data":"After Image","floor":47.0,"key":"SMITH"},{"data":"Master of Strategy+1","floor":49.0,"key":"PURGE"},{"data":"After Image+1","floor":53.0,"key":"PURGE"}],"neow_cost":"NO_GOLD","seed_source_timestamp":4735697650900,"circlet_count":0,"master_deck":["AscendersBane","After Image","After Image","Finesse+1","Footwork+1","Echo Form+1","Deep Breath+1","After Image+1","Footwork+1","Footwork+1","Madness+1","After Image+1","ConjureBlade+1","Echo Form+1","Impatience+1","After Image+1","Night Terror+1","Well Laid Plans+1"],"special_seed":0,"relics":["Ring of the Snake","Pandora\u0027s Box","Prayer Wheel","Prayer Wheel","Question Card","Question Card","PrismaticShard","Nloth\u0027s Gift","Nloth\u0027s Gift","Nloth\u0027s Gift","Nloth\u0027s Gift","Nloth\u0027s Gift","Peace Pipe","Coffee Dripper","Coffee Dripper","Molten Egg 2","Medical Kit","Akabeko","Blood Vial","Letter Opener","DollysMirror","Happy Flower","InkBottle","Bronze Scales","Oddly Smooth Stone","Ancient Tea Set","Frozen Eye","Paper Crane","Toy Ornithopter","Busted Crown","Question Card","Question Card","ClockworkSouvenir","Pantograph","Art of War","Boot","Lee\u0027s Waffle","Mercury Hourglass","Mummified Hand","Pear","War Paint","Eternal Feather","CeramicFish","Toxic Egg 2","MutagenicStrength","Chemical X","Whetstone","Sling","Singing Bowl","Darkstone Periapt","Frozen Egg 2","Membership Card","Vajra","Du-Vu Doll","Matryoshka","Orrery","Calipers","Gremlin Horn","Meat on the Bone","OrangePellets","Shuriken","Kunai","TheAbacus","WingedGreaves","Pen Nib","Potion Belt","Sundial","Ornamental Fan","HornCleat","Thread and Needle","CaptainsWheel"],"potions_floor_usage":[56,56,56,56,56,56,56,56],"damage_taken":[{"damage":1.0,"enemies":"Jaw Worm","floor":1.0,"turns":2.0},{"damage":0.0,"enemies":"Cultist","floor":2.0,"turns":2.0},{"damage":0.0,"enemies":"Small Slimes","floor":5.0,"turns":2.0},{"damage":0.0,"enemies":"3 Sentries","floor":13.0,"turns":3.0},{"damage":0.0,"enemies":"Hexaghost","floor":16.0,"turns":6.0},{"damage":0.0,"enemies":"Shell Parasite","floor":18.0,"turns":3.0},{"damage":0.0,"enemies":"3 Byrds","floor":20.0,"turns":2.0},{"damage":0.0,"enemies":"Book of Stabbing","floor":24.0,"turns":2.0},{"damage":0.0,"enemies":"Slavers","floor":25.0,"turns":3.0},{"damage":0.0,"enemies":"Centurion and Healer","floor":29.0,"turns":3.0},{"damage":0.0,"enemies":"Champ","floor":33.0,"turns":5.0},{"damage":0.0,"enemies":"3 Darklings","floor":35.0,"turns":3.0},{"damage":0.0,"enemies":"3 Shapes","floor":46.0,"turns":3.0},{"damage":0.0,"enemies":"Giant Head","floor":48.0,"turns":3.0},{"damage":0.0,"enemies":"Time Eater","floor":50.0,"turns":4.0},{"damage":0.0,"enemies":"Awakened One","floor":51.0,"turns":4.0},{"damage":0.0,"enemies":"Shield and Spear","floor":55.0,"turns":3.0},{"damage":3,"enemies":"The Heart","floor":56,"turns":4}],"seed_played":"490968967437409782","potions_obtained":[{"floor":1.0,"key":"SneckoOil"},{"floor":2.0,"key":"SteroidPotion"}],"is_trial":false,"path_per_floor":["M","M","?","$","M","R","R","R","T","R","$","R","E","$","R","B",null,"M","$","M","?","$","R","E","E","T","?","$","M","R","T","R","B",null,"M","?","$","$","$","R","R","R","T","R","?","M","R","E","R","B","B",null,"R","$","E","B"],"character_chosen":"THE_SILENT","items_purchased":["Molten Egg 2","Medical Kit","Akabeko","Blood Vial","PowerPotion","Swift Potion","Backflip","DollysMirror","Happy Flower","InkBottle","Bronze Scales","Finesse","Footwork","Deep Breath","Oddly Smooth Stone","Ancient Tea Set","Frozen Eye","Paper Crane","Toy Ornithopter","PowerPotion","GhostInAJar","Footwork","ClockworkSouvenir","Pantograph","Art of War","Boot","Lee\u0027s Waffle","Mercury Hourglass","Mummified Hand","Pear","Footwork","War Paint","Madness+1","Chemical X","Whetstone","Sling","Singing Bowl","Darkstone Periapt","Membership Card","Vajra","Du-Vu Doll","Matryoshka","Ancient Potion","Impatience+1","Orrery","Gremlin Horn","Meat on the Bone","OrangePellets","Shuriken","Kunai","TheAbacus","DuplicationPotion","Well Laid Plans+1","Sundial","Ornamental Fan","HornCleat","Thread and Needle","DuplicationPotion","EssenceOfSteel"],"campfire_rested":0,"item_purchase_floors":[4,4,4,4,4,4,4,11,11,11,11,11,11,14,14,14,14,14,14,14,14,19,19,19,19,19,22,22,22,22,22,22,28,28,28,28,28,28,37,37,37,37,37,38,38,38,38,38,39,39,39,39,54,54,54,54,54,54,54],"current_hp_per_floor":[58,58,66,66,66,66,66,66,66,66,66,66,66,66,66,66,66,66,66,66,66,83,83,83,83,83,83,83,85,85,85,85,85,85,85,85,85,95,95,95,95,95,95,95,95,97,97,97,97,97,97,97,97,97,99,96,96],"gold":1672,"neow_bonus":"THREE_RARE_CARDS","is_prod":false,"is_daily":false,"chose_seed":false,"campfire_upgraded":9,"win_rate":0,"timestamp":1607561440,"path_taken":["M","M","?","$","M","R","R","R","T","R","$","R","E","$","R","BOSS","M","$","?","?","$","R","E","E","T","?","$","M","R","?","R","BOSS","M","?","$","$","$","R","R","R","T","R","?","M","R","E","R","BOSS","BOSS","R","$","E","BOSS"],"build_version":"2020-11-30","purchased_purges":12,"victory":false,"max_hp_per_floor":[66,66,66,66,66,66,66,66,66,66,66,66,66,66,66,66,66,66,66,66,66,83,83,83,83,83,83,83,85,85,85,85,85,85,85,85,85,95,95,95,95,95,95,95,95,97,97,97,97,97,97,97,97,97,99,99,99],"relic_stats":{"Darkstone Periapt":0,"Singing Bowl":16,"Gremlin Horn":[6,6],"CeramicFish":81,"Whetstone":["Skewer"],"Boot":[4],"Blood Vial":0,"TheAbacus":[180],"Mummified Hand":[111],"Sundial":[8],"Pantograph":0,"Prayer Wheel":9,"Chemical X":[15],"Kunai":[0],"InkBottle":[31],"Ring of the Snake":[36],"Lee\u0027s Waffle":7,"Happy Flower":[17],"counters":[18,57],"Eternal Feather":0,"Pen Nib":[1],"Letter Opener":[185],"War Paint":["Secret Technique","Finesse"],"Question Card":100,"Medical Kit":[14],"Mercury Hourglass":[159],"Peace Pipe":7,"OrangePellets":[2],"Busted Crown":40,"Shuriken":[0],"Ornamental Fan":[0],"Bronze Scales":[222],"Pandora\u0027s Box":["PiercingWail","After Image","Dagger Throw","Tools of the Trade","Masterful Stab","Skewer","Bouncing Flask","Outmaneuver","Unload","Eviscerate"],"Nloth\u0027s Gift":570,"Art of War":[15],"obtain_stats":[{"Calipers":38,"Gremlin Horn":38,"CeramicFish":25,"Vajra":37,"Whetstone":28,"Boot":19,"Sling":28,"Blood Vial":4,"HornCleat":54,"DollysMirror":11,"Sundial":54,"Prayer Wheel":0,"Kunai":39,"Toxic Egg 2":26,"Pear":22,"Happy Flower":11,"Oddly Smooth Stone":14,"Eternal Feather":24,"Pen Nib":43,"Letter Opener":9,"Paper Crane":14,"War Paint":22,"Question Card":0,"Akabeko":4,"Du-Vu Doll":37,"OrangePellets":38,"Shuriken":39,"Bronze Scales":11,"MutagenicStrength":27,"Pandora\u0027s Box":0,"Molten Egg 2":4,"Nloth\u0027s Gift":0,"Meat on the Bone":38,"Darkstone Periapt":28,"Singing Bowl":28,"PrismaticShard":0,"Ancient Tea Set":14,"ClockworkSouvenir":19,"Frozen Eye":14,"Matryoshka":37,"TheAbacus":39,"Mummified Hand":22,"Pantograph":19,"WingedGreaves":0,"Chemical X":28,"InkBottle":11,"Ring of the Snake":0,"Potion Belt":48,"Lee\u0027s Waffle":22,"Thread and Needle":54,"Frozen Egg 2":31,"Medical Kit":4,"Mercury Hourglass":22,"Peace Pipe":0,"CaptainsWheel":55,"Busted Crown":17,"Ornamental Fan":54,"Orrery":38,"Coffee Dripper":0,"Art of War":19,"Membership Card":37,"Toy Ornithopter":14},{"Calipers":12,"Gremlin Horn":12,"CeramicFish":9,"Vajra":12,"Whetstone":9,"Boot":6,"Sling":9,"Blood Vial":2,"HornCleat":16,"DollysMirror":3,"Sundial":16,"Prayer Wheel":0,"Kunai":12,"Toxic Egg 2":9,"Pear":7,"Happy Flower":3,"Oddly Smooth Stone":4,"Eternal Feather":8,"Pen Nib":12,"Letter Opener":3,"Paper Crane":4,"War Paint":7,"Question Card":0,"Akabeko":2,"Du-Vu Doll":12,"OrangePellets":12,"Shuriken":12,"Bronze Scales":3,"MutagenicStrength":9,"Pandora\u0027s Box":0,"Molten Egg 2":2,"Nloth\u0027s Gift":0,"Meat on the Bone":12,"Darkstone Periapt":9,"Singing Bowl":9,"PrismaticShard":0,"Ancient Tea Set":4,"ClockworkSouvenir":6,"Frozen Eye":4,"Matryoshka":12,"TheAbacus":12,"Mummified Hand":7,"Pantograph":6,"WingedGreaves":0,"Chemical X":9,"InkBottle":3,"Ring of the Snake":0,"Potion Belt":14,"Lee\u0027s Waffle":7,"Thread and Needle":16,"Frozen Egg 2":10,"Medical Kit":2,"Mercury Hourglass":7,"Peace Pipe":0,"CaptainsWheel":17,"Busted Crown":5,"Ornamental Fan":16,"Orrery":12,"Coffee Dripper":0,"Art of War":6,"Membership Card":12,"Toy Ornithopter":4},{"Calipers":36,"Gremlin Horn":36,"CeramicFish":25,"Vajra":36,"Whetstone":25,"Boot":18,"Sling":25,"Blood Vial":4,"HornCleat":50,"DollysMirror":6,"Sundial":50,"Prayer Wheel":0,"Kunai":36,"Toxic Egg 2":25,"Pear":20,"Happy Flower":6,"Oddly Smooth Stone":9,"Eternal Feather":22,"Pen Nib":36,"Letter Opener":6,"Paper Crane":9,"War Paint":20,"Question Card":0,"Akabeko":4,"Du-Vu Doll":36,"OrangePellets":36,"Shuriken":36,"Bronze Scales":6,"MutagenicStrength":25,"Pandora\u0027s Box":0,"Molten Egg 2":4,"Nloth\u0027s Gift":0,"Meat on the Bone":36,"Darkstone Periapt":25,"Singing Bowl":25,"PrismaticShard":0,"Ancient Tea Set":9,"ClockworkSouvenir":18,"Frozen Eye":9,"Matryoshka":36,"TheAbacus":36,"Mummified Hand":20,"Pantograph":18,"WingedGreaves":0,"Chemical X":25,"InkBottle":6,"Ring of the Snake":0,"Potion Belt":42,"Lee\u0027s Waffle":20,"Thread and Needle":50,"Frozen Egg 2":28,"Medical Kit":4,"Mercury Hourglass":20,"Peace Pipe":0,"CaptainsWheel":53,"Busted Crown":15,"Ornamental Fan":50,"Orrery":36,"Coffee Dripper":0,"Art of War":18,"Membership Card":36,"Toy Ornithopter":9}],"Toy Ornithopter":0,"Meat on the Bone":0},"card_choices":[{"not_picked":["MasterReality","Bludgeon","Sadistic Nature","DeusExMachina"],"picked":"Die Die Die","floor":1.0},{"not_picked":["Envenom","Establishment","Apotheosis","Tools of the Trade","UltimateShortwave"],"picked":"SKIP","floor":1.0},{"not_picked":["Rainbow","Thunder Strike","Electrodynamics","Chrysalis"],"picked":"Reboot","floor":2.0},{"not_picked":["Wish","Grand Finale","Ragnarok","Juggernaut"],"picked":"Judgement","floor":2.0},{"not_picked":["Sadistic Nature","Mayhem","All For One+1","Fission","HandOfGreed+1"],"picked":"SKIP","floor":5.0},{"not_picked":["Alpha","Panache","Vault","Burst","Magnetism"],"picked":"SKIP","floor":5.0},{"not_picked":["Sadistic Nature","Mayhem","All For One+1","Fission","HandOfGreed+1"],"picked":"SKIP","floor":5.0},{"not_picked":["Alpha","Panache","Vault","Burst","Magnetism"],"picked":"SKIP","floor":5.0},{"not_picked":["Juggernaut","SpiritShield","Fiend Fire+1","Brilliance+1"],"picked":"Echo Form","floor":13.0},{"not_picked":["Storm of Steel","SuperNova","Creative AI","Barricade"],"picked":"After Image","floor":16.0},{"not_picked":["Berserk","Brilliance+1","CollectingQuirk+1","HandOfGreed+1","The Bomb"],"picked":"SKIP","floor":18.0},{"not_picked":["Sadistic Nature","StarDustReverie","FinalSpark+1","LessonLearned+1","BlazingStar+1"],"picked":"SKIP","floor":18.0},{"not_picked":["Creative AI","DeusExMachina","SuperNova","Corpse Explosion"],"picked":"Secret Technique","floor":20.0},{"not_picked":["Die Die Die+1","JA+1","Mayhem","Devotion"],"picked":"After Image","floor":20.0},{"not_picked":["Limit Break","Immolate+1","Wraith Form v2","Reboot","JA+1"],"picked":"SKIP","floor":24.0},{"not_picked":["SuperNova","Immolate+1","Violence","DeusExMachina","Corruption"],"picked":"SKIP","floor":25.0},{"not_picked":["Biased Cognition","Phantasmal Killer+1","Reaper+1","Storm of Steel+1"],"picked":"After Image","floor":29.0},{"not_picked":["BinaryStars+1","Core Surge+1","Offering+1","Reaper+1","Feed+1"],"picked":"Singing Bowl","floor":29.0},{"not_picked":["Secret Technique+1","Scrawl+1","Burst+1","UltimateShortwave+1"],"picked":"ConjureBlade+1","floor":33.0},{"not_picked":["Ragnarok+1","SpiritShield+1","Immolate+1","Transmutation+1"],"picked":"Echo Form+1","floor":35.0},{"not_picked":["LessonLearned+1","DevaForm+1","Core Surge+1","Corpse Explosion+1"],"picked":"Master of Strategy+1","floor":35.0},{"not_picked":["WaveOfTheHand+1","Barrage+1","All Out Attack+1","Wild Strike+1","Go for the Eyes+1"],"picked":"Singing Bowl","floor":38.0},{"not_picked":["EarthLightRay+1","Lockon+1","Dagger Spray+1","Disarm+1","FTL+1"],"picked":"Singing Bowl","floor":38.0},{"not_picked":["Ball Lightning+1","Accuracy+1","OrrerysSun+1","AsteroidBelt+1","Catalyst+1"],"picked":"Singing Bowl","floor":38.0},{"not_picked":["True Grit+1","Steam+1","Entrench+1","PathToVictory+1","ThirdEye+1"],"picked":"Singing Bowl","floor":38.0},{"not_picked":["Havoc+1","Swift Strike+1","Recycle+1","DoubleSpark+1","Flex+1"],"picked":"Singing Bowl","floor":38.0},{"not_picked":["Brilliance+1","Doppelganger+1","Vault+1","LessonLearned+1"],"picked":"After Image+1","floor":46.0},{"not_picked":["BinaryStars+1","Secret Technique+1","Brutality+1","Demon Form+1","Doppelganger+1"],"picked":"Singing Bowl","floor":46.0},{"not_picked":["Hyperbeam+1","Secret Technique+1","Reaper+1","TreasureHunter+1"],"picked":"Night Terror+1","floor":48.0},{"not_picked":["Thunder Strike+1","DevaForm+1","Blasphemy+1","Brutality+1","Die Die Die+1"],"picked":"Singing Bowl","floor":55.0}],"player_experience":336159,"relics_obtained":[{"floor":9.0,"key":"Letter Opener"},{"floor":24.0,"key":"Eternal Feather"},{"floor":25.0,"key":"CeramicFish"},{"floor":26.0,"key":"Toxic Egg 2"},{"floor":31.0,"key":"Frozen Egg 2"},{"floor":43.0,"key":"Pen Nib"},{"floor":48.0,"key":"Potion Belt"},{"floor":55.0,"key":"CaptainsWheel"}],"event_choices":[{"damage_healed":8.0,"max_hp_gain":0.0,"max_hp_loss":0.0,"gold_gain":0.0,"event_name":"Wheel of Change","player_choice":"Full Heal","floor":3.0,"gold_loss":0.0,"damage_taken":0.0},{"cards_removed":["Masterful Stab"],"damage_healed":0.0,"max_hp_gain":0.0,"max_hp_loss":0.0,"gold_gain":0.0,"event_name":"Beggar","player_choice":"Gave Gold","floor":21.0,"gold_loss":75.0,"damage_taken":0.0},{"damage_healed":0.0,"max_hp_gain":0.0,"max_hp_loss":0.0,"gold_gain":0.0,"event_name":"Drug Dealer","player_choice":"Inject Mutagens","floor":27.0,"gold_loss":0.0,"damage_taken":0.0,"relics_obtained":["MutagenicStrength"]},{"damage_healed":0.0,"max_hp_gain":0.0,"max_hp_loss":0.0,"gold_gain":0.0,"event_name":"Tomb of Lord Red Mask","player_choice":"Ignored","floor":36.0,"gold_loss":0.0,"damage_taken":0.0},{"damage_healed":0.0,"max_hp_gain":0.0,"max_hp_loss":0.0,"gold_gain":0.0,"event_name":"SecretPortal","player_choice":"Ignored","floor":45.0,"gold_loss":0.0,"damage_taken":0.0}],"is_beta":false,"boss_relics":[{"not_picked":["Fusion Hammer","HoveringKite"],"picked":"Busted Crown"},{"not_picked":["Ring of the Serpent","Astrolabe","Pandora\u0027s Box"]}],"items_purged_floors":[4,11,11,14,14,19,19,22,28,37,38,39],"is_endless":false,"potions_floor_spawned":[1,2,13,20],"killed_by":"The Heart","ascension_level":20}}