{"host":"6csbbk4539itd1k2","time":1607623181,"event":{"mods":["BaseMod","StSLib","Colored Powertips","Hermit","Minty Spire (QoL Compilation)","The Cursed","The Servant 0.9.4","Googly Eyes","Replay The Spire","SuperFastMode","The Bug Knight","The Hierophant","The Necromancer"],"gold_per_floor":[118,136,136,211,227,227,253,253,278,278,291,291,309,338,338,436,436,452,98,109,109,309,344,344,344,344],"floor_reached":25,"playtime":1657,"items_purged":["HollowMod:NailStrikeStart"],"score":265,"play_id":"b4f67917-2b5d-4fff-8f66-aca7cd6e9bf5","local_time":"20201210185941","is_ascension_mode":true,"campfire_choices":[{"data":"HollowMod:WraithStrike","floor":6,"key":"SMITH"},{"data":"HollowMod:ShadowDash","floor":8,"key":"SMITH"},{"data":"HollowMod:BlackTendrils","floor":10,"key":"SMITH"},{"data":"Looming Evil","floor":15,"key":"PURGE"},{"floor":24,"key":"REST"}],"circlet_count":0,"master_deck":["HollowMod:NailStrikeStart","HollowMod:QuickDashStart","HollowMod:QuickDashStart","HollowMod:QuickDashStart","HollowMod:FocusHealStart","HollowMod:PogoStrike+1","HollowMod:ShadowDash+1","HollowMod:WraithStrike+1","HollowMod:BlackTendrils+1","HollowMod:DescendingDark+1","HollowMod:BlackTendrils","HollowMod:BlackTendrils","HollowMod:SoulMaster","HollowMod:DoubleDash+1","HollowMod:AbyssShriek","HollowMod:BlackTendrils","HollowMod:SiblingsSouls"],"relics":["HollowMod:VesselMask","ReplayTheSpireMod:TigerMarble","Blue Doll","Whetstone","ReplayTheSpireMod:Ring of Exchange","Empty Cage","Mercury Hourglass","HollowMod:MillibellesNoteRelic"],"acts_visited":["Exordium","TheCity"],"potions_floor_usage":[25,25],"damage_taken":[{"damage":2,"enemies":"Jaw Worm","floor":1,"turns":4},{"damage":0,"enemies":"Small Slimes","floor":2,"turns":3},{"damage":0,"enemies":"2 Louse","floor":5,"turns":5},{"damage":8,"enemies":"Gremlin Nob","floor":7,"turns":3},{"damage":7,"enemies":"Blue Slaver","floor":11,"turns":4},{"damage":0,"enemies":"Lots of Slimes","floor":13,"turns":1},{"damage":21,"enemies":"Lagavulin","floor":14,"turns":6},{"damage":9,"enemies":"Slime Boss","floor":16,"turns":7},{"damage":13,"enemies":"Spheric Guardian","floor":18,"turns":3},{"damage":0,"enemies":"Chosen","floor":20,"turns":3},{"damage":79,"enemies":"Book of Stabbing","floor":23,"turns":7},{"damage":50,"enemies":"Slavers","floor":25,"turns":2}],"seed_played":"-5064277883867036629","potions_obtained":[{"floor":2,"key":"Swift Potion"},{"floor":5,"key":"ColorlessPotion"},{"floor":7,"key":"SteroidPotion"},{"floor":14,"key":"EssenceOfSteel"}],"is_trial":false,"path_per_floor":["M","M","?","?","M","R","E","R","T","R","M","?","M","E","R","B",null,"M","$","M","?","?","E","R","E"],"character_chosen":"THE_BUGKNIGHT","items_purchased":["HollowMod:AbyssShriek","Mercury Hourglass"],"campfire_rested":1,"item_purchase_floors":[19,19],"current_hp_per_floor":[73,75,68,57,67,67,61,61,61,61,64,64,64,50,50,52,75,62,62,69,69,69,16,38,0,0],"gold":344,"neow_bonus":"RANDOM_COMMON_RELIC","is_daily":false,"chose_seed":false,"campfire_upgraded":3,"win_rate":0,"timestamp":1607623181,"path_taken":["M","M","?","?","M","R","E","R","T","R","M","?","M","E","R","BOSS","M","$","M","?","?","E","R","E"],"build_version":"2020-11-30","purchased_purges":1,"victory":false,"max_hp_per_floor":[75,75,75,75,75,75,75,75,75,75,75,75,75,75,75,75,75,75,75,75,75,75,75,75,75,75],"card_choices":[{"not_picked":["HollowMod:DashSlash","HollowMod:CoiledNail"],"picked":"HollowMod:ShadowDash","floor":1},{"not_picked":["HollowMod:DashSlash","HollowMod:LifebloodCocoon"],"picked":"HollowMod:WraithStrike","floor":2},{"not_picked":["HollowMod:VengefulSpirit","HollowMod:SiblingsSouls"],"picked":"HollowMod:BlackTendrils","floor":5},{"not_picked":["HollowMod:GrimmsGift","HollowMod:HowlingWraiths"],"picked":"HollowMod:DescendingDark","floor":7},{"not_picked":["HollowMod:NewGlowingWomb","HollowMod:CornifersMapStart"],"picked":"HollowMod:BlackTendrils","floor":11},{"not_picked":["HollowMod:HowlingWraiths","HollowMod:CrystalDash","HollowMod:PerfectDash"],"picked":"SKIP","floor":13},{"not_picked":["HollowMod:CloakDash","HollowMod:MantisMark"],"picked":"HollowMod:BlackTendrils","floor":14},{"not_picked":["HollowMod:MidwifesHunger","HollowMod:Weaversong"],"picked":"HollowMod:SoulMaster","floor":16},{"not_picked":["HollowMod:CycloneSlash","HollowMod:MonarchWings+1"],"picked":"HollowMod:DoubleDash+1","floor":18},{"not_picked":["HollowMod:ShadowDash","HollowMod:InfectedCysts"],"picked":"HollowMod:BlackTendrils","floor":20},{"not_picked":["HollowMod:NewLittleFool","HollowMod:CycloneSlash+1"],"picked":"HollowMod:SiblingsSouls","floor":23}],"player_experience":111758,"relics_obtained":[{"floor":7,"key":"Blue Doll"},{"floor":9,"key":"Whetstone"},{"floor":12,"key":"ReplayTheSpireMod:Ring of Exchange"},{"floor":14,"key":"Pet Ghost"},{"floor":23,"key":"HollowMod:MillibellesNoteRelic"}],"event_choices":[{"cards_removed":["HollowMod:NailStrikeStart"],"damage_healed":0,"gold_gain":0,"player_choice":"Card Removal","damage_taken":7,"max_hp_gain":0,"max_hp_loss":0,"event_name":"Golden Wing","floor":3,"gold_loss":0},{"damage_healed":0,"gold_gain":75,"player_choice":"Gather Gold","damage_taken":11,"max_hp_gain":0,"max_hp_loss":0,"event_name":"World of Goop","floor":4,"gold_loss":0}],"is_beta":false,"boss_relics":[{"not_picked":["Fusion Hammer","TheAbacus"],"picked":"Empty Cage"}],"items_purged_floors":[19],"is_endless":false,"potions_floor_spawned":[2,5,7,14,16,20],"killed_by":"Slavers","ascension_level":1}}