{"host":"ocllwaoi18j60ltd","time":1607620760,"event":{"mods":["BaseMod","Quick Restart","StSLib","SuperFastMode","DeckTracker","Permanent Neow","Minty Spire (QoL Compilation)"],"gold_per_floor":[117,128,140,140,140,176,25,45,96,115,115,115,115],"floor_reached":12,"playtime":246,"items_purged":["Defend_B"],"score":160,"play_id":"e8c98dde-f842-4583-aaac-d6f6f74215e2","local_time":"20201211021920","is_ascension_mode":true,"campfire_choices":[{"floor":11,"key":"REST"}],"circlet_count":0,"master_deck":["AscendersBane","Strike_B","Strike_B","Strike_B","Defend_B","Defend_B","Defend_B","Zap+1","Dualcast","Darkness","Conserve Battery","Sweeping Beam","Multi-Cast","Self Repair","Doom and Gloom","Glacier"],"special_seed":0,"relics":["Cracked Core","Golden Idol","Ornamental Fan","Ancient Tea Set"],"acts_visited":["Exordium"],"potions_floor_usage":[6,8],"damage_taken":[{"damage":10,"enemies":"Small Slimes","floor":1,"turns":3},{"damage":2,"enemies":"2 Louse","floor":2,"turns":3},{"damage":7,"enemies":"Jaw Worm","floor":3,"turns":3},{"damage":15,"enemies":"Lagavulin","floor":6,"turns":8},{"damage":13,"enemies":"Exordium Wildlife","floor":8,"turns":4},{"damage":15,"enemies":"Red Slaver","floor":10,"turns":4},{"damage":7,"enemies":"Gremlin Nob","floor":12,"turns":3}],"seed_played":"7322619237624615156","potions_obtained":[{"floor":1,"key":"ColorlessPotion"},{"floor":2,"key":"Block Potion"}],"is_trial":false,"path_per_floor":["M","M","M","?","?","E","$","M","T","M","R","E"],"character_chosen":"DEFECT","items_purchased":["Self Repair"],"campfire_rested":1,"item_purchase_floors":[7],"current_hp_per_floor":[54,52,45,38,38,23,23,17,17,9,28,21,21],"gold":115,"neow_bonus":"UPGRADE_CARD","is_daily":false,"chose_seed":false,"campfire_upgraded":0,"win_rate":0,"timestamp":1607620760,"path_taken":["M","M","M","?","?","E","$","M","T","M","R","E"],"build_version":"2020-11-30","purchased_purges":1,"victory":false,"max_hp_per_floor":[71,71,71,71,64,64,64,64,64,64,64,64,64],"card_choices":[{"not_picked":["Steam","Tempest"],"picked":"Darkness","floor":1},{"not_picked":["Gash","Barrage"],"picked":"Conserve Battery","floor":2},{"not_picked":["Streamline","Barrage"],"picked":"Sweeping Beam","floor":3},{"not_picked":["Conserve Battery","Beam Cell"],"picked":"Multi-Cast","floor":6},{"not_picked":["Capacitor","Stack"],"picked":"Doom and Gloom","floor":8},{"not_picked":["Beam Cell","Sweeping Beam"],"picked":"Glacier","floor":10}],"player_experience":823936,"relics_obtained":[{"floor":6,"key":"Ornamental Fan"},{"floor":9,"key":"Ancient Tea Set"}],"event_choices":[{"cards_removed":["Strike_B"],"damage_healed":0,"gold_gain":0,"player_choice":"Card Removal","damage_taken":7,"max_hp_gain":0,"max_hp_loss":0,"event_name":"Golden Wing","floor":4,"gold_loss":0},{"damage_healed":0,"gold_gain":0,"player_choice":"Lose Max HP","damage_taken":0,"relics_obtained":["Golden Idol"],"max_hp_gain":0,"max_hp_loss":7,"event_name":"Golden Idol","floor":5,"gold_loss":0}],"is_beta":false,"boss_relics":[],"items_purged_floors":[7],"is_endless":false,"potions_floor_spawned":[1,2],"killed_by":"Gremlin Nob","ascension_level":20}}