{"host":"d43m95u7l79th215","time":1607616596,"event":{"gold_per_floor":[363,35,51,51,71,97,97,97,97,97,129,145,179,193,193,290,290,308,283,293,306,36,36,50,76,76,76,105,20,34,48,48,145,145,156,175,78,78,4,4,21,49,102,120,147,0,13,13,13,13,13,13,13,45,45,45],"floor_reached":55,"playtime":5224,"items_purged":["stsjorbsmod:Strike_Wanderer","Defend_MRS","stsjorbsmod:Defend_Wanderer"],"score":962,"play_id":"04f881e1-8b3d-4643-8523-01e9be4e404f","local_time":"20201210170956","is_ascension_mode":false,"campfire_choices":[{"data":"stsjorbsmod:Defend_Wanderer","floor":8,"key":"PURGE"},{"data":"expansioncontent:StudyTheSpire","floor":10,"key":"SMITH"},{"floor":15,"key":"REST"},{"floor":23,"key":"REST"},{"floor":27,"key":"REST"},{"floor":32,"key":"REST"},{"floor":40,"key":"RECALL"},{"floor":49,"key":"REST"},{"data":"stsjorbsmod:ArcaneWeapon","floor":52,"key":"SMITH"}],"neow_cost":"BASIC_CARDS","seed_source_timestamp":701217961953400,"circlet_count":0,"master_deck":["stsjorbsmod:ForbiddenGrimoire+1","stsjorbsmod:ForbiddenGrimoire+1","stsjorbsmod:Strike_Wanderer","stsjorbsmod:Strike_Wanderer","stsjorbsmod:Strike_Wanderer","stsjorbsmod:Defend_Wanderer","stsjorbsmod:Defend_Wanderer","stsjorbsmod:FreshAdventure","stsjorbsmod:EyeOfTheStorm+1","Defend_MRS","stsjorbsmod:Will","expansioncontent:StudyTheSpire+1","stsjorbsmod:BlackTentacles","stsjorbsmod:ArcaneWeapon","stsjorbsmod:ArcaneWeapon","stsjorbsmod:Entangle","stsjorbsmod:FlameWard","stsjorbsmod:Withdraw","stsjorbsmod:ChainLightning","stsjorbsmod:Rediscovery","AbeCurse","stsjorbsmod:Channel+1","stsjorbsmod:ChainLightning","stsjorbsmod:ArcaneWeapon+1","Pot Of Greed","Pot Of Greed","Pot Of Greed+1","stsjorbsmod:WeightOfMemory","stsjorbsmod:FlameWard","stsjorbsmod:MagicMirror","stsjorbsmod:Prestidigitation","stsjorbsmod:BlackTentacles+1","stsjorbsmod:ArcaneForm","Delirium","stsjorbsmod:Withering","Pot Of Greed","Languid","stsjorbsmod:BookOfTongues+1","stsjorbsmod:Firebolt+1","stsjorbsmod:ArcaneWeapon","stsjorbsmod:WeightOfMemory","stsjorbsmod:Hibernate+1","stsjorbsmod:Pyromancy","stsjorbsmod:UnseenServant+1","stsjorbsmod:Prestidigitation+1","stsjorbsmod:Rediscovery","stsjorbsmod:BookOfTongues","stsjorbsmod:BurningFlask","Pot Of Greed","stsjorbsmod:FindFamiliar","stsjorbsmod:ThirstingSword","stsjorbsmod:Feast"],"relics":["stsjorbsmod:GrimoireRelic","HushsDoor","BFFS","Toolbox","Peace Pipe","hubris:Icosahedron","Replay:Bottled Eggs","Smiling Mask","Void","Abe\u0027s Treasure","Grinning Jar","Strawberry","Toy Ornithopter","BookOfRevelations","Replay:Ancient Bell","War Paint","Eternal Feather","vexMod:HeadHunter","Dream Catcher","Orichalcum","Replay:Bottled Steam","Red Mask","DemoMod:Metronome"],"potions_floor_usage":[6,16,21,28,28,33,33,36,42,44,50,50],"damage_taken":[{"damage":1,"enemies":"Cultist","floor":1,"turns":4},{"damage":0,"enemies":"Small Slimes","floor":3,"turns":3},{"damage":6,"enemies":"Jaw Worm","floor":5,"turns":1},{"damage":0,"enemies":"Gremlin Nob","floor":6,"turns":2},{"damage":0,"enemies":"3 Sentries","floor":11,"turns":1},{"damage":8,"enemies":"Looter","floor":12,"turns":4},{"damage":30,"enemies":"Gremlin Nob","floor":13,"turns":5},{"damage":0,"enemies":"Red Slaver","floor":14,"turns":3},{"damage":19,"enemies":"Slime Boss","floor":16,"turns":7},{"damage":15,"enemies":"Shell Parasite","floor":18,"turns":4},{"damage":0,"enemies":"Spheric Guardian","floor":20,"turns":4},{"damage":9,"enemies":"Shelled Parasite and Fungi","floor":21,"turns":3},{"damage":9,"enemies":"Chosen and Byrds","floor":24,"turns":5},{"damage":29,"enemies":"Slavers","floor":25,"turns":3},{"damage":14,"enemies":"Gremlin Leader","floor":28,"turns":5},{"damage":0,"enemies":"Centurion and Healer","floor":30,"turns":4},{"damage":0,"enemies":"3 Cultists","floor":31,"turns":3},{"damage":23,"enemies":"Automaton","floor":33,"turns":7},{"damage":0,"enemies":"Orb Walker","floor":35,"turns":1},{"damage":18,"enemies":"3 Darklings","floor":36,"turns":3},{"damage":14,"enemies":"Sphere and 2 Shapes","floor":41,"turns":4},{"damage":31,"enemies":"Reptomancer","floor":42,"turns":5},{"damage":0,"enemies":"Maw","floor":44,"turns":6},{"damage":12,"enemies":"Nemesis","floor":45,"turns":7},{"damage":2,"enemies":"Transient","floor":47,"turns":5},{"damage":66,"enemies":"Awakened One","floor":50,"turns":7},{"damage":34,"enemies":"Shield and Spear","floor":54,"turns":5},{"damage":81,"enemies":"LittleHush","floor":55,"turns":15}],"seed_played":"-8216247673724572169","potions_obtained":[{"floor":1,"key":"Explosive Potion"},{"floor":3,"key":"DistilledChaos"},{"floor":14,"key":"Swift Potion"},{"floor":16,"key":"Guardian:BlockOnCardUsePotion"},{"floor":20,"key":"AttackPotion"},{"floor":21,"key":"Swift Potion"},{"floor":28,"key":"Explosive Potion"},{"floor":31,"key":"stsjorbsmod:LiquidVirtue"},{"floor":33,"key":"Fire Potion"},{"floor":36,"key":"PowerPotion"},{"floor":41,"key":"sneckomod:MuddlingPotion"},{"floor":44,"key":"Fruit Juice"},{"floor":47,"key":"CultistPotion"}],"is_trial":false,"path_per_floor":["M","$","M","$","M","E","?","R","T","R","E","M","E","M","R","B",null,"M","?","M","M","$","R","M","E","T","R","E","?","M","M","R","B",null,"M","M","$","?","$","R","M","E","T","M","E","?","M","?","R","B",null,"R","$","E","B"],"character_chosen":"WANDERER","items_purchased":["expansioncontent:StudyTheSpire","Toolbox","stsjorbsmod:ArcaneWeapon","Grinning Jar","stsjorbsmod:WeightOfMemory","stsjorbsmod:ArcaneWeapon","stsjorbsmod:WeightOfMemory"],"campfire_rested":5,"item_purchase_floors":[2,2,22,22,22,37,39],"current_hp_per_floor":[68,68,68,68,62,62,62,62,62,62,62,55,26,26,46,48,68,53,53,54,45,45,65,57,35,35,57,45,45,46,46,68,54,75,75,57,57,60,60,78,68,46,46,60,52,52,51,51,83,20,83,83,83,53,0,0],"gold":45,"neow_bonus":"TWO_FIFTY_GOLD","is_prod":false,"is_daily":false,"chose_seed":false,"campfire_upgraded":2,"win_rate":0,"timestamp":1607616596,"path_taken":["M","$","M","?","M","E","?","R","T","R","E","M","E","?","R","BOSS","M","?","M","M","$","R","?","E","T","R","E","?","M","M","R","BOSS","M","M","$","?","?","R","M","E","T","M","E","?","M","?","R","BOSS","R","$","E","BOSS"],"build_version":"2020-11-30","purchased_purges":3,"victory":false,"max_hp_per_floor":[68,68,68,68,68,68,68,68,68,68,68,68,68,68,68,68,68,68,68,68,68,68,68,68,75,75,75,75,75,75,75,75,75,75,75,75,75,78,78,78,78,78,78,83,83,83,83,83,83,83,83,83,83,83,80,80],"card_choices":[{"not_picked":[],"picked":"Bomb","floor":0},{"not_picked":["stsjorbsmod:AnimateObjects","stsjorbsmod:PurgeMind"],"picked":"stsjorbsmod:Will","floor":1},{"not_picked":["stsjorbsmod:ParryingBlow","stsjorbsmod:Hibernate"],"picked":"stsjorbsmod:BlackTentacles","floor":3},{"not_picked":["Bomb","stsjorbsmod:FranticSearch"],"picked":"stsjorbsmod:ArcaneWeapon","floor":5},{"not_picked":["stsjorbsmod:Prestidigitation","stsjorbsmod:Banish"],"picked":"stsjorbsmod:ArcaneWeapon","floor":6},{"not_picked":["stsjorbsmod:MagicMirror","stsjorbsmod:MageArmor"],"picked":"stsjorbsmod:Entangle","floor":11},{"not_picked":["stsjorbsmod:Introspection","stsjorbsmod:Hurt"],"picked":"stsjorbsmod:FlameWard","floor":12},{"not_picked":["stsjorbsmod:WanderingMind","stsjorbsmod:ScorchingRay"],"picked":"stsjorbsmod:Withdraw","floor":13},{"not_picked":["Bomb","stsjorbsmod:RayOfFrost"],"picked":"stsjorbsmod:ChainLightning","floor":14},{"not_picked":["stsjorbsmod:Feast","stsjorbsmod:Fireball"],"picked":"stsjorbsmod:Rediscovery","floor":16},{"not_picked":["stsjorbsmod:BurningFlask+1","stsjorbsmod:RefuseToForget"],"picked":"stsjorbsmod:Channel+1","floor":18},{"not_picked":["stsjorbsmod:TollTheDead","stsjorbsmod:FracturedMind"],"picked":"stsjorbsmod:ChainLightning","floor":20},{"not_picked":["stsjorbsmod:WeightOfMemory","stsjorbsmod:Hibernate+1"],"picked":"stsjorbsmod:Patron","floor":21},{"not_picked":["stsjorbsmod:Message","stsjorbsmod:RayOfFrost"],"picked":"stsjorbsmod:FlameWard","floor":24},{"not_picked":["stsjorbsmod:DisguiseSelf","stsjorbsmod:Hurt"],"picked":"stsjorbsmod:MagicMirror","floor":25},{"not_picked":["stsjorbsmod:WanderingMind","stsjorbsmod:DoubleCheck","stsjorbsmod:FracturedMind"],"picked":"SKIP","floor":28},{"not_picked":["stsjorbsmod:Message+1","stsjorbsmod:ScorchingRay"],"picked":"stsjorbsmod:Prestidigitation","floor":30},{"not_picked":["stsjorbsmod:BurningFlask","stsjorbsmod:Rest"],"picked":"stsjorbsmod:BlackTentacles+1","floor":31},{"not_picked":["stsjorbsmod:GatherPower","stsjorbsmod:PurgeMind"],"picked":"stsjorbsmod:ArcaneForm","floor":33},{"not_picked":["hubris:Sloth","hubris:Compulsion"],"picked":"Delirium","floor":34},{"not_picked":["hexamod:Haunted","Replay:Hysterical Blindness"],"picked":"stsjorbsmod:Withering","floor":34},{"not_picked":["Spreading Infection","hexamod:Haunted"],"picked":"Languid","floor":34},{"not_picked":["stsjorbsmod:HedgeWizard+1","stsjorbsmod:Prestidigitation"],"picked":"stsjorbsmod:BookOfTongues+1","floor":35},{"not_picked":["stsjorbsmod:FaerieFire","stsjorbsmod:LoseGrip"],"picked":"stsjorbsmod:Firebolt+1","floor":36},{"not_picked":["stsjorbsmod:Hurt+1","stsjorbsmod:Mania"],"picked":"stsjorbsmod:Hibernate+1","floor":41},{"not_picked":["stsjorbsmod:Withdraw","stsjorbsmod:Fear"],"picked":"stsjorbsmod:Pyromancy","floor":42},{"not_picked":["stsjorbsmod:Channel+1","stsjorbsmod:Hurt"],"picked":"stsjorbsmod:UnseenServant+1","floor":42},{"not_picked":["stsjorbsmod:ScorchingRay+1","stsjorbsmod:Firebolt+1"],"picked":"stsjorbsmod:Prestidigitation+1","floor":44},{"not_picked":["stsjorbsmod:CorrodingBarrier","stsjorbsmod:GatherPower"],"picked":"stsjorbsmod:Rediscovery","floor":45},{"not_picked":["stsjorbsmod:ScorchingRay+1","stsjorbsmod:HoldMonster"],"picked":"stsjorbsmod:BookOfTongues","floor":45},{"not_picked":["stsjorbsmod:FlameWard","stsjorbsmod:Aid"],"picked":"stsjorbsmod:BurningFlask","floor":47},{"not_picked":["stsjorbsmod:RayOfFrost+1","stsjorbsmod:FracturedMind+1"],"picked":"stsjorbsmod:FindFamiliar","floor":49},{"not_picked":["stsjorbsmod:Withdraw","stsjorbsmod:SiphonEnergy"],"picked":"stsjorbsmod:ThirstingSword","floor":54},{"not_picked":["stsjorbsmod:Hurt","stsjorbsmod:ChainLightning"],"picked":"stsjorbsmod:Feast","floor":54}],"player_experience":392254,"relics_obtained":[{"floor":6,"key":"Peace Pipe"},{"floor":9,"key":"Replay:Bottled Eggs"},{"floor":11,"key":"Smiling Mask"},{"floor":13,"key":"Void"},{"floor":25,"key":"Strawberry"},{"floor":28,"key":"Toy Ornithopter"},{"floor":42,"key":"Dream Catcher"},{"floor":43,"key":"Orichalcum"},{"floor":45,"key":"Replay:Bottled Steam"},{"floor":54,"key":"DemoMod:Metronome"}],"event_choices":[{"damage_healed":0,"gold_gain":0,"player_choice":"Obtained Relic","damage_taken":0,"relics_obtained":["BookOfRevelations"],"max_hp_gain":0,"max_hp_loss":0,"event_name":"Addict","floor":29,"gold_loss":85},{"damage_healed":0,"gold_gain":0,"player_choice":"Paid","damage_taken":0,"relics_obtained":["Red Mask"],"max_hp_gain":0,"max_hp_loss":0,"event_name":"Tomb of Lord Red Mask","floor":46,"gold_loss":147}],"is_beta":false,"boss_relics":[{"not_picked":["Runic Dome","hubris:BlackHole"],"picked":"Abe\u0027s Treasure"},{"not_picked":[]},{"not_picked":["MagicMushroom","Sozu"],"picked":"Replay:Ancient Bell"},{"not_picked":["vexMod:FocusSash","Simple Rune"],"picked":"War Paint"},{"not_picked":["Singing Bowl","DemoMod:JetPack"],"picked":"Eternal Feather"},{"not_picked":["Replay:Multitool","DemoMod:NanoMachines"],"picked":"vexMod:HeadHunter"},{"not_picked":[]}],"items_purged_floors":[22,37,39],"is_endless":false,"potions_floor_spawned":[1,3,14,16,20,21,28,31,33,36,41,44,47],"killed_by":"LittleHush","ascension_level":0}}