{"host":"bz6gkvdcavhdnmlv","time":1607565453,"event":{"gold_per_floor":[119,139,139,152,170,170,196,196,219,231,246,259,259,259,259,356,356,367,367,367,367,367],"floor_reached":21,"playtime":1561,"items_purged":[],"score":206,"play_id":"2a160bb4-cc1e-49f5-8d5b-ffe09611924b","local_time":"20201209205733","is_ascension_mode":false,"campfire_choices":[{"data":"construct:Stasis","floor":6,"key":"SMITH"},{"floor":13,"key":"REST"},{"floor":15,"key":"REST"}],"neow_cost":"NONE","seed_source_timestamp":1752565769146000,"circlet_count":0,"master_deck":["construct:Strike_Gold","construct:Strike_Gold","construct:Strike_Gold","construct:Strike_Gold","construct:Strike_Gold","construct:Defend_Gold","construct:Defend_Gold","construct:Defend_Gold","construct:Defend_Gold","construct:Defend_Gold","construct:AttackMode","construct:DefenseMode","construct:Enhance","construct:SweepLaser","construct:Boost","construct:Stasis+1","construct:SuppressiveFire","construct:OneWayMirror","ReplayTheSpireMod:Faulty Equipment","Doubt","infinitespire:Starlight","construct:ClockworkEgg","construct:Synchronize+1","construct:Strike_Gold","construct:Strike_Gold","construct:Strike_Gold","construct:Strike_Gold","construct:Strike_Gold","construct:Defend_Gold","construct:Defend_Gold","construct:Defend_Gold","construct:Defend_Gold","construct:Defend_Gold","construct:AttackMode","construct:DefenseMode","construct:Enhance","construct:SweepLaser","construct:Boost","construct:Stasis+1","construct:SuppressiveFire","construct:OneWayMirror","ReplayTheSpireMod:Faulty Equipment","Doubt","infinitespire:Starlight","construct:ClockworkEgg","construct:Synchronize+1"],"relics":["construct:Cogwheel","NeowsBlessing","NlothsMask","StuffTheSpire:TintedRock"],"potions_floor_usage":[7,11,11,18],"damage_taken":[{"damage":0,"enemies":"Cultist","floor":1,"turns":1},{"damage":0,"enemies":"Jaw Worm","floor":2,"turns":1},{"damage":2,"enemies":"conspire:RoseBush","floor":4,"turns":1},{"damage":3,"enemies":"3 Louse","floor":5,"turns":5},{"damage":23,"enemies":"Lagavulin","floor":7,"turns":15},{"damage":20,"enemies":"Large Slime","floor":10,"turns":5},{"damage":5,"enemies":"Looter","floor":11,"turns":4},{"damage":34,"enemies":"Gremlin Gang","floor":12,"turns":5},{"damage":72,"enemies":"The Guardian","floor":16,"turns":29},{"damage":62,"enemies":"Shell Parasite","floor":18,"turns":14},{"damage":59,"enemies":"Spheric Guardian","floor":21,"turns":9}],"seed_played":"-770943247486750059","potions_obtained":[{"floor":4,"key":"Dexterity Potion"},{"floor":5,"key":"Regen Potion"},{"floor":7,"key":"LiquidMemories"},{"floor":16,"key":"sneckomod:MuddlingPotion"}],"is_trial":false,"path_per_floor":["M","M","?","M","M","R","E","?","T","M","M","M","R","?","R","B",null,"M","?","?","M"],"character_chosen":"THE_CONSTRUCT_MOD","items_purchased":[],"campfire_rested":2,"item_purchase_floors":[],"current_hp_per_floor":[85,85,85,83,80,80,66,81,81,61,56,22,47,47,72,10,85,33,33,33,0,0],"gold":367,"neow_bonus":"THREE_ENEMY_KILL","is_prod":false,"is_daily":false,"chose_seed":false,"campfire_upgraded":1,"win_rate":0,"timestamp":1607565453,"path_taken":["M","?","?","M","?","R","E","?","T","M","M","M","R","?","R","BOSS","M","?","?","?"],"build_version":"2020-11-30","purchased_purges":0,"victory":false,"max_hp_per_floor":[85,85,85,85,85,85,85,85,85,85,85,85,85,85,85,85,85,85,85,85,85,85],"card_choices":[{"not_picked":["construct:Versatility","construct:Backfire"],"picked":"construct:Enhance","floor":1},{"not_picked":["construct:ScrapCannon","construct:FierceBash"],"picked":"construct:SweepLaser","floor":2},{"not_picked":["construct:FocusedBeam","construct:SaveState"],"picked":"construct:Boost","floor":4},{"not_picked":["construct:HastyRepair","construct:ChargeShot"],"picked":"construct:Stasis","floor":5},{"not_picked":["construct:FlakBarrage","construct:HeavyBolt","construct:ScrapCannon"],"picked":"SKIP","floor":7},{"not_picked":["construct:PowerUp","construct:Boost"],"picked":"construct:SuppressiveFire","floor":10},{"not_picked":["construct:Anticipate","construct:SuppressiveFire"],"picked":"construct:OneWayMirror","floor":11},{"not_picked":["construct:SpinDrive","construct:Backfire","construct:SaveState"],"picked":"SKIP","floor":12},{"not_picked":["infinitespire:NeuralNetwork","hubris:InfiniteBlow"],"picked":"infinitespire:Starlight","floor":14},{"not_picked":["construct:HammerDown","construct:MemoryTap"],"picked":"construct:ClockworkEgg","floor":16},{"not_picked":["construct:Zapper+1","construct:SyphonStrike"],"picked":"construct:Synchronize+1","floor":18}],"player_experience":191131,"relics_obtained":[{"floor":7,"key":"StuffTheSpire:TintedRock"}],"event_choices":[{"damage_healed":0,"gold_gain":0,"player_choice":"Trade","damage_taken":0,"relics_obtained":["NlothsMask"],"max_hp_gain":0,"max_hp_loss":0,"event_name":"FaceTrader","floor":3,"gold_loss":0}],"is_beta":false,"boss_relics":[{"not_picked":["StuffTheSpire:Kangaroo","Runic Dome","halation:PinkAlligatorPlush"]}],"items_purged_floors":[],"is_endless":false,"potions_floor_spawned":[4,5,7,16],"killed_by":"Spheric Guardian","ascension_level":0}}