{"host":"ar7ngit67p83lwvr","time":1607582205,"event":{"gold_per_floor":[116,116,116,135,56,84,84,95,95,95,114,126,153,153,153,252,252,262,177,177,177,177,210,227,245,245,148,148,148,174,187,187,286,286,299,649,649,662,662,692,692,432,432,432,449,465,476,509,509,509],"floor_reached":51,"playtime":4483,"items_purged":["Pain","TheCursedMod:Stretching+1"],"score":768,"play_id":"b705a616-26a2-4c18-8d23-684c127bf321","local_time":"20201209223645","is_ascension_mode":false,"campfire_choices":[{"data":"TheCursedMod:CursedBlade","floor":7,"key":"SMITH"},{"data":"TheCursedMod:CleanUpWorkshop","floor":15,"key":"SMITH"},{"data":"TheCursedMod:CursedSpellbook","floor":28,"key":"SMITH"},{"data":"TheCursedMod:SpitefulPlan","floor":32,"key":"SMITH"},{"data":"TheCursedMod:CollectTribute","floor":41,"key":"SMITH"},{"data":"Secret Technique","floor":44,"key":"SMITH"},{"data":"TheCursedMod:DemonicPact","floor":49,"key":"SMITH"}],"neow_cost":"NONE","seed_source_timestamp":1741565116292500,"circlet_count":0,"master_deck":["TheCursedMod:Strike_TheCursed","TheCursedMod:Defend_TheCursed","TheCursedMod:Defend_TheCursed","TheCursedMod:Defend_TheCursed","TheCursedMod:CursedWand","TheCursedMod:CleanUpWorkshop+1","TheCursedMod:Obscuration","TheCursedMod:StingEye","TheCursedMod:CursedBlade+1","TheCursedMod:SoulReap","TheCursedMod:CursedSpellbook+1","TheCursedMod:SpitefulStrike","TheCursedMod:LuckyCharm","TheCursedMod:FleshFromBone","TheCursedMod:DemonSword","TheCursedMod:CursedShiv+1","TheCursedMod:CircleOfAbyss+1","TheCursedMod:SoulCrush","TheCursedMod:SoulReap","TheCursedMod:FleshFromBone","TheCursedMod:SpitefulPlan+1","TheCursedMod:CursedBlade","TheCursedMod:CollectTribute+1","TheCursedMod:Evocation+1","TheCursedMod:SpitefulPlan","Secret Technique+1","Master of Strategy","Metamorphosis","TheCursedMod:CursedShiv+1","TheCursedMod:AntiAging","TheCursedMod:DemonicPact+1"],"relics":["TheCursedMod:BlackMagic101","NeowsBlessing","Mercury Hourglass","Happy Flower","Kunai","Art of War","Astrolabe","TheCursedMod:SoulVessel","Anchor","WarpedTongs","Lantern","Eternal Feather","MutagenicStrength","Orichalcum","Sozu","Old Coin","Omamori","Runesmith:AutoHammer","Potion Belt"],"potions_floor_usage":[16,23,30,33,33,50],"damage_taken":[{"damage":0,"enemies":"Small Slimes","floor":1,"turns":1},{"damage":0,"enemies":"Jaw Worm","floor":4,"turns":1},{"damage":0,"enemies":"3 Sentries","floor":6,"turns":1},{"damage":0,"enemies":"Cultist","floor":8,"turns":3},{"damage":3,"enemies":"Exordium Wildlife","floor":11,"turns":3},{"damage":0,"enemies":"Blue Slaver","floor":12,"turns":3},{"damage":15,"enemies":"Hexaghost","floor":16,"turns":13},{"damage":0,"enemies":"Chosen","floor":18,"turns":6},{"damage":6,"enemies":"Book of Stabbing","floor":23,"turns":4},{"damage":16,"enemies":"Spheric Guardian","floor":24,"turns":4},{"damage":3,"enemies":"Snake Plant","floor":25,"turns":4},{"damage":4,"enemies":"Slavers","floor":30,"turns":5},{"damage":7,"enemies":"Centurion and Healer","floor":31,"turns":6},{"damage":22,"enemies":"Automaton","floor":33,"turns":11},{"damage":1,"enemies":"Orb Walker","floor":35,"turns":3},{"damage":0,"enemies":"Mind Bloom Boss Battle","floor":36,"turns":6},{"damage":2,"enemies":"3 Shapes","floor":38,"turns":6},{"damage":14,"enemies":"Giant Head","floor":40,"turns":7},{"damage":9,"enemies":"3 Darklings","floor":45,"turns":4},{"damage":22,"enemies":"Writhing Mass","floor":46,"turns":5},{"damage":6,"enemies":"Sphere and 2 Shapes","floor":47,"turns":3},{"damage":19,"enemies":"Reptomancer","floor":48,"turns":6},{"damage":54,"enemies":"Donu and Deca","floor":50,"turns":8}],"seed_played":"5440344360473685472","potions_obtained":[{"floor":4,"key":"Weak Potion"},{"floor":8,"key":"SkillPotion"},{"floor":12,"key":"Dexterity Potion"},{"floor":18,"key":"AttackPotion"},{"floor":25,"key":"SpeedPotion"},{"floor":30,"key":"CultistPotion"}],"is_trial":false,"path_per_floor":["M","?","?","M","$","E","R","M","T","?","M","M","T","?","R","B",null,"M","?","?","?","?","E","M","M","T","$","R","?","E","M","R","B",null,"M","?","?","M","?","E","R","$","T","R","M","M","M","E","R","B",null],"character_chosen":"THE_CURSED","items_purchased":["TheCursedMod:SoulReap","TheCursedMod:FleshFromBone","TheCursedMod:AntiAging"],"campfire_rested":0,"item_purchase_floors":[5,27,42],"current_hp_per_floor":[75,75,68,68,68,68,68,73,73,73,72,72,72,72,72,62,75,75,75,75,75,75,75,66,72,72,72,75,75,75,75,75,75,75,75,75,65,74,74,75,75,75,75,75,78,67,70,74,83,71],"gold":509,"neow_bonus":"THREE_ENEMY_KILL","is_prod":false,"is_daily":false,"chose_seed":false,"campfire_upgraded":7,"win_rate":0.0,"timestamp":1607582205,"path_taken":["M","?","?","M","$","E","R","?","T","?","M","?","?","?","R","BOSS","M","?","?","?","?","E","M","?","T","?","R","?","E","M","R","BOSS","M","?","?","M","?","E","R","$","T","R","M","M","M","E","R","BOSS"],"build_version":"2020-11-30","purchased_purges":2,"victory":true,"max_hp_per_floor":[75,75,75,75,75,75,75,75,75,75,75,75,75,75,75,75,75,75,75,75,75,75,75,75,75,75,75,75,75,75,75,75,75,75,75,75,75,75,75,75,75,75,75,75,78,81,81,83,83,85],"card_choices":[{"not_picked":["TheCursedMod:CircleOfFlame","TheCursedMod:CursedShiv"],"picked":"TheCursedMod:Obscuration","floor":1},{"not_picked":["TheCursedMod:CursedBoomerang","TheCursedMod:ManaBullet"],"picked":"TheCursedMod:CursedBlade","floor":4},{"not_picked":["TheCursedMod:CircleOfAmplification","TheCursedMod:SpitefulPlan"],"picked":"TheCursedMod:CursedSpellbook","floor":6},{"not_picked":["TheCursedMod:CircleOfFlame","TheCursedMod:SaltUponWound"],"picked":"TheCursedMod:SpitefulStrike","floor":8},{"not_picked":["TheCursedMod:CircleOfBlood","TheCursedMod:Wield"],"picked":"TheCursedMod:LuckyCharm","floor":11},{"not_picked":["TheCursedMod:TacticalStrike","TheCursedMod:RapidMovement"],"picked":"TheCursedMod:FleshFromBone","floor":12},{"not_picked":["TheCursedMod:ShockAndAwe","TheCursedMod:CursedRelics"],"picked":"TheCursedMod:DemonSword","floor":16},{"not_picked":["TheCursedMod:Stretching","TheCursedMod:WearCloak"],"picked":"TheCursedMod:SoulCrush","floor":18},{"not_picked":["TheCursedMod:CircleOfFocus","TheCursedMod:SpreadPlague+1"],"picked":"TheCursedMod:SoulReap","floor":23},{"not_picked":["TheCursedMod:PrepareRite","TheCursedMod:ReleasedKnowledge+1","TheCursedMod:WearCloak+1"],"picked":"SKIP","floor":24},{"not_picked":["TheCursedMod:SmokeScreen+1","TheCursedMod:Wield","TheCursedMod:Stretching"],"picked":"SKIP","floor":25},{"not_picked":["TheCursedMod:BloodBarrier","TheCursedMod:CircleOfCorruption"],"picked":"TheCursedMod:SpitefulPlan","floor":30},{"not_picked":["TheCursedMod:CircleOfFocus","TheCursedMod:CircleOfFlame"],"picked":"TheCursedMod:CursedBlade","floor":31},{"not_picked":["TheCursedMod:CursedRelics","TheCursedMod:Neurasthenia"],"picked":"TheCursedMod:CollectTribute","floor":33},{"not_picked":["TheCursedMod:ReleasedKnowledge+1","TheCursedMod:FleshFromBone"],"picked":"TheCursedMod:Evocation+1","floor":35},{"not_picked":["TheCursedMod:Torture","TheCursedMod:DoubleShield+1"],"picked":"TheCursedMod:SpitefulPlan","floor":36},{"not_picked":["Forethought","Master of Strategy"],"picked":"Secret Technique","floor":37},{"not_picked":["Swift Strike","Madness"],"picked":"Master of Strategy","floor":37},{"not_picked":["Flash of Steel","Trip"],"picked":"Metamorphosis","floor":37},{"not_picked":["TheCursedMod:SmokeScreen+1","TheCursedMod:AshesToAshes"],"picked":"TheCursedMod:CursedShiv+1","floor":38},{"not_picked":["TheCursedMod:CursedMace","TheCursedMod:CursedShiv","TheCursedMod:ManaBullet+1"],"picked":"SKIP","floor":40},{"not_picked":["TheCursedMod:RavingStaff","TheCursedMod:CursedShiv+1","TheCursedMod:CursedAmulet"],"picked":"SKIP","floor":45},{"not_picked":["TheCursedMod:AbyssShockwave","TheCursedMod:Stretching+1","TheCursedMod:CircleOfCorruption"],"picked":"SKIP","floor":46},{"not_picked":["TheCursedMod:RapidMovement+1","TheCursedMod:SmokeScreen"],"picked":"TheCursedMod:DemonicPact","floor":47},{"not_picked":["TheCursedMod:CursedMace+1","TheCursedMod:RapidMovement+1","TheCursedMod:Stigma+1"],"picked":"SKIP","floor":48}],"player_experience":139220,"relics_obtained":[{"floor":6,"key":"Mercury Hourglass"},{"floor":9,"key":"Happy Flower"},{"floor":10,"key":"Kunai"},{"floor":13,"key":"Art of War"},{"floor":23,"key":"Lantern"},{"floor":26,"key":"Eternal Feather"},{"floor":30,"key":"Orichalcum"},{"floor":36,"key":"Old Coin"},{"floor":40,"key":"Omamori"},{"floor":43,"key":"Runesmith:AutoHammer"},{"floor":48,"key":"Potion Belt"}],"event_choices":[{"damage_healed":0,"gold_gain":0,"cards_transformed":["TheCursedMod:Defend_TheCursed"],"player_choice":"Change","damage_taken":0,"max_hp_gain":0,"max_hp_loss":0,"event_name":"Living Wall","floor":2,"gold_loss":0,"cards_obtained":["TheCursedMod:StingEye"]},{"cards_removed":["TheCursedMod:Dregs"],"damage_healed":0,"gold_gain":0,"player_choice":"Card Removal","damage_taken":7,"max_hp_gain":0,"max_hp_loss":0,"event_name":"Golden Wing","floor":3,"gold_loss":0},{"damage_healed":0,"gold_gain":0,"player_choice":"Relic","damage_taken":0,"max_hp_gain":0,"max_hp_loss":0,"event_name":"Wheel of Change","floor":10,"gold_loss":0},{"damage_healed":0,"gold_gain":0,"player_choice":"Ignored","damage_taken":0,"max_hp_gain":0,"max_hp_loss":0,"event_name":"NoteForYourself","floor":14,"gold_loss":0},{"damage_healed":0,"gold_gain":0,"player_choice":"Obtained Relic","damage_taken":0,"relics_obtained":["TheCursedMod:SoulVessel"],"max_hp_gain":0,"max_hp_loss":0,"event_name":"Addict","floor":19,"gold_loss":85},{"damage_healed":0,"gold_gain":0,"player_choice":"Opened","damage_taken":0,"relics_obtained":["Anchor"],"max_hp_gain":0,"max_hp_loss":0,"event_name":"The Mausoleum","floor":20,"gold_loss":0},{"damage_healed":0,"gold_gain":0,"player_choice":"Ignored","damage_taken":0,"max_hp_gain":0,"max_hp_loss":0,"event_name":"Ghosts","floor":21,"gold_loss":0},{"damage_healed":0,"gold_gain":0,"player_choice":"Rummage","damage_taken":0,"relics_obtained":["WarpedTongs"],"max_hp_gain":0,"max_hp_loss":0,"event_name":"Accursed Blacksmith","floor":22,"gold_loss":0,"cards_obtained":["Pain"]},{"damage_healed":0,"gold_gain":0,"player_choice":"Inject Mutagens","damage_taken":0,"relics_obtained":["MutagenicStrength"],"max_hp_gain":0,"max_hp_loss":0,"event_name":"Drug Dealer","floor":29,"gold_loss":0},{"damage_healed":0,"gold_gain":0,"player_choice":"Fight","damage_taken":0,"max_hp_gain":0,"max_hp_loss":0,"event_name":"MindBloom","floor":36,"gold_loss":0},{"damage_healed":0,"gold_gain":0,"player_choice":"Memory 3","damage_taken":10,"max_hp_gain":0,"max_hp_loss":0,"event_name":"SensoryStone","floor":37,"gold_loss":0},{"damage_healed":0,"gold_gain":0,"player_choice":"Ignored","damage_taken":0,"max_hp_gain":0,"max_hp_loss":0,"event_name":"Tomb of Lord Red Mask","floor":39,"gold_loss":0}],"is_beta":false,"boss_relics":[{"not_picked":["Pandora\u0027s Box","SacredBark"],"picked":"Astrolabe"},{"not_picked":["Cursed Key","Empty Cage"],"picked":"Sozu"}],"items_purged_floors":[27,42],"is_endless":false,"potions_floor_spawned":[4,8,12,18,25,30,31,36,38,45],"ascension_level":0}}