{"host":"6ko66ogg91i6g7xq","time":1607633523,"event":{"mods":["BaseMod","StSLib","Downfall","Hermit","Minty Spire (QoL Compilation)","Relic Stats","AchievementEnabler","Colored Powertips","The Jungle","Quick Restart","Act Like it!","everything is the same but u backflip on backflip","Colored Map"],"gold_per_floor":[115,40,40,40,52,52,77,77,77,77,77,252,252,252],"floor_reached":13,"playtime":100,"items_purged":[],"score":114,"play_id":"83de0f9d-d4af-474b-a669-187ea88632d7","local_time":"20201210155203","is_ascension_mode":true,"campfire_choices":[{"floor":6,"key":"RECALL"},{"data":"Envenom","floor":11,"key":"SMITH"}],"circlet_count":0,"master_deck":["Strike_G","Strike_G","Strike_G","Strike_G","Defend_G","Defend_G","Defend_G","Defend_G","Defend_G","Survivor","Neutralize","Catalyst","Heel Hook","Envenom+1","Doubt"],"relics":["Ring of the Snake","NeowsBlessing","InkBottle","Oddly Smooth Stone","Bird Faced Urn"],"acts_visited":["Exordium"],"potions_floor_usage":[],"damage_taken":[{"damage":0,"enemies":"Cultist","floor":1,"turns":1},{"damage":0,"enemies":"Small Slimes","floor":5,"turns":1},{"damage":0,"enemies":"Gremlin Nob","floor":7,"turns":1},{"damage":3,"enemies":"3 Sentries","floor":13,"turns":2}],"seed_played":"7701933257070472151","potions_obtained":[{"floor":7,"key":"Dexterity Potion"}],"is_trial":false,"path_per_floor":["M","$","$","?","M","R","E","?","T","$","R","?","E"],"character_chosen":"THE_SILENT","items_purchased":["Catalyst"],"campfire_rested":0,"item_purchase_floors":[2],"current_hp_per_floor":[70,70,70,70,70,70,70,70,70,70,70,70,67,67],"gold":252,"neow_bonus":"THREE_ENEMY_KILL","is_daily":false,"chose_seed":false,"campfire_upgraded":1,"win_rate":0.0,"timestamp":1607633523,"path_taken":["M","?","$","?","?","R","E","?","T","?","R","?","E"],"build_version":"2020-11-30","purchased_purges":0,"victory":false,"max_hp_per_floor":[70,70,70,70,70,70,70,70,70,70,70,70,70,70],"relic_stats":{"counters":[4,5],"Bird Faced Urn":[0],"obtain_stats":[{"NeowsBlessing":0,"Bird Faced Urn":9,"Oddly Smooth Stone":7,"InkBottle":4,"Ring of the Snake":0},{"NeowsBlessing":0,"Bird Faced Urn":3,"Oddly Smooth Stone":3,"InkBottle":1,"Ring of the Snake":0},{"NeowsBlessing":0,"Bird Faced Urn":3,"Oddly Smooth Stone":3,"InkBottle":1,"Ring of the Snake":0}],"InkBottle":[0],"Ring of the Snake":[8]},"card_choices":[{"not_picked":["Blade Dance","Dagger Spray"],"picked":"Poisoned Stab","floor":1},{"not_picked":["Reflex","Caltrops"],"picked":"Heel Hook","floor":5},{"not_picked":["Tools of the Trade","Blade Dance"],"picked":"Envenom","floor":7}],"player_experience":256023,"relics_obtained":[{"floor":7,"key":"Oddly Smooth Stone"},{"floor":9,"key":"Bird Faced Urn"}],"event_choices":[{"cards_removed":["Poisoned Stab"],"damage_healed":0,"gold_gain":0,"player_choice":"Gave Card","damage_taken":0,"relics_obtained":["InkBottle"],"max_hp_gain":0,"max_hp_loss":0,"event_name":"WeMeetAgain","floor":4,"gold_loss":0},{"cards_removed":["Strike_G"],"damage_healed":0,"gold_gain":0,"player_choice":"Purged","damage_taken":0,"max_hp_gain":0,"max_hp_loss":0,"event_name":"Purifier","floor":8,"gold_loss":0},{"damage_healed":0,"gold_gain":175,"player_choice":"AGREE","damage_taken":0,"max_hp_gain":0,"max_hp_loss":0,"event_name":"Liars Game","floor":12,"gold_loss":0,"cards_obtained":["Doubt"]}],"is_beta":false,"boss_relics":[],"items_purged_floors":[],"is_endless":false,"potions_floor_spawned":[7],"killed_by":"3 Sentries","ascension_level":2}}