{"host":"bxn2em57qlx5u4i0","time":1607566368,"event":{"gold_per_floor":[112,126,74,87,0,34,69,98,98,98,130,164,200,228,228,309,309,324,324,91,91,130,171,171,196,251,269,269,269,302,351,351,427,427,442,460,484,498,73,73,73],"floor_reached":40,"playtime":1540,"items_purged":["Beam Cell"],"score":1237,"play_id":"6d6f09c7-3fd7-49c7-bb70-869196ecb8cd","local_time":"20201209211248","daily_mods":["SealedDeck","Heirloom","Flight","DeadlyEvents"],"is_ascension_mode":true,"campfire_choices":[{"data":"Fission","floor":10.0,"key":"SMITH"},{"data":"Defragment","floor":15.0,"key":"SMITH"},{"data":"Loop","floor":24.0,"key":"SMITH"},{"data":"Loop","floor":28.0,"key":"SMITH"},{"data":"Capacitor","floor":29.0,"key":"SMITH"},{"data":"Capacitor","floor":32.0,"key":"SMITH"}],"neow_cost":"","seed_source_timestamp":68099378477900,"circlet_count":0,"master_deck":["AscendersBane","Blizzard","Melter","Steam","Go for the Eyes","Cold Snap","Fusion","Conserve Battery","Conserve Battery","Coolheaded","Capacitor+1","Barrage","Loop+1","Defragment+1","Blizzard","Fission+1","Creative AI","Leap","Ball Lightning","Core Surge","Capacitor+1","Coolheaded","Loop+1","Panacea","Dark Shackles","Defragment"],"special_seed":0,"relics":["FrozenCore","Incense Burner","Ginger","Oddly Smooth Stone","StrikeDummy","Nunchaku","PreservedInsect","StoneCalendar","Shovel","CeramicFish","Strawberry","DataDisk","Eternal Feather","Potion Belt","Tiny Chest","Toy Ornithopter","Happy Flower","Philosopher\u0027s Stone","Runic Capacitor"],"potions_floor_usage":[40,40],"damage_taken":[{"damage":0.0,"enemies":"Cultist","floor":1.0,"turns":3.0},{"damage":0.0,"enemies":"2 Louse","floor":2.0,"turns":3.0},{"damage":9.0,"enemies":"Small Slimes","floor":4.0,"turns":3.0},{"damage":13.0,"enemies":"3 Sentries","floor":6.0,"turns":8.0},{"damage":4.0,"enemies":"Lagavulin","floor":7.0,"turns":6.0},{"damage":25.0,"enemies":"3 Sentries","floor":8.0,"turns":8.0},{"damage":0.0,"enemies":"Lagavulin","floor":11.0,"turns":6.0},{"damage":0.0,"enemies":"Gremlin Nob","floor":12.0,"turns":3.0},{"damage":2.0,"enemies":"3 Sentries","floor":13.0,"turns":7.0},{"damage":0.0,"enemies":"Red Slaver","floor":14.0,"turns":3.0},{"damage":5.0,"enemies":"Hexaghost","floor":16.0,"turns":9.0},{"damage":0.0,"enemies":"Chosen","floor":18.0,"turns":5.0},{"damage":13.0,"enemies":"Gremlin Leader","floor":22.0,"turns":8.0},{"damage":15.0,"enemies":"Slavers","floor":23.0,"turns":5.0},{"damage":6.0,"enemies":"Gremlin Leader","floor":25.0,"turns":7.0},{"damage":0.0,"enemies":"3 Byrds","floor":27.0,"turns":6.0},{"damage":8.0,"enemies":"Slavers","floor":30.0,"turns":6.0},{"damage":0.0,"enemies":"Automaton","floor":33.0,"turns":12.0},{"damage":24.0,"enemies":"3 Darklings","floor":35.0,"turns":7.0},{"damage":19.0,"enemies":"3 Shapes","floor":38.0,"turns":7.0},{"damage":40,"enemies":"Reptomancer","floor":40,"turns":3}],"seed_played":"-5398472414200340737","potions_obtained":[{"floor":4.0,"key":"LiquidMemories"},{"floor":6.0,"key":"SpeedPotion"},{"floor":8.0,"key":"ColorlessPotion"},{"floor":12.0,"key":"SkillPotion"},{"floor":13.0,"key":"EssenceOfSteel"},{"floor":21.0,"key":"FocusPotion"},{"floor":22.0,"key":"LiquidMemories"},{"floor":23.0,"key":"Dexterity Potion"},{"floor":27.0,"key":"SneckoOil"},{"floor":30.0,"key":"Dexterity Potion"}],"is_trial":true,"path_per_floor":["M","M","?","M","$","E","E","E","T","R","E","E","E","M","R","B",null,"M","?","$","?","E","E","R","E","T","M","R","R","E","T","R","B",null,"M","?","T","M","$","E"],"character_chosen":"DEFECT","items_purchased":["Loop","Capacitor","Strawberry","Runic Capacitor","Defragment","Dexterity Potion","Fire Potion"],"campfire_rested":0,"item_purchase_floors":[5,20,20,39,39,39,39],"current_hp_per_floor":[64,64,64,55,55,42,38,13,13,13,13,13,11,11,11,6,55,55,35,42,42,29,14,26,20,20,20,32,44,36,36,48,48,74,55,45,45,26,26,0,0],"gold":73,"neow_bonus":"","is_prod":false,"is_daily":false,"chose_seed":false,"campfire_upgraded":6,"win_rate":0,"timestamp":1607566368,"path_taken":["M","?","?","?","?","E","E","E","T","R","?","E","?","?","R","BOSS","M","?","$","?","?","E","R","?","T","?","R","R","E","?","R","BOSS","M","?","?","?","$","E"],"build_version":"2020-11-30","purchased_purges":1,"victory":false,"max_hp_per_floor":[71,71,71,71,71,71,71,71,71,71,71,71,71,71,71,71,71,71,76,83,83,83,83,83,83,83,83,83,83,83,83,83,83,83,83,83,83,83,83,83,83],"relic_stats":{"Happy Flower":[9],"counters":[21,125],"CeramicFish":81,"StoneCalendar":[225],"Eternal Feather":48,"PreservedInsect":321,"Ginger":[13],"FrozenCore":[40],"Nunchaku":[17],"Shovel":0,"Tiny Chest":1,"obtain_stats":[{"Potion Belt":25,"Happy Flower":31,"CeramicFish":13,"Oddly Smooth Stone":6,"StoneCalendar":11,"Eternal Feather":23,"PreservedInsect":9,"Incense Burner":0,"Runic Capacitor":39,"Ginger":3,"FrozenCore":17,"Nunchaku":8,"DataDisk":22,"Shovel":12,"Strawberry":20,"Tiny Chest":26,"Philosopher\u0027s Stone":34,"Cracked Core":0,"StrikeDummy":7,"Toy Ornithopter":30},{"Potion Belt":15,"Happy Flower":17,"CeramicFish":9,"Oddly Smooth Stone":4,"StoneCalendar":7,"Eternal Feather":14,"PreservedInsect":6,"Incense Burner":0,"Runic Capacitor":20,"Ginger":2,"FrozenCore":11,"Nunchaku":6,"DataDisk":13,"Shovel":8,"Strawberry":12,"Tiny Chest":15,"Philosopher\u0027s Stone":18,"Cracked Core":0,"StrikeDummy":5,"Toy Ornithopter":17},{"Potion Belt":84,"Happy Flower":96,"CeramicFish":47,"Oddly Smooth Stone":17,"StoneCalendar":37,"Eternal Feather":77,"PreservedInsect":31,"Incense Burner":0,"Runic Capacitor":122,"Ginger":6,"FrozenCore":59,"Nunchaku":31,"DataDisk":72,"Shovel":40,"Strawberry":64,"Tiny Chest":84,"Philosopher\u0027s Stone":108,"Cracked Core":0,"StrikeDummy":23,"Toy Ornithopter":96}],"Toy Ornithopter":15},"card_choices":[{"not_picked":["Streamline","Go for the Eyes"],"picked":"Capacitor","floor":1.0},{"not_picked":["Turbo","Steam"],"picked":"Barrage","floor":2.0},{"not_picked":["Steam","Heatsinks","Chaos"],"picked":"SKIP","floor":4.0},{"not_picked":["Gash","Cold Snap"],"picked":"Defragment","floor":6.0},{"not_picked":["Hologram","Gash"],"picked":"Blizzard","floor":7.0},{"not_picked":["Barrage","Skim"],"picked":"Fission","floor":8.0},{"not_picked":["Gash","Streamline","Storm"],"picked":"SKIP","floor":11.0},{"not_picked":["Hologram","Recycle"],"picked":"Creative AI","floor":12.0},{"not_picked":["Turbo","Reinforced Body"],"picked":"Leap","floor":13.0},{"not_picked":["Ball Lightning","Turbo","Aggregate"],"picked":"SKIP","floor":14.0},{"not_picked":["Turbo","Aggregate"],"picked":"Ball Lightning","floor":14.0},{"not_picked":["Rainbow","All For One"],"picked":"Core Surge","floor":16.0},{"not_picked":["Streamline","Static Discharge","Hologram"],"picked":"SKIP","floor":18.0},{"not_picked":["Hologram","Leap"],"picked":"Coolheaded","floor":22.0},{"not_picked":["Compile Driver","Self Repair"],"picked":"Loop","floor":23.0},{"not_picked":["Compile Driver","FTL","Rebound"],"picked":"SKIP","floor":25.0},{"not_picked":["Go for the Eyes","Doom and Gloom","Rip and Tear"],"picked":"SKIP","floor":27.0},{"not_picked":["Aggregate","Cold Snap","Reprogram"],"picked":"SKIP","floor":30.0},{"not_picked":["Sweeping Beam","Steam Power","White Noise"],"picked":"SKIP","floor":35.0},{"not_picked":["Impatience","Madness"],"picked":"Panacea","floor":36.0},{"not_picked":["Jack Of All Trades","The Bomb"],"picked":"Dark Shackles","floor":36.0},{"not_picked":["Cold Snap","Genetic Algorithm","Sweeping Beam"],"picked":"SKIP","floor":38.0}],"player_experience":2773515,"relics_obtained":[{"floor":6.0,"key":"Oddly Smooth Stone"},{"floor":7.0,"key":"StrikeDummy"},{"floor":8.0,"key":"Nunchaku"},{"floor":9.0,"key":"PreservedInsect"},{"floor":11.0,"key":"StoneCalendar"},{"floor":12.0,"key":"Shovel"},{"floor":13.0,"key":"CeramicFish"},{"floor":22.0,"key":"DataDisk"},{"floor":23.0,"key":"Eternal Feather"},{"floor":25.0,"key":"Potion Belt"},{"floor":26.0,"key":"Tiny Chest"},{"floor":30.0,"key":"Toy Ornithopter"},{"floor":31.0,"key":"Happy Flower"}],"event_choices":[{"damage_healed":0.0,"max_hp_gain":0.0,"max_hp_loss":0.0,"gold_gain":0.0,"event_name":"WeMeetAgain","player_choice":"Paid Gold","floor":3.0,"gold_loss":52.0,"damage_taken":0.0,"relics_obtained":["Ginger"]},{"damage_healed":0.0,"max_hp_gain":5.0,"max_hp_loss":0.0,"gold_gain":0.0,"event_name":"Forgotten Altar","player_choice":"Shed Blood","floor":19.0,"gold_loss":0.0,"damage_taken":25.0},{"damage_healed":0.0,"max_hp_gain":0.0,"max_hp_loss":0.0,"gold_gain":0.0,"event_name":"Lab","player_choice":"Got Potions","floor":21.0,"gold_loss":0.0,"damage_taken":0.0},{"damage_healed":0.0,"max_hp_gain":0.0,"max_hp_loss":0.0,"gold_gain":0.0,"event_name":"SensoryStone","player_choice":"Memory 3","floor":36.0,"gold_loss":0.0,"damage_taken":10.0}],"is_beta":false,"boss_relics":[{"not_picked":["Fusion Hammer","SlaversCollar"],"picked":"FrozenCore"},{"not_picked":["Runic Dome","Snecko Eye"],"picked":"Philosopher\u0027s Stone"}],"items_purged_floors":[39],"is_endless":false,"potions_floor_spawned":[4,6,8,12,13,14,22,23,27,30],"killed_by":"Reptomancer","ascension_level":20}}