{"host":"fa551bsfffjaq3gx","time":1607558966,"event":{"gold_per_floor":[113,132,132,132,170,170,223,223,250,80,117,171,17,57,57,184,184,222,222,222,263,304,304,338,19,19,52,52,112,112,129,129,254,254,290,302,302,352,57,57,57,57,57,101,101,139,193,205,205,230,230,230,9,68,68,68],"floor_reached":55,"playtime":8445,"items_purged":["PrismaMod:MiyuCheapChannelRandom"],"score":851,"play_id":"897ffac4-6414-48cf-84f4-da99c12194ee","local_time":"20201209190926","is_ascension_mode":true,"campfire_choices":[{"data":"PrismaMod:MiyuCheapStrBuff","floor":6.0,"key":"SMITH"},{"data":"PrismaMod:MiyuCheapDexBuff","floor":8.0,"key":"SMITH"},{"data":"PrismaMod:MiyuOrbIncreasePerm","floor":15.0,"key":"SMITH"},{"floor":23,"key":"REST"},{"data":"PrismaMod:MiyuCheapStrBuff","floor":30,"key":"SMITH"},{"data":"PrismaMod:MiyuUncommonDexBuff","floor":32,"key":"SMITH"},{"floor":40,"key":"RECALL"},{"data":"PrismaMod:MiyuUncommonDexBuff","floor":42,"key":"SMITH"},{"data":"PrismaMod:MiyuCheapDexBuff","floor":45,"key":"SMITH"},{"floor":49,"key":"REST"},{"data":"PrismaMod:MiyuDefendChannelDefend","floor":52,"key":"SMITH"}],"neow_cost":"NONE","seed_source_timestamp":0,"circlet_count":0,"master_deck":["PrismaMod:MiyuCommonDefend+1","PrismaMod:MiyuCommonDefend+1","PrismaMod:MiyuCommonDefend+1","PrismaMod:MiyuCommonDefend+1","PrismaMod:MiyuCommonDefend+1","PrismaMod:MiyuCommonAttack+1","PrismaMod:MiyuCommonAttack+1","PrismaMod:MiyuCommonAttack+1","PrismaMod:MiyuCommonAttack+1","PrismaMod:MiyuCommonAttack+1","PrismaMod:MiyuCheapChannelAttack","PrismaMod:MiyuCheapChannelDefend+1","PrismaMod:MiyuMaid","PrismaMod:MiyuEvokeBuffStr","theWildCard:Arsene","TheRailgun:Stun_Shock+1","PrismaMod:MiyuCheapStrBuff+1","PrismaMod:MiyuCheapDexBuff+1","PrismaMod:MiyuCarnivalAttack","PrismaMod:MiyuUncommonDexBuff+1","PrismaMod:MiyuUberDefend","PrismaMod:MiyuOrbIncreasePerm+1","PrismaMod:MiyuDefendChannelDefend+1","PrismaMod:MiyuEvokeAllAttack","PrismaMod:MiyuAttackChannelWeak","PrismaMod:MiyuUncommonAOEAttack","PrismaMod:MiyuUncommonPlate+1","PrismaMod:MiyuUncommonDexBuff+1","PrismaMod:MiyuCheapChannelVul","PrismaMod:MiyuCheapStrBuff+1","PrismaMod:MiyuCheapChannelWeak","PrismaMod:MiyuCommonAOEAttack","PrismaMod:MiyuEvokeCheapAttack","PrismaMod:MiyuUberAOEAttack","PrismaMod:MiyuCarnivalDefend","PrismaMod:MiyuCarnivalAttack","PrismaMod:MiyuUberAttack+1","PrismaMod:MiyuUberAttack+1","PrismaMod:MiyuCheapDexBuff+1","Parasite","PrismaMod:MiyuCheapDexBuff+1","PrismaMod:MiyuCheapDefend1","PrismaMod:MiyuBride","PrismaMod:MiyuCarnivalAttack+1","PrismaMod:MiyuChristmas+1"],"special_seed":0,"relics":["PrismaMod:PrismaSapphireUpgrade","Lantern","Bromod:ArcaneMomentum","relicPack:DarknessArmor","Bag of Marbles","Bromod:ArcaneGrace","alterego_mod:SomeoneToFightFor","Gremlin Horn","Membership Card","Darkstone Periapt","Bromod:ArcanePulse","Orichalcum","relicPack:OneForAll","Regal Pillow","TungstenRod","Blood Vial","Anchor","Lee\u0027s Waffle","Bronze Scales","Happy Flower","FossilizedHelix","Oddly Smooth Stone"],"potions_floor_usage":[27,33,46,47,48],"damage_taken":[{"damage":0.0,"enemies":"Small Slimes","floor":1.0,"turns":3.0},{"damage":6.0,"enemies":"2 Louse","floor":2.0,"turns":2.0},{"damage":4.0,"enemies":"Cultist","floor":5.0,"turns":5.0},{"damage":4.0,"enemies":"Lagavulin","floor":7.0,"turns":7.0},{"damage":0.0,"enemies":"Blue Slaver","floor":11.0,"turns":4.0},{"damage":0.0,"enemies":"3 Sentries","floor":12.0,"turns":8.0},{"damage":0.0,"enemies":"2 Fungi Beasts","floor":14.0,"turns":3.0},{"damage":26.0,"enemies":"Hexaghost","floor":16.0,"turns":9.0},{"damage":7,"enemies":"3 Byrds","floor":18,"turns":8},{"damage":0,"enemies":"Chosen","floor":21,"turns":4},{"damage":22,"enemies":"3 Cultists","floor":22,"turns":7},{"damage":1,"enemies":"theDuelist:KaibaA2","floor":24,"turns":6},{"damage":27,"enemies":"Slavers","floor":27,"turns":5},{"damage":0,"enemies":"Book of Stabbing","floor":29,"turns":8},{"damage":12,"enemies":"Snecko","floor":31,"turns":5},{"damage":28,"enemies":"Collector","floor":33,"turns":10},{"damage":16,"enemies":"3 Darklings","floor":35,"turns":7},{"damage":8,"enemies":"Orb Walker","floor":36,"turns":5},{"damage":30,"enemies":"Mind Bloom Boss Battle","floor":38,"turns":6},{"damage":5,"enemies":"Writhing Mass","floor":44,"turns":8},{"damage":0,"enemies":"Transient","floor":46,"turns":5},{"damage":13,"enemies":"Nemesis","floor":47,"turns":11},{"damage":20,"enemies":"4 Shapes","floor":48,"turns":5},{"damage":67,"enemies":"Time Eater","floor":50,"turns":34},{"damage":45,"enemies":"Shield and Spear","floor":54,"turns":8},{"damage":192,"enemies":"The Heart","floor":55,"turns":14}],"seed_played":"1755036578752402319","potions_obtained":[{"floor":2.0,"key":"Explosive Potion"},{"floor":11.0,"key":"Regen Potion"},{"floor":14.0,"key":"Dexterity Potion"},{"floor":16.0,"key":"EssenceOfSteel"},{"floor":21,"key":"Fire Potion"},{"floor":36,"key":"Energy Potion"},{"floor":38,"key":"DeathKnight:RimePotion"},{"floor":48,"key":"SmokeBomb"}],"is_trial":false,"path_per_floor":["M","M","?","?","M","R","E","R","T","$","M","E","$","M","R","B",null,"M","?","?","M","M","R","E","$","T","E","?","E","R","M","R","B",null,"M","M","?","?","$","R","?","R","T","M","R","M","E","M","R","B",null,"R","$","E","B"],"character_chosen":"MIYU","items_purchased":["PrismaMod:MiyuCarnivalAttack","PrismaMod:MiyuUncommonDexBuff","PrismaMod:MiyuUberDefend","Bag of Marbles","Membership Card","Darkstone Periapt","PrismaMod:MiyuCheapStrBuff","PrismaMod:MiyuCheapChannelWeak","Blood Vial","Anchor","PrismaMod:MiyuCheapDexBuff","Lee\u0027s Waffle","Happy Flower","FossilizedHelix"],"campfire_rested":2,"item_purchase_floors":[10,10,10,13,25,25,25,25,39,39,39,39,53,53],"current_hp_per_floor":[75,69,69,69,65,65,61,61,61,61,61,75,75,75,75,49,75,75,75,75,75,56,75,75,75,75,56,56,64,64,62,62,40,75,75,75,75,60,82,82,78,78,78,84,84,84,73,68,84,46,84,84,84,62,0,0],"gold":68,"neow_bonus":"UPGRADE_CARD","is_prod":false,"is_daily":false,"chose_seed":false,"campfire_upgraded":8,"win_rate":1,"timestamp":1607558966,"path_taken":["M","M","?","?","M","R","E","R","T","$","?","E","$","M","R","BOSS","M","?","?","M","M","R","E","$","T","E","?","E","R","M","R","BOSS","M","M","?","?","$","R","?","R","T","?","R","M","E","M","R","BOSS","R","$","E","BOSS"],"build_version":"2020-11-30","purchased_purges":1,"victory":false,"max_hp_per_floor":[75,75,75,75,75,75,75,75,75,75,75,75,75,75,75,75,75,75,75,75,75,75,75,75,75,75,75,75,75,75,75,75,75,75,75,75,75,75,82,82,78,78,78,84,84,84,84,84,84,84,84,84,84,84,84,84],"card_choices":[{"not_picked":["PrismaMod:MiyuEvokeBuffStr","PrismaMod:MiyuAttackChannelWeak"],"picked":"PrismaMod:MiyuMaid","floor":1.0},{"not_picked":["PrismaMod:MiyuCheapEvoke","PrismaMod:MiyuMaid"],"picked":"PrismaMod:MiyuEvokeBuffStr","floor":2.0},{"not_picked":["PrismaMod:MiyuEvokeBuffDex","PrismaMod:MiyuAttackChannelVul"],"picked":"PrismaMod:MiyuCheapStrBuff","floor":5.0},{"not_picked":["PrismaMod:MiyuEvokeBuffStr","PrismaMod:MiyuAttackChannelAttack"],"picked":"PrismaMod:MiyuCheapDexBuff","floor":7.0},{"not_picked":["PrismaMod:MiyuEvokeBuffDex","PrismaMod:MiyuEvokeCheapAttack"],"picked":"PrismaMod:MiyuOrbIncreasePerm","floor":11.0},{"not_picked":["PrismaMod:MiyuUncommonPlate","PrismaMod:MiyuCommonAOEAttack"],"picked":"PrismaMod:MiyuCheapChannelRandom","floor":12.0},{"not_picked":["PrismaMod:MiyuAttackChannelWeak","PrismaMod:MiyuCarnivalAttack"],"picked":"PrismaMod:MiyuDefendChannelDefend","floor":14.0},{"not_picked":["PrismaMod:MiyuEvokeAllDefend","PrismaMod:MiyuBride"],"picked":"PrismaMod:MiyuEvokeAllAttack","floor":16.0},{"not_picked":["PrismaMod:MiyuCheapChannelVul","PrismaMod:MiyuDefenseExplosion+1"],"picked":"PrismaMod:MiyuUncommonAOEAttack","floor":18},{"not_picked":["PrismaMod:MiyuCheapChannelAttack","PrismaMod:MiyuUncommonAttack"],"picked":"PrismaMod:MiyuUncommonPlate+1","floor":21},{"not_picked":["PrismaMod:MiyuUncommonDefend","PrismaMod:MiyuDevil"],"picked":"PrismaMod:MiyuUncommonDexBuff","floor":22},{"not_picked":["PrismaMod:MiyuCheapAttack2","PrismaMod:MiyuEvokeBuffDex"],"picked":"PrismaMod:MiyuCheapChannelVul","floor":24},{"not_picked":["PrismaMod:MiyuCheapAttack2","PrismaMod:MiyuUncommonDexBuff"],"picked":"PrismaMod:MiyuCommonAOEAttack","floor":27},{"not_picked":["PrismaMod:MiyuEvokeBuffStr","PrismaMod:MiyuMaid"],"picked":"PrismaMod:MiyuEvokeCheapAttack","floor":29},{"not_picked":["PrismaMod:MiyuUncommonDexBuff","PrismaMod:MiyuCheapStrBuff+1"],"picked":"PrismaMod:MiyuUberAOEAttack","floor":31},{"not_picked":["PrismaMod:MiyuEvokeAllAttack","PrismaMod:MiyuEvokeAllDefend"],"picked":"PrismaMod:MiyuCarnivalDefend","floor":33},{"not_picked":["PrismaMod:MiyuDefenseRemoval+1","PrismaMod:MiyuOrbIncreasePerm+1"],"picked":"PrismaMod:MiyuUberAttack+1","floor":35},{"not_picked":["PrismaMod:MiyuCarnivalAttack+1","PrismaMod:MiyuUberAOEAttack"],"picked":"PrismaMod:MiyuUberAttack+1","floor":36},{"not_picked":["PrismaMod:MiyuCarnivalAttack","PrismaMod:MiyuUberAOEAttack"],"picked":"PrismaMod:MiyuCheapDexBuff+1","floor":44},{"not_picked":["PrismaMod:MiyuEvokeBuffStr","PrismaMod:MiyuAttackChannelWeak+1"],"picked":"PrismaMod:MiyuCheapDefend1","floor":46},{"not_picked":["PrismaMod:MiyuEvokeAllAttack","PrismaMod:MiyuCheapDexBuff"],"picked":"PrismaMod:MiyuBride","floor":47},{"not_picked":["PrismaMod:MiyuEvokeCheapAttack+1","PrismaMod:MiyuMaid"],"picked":"PrismaMod:MiyuCarnivalAttack+1","floor":48},{"not_picked":["PrismaMod:MiyuDevil+1","PrismaMod:MiyuUncommonDexBuff"],"picked":"PrismaMod:MiyuChristmas+1","floor":54}],"player_experience":296713,"relics_obtained":[{"floor":7.0,"key":"Lantern"},{"floor":9.0,"key":"Bromod:ArcaneMomentum"},{"floor":12.0,"key":"relicPack:DarknessArmor"},{"floor":24,"key":"Gremlin Horn"},{"floor":26,"key":"Bromod:ArcanePulse"},{"floor":27,"key":"Orichalcum"},{"floor":29,"key":"Regal Pillow"},{"floor":38,"key":"TungstenRod"},{"floor":47,"key":"Bronze Scales"},{"floor":54,"key":"Oddly Smooth Stone"}],"event_choices":[{"cards_removed":["theWildCard:Arsene"],"damage_healed":0.0,"max_hp_gain":0.0,"max_hp_loss":0.0,"gold_gain":0.0,"event_name":"betterNote:BetterNote","player_choice":"Take \u0026 Give","floor":4.0,"gold_loss":0.0,"damage_taken":0.0,"cards_obtained":["TheRailgun:Stun_Shock"]},{"damage_healed":0,"gold_gain":0,"player_choice":"Simplicity","damage_taken":0,"max_hp_gain":0,"max_hp_loss":0,"event_name":"Back to Basics","floor":19,"gold_loss":0,"cards_upgraded":["PrismaMod:MiyuCommonDefend","PrismaMod:MiyuCommonDefend","PrismaMod:MiyuCommonDefend","PrismaMod:MiyuCommonDefend","PrismaMod:MiyuCommonDefend","PrismaMod:MiyuCommonAttack","PrismaMod:MiyuCommonAttack","PrismaMod:MiyuCommonAttack","PrismaMod:MiyuCommonAttack","PrismaMod:MiyuCommonAttack"]},{"damage_healed":0,"gold_gain":0,"player_choice":"Choice 2","damage_taken":0,"relics_obtained":["alterego_mod:SomeoneToFightFor"],"max_hp_gain":0,"max_hp_loss":0,"event_name":"Secret Garden","floor":20,"gold_loss":0},{"damage_healed":0,"gold_gain":0,"player_choice":"Fight","damage_taken":0,"max_hp_gain":0,"max_hp_loss":0,"event_name":"MindBloom","floor":38,"gold_loss":0},{"damage_healed":0,"gold_gain":0,"player_choice":"Max HP","damage_taken":0,"max_hp_gain":0,"max_hp_loss":4,"event_name":"Winding Halls","floor":41,"gold_loss":0}],"is_beta":false,"boss_relics":[{"not_picked":["Bromod:ArcaneEnergize","Busted Crown"],"picked":"Bromod:ArcaneGrace"},{"not_picked":["relicPack:KazumaCape","Velvet Choker"],"picked":"PrismaMod:PrismaSapphireUpgrade"}],"items_purged_floors":[39],"is_endless":false,"potions_floor_spawned":[2,11,14,16,21,22,36,38,48],"killed_by":"The Heart","ascension_level":1}}