{"host":"yfjdi361m7pxsbqz","time":1607588783,"event":{"gold_per_floor":[112,129,147,166,136,136,146,146,146,160,160,11,29,29,29,29,29],"floor_reached":16,"playtime":596,"items_purged":["Defend_R"],"score":188,"play_id":"e4ced492-2491-4804-842c-de8187f83753","local_time":"20201210172623","is_ascension_mode":true,"campfire_choices":[{"data":"True Grit","floor":6.0,"key":"SMITH"},{"data":"Wild Strike","floor":8.0,"key":"SMITH"},{"data":"Bash","floor":11.0,"key":"SMITH"},{"data":"Flame Barrier","floor":15.0,"key":"SMITH"}],"neow_cost":"PERCENT_DAMAGE","seed_source_timestamp":325211792215300,"circlet_count":0,"master_deck":["AscendersBane","Strike_R","Strike_R","Strike_R","Strike_R","Defend_R","Defend_R","Bash+1","Wild Strike+1","Shrug It Off","True Grit+1","Flame Barrier+1","Shrug It Off","Second Wind"],"special_seed":0,"relics":["Burning Blood","WingedGreaves","InkBottle"],"potions_floor_usage":[16,16],"damage_taken":[{"damage":16.0,"enemies":"Small Slimes","floor":1.0,"turns":5.0},{"damage":1.0,"enemies":"Cultist","floor":2.0,"turns":3.0},{"damage":6.0,"enemies":"Jaw Worm","floor":3.0,"turns":4.0},{"damage":8.0,"enemies":"Exordium Wildlife","floor":4.0,"turns":5.0},{"damage":2.0,"enemies":"2 Fungi Beasts","floor":7.0,"turns":4.0},{"damage":22.0,"enemies":"Exordium Thugs","floor":10.0,"turns":7.0},{"damage":4.0,"enemies":"Lots of Slimes","floor":13.0,"turns":7.0},{"damage":58,"enemies":"Slime Boss","floor":16,"turns":13}],"seed_played":"5252572687152495488","potions_obtained":[{"floor":1.0,"key":"Ancient Potion"},{"floor":5.0,"key":"Regen Potion"},{"floor":10.0,"key":"EssenceOfSteel"},{"floor":13.0,"key":"SpeedPotion"}],"is_trial":false,"path_per_floor":["M","M","M","M","?","R","M","R","T","M","R","$","M","T","R","B"],"character_chosen":"IRONCLAD","items_purchased":["Second Wind"],"campfire_rested":0,"item_purchase_floors":[12],"current_hp_per_floor":[40,45,45,43,43,43,47,47,47,46,46,46,48,48,48,0,0],"gold":29,"neow_bonus":"REMOVE_TWO","is_prod":false,"is_daily":false,"chose_seed":false,"campfire_upgraded":4,"win_rate":0,"timestamp":1607588783,"path_taken":["M","M","M","M","?","R","?","R","T","M","R","$","?","?","R","BOSS"],"build_version":"2020-11-30","purchased_purges":1,"victory":false,"max_hp_per_floor":[75,75,75,75,75,75,75,75,75,75,75,75,75,75,75,75,75],"card_choices":[{"not_picked":["Dual Wield","Twin Strike"],"picked":"Wild Strike","floor":1.0},{"not_picked":["Body Slam","Warcry"],"picked":"Shrug It Off","floor":2.0},{"not_picked":["Heavy Blade","Metallicize"],"picked":"True Grit","floor":3.0},{"not_picked":["Warcry","Wild Strike"],"picked":"Flame Barrier","floor":4.0},{"not_picked":["Dual Wield","Warcry"],"picked":"Shrug It Off","floor":7.0},{"not_picked":["Heavy Blade","Exhume","Clash"],"picked":"SKIP","floor":10.0},{"not_picked":["Flex","True Grit","Ghostly Armor"],"picked":"SKIP","floor":13.0}],"player_experience":1119074,"relics_obtained":[{"floor":9.0,"key":"WingedGreaves"},{"floor":14.0,"key":"InkBottle"}],"event_choices":[{"damage_healed":0.0,"max_hp_gain":0.0,"max_hp_loss":0.0,"gold_gain":0.0,"event_name":"The Woman in Blue","player_choice":"Bought 2 Potions","floor":5.0,"gold_loss":0.0,"damage_taken":0.0}],"is_beta":false,"boss_relics":[],"items_purged_floors":[12],"is_endless":false,"potions_floor_spawned":[1,10,13],"killed_by":"Slime Boss","ascension_level":20}}