{"host":"wbohk4batowjmcix","time":1607641226,"event":{"mods":["BaseMod","BetterRewards","StSLib","Card Forge","GifTheSpireLib","Shop Mod","Minty Spire (QoL Compilation)","Uncapped","Shade Mod","The Necromancer","The Cursed","The Runesmith","Act Like it!","Hallownest"],"gold_per_floor":[3119,2428,2441,2452,2469,2500,2515,2541,2541,2506,2530,2550,2550,2584,2584,2681,2731,2746,2671,2698,2698,2698,2698,2041,2069,2069,2087,1475,1505,1518,1076,1076,1178,1178,1194,1213,1264,1276,742,742,767,767,767,797,307,342,342,215,215,215,215,215,6,32,32],"floor_reached":56,"playtime":1704,"items_purged":[],"score":2243,"play_id":"0dd25585-cb85-4648-8a45-223a42a01fc7","local_time":"20201210170026","is_ascension_mode":true,"campfire_choices":[{"floor":13,"key":"RECALL"},{"data":"Seeing Red","floor":15,"key":"SMITH"},{"data":"Seeing Red","floor":23,"key":"SMITH"},{"data":"Barricade","floor":32,"key":"SMITH"},{"data":"Entrench","floor":40,"key":"SMITH"},{"floor":42,"key":"REST"},{"floor":49,"key":"REST"},{"floor":52,"key":"REST"}],"circlet_count":0,"master_deck":["Barricade+1","Body Slam+1","Entrench+1","Impervious+1","Seeing Red+1","Seeing Red+1","Seeing Red+1"],"relics":["Burning Blood","Hammer of Thor","Seething Fire","Anvil of the Gods","Unceasing Top","Singing Bowl","Ice Cream","PreservedInsect","MerchantsRug","HandDrill","Tiny Chest","Whetstone","Gremlin Horn","Tiny House","Ancient Tea Set","Pear","Eternal Feather","Bottled Flame","Bottled Tornado","Happy Flower","Bird Faced Urn","DollysMirror","Boot","Strawberry","Nunchaku","SlaversCollar","Blood Vial","Pen Nib","Medical Kit","StoneCalendar","TungstenRod","TheAbacus","Pantograph"],"acts_visited":["Exordium","TheCity","TheBeyond","TheEnding"],"potions_floor_usage":[55],"damage_taken":[{"damage":0,"enemies":"Jaw Worm","floor":1,"turns":3},{"damage":8,"enemies":"2 Louse","floor":3,"turns":4},{"damage":3,"enemies":"Small Slimes","floor":4,"turns":4},{"damage":6,"enemies":"2 Fungi Beasts","floor":5,"turns":5},{"damage":0,"enemies":"Gremlin Nob","floor":6,"turns":4},{"damage":21,"enemies":"3 Louse","floor":7,"turns":5},{"damage":0,"enemies":"Lagavulin","floor":8,"turns":3},{"damage":8,"enemies":"Blue Slaver","floor":12,"turns":3},{"damage":0,"enemies":"Gremlin Nob","floor":14,"turns":3},{"damage":0,"enemies":"Hexaghost","floor":16,"turns":6},{"damage":0,"enemies":"Spheric Guardian","floor":18,"turns":2},{"damage":0,"enemies":"Slavers","floor":25,"turns":1},{"damage":0,"enemies":"Chosen","floor":27,"turns":2},{"damage":0,"enemies":"Gremlin Leader","floor":29,"turns":2},{"damage":0,"enemies":"Centurion and Healer","floor":30,"turns":1},{"damage":0,"enemies":"Champ","floor":33,"turns":1},{"damage":0,"enemies":"Orb Walker","floor":35,"turns":1},{"damage":0,"enemies":"3 Shapes","floor":36,"turns":1},{"damage":0,"enemies":"Writhing Mass","floor":38,"turns":1},{"damage":0,"enemies":"Giant Head","floor":41,"turns":1},{"damage":0,"enemies":"Reptomancer","floor":44,"turns":1},{"damage":0,"enemies":"Nemesis","floor":46,"turns":1},{"damage":0,"enemies":"Donu and Deca","floor":50,"turns":1},{"damage":0,"enemies":"Shield and Spear","floor":54,"turns":1},{"damage":0,"enemies":"The Heart","floor":55,"turns":3}],"seed_played":"-5557817157111019159","potions_obtained":[{"floor":0,"key":"PowerPotion"},{"floor":0,"key":"Weak Potion"},{"floor":0,"key":"AttackPotion"},{"floor":5,"key":"Explosive Potion"},{"floor":6,"key":"Block Potion"},{"floor":17,"key":"Fire Potion"}],"is_trial":false,"path_per_floor":["M","$","M","M","M","E","M","E","T","?","T","M","R","E","R","B",null,"M","?","T","?","?","R","$","E","T","M","$","E","M","$","R","B",null,"M","M","T","M","$","R","E","R","T","E","$","E","?","?","R","B",null,"R","$","E","B",null],"character_chosen":"IRONCLAD","items_purchased":["PreservedInsect","MerchantsRug","HandDrill","Molten Egg 2","Pear","OrangePellets","Eternal Feather","Happy Flower","Bird Faced Urn","DollysMirror","Strawberry","Nunchaku","PrismaticShard","Blood Vial","Mercury Hourglass","Chemical X","Regal Pillow","Pen Nib","Medical Kit","Body Slam+1","TungstenRod","TheAbacus"],"campfire_rested":3,"item_purchase_floors":[2,2,2,2,24,24,24,28,28,28,31,31,31,39,39,39,45,45,45,45,53,53],"current_hp_per_floor":[82,82,82,86,88,90,77,85,85,94,94,94,94,98,98,100,105,107,107,107,107,107,107,117,119,119,121,121,123,125,132,132,134,134,136,138,138,140,140,140,142,142,142,144,144,146,146,146,146,146,146,146,146,148,148],"gold":32,"neow_bonus":"THREE_SMALL_POTIONS","is_daily":false,"chose_seed":false,"campfire_upgraded":4,"win_rate":0,"timestamp":1607641226,"path_taken":["M","$","M","M","M","E","M","E","T","?","?","M","R","E","R","BOSS","M","?","?","?","?","R","?","E","T","M","$","E","M","$","R","BOSS","M","M","?","M","$","R","E","R","T","E","$","E","?","?","R","BOSS","R","$","E","BOSS"],"build_version":"2020-11-30","purchased_purges":0,"victory":true,"max_hp_per_floor":[82,82,84,86,88,90,92,94,94,94,94,96,96,98,98,100,105,107,107,107,107,107,107,117,119,119,121,121,123,125,132,132,134,134,136,138,138,140,140,140,142,142,142,144,144,146,146,146,146,146,146,146,146,148,148],"card_choices":[{"not_picked":["Headbutt","Clash","Cleave"],"picked":"Singing Bowl","floor":1},{"not_picked":["Perfected Strike+1","Cleave+1","True Grit"],"picked":"Singing Bowl","floor":3},{"not_picked":["Sentinel","Armaments","Flex"],"picked":"Singing Bowl","floor":4},{"not_picked":["Clash+1","Sword Boomerang+1","Clothesline+1"],"picked":"Singing Bowl","floor":5},{"not_picked":["Anger+1","Armaments","Flex"],"picked":"Singing Bowl","floor":6},{"not_picked":["Perfected Strike+1","Headbutt+1","Flex"],"picked":"Singing Bowl","floor":7},{"not_picked":["Warcry","Bludgeon+1","Pummel+1"],"picked":"Singing Bowl","floor":8},{"not_picked":["Pummel+1","Anger+1","Iron Wave+1"],"picked":"Singing Bowl","floor":12},{"not_picked":["Havoc","Pommel Strike+1","Sword Boomerang+1"],"picked":"Singing Bowl","floor":14},{"not_picked":["Brutality","Impervious","Bludgeon+1"],"picked":"Singing Bowl","floor":16},{"not_picked":["Body Slam+1","Dual Wield"],"picked":"Seeing Red","floor":17},{"not_picked":["Wild Strike+1","Anger+1","Sword Boomerang+1"],"picked":"Singing Bowl","floor":18},{"not_picked":["Flex","Battle Trance","Rupture"],"picked":"Singing Bowl","floor":25},{"not_picked":["Perfected Strike+1","Searing Blow+1","Offering"],"picked":"Singing Bowl","floor":27},{"not_picked":["Headbutt+1","Havoc+1","Iron Wave+1"],"picked":"Singing Bowl","floor":29},{"not_picked":["Battle Trance","Twin Strike+1","Cleave+1"],"picked":"Singing Bowl","floor":30},{"not_picked":["Bullet Time","Runesmith:FissionHammer+1","ConjureBlade"],"picked":"Singing Bowl","floor":33},{"not_picked":["Headbutt+1","Pummel+1","Metallicize+1"],"picked":"Singing Bowl","floor":35},{"not_picked":["Power Through+1","Clothesline+1","True Grit+1"],"picked":"Singing Bowl","floor":36},{"not_picked":["Pommel Strike+1","Warcry+1","Whirlwind+1"],"picked":"Singing Bowl","floor":38},{"not_picked":["Bludgeon+1","Headbutt+1","Cleave+1"],"picked":"Singing Bowl","floor":41},{"not_picked":["Twin Strike+1","Rampage+1","Infernal Blade"],"picked":"Singing Bowl","floor":44},{"not_picked":["Headbutt+1","Burning Pact+1","Shrug It Off"],"picked":"Singing Bowl","floor":46},{"not_picked":["Impervious","Dual Wield","Wild Strike+1"],"picked":"Singing Bowl","floor":54}],"player_experience":382060,"relics_obtained":[{"floor":6,"key":"Tiny Chest"},{"floor":11,"key":"Whetstone"},{"floor":14,"key":"Gremlin Horn"},{"floor":20,"key":"Ancient Tea Set"},{"floor":25,"key":"Bottled Flame"},{"floor":26,"key":"Bottled Tornado"},{"floor":29,"key":"Boot"},{"floor":37,"key":"Potion Belt"},{"floor":41,"key":"War Paint"},{"floor":54,"key":"Pantograph"}],"event_choices":[{"damage_healed":23,"gold_gain":0,"player_choice":"Healed","damage_taken":0,"max_hp_gain":0,"max_hp_loss":0,"event_name":"The Cleric","floor":10,"gold_loss":35},{"cards_removed":["Seeing Red"],"damage_healed":0,"gold_gain":0,"player_choice":"Gave Gold","damage_taken":0,"max_hp_gain":0,"max_hp_loss":0,"event_name":"Beggar","floor":19,"gold_loss":75},{"damage_healed":0,"gold_gain":0,"player_choice":"Simplicity","damage_taken":0,"max_hp_gain":0,"max_hp_loss":0,"event_name":"Back to Basics","floor":21,"gold_loss":0,"cards_upgraded":[]},{"damage_healed":0,"gold_gain":0,"player_choice":"Ignored","damage_taken":0,"max_hp_gain":0,"max_hp_loss":0,"event_name":"Cursed Tome","floor":22,"gold_loss":0},{"cards_removed":["Body Slam"],"damage_healed":0,"gold_gain":0,"player_choice":"Removed Attack","damage_taken":0,"max_hp_gain":0,"max_hp_loss":0,"event_name":"Falling","floor":47,"gold_loss":0},{"damage_healed":0,"gold_gain":0,"player_choice":"Paid Gold","damage_taken":0,"relics_obtained":["StoneCalendar"],"max_hp_gain":0,"max_hp_loss":0,"event_name":"WeMeetAgain","floor":48,"gold_loss":127}],"is_beta":false,"boss_relics":[{"not_picked":["Fusion Hammer","Velvet Choker"],"picked":"Tiny House"},{"not_picked":["Pandora\u0027s Box","Coffee Dripper"],"picked":"SlaversCollar"}],"items_purged_floors":[],"is_endless":false,"potions_floor_spawned":[5,6,12,14,16,25,27,30,36],"ascension_level":5}}