{"host":"lreod2rejfd0az5i","time":1607578030,"event":{"gold_per_floor":[117,117,117,117,117,67,67,107,107,138,138,138,138,163,106,122,122,141,141],"floor_reached":18,"playtime":394,"items_purged":[],"score":331,"play_id":"5b4c19ca-b0a7-4528-952d-beed8d56ec0a","local_time":"20201209222710","is_ascension_mode":true,"campfire_choices":[{"data":"Bash","floor":9,"key":"SMITH"},{"data":"Heavy Blade","floor":13,"key":"SMITH"},{"floor":17,"key":"REST"}],"neow_cost":"NONE","seed_source_timestamp":551189028893300,"circlet_count":0,"master_deck":["AscendersBane","Strike_R","Strike_R","Strike_R","Strike_R","Defend_R","Defend_R","Defend_R","Bash+1","Heavy Blade+1","conspire:ExplosiveBarrier+1","conspire:SpireCoStock","Metallicize","Shrug It Off"],"relics":["Burning Blood","NeowsBlessing","Pantograph","Snack Pack","Blue Candle","Vajra"],"potions_floor_usage":[14,18],"damage_taken":[{"damage":0,"enemies":"2 Louse","floor":1,"turns":1},{"damage":0,"enemies":"3 Sentries","floor":8,"turns":2},{"damage":0,"enemies":"Lagavulin","floor":10,"turns":1},{"damage":37,"enemies":"3 Sentries","floor":14,"turns":8},{"damage":7,"enemies":"Small Slimes","floor":16,"turns":3},{"damage":85,"enemies":"Hexaghost","floor":18,"turns":15}],"seed_played":"-676303712366596237","potions_obtained":[{"floor":1,"key":"Death Potion"},{"floor":8,"key":"LifebloodPotion"}],"is_trial":false,"path_per_floor":["M","?","PTL","PTL","?","?","$","E","R","E","T","?","R","E","$","M","R","B"],"character_chosen":"IRONCLAD","items_purchased":["Shrug It Off"],"campfire_rested":1,"item_purchase_floors":[15],"current_hp_per_floor":[74,74,74,74,74,74,74,75,75,75,75,68,68,37,37,36,58,0,0],"gold":141,"neow_bonus":"THREE_ENEMY_KILL","is_prod":false,"is_daily":false,"chose_seed":false,"campfire_upgraded":2,"win_rate":0,"timestamp":1607578030,"path_taken":["M","?","PTL","PTL","?","?","$","E","R","E","T","?","R","E","$","M","R","BOSS"],"build_version":"2020-11-30","purchased_purges":0,"victory":false,"max_hp_per_floor":[75,75,75,75,75,75,75,75,75,75,75,75,75,75,75,75,75,75,75],"relic_stats":{"counters":[6,30],"Pantograph":17,"Blue Candle":[0],"obtain_stats":[{"NeowsBlessing":0,"Pantograph":8,"Blue Candle":11,"Vajra":14,"Snack Pack":10,"Burning Blood":0},{"NeowsBlessing":0,"Pantograph":2,"Blue Candle":3,"Vajra":4,"Snack Pack":3,"Burning Blood":0},{"NeowsBlessing":0,"Pantograph":3,"Blue Candle":4,"Vajra":12,"Snack Pack":4,"Burning Blood":0}],"Burning Blood":19},"card_choices":[{"not_picked":["Dual Wield","Body Slam"],"picked":"Heavy Blade","floor":1},{"not_picked":["Replay:Undeath\u0027s Touch","Clash","Evolve"],"picked":"SKIP","floor":8},{"not_picked":["Clash","Armaments","conspire:Purge"],"picked":"SKIP","floor":10},{"not_picked":["infinitespire:OneForAll","hubris:ReadiedAction"],"picked":"Metallicize","floor":14},{"not_picked":["infinitespire:OneForAll","Massacre","Clash"],"picked":"SKIP","floor":16}],"player_experience":837076,"relics_obtained":[{"floor":8,"key":"Pantograph"},{"floor":10,"key":"Snack Pack"},{"floor":11,"key":"Blue Candle"},{"floor":14,"key":"Vajra"}],"event_choices":[{"damage_healed":0,"gold_gain":0,"player_choice":"Invest 1","damage_taken":0,"max_hp_gain":0,"max_hp_loss":0,"event_name":"conspire:Investor","floor":6,"gold_loss":0},{"cards_removed":["Strike_R"],"damage_healed":0,"gold_gain":0,"player_choice":"Card Removal","damage_taken":7,"max_hp_gain":0,"max_hp_loss":0,"event_name":"Golden Wing","floor":12,"gold_loss":0}],"is_beta":false,"boss_relics":[],"items_purged_floors":[],"is_endless":false,"potions_floor_spawned":[1,8],"killed_by":"Hexaghost","ascension_level":18}}