{"host":"7qf1todfnxspvw7w","time":1607614448,"event":{"mods":["BaseMod","Block Reminder","Colored Powertips","Disable Question Mark Monsters","Googly Eyes","Minty Spire (QoL Compilation)","Reorder Act Four","StSLib","Replay The Spire","SacredBarkPlus","Shop Mod","BetterRewards","Downfall","Gold Saver","Displayed Cursed Tome","Relic Stats","Uncapped","Infinite Spire","Lobotomy"],"gold_per_floor":[212,230,230,249,264,264,264,264,264,136,136,136,162,135,135,239,239,250,261,261,2,18,18,44,44,70,70,87,87,100,100,100,100,100,197,197,208,7,25,25,41,41,75,425,476,476,500,532,187,204,204,204,204],"floor_reached":52,"playtime":2932,"items_purged":["InformationCode","CentralCode"],"score":523,"play_id":"bb664d37-560c-410a-b7fd-789c25569688","local_time":"20201210183408","is_ascension_mode":true,"campfire_choices":[{"floor":15,"key":"REST"},{"floor":23,"key":"REST"},{"floor":25,"key":"REST"},{"floor":29,"key":"REST"},{"floor":34,"key":"REST"}],"circlet_count":0,"master_deck":["SpecialBullet","SpecialBullet","SpecialBullet","SpecialBullet","SpecialBullet","SpecialBullet","SpecialBullet","SpecialBullet","RecordCode","RedEyes+1","ScreamingWedge+1","WristCuter+1","WristCuter+1","SecurityCode","OSAHOGD","Penitence+1","infinitespire:Starlight+1","CENSORED_ego","SpecialBullet","BloodyDesire"],"relics":["CogitoBucket","NeowsBlessing","StrikeDummy","Gremlin Food","Blood Vial","Smiling Mask","Ring of Chaos","Question Card","Replay:WaspNest","Whetstone","Cursed Key","Akabeko","Ginger","Old Coin","Orichalcum","MawBank","AtMidnight","StoneCalendar"],"acts_visited":["Exordium","TheCity","TheBeyond"],"potions_floor_usage":[22,22,30,35,52,52],"damage_taken":[{"damage":0,"enemies":"Cultist","floor":1,"turns":1},{"damage":0,"enemies":"2 Louse","floor":2,"turns":1},{"damage":0,"enemies":"Small Slimes","floor":4,"turns":1},{"damage":19,"enemies":"Blue Slaver","floor":5,"turns":3},{"damage":36,"enemies":"3 Sentries","floor":13,"turns":7},{"damage":18,"enemies":"Hexaghost","floor":16,"turns":9},{"damage":14,"enemies":"Spheric Guardian","floor":18,"turns":7},{"damage":5,"enemies":"Chosen","floor":19,"turns":8},{"damage":57,"enemies":"3 Cultists","floor":22,"turns":8},{"damage":17,"enemies":"Replay:Snechameleon","floor":24,"turns":10},{"damage":21,"enemies":"Centurion and Healer","floor":28,"turns":7},{"damage":42,"enemies":"Snake Plant","floor":30,"turns":7},{"damage":113,"enemies":"Automaton","floor":35,"turns":15},{"damage":47,"enemies":"3 Darklings","floor":37,"turns":7},{"damage":21,"enemies":"Orb Walker","floor":39,"turns":4},{"damage":32,"enemies":"Sphere and 2 Shapes","floor":41,"turns":15},{"damage":24,"enemies":"R_Hoarder","floor":43,"turns":9},{"damage":0,"enemies":"Mind Bloom Boss Battle","floor":44,"turns":13},{"damage":76,"enemies":"Transient","floor":48,"turns":8},{"damage":17,"enemies":"Jaw Worm Horde","floor":50,"turns":6},{"damage":132,"enemies":"infinitespire:MassOfShapes","floor":52,"turns":3}],"seed_played":"5441553157676772283","potions_obtained":[{"floor":1,"key":"Regen Potion"},{"floor":4,"key":"DuplicationPotion"},{"floor":19,"key":"Block Potion"},{"floor":22,"key":"Death Potion"},{"floor":28,"key":"Fire Potion"},{"floor":39,"key":"Dexterity Potion"},{"floor":50,"key":"Block Potion"}],"is_trial":false,"path_per_floor":["M","M","?","M","M","R","?","?","T","$","T","R","E","$","R","B",null,"M","M","?","$","M","R","E","R","T","$","M","R","M","PTL","PTL","AVR","R","B",null,"M","$","M","?","M","R","E","?","T","?","T","M","$","M","R","B"],"character_chosen":"Angela","items_purchased":["ScreamingWedge","WristCuter","WristCuter","Question Card","Akabeko","StoneCalendar"],"campfire_rested":5,"item_purchase_floors":[10,10,14,21,38,49],"current_hp_per_floor":[70,70,70,70,51,51,51,51,51,51,51,51,17,17,38,22,70,56,53,53,53,3,24,17,38,38,38,27,48,10,10,10,10,31,23,70,52,52,62,62,70,70,46,70,70,66,66,38,38,56,56,0,0],"gold":204,"neow_bonus":"THREE_ENEMY_KILL","is_daily":false,"chose_seed":false,"campfire_upgraded":0,"win_rate":0,"timestamp":1607614448,"path_taken":["M","M","?","M","M","R","?","?","T","?","?","R","E","$","R","BOSS","M","M","?","?","M","R","E","R","T","$","M","R","M","PTL","PTL","AVR","R","BOSS","M","$","?","?","M","R","E","?","T","?","?","M","$","M","R","BOSS"],"build_version":"2020-11-30","purchased_purges":2,"victory":false,"max_hp_per_floor":[70,70,70,70,70,70,70,70,70,70,70,70,70,70,70,70,70,70,70,70,70,70,70,70,70,70,70,70,70,70,70,70,70,70,70,70,70,70,70,70,70,70,70,70,70,66,66,66,66,66,66,66,66],"relic_stats":{"Blood Vial":30,"counters":[25,153],"StoneCalendar":[0],"Whetstone":["WristCuter"],"Ginger":[8],"Orichalcum":[24],"Smiling Mask":75,"Question Card":42,"Cursed Key":2,"MawBank":24,"obtain_stats":[{"Gremlin Food":9,"NeowsBlessing":0,"StoneCalendar":49,"Ring of Chaos":17,"Replay:WaspNest":24,"Whetstone":26,"Ginger":43,"Orichalcum":45,"Smiling Mask":13,"Question Card":21,"Cursed Key":36,"MawBank":47,"Akabeko":38,"Old Coin":44,"Blood Vial":11,"CogitoBucket":0,"AtMidnight":48,"StrikeDummy":7},{"Gremlin Food":4,"NeowsBlessing":0,"StoneCalendar":22,"Ring of Chaos":6,"Replay:WaspNest":11,"Whetstone":11,"Ginger":19,"Orichalcum":20,"Smiling Mask":5,"Question Card":9,"Cursed Key":15,"MawBank":20,"Akabeko":16,"Old Coin":20,"Blood Vial":4,"CogitoBucket":0,"AtMidnight":22,"StrikeDummy":4},{"Gremlin Food":6,"NeowsBlessing":0,"StoneCalendar":143,"Ring of Chaos":22,"Replay:WaspNest":56,"Whetstone":56,"Ginger":121,"Orichalcum":134,"Smiling Mask":13,"Question Card":38,"Cursed Key":86,"MawBank":134,"Akabeko":93,"Old Coin":134,"Blood Vial":6,"CogitoBucket":0,"AtMidnight":143,"StrikeDummy":6}]},"card_choices":[{"not_picked":["FourthMatchFlame","Laetitia_ego"],"picked":"SKIP","floor":1},{"not_picked":["FrostShard"],"picked":"RedEyes","floor":2},{"not_picked":["Diffraction","BlueScar"],"picked":"SKIP","floor":4},{"not_picked":["SwordSharpenedByTears","Beak"],"picked":"SKIP","floor":5},{"not_picked":["Gaze","FrostShard"],"picked":"SKIP","floor":13},{"not_picked":["FrostShard","Tough"],"picked":"SKIP","floor":18},{"not_picked":["Hornet","Tough"],"picked":"SKIP","floor":19},{"not_picked":["Murderer","WallGazer"],"picked":"OSAHOGD","floor":22},{"not_picked":["RedEyes","FourthMatchFlame+1","Loneliness"],"picked":"SKIP","floor":22},{"not_picked":["Pinks","Loneliness"],"picked":"Penitence","floor":24},{"not_picked":["CUTE+1","RedEyes","Reverberation"],"picked":"SKIP","floor":28},{"not_picked":["Noise","CherryBlossom","ShedSkin"],"picked":"SKIP","floor":30},{"not_picked":["Justitia","DaCapo"],"picked":"CENSORED_ego","floor":35},{"not_picked":["Horn+1","CherryBlossom+1","Beak+1"],"picked":"SKIP","floor":37},{"not_picked":["SolemnVow+1","CherryBlossom","CUTE"],"picked":"SKIP","floor":39},{"not_picked":["Logging","Regret_ego","Discord+1"],"picked":"SKIP","floor":41},{"not_picked":["TodaysExpression","Beak","Hornet+1"],"picked":"SKIP","floor":43},{"not_picked":["CUTE","CherryBlossom"],"picked":"BloodyDesire","floor":44},{"not_picked":["WristCuter","CUTE+1","BloodyDesire"],"picked":"SKIP","floor":48},{"not_picked":["Tough+1","CherryBlossom","CUTE"],"picked":"SKIP","floor":50},{"not_picked":["Tough+1","CherryBlossom","CUTE"],"picked":"SKIP","floor":50}],"player_experience":484265,"relics_obtained":[{"floor":7,"key":"StrikeDummy"},{"floor":9,"key":"Gremlin Food"},{"floor":11,"key":"Blood Vial"},{"floor":13,"key":"Smiling Mask"},{"floor":24,"key":"Replay:WaspNest"},{"floor":26,"key":"Whetstone"},{"floor":43,"key":"Ginger"},{"floor":44,"key":"Old Coin"},{"floor":45,"key":"Orichalcum"},{"floor":47,"key":"MawBank"},{"floor":48,"key":"AtMidnight"}],"event_choices":[{"damage_healed":0,"gold_gain":0,"player_choice":"Grow","damage_taken":0,"max_hp_gain":0,"max_hp_loss":0,"event_name":"Living Wall","floor":3,"gold_loss":0,"cards_upgraded":["RedEyes"]},{"damage_healed":0,"gold_gain":0,"player_choice":"Ignored","damage_taken":0,"max_hp_gain":0,"max_hp_loss":0,"event_name":"Ghosts","floor":20,"gold_loss":0},{"damage_healed":0,"gold_gain":0,"player_choice":"Ignored","damage_taken":0,"max_hp_gain":0,"max_hp_loss":0,"event_name":"Mysterious Sphere","floor":40,"gold_loss":0},{"damage_healed":0,"gold_gain":0,"player_choice":"Fight","damage_taken":0,"max_hp_gain":0,"max_hp_loss":0,"event_name":"MindBloom","floor":44,"gold_loss":0},{"damage_healed":0,"gold_gain":0,"player_choice":"Max HP","damage_taken":0,"max_hp_gain":0,"max_hp_loss":4,"event_name":"Winding Halls","floor":46,"gold_loss":0}],"is_beta":false,"boss_relics":[{"not_picked":["Busted Crown","Calling Bell"],"picked":"Ring of Chaos"},{"not_picked":["Replay:Drink Me","Black Star"],"picked":"Cursed Key"}],"items_purged_floors":[38,49],"is_endless":false,"potions_floor_spawned":[1,4,19,22,28,39,50],"killed_by":"infinitespire:MassOfShapes","ascension_level":1}}