{"host":"x1qj4d8ympd5jdqh","time":1607612348,"event":{"gold_per_floor":[115,134,134,148,163,163,190,190,190,217,232,232,232,232,232,232,232],"floor_reached":16,"playtime":323,"items_purged":[],"score":220,"play_id":"f939e46b-35b4-4d92-be9e-90310096a1ab","local_time":"20201210235908","is_ascension_mode":true,"campfire_choices":[{"data":"Fire Breathing","floor":6.0,"key":"SMITH"},{"data":"Evolve","floor":8.0,"key":"SMITH"},{"data":"Body Slam","floor":13,"key":"SMITH"},{"data":"Bash","floor":15,"key":"SMITH"}],"neow_cost":"NONE","seed_source_timestamp":16172743405400,"circlet_count":0,"master_deck":["AscendersBane","Strike_R","Strike_R","Strike_R","Strike_R","Defend_R","Defend_R","Defend_R","Defend_R","Bash+1","Anger","Evolve+1","Fire Breathing+1","Body Slam+1","Battle Trance","Headbutt"],"special_seed":0,"relics":["Burning Blood","Blue Candle","Letter Opener","Golden Idol"],"potions_floor_usage":[11],"damage_taken":[{"damage":4.0,"enemies":"2 Louse","floor":1.0,"turns":3.0},{"damage":7.0,"enemies":"Jaw Worm","floor":2.0,"turns":4.0},{"damage":1.0,"enemies":"Cultist","floor":4.0,"turns":3.0},{"damage":26.0,"enemies":"3 Louse","floor":5.0,"turns":4.0},{"damage":20.0,"enemies":"3 Sentries","floor":7.0,"turns":4.0},{"damage":20.0,"enemies":"Lagavulin","floor":10.0,"turns":6.0},{"damage":11,"enemies":"Large Slime","floor":11,"turns":5},{"damage":28,"enemies":"Hexaghost","floor":16,"turns":8}],"seed_played":"-6790793408578474271","potions_obtained":[{"floor":2.0,"key":"DistilledChaos"},{"floor":10,"key":"Block Potion"}],"is_trial":false,"path_per_floor":["M","M","?","M","M","R","E","R","T","E","M","?","R","?","R","B"],"character_chosen":"IRONCLAD","items_purchased":[],"campfire_rested":0,"item_purchase_floors":[],"current_hp_per_floor":[70,69,74,79,59,59,45,45,45,31,26,26,26,26,26,0,0],"gold":232,"neow_bonus":"REMOVE_CARD","is_prod":false,"is_daily":false,"chose_seed":false,"campfire_upgraded":4,"win_rate":0,"timestamp":1607612348,"path_taken":["M","M","?","M","M","R","E","R","T","E","M","?","R","?","R","BOSS"],"build_version":"2020-11-30","purchased_purges":0,"victory":false,"max_hp_per_floor":[75,75,80,80,80,80,80,80,80,80,80,72,72,72,72,72,72],"card_choices":[{"not_picked":["Warcry","Sword Boomerang"],"picked":"Anger","floor":1.0},{"not_picked":["Rupture","Clash","Feel No Pain"],"picked":"SKIP","floor":2.0},{"not_picked":["Twin Strike","Sword Boomerang"],"picked":"Evolve","floor":4.0},{"not_picked":["Perfected Strike","Clothesline"],"picked":"Fire Breathing","floor":5.0},{"not_picked":["Warcry","Havoc"],"picked":"Body Slam","floor":7.0},{"not_picked":["Dark Embrace","Exhume"],"picked":"Battle Trance","floor":10},{"not_picked":["Heavy Blade","Flex"],"picked":"Headbutt","floor":11}],"player_experience":1307411,"relics_obtained":[{"floor":7.0,"key":"Blue Candle"},{"floor":9.0,"key":"Letter Opener"}],"event_choices":[{"damage_healed":0.0,"max_hp_gain":5.0,"max_hp_loss":0.0,"gold_gain":0.0,"event_name":"Big Fish","player_choice":"Donut","floor":3.0,"gold_loss":0.0,"damage_taken":0.0},{"damage_healed":0,"gold_gain":0,"player_choice":"Lose Max HP","damage_taken":0,"relics_obtained":["Golden Idol"],"max_hp_gain":0,"max_hp_loss":8,"event_name":"Golden Idol","floor":12,"gold_loss":0},{"damage_healed":0,"gold_gain":0,"player_choice":"Ignored","damage_taken":0,"max_hp_gain":0,"max_hp_loss":0,"event_name":"Liars Game","floor":14,"gold_loss":0}],"is_beta":false,"boss_relics":[],"items_purged_floors":[],"is_endless":false,"potions_floor_spawned":[2,10],"killed_by":"Hexaghost","ascension_level":20}}