{"host":"tyfpg4h531zkrrpn","time":1607576442,"event":{"gold_per_floor":[-1282,-1282,-1264,-1264,-1264,-1230,-1220,-1192,-1166,-1138,-1138,-1067,-1067,-1032,-1032,-927,-927,-912,-912,-912,-912,-896,-896,-870,-870,-870,-853,-853,-822,-806,-788,-788,-684,-684,-664,-664,-664,-654,-654,-626,-626,-596,-596,-582,-564,-564,-533,-533,-533,-533,-533,-533,-533,-504,-504],"floor_reached":56,"playtime":1446,"items_purged":[],"score":2151,"play_id":"939cb718-87da-46bd-bf56-17a7f061f777","local_time":"20201209210042","is_ascension_mode":true,"campfire_choices":[{"data":"Tempest","floor":11.0,"key":"SMITH"},{"data":"MostiFishMod:Hijack","floor":15.0,"key":"SMITH"},{"data":"MostiFishMod:ReadyAimFire","floor":23.0,"key":"SMITH"},{"data":"Creative AI","floor":25.0,"key":"SMITH"},{"data":"Barrage","floor":28.0,"key":"SMITH"},{"data":"MostiFishMod:InterfaceCompatibility","floor":32.0,"key":"SMITH"},{"floor":41.0,"key":"RECALL"},{"data":"Electrodynamics","floor":49.0,"key":"SMITH"},{"data":"Dualcast","floor":52.0,"key":"SMITH"}],"neow_cost":"NONE","seed_source_timestamp":702056578701200,"circlet_count":0,"master_deck":["Defend_B","Defend_B","Defend_B","Defend_B","Zap+1","Dualcast+1","Ball Lightning","Tempest+1","Echo Form","Sweeping Beam","MostiFishMod:Hijack+1","Creative AI+1","Double Energy+1","MostiFishMod:ReadyAimFire+1","Heatsinks+1","Barrage+1","Reboot+1","Leap+1","MostiFishMod:InterfaceCompatibility+1","Electrodynamics+1","MostiFishMod:GatherIntelligence+1","MostiFishMod:Prepare+1","Amplify+1","Double Energy+1","Recycle+1","Conserve Battery+1"],"special_seed":0,"relics":["Cracked Core","DaveBox","SynthV:MejaisSoulstealer","Question Card","DataDisk","Bag of Marbles","White Beast Statue","The Courier","Strawberry","ImportantClient","PatriotShield","Bird Faced Urn","Toxic Egg 2","Smiling Mask","Astrolabe","Oddly Smooth Stone","Frozen Egg 2","Letter Opener","Gremlin Horn","Ice Cream"],"potions_floor_usage":[55],"damage_taken":[{"damage":0.0,"enemies":"2 Louse","floor":1.0,"turns":3.0},{"damage":0.0,"enemies":"Small Slimes","floor":3.0,"turns":2.0},{"damage":9.0,"enemies":"Gremlin Nob","floor":6.0,"turns":3.0},{"damage":0.0,"enemies":"Cultist","floor":7.0,"turns":2.0},{"damage":0.0,"enemies":"Lagavulin","floor":8.0,"turns":4.0},{"damage":0.0,"enemies":"Gremlin Nob","floor":10.0,"turns":2.0},{"damage":0.0,"enemies":"Lagavulin","floor":14.0,"turns":4.0},{"damage":0.0,"enemies":"Hexaghost","floor":16.0,"turns":2.0},{"damage":0.0,"enemies":"Shell Parasite","floor":18.0,"turns":2.0},{"damage":0.0,"enemies":"Chosen","floor":22.0,"turns":1.0},{"damage":0.0,"enemies":"Slavers","floor":24.0,"turns":1.0},{"damage":0.0,"enemies":"Shelled Parasite and Fungi","floor":27.0,"turns":1.0},{"damage":0.0,"enemies":"Book of Stabbing","floor":29.0,"turns":2.0},{"damage":0.0,"enemies":"3 Cultists","floor":30.0,"turns":2.0},{"damage":0.0,"enemies":"Snake Plant","floor":31.0,"turns":1.0},{"damage":0.0,"enemies":"Champ","floor":33.0,"turns":2.0},{"damage":0.0,"enemies":"Orb Walker","floor":35.0,"turns":2.0},{"damage":0.0,"enemies":"3 Darklings","floor":38.0,"turns":2.0},{"damage":0.0,"enemies":"Giant Head","floor":40.0,"turns":1.0},{"damage":0.0,"enemies":"Nemesis","floor":42.0,"turns":3.0},{"damage":0.0,"enemies":"Sphere and 2 Shapes","floor":44.0,"turns":1.0},{"damage":0.0,"enemies":"Jaw Worm Horde","floor":45.0,"turns":1.0},{"damage":0.0,"enemies":"Giant Head","floor":47.0,"turns":4.0},{"damage":0.0,"enemies":"Time Eater","floor":50.0,"turns":1.0},{"damage":0,"enemies":"Shield and Spear","floor":54,"turns":2},{"damage":0,"enemies":"The Heart","floor":55,"turns":5}],"seed_played":"8142146028627659330","potions_obtained":[{"floor":1.0,"key":"GamblersBrew"},{"floor":7.0,"key":"DistilledChaos"},{"floor":10.0,"key":"Energy Potion"},{"floor":14.0,"key":"LiquidMemories"},{"floor":16.0,"key":"Swift Potion"}],"is_trial":false,"path_per_floor":["M","?","M","?","?","E","M","E","T","E","R","T","$","E","R","B",null,"M","?","?","?","M","R","E","R","T","M","R","E","M","M","R","B",null,"M","$","?","M","$","E","R","E","T","M","M","?","E","$","R","B",null,"R","$","E","B",null],"character_chosen":"DEFECT","items_purchased":[],"campfire_rested":0,"item_purchase_floors":[],"current_hp_per_floor":[68,68,68,68,68,59,59,59,59,59,59,59,59,66,66,66,78,78,78,78,78,78,78,78,78,78,78,78,80,82,82,82,82,82,82,82,82,82,82,82,82,82,82,82,82,82,82,82,82,82,82,82,82,82,82],"gold":-504,"neow_bonus":"UPGRADE_CARD","is_prod":false,"is_daily":false,"chose_seed":false,"campfire_upgraded":8,"win_rate":0,"timestamp":1607576442,"path_taken":["M","?","M","?","?","E","M","E","T","E","R","?","?","E","R","BOSS","M","?","?","?","M","R","E","R","T","M","R","E","?","M","R","BOSS","M","$","?","M","?","E","R","E","T","?","M","?","E","?","R","BOSS","R","$","E","BOSS"],"build_version":"2020-11-30","purchased_purges":0,"victory":true,"max_hp_per_floor":[75,75,75,75,75,75,75,75,75,75,75,75,75,82,82,82,82,82,82,82,82,82,82,82,82,82,82,82,82,82,82,82,82,82,82,82,82,82,82,82,82,82,82,82,82,82,82,82,82,82,82,82,82,82,82],"card_choices":[{"not_picked":["Chill","Steam","Rip and Tear"],"picked":"SKIP","floor":1.0},{"not_picked":["Gash","Heatsinks","Coolheaded"],"picked":"Ball Lightning","floor":3.0},{"not_picked":["Skim","Fusion","Genetic Algorithm"],"picked":"Tempest","floor":6.0},{"not_picked":["Tempest","Rebound","Turbo","Darkness"],"picked":"SKIP","floor":7.0},{"not_picked":["Turbo","MostiFishMod:SeaWaves","Go for the Eyes"],"picked":"Echo Form","floor":8.0},{"not_picked":["Skim","Conserve Battery","FTL"],"picked":"Sweeping Beam","floor":10.0},{"not_picked":["Tempest","Auto Shields","Streamline"],"picked":"MostiFishMod:Hijack","floor":14.0},{"not_picked":["MostiFishMod:PushDownKick","Fission","Echo Form"],"picked":"Creative AI","floor":16.0},{"not_picked":["Cold Snap","Stack","Sweeping Beam"],"picked":"Double Energy+1","floor":18.0},{"not_picked":["Beam Cell","Ball Lightning","Sweeping Beam+1"],"picked":"MostiFishMod:ReadyAimFire","floor":22.0},{"not_picked":["Hello World","Rebound","Reinforced Body"],"picked":"Heatsinks+1","floor":24.0},{"not_picked":["Sweeping Beam","Gash","Ball Lightning"],"picked":"Barrage","floor":27.0},{"not_picked":["Ball Lightning","Streamline","Stack+1"],"picked":"Reboot+1","floor":29.0},{"not_picked":["Steam+1","Beam Cell+1","Gash"],"picked":"Leap+1","floor":30.0},{"not_picked":["Conserve Battery+1","Barrage","Rebound+1"],"picked":"MostiFishMod:InterfaceCompatibility","floor":31.0},{"not_picked":["Rainbow+1","Multi-Cast+1","MostiFishMod:ActiveDefenseSystem"],"picked":"Electrodynamics","floor":33.0},{"not_picked":["Sunder+1","Storm+1","Hologram+1","Compile Driver+1"],"picked":"SKIP","floor":35.0},{"not_picked":["Consume+1","Steam+1","Defragment+1"],"picked":"Double Energy+1","floor":38.0},{"not_picked":["Chill+1","Barrage","Ball Lightning"],"picked":"Recycle+1","floor":40.0},{"not_picked":["Scrape","Genetic Algorithm+1","All For One","Barrage+1"],"picked":"SKIP","floor":42.0},{"not_picked":["Barrage","Ball Lightning","Undo+1","Stack+1"],"picked":"SKIP","floor":44.0},{"not_picked":["FTL","Turbo+1","Doom and Gloom+1","Genetic Algorithm+1"],"picked":"SKIP","floor":45.0},{"not_picked":["Cold Snap","Ball Lightning","Barrage+1"],"picked":"Conserve Battery+1","floor":47.0},{"not_picked":["Skim+1","Stack+1","Reprogram+1","Steam Power+1"],"picked":"SKIP","floor":54}],"player_experience":552598,"relics_obtained":[{"floor":1.0,"key":"Question Card"},{"floor":6.0,"key":"DataDisk"},{"floor":8.0,"key":"Bag of Marbles"},{"floor":10.0,"key":"White Beast Statue"},{"floor":12.0,"key":"The Courier"},{"floor":14.0,"key":"Strawberry"},{"floor":16.0,"key":"ImportantClient"},{"floor":24.0,"key":"Bird Faced Urn"},{"floor":26.0,"key":"Toxic Egg 2"},{"floor":29.0,"key":"Smiling Mask"},{"floor":40.0,"key":"Oddly Smooth Stone"},{"floor":42.0,"key":"Frozen Egg 2"},{"floor":43.0,"key":"Letter Opener"},{"floor":47.0,"key":"Gremlin Horn"},{"floor":54,"key":"Ice Cream"}],"event_choices":[{"damage_healed":0.0,"max_hp_gain":0.0,"max_hp_loss":0.0,"gold_gain":0.0,"event_name":"Liars Game","player_choice":"Ignored","floor":2.0,"gold_loss":0.0,"damage_taken":0.0},{"damage_healed":0.0,"max_hp_gain":0.0,"max_hp_loss":0.0,"gold_gain":0.0,"event_name":"Golden Wing","player_choice":"Ignored","floor":4.0,"gold_loss":0.0,"damage_taken":0.0},{"damage_healed":0.0,"max_hp_gain":0.0,"max_hp_loss":0.0,"gold_gain":0.0,"event_name":"Shining Light","player_choice":"Ignored","floor":5.0,"gold_loss":0.0,"damage_taken":0.0},{"damage_healed":0.0,"max_hp_gain":0.0,"max_hp_loss":0.0,"gold_gain":0.0,"event_name":"The Mausoleum","player_choice":"Ignored","floor":19.0,"gold_loss":0.0,"damage_taken":0.0},{"damage_healed":0.0,"max_hp_gain":0.0,"max_hp_loss":0.0,"gold_gain":0.0,"event_name":"Cursed Tome","player_choice":"Ignored","floor":20.0,"gold_loss":0.0,"damage_taken":0.0},{"cards_removed":["Strike_B"],"damage_healed":0.0,"max_hp_gain":0.0,"max_hp_loss":0.0,"gold_gain":0.0,"event_name":"Bonfire Elementals","player_choice":"Offered Basic","floor":21.0,"gold_loss":0.0,"damage_taken":0.0},{"damage_healed":0.0,"max_hp_gain":0.0,"max_hp_loss":0.0,"gold_gain":0.0,"event_name":"Lab","player_choice":"Got Potions","floor":37.0,"gold_loss":0.0,"damage_taken":0.0},{"damage_healed":0.0,"max_hp_gain":0.0,"max_hp_loss":0.0,"gold_gain":0.0,"event_name":"SensoryStone","player_choice":"Memory 1","floor":46.0,"gold_loss":0.0,"damage_taken":0.0}],"is_beta":false,"boss_relics":[{"not_picked":["Coffee Dripper","SacredBark"],"picked":"PatriotShield"},{"not_picked":["FixedStarFall","Tiny House"],"picked":"Astrolabe"}],"items_purged_floors":[],"is_endless":false,"potions_floor_spawned":[1,7,10,14,16,18,22,24,27,29,30,31,33,35,38,40,42,44,45,47,54],"ascension_level":6}}