{"host":"ocllwaoi18j60ltd","time":1607612371,"event":{"mods":["BaseMod","Quick Restart","StSLib","SuperFastMode","DeckTracker","Permanent Neow","Minty Spire (QoL Compilation)"],"gold_per_floor":[116,132,207,224,238,266,266,150,150,161,77,104,60,74,74,149,149,164,79,91,3,16,16,42,42,42,70,40,54,54,69,69,69,69],"floor_reached":33,"playtime":803,"items_purged":["Strike_B","Strike_B"],"score":640,"play_id":"ab13bb02-aa92-4489-a85d-217dbb52a9fa","local_time":"20201210235931","is_ascension_mode":true,"campfire_choices":[{"data":"Go for the Eyes","floor":7.0,"key":"SMITH"},{"data":"Defragment","floor":15.0,"key":"SMITH"},{"floor":23.0,"key":"REST"},{"data":"Creative AI","floor":25.0,"key":"SMITH"},{"data":"Buffer","floor":30,"key":"SMITH"},{"floor":32,"key":"REST"}],"circlet_count":0,"master_deck":["AscendersBane","Strike_B","Strike_B","Defend_B","Defend_B","Defend_B","Defend_B","Zap","Dualcast","Ball Lightning","Go for the Eyes+1","Sweeping Beam","Buffer+1","Cold Snap","Capacitor","Loop","Conserve Battery","Biased Cognition","Chaos","Defragment+1","Force Field","Creative AI+1","Ball Lightning+1","Consume","Hologram+1"],"special_seed":0,"relics":["Cracked Core","White Beast Statue","Unceasing Top","Mercury Hourglass","Potion Belt","SacredBark","MawBank","Blue Candle","Ornamental Fan","Oddly Smooth Stone"],"acts_visited":["Exordium","TheCity"],"potions_floor_usage":[27,29,31,33,33,33],"damage_taken":[{"damage":0.0,"enemies":"Cultist","floor":1.0,"turns":2.0},{"damage":2.0,"enemies":"Jaw Worm","floor":2.0,"turns":3.0},{"damage":0.0,"enemies":"2 Louse","floor":4.0,"turns":2.0},{"damage":15.0,"enemies":"Lots of Slimes","floor":5.0,"turns":3.0},{"damage":0.0,"enemies":"Gremlin Nob","floor":6.0,"turns":3.0},{"damage":0.0,"enemies":"3 Louse","floor":10.0,"turns":1.0},{"damage":18.0,"enemies":"3 Sentries","floor":12.0,"turns":5.0},{"damage":1.0,"enemies":"2 Fungi Beasts","floor":14.0,"turns":2.0},{"damage":3.0,"enemies":"Slime Boss","floor":16.0,"turns":6.0},{"damage":22.0,"enemies":"2 Thieves","floor":18.0,"turns":3.0},{"damage":15.0,"enemies":"Spheric Guardian","floor":22.0,"turns":5.0},{"damage":24.0,"enemies":"Gremlin Leader","floor":24.0,"turns":4.0},{"damage":24,"enemies":"Book of Stabbing","floor":27,"turns":6},{"damage":12,"enemies":"Shelled Parasite and Fungi","floor":29,"turns":8},{"damage":21,"enemies":"Snake Plant","floor":31,"turns":4},{"damage":20,"enemies":"Automaton","floor":33,"turns":8}],"seed_played":"-8125315412994301299","potions_obtained":[{"floor":1.0,"key":"PotionOfCapacity"},{"floor":4.0,"key":"LiquidMemories"},{"floor":5.0,"key":"AttackPotion"},{"floor":6.0,"key":"DuplicationPotion"},{"floor":12.0,"key":"EssenceOfDarkness"},{"floor":14.0,"key":"AttackPotion"},{"floor":16.0,"key":"FairyPotion"},{"floor":18.0,"key":"Regen Potion"},{"floor":22.0,"key":"PowerPotion"},{"floor":24.0,"key":"Strength Potion"},{"floor":27,"key":"Energy Potion"},{"floor":28,"key":"ColorlessPotion"},{"floor":28,"key":"Explosive Potion"},{"floor":29,"key":"DuplicationPotion"},{"floor":31,"key":"PowerPotion"}],"is_trial":false,"path_per_floor":["M","M","T","M","M","E","R","$","T","M","$","E","$","M","R","B",null,"M","?","?","$","M","R","E","R","T","E","?","M","R","M","R","B"],"character_chosen":"DEFECT","items_purchased":["Loop","Biased Cognition","Defragment"],"campfire_rested":2,"item_purchase_floors":[8,11,13],"current_hp_per_floor":[64,62,62,62,47,47,47,47,47,47,47,29,29,28,28,25,60,38,38,18,18,37,59,35,35,35,11,11,45,45,24,46,26,26],"gold":69,"neow_bonus":"THREE_CARDS","is_daily":false,"chose_seed":false,"campfire_upgraded":4,"win_rate":0,"timestamp":1607612371,"path_taken":["M","M","?","M","M","E","R","?","T","M","$","E","?","M","R","BOSS","M","?","?","$","M","R","E","R","T","E","?","M","R","?","R","BOSS"],"build_version":"2020-11-30","purchased_purges":2,"victory":false,"max_hp_per_floor":[71,71,71,71,71,71,71,71,71,71,71,71,71,71,71,71,71,71,71,76,76,76,76,76,76,76,76,76,76,76,76,76,76,76],"card_choices":[{"not_picked":["Cold Snap","Sweeping Beam"],"picked":"Ball Lightning","floor":0.0},{"not_picked":["Melter","Beam Cell"],"picked":"Go for the Eyes","floor":1.0},{"not_picked":["Beam Cell","Conserve Battery"],"picked":"Sweeping Beam","floor":2.0},{"not_picked":["Blizzard","Chill"],"picked":"Buffer","floor":4.0},{"not_picked":["Coolheaded","Double Energy"],"picked":"Cold Snap","floor":5.0},{"not_picked":["Beam Cell","FTL"],"picked":"Capacitor","floor":6.0},{"not_picked":["Steam","Fusion"],"picked":"Conserve Battery","floor":10.0},{"not_picked":["Stack","Capacitor"],"picked":"Chaos","floor":12.0},{"not_picked":["Steam","Streamline"],"picked":"Force Field","floor":14.0},{"not_picked":["All For One","Seek"],"picked":"Creative AI","floor":16.0},{"not_picked":["Stack","Rebound"],"picked":"Ball Lightning+1","floor":18.0},{"not_picked":["Conserve Battery","Steam","Storm"],"picked":"SKIP","floor":22.0},{"not_picked":["Rebound","Sunder"],"picked":"Consume","floor":24.0},{"not_picked":["Redo","Barrage","Blizzard"],"picked":"SKIP","floor":27},{"not_picked":["Cold Snap","Creative AI","Leap"],"picked":"SKIP","floor":29},{"not_picked":["Capacitor","Auto Shields"],"picked":"Hologram+1","floor":31}],"player_experience":816148,"relics_obtained":[{"floor":3.0,"key":"White Beast Statue"},{"floor":6.0,"key":"Unceasing Top"},{"floor":9.0,"key":"Mercury Hourglass"},{"floor":12.0,"key":"Potion Belt"},{"floor":24.0,"key":"Blue Candle"},{"floor":26.0,"key":"Ornamental Fan"},{"floor":27,"key":"Oddly Smooth Stone"}],"event_choices":[{"damage_healed":0.0,"max_hp_gain":0.0,"max_hp_loss":0.0,"gold_gain":0.0,"event_name":"Addict","player_choice":"Obtained Relic","floor":19.0,"gold_loss":85.0,"damage_taken":0.0,"relics_obtained":["MawBank"]},{"damage_healed":0.0,"max_hp_gain":5.0,"max_hp_loss":0.0,"gold_gain":0.0,"event_name":"Forgotten Altar","player_choice":"Shed Blood","floor":20.0,"gold_loss":0.0,"damage_taken":25.0},{"damage_healed":0,"gold_gain":0,"player_choice":"Bought 2 Potions","damage_taken":0,"max_hp_gain":0,"max_hp_loss":0,"event_name":"The Woman in Blue","floor":28,"gold_loss":0}],"is_beta":false,"boss_relics":[{"not_picked":["Sozu","Cursed Key"],"picked":"SacredBark"}],"items_purged_floors":[8,21],"is_endless":false,"potions_floor_spawned":[1,4,5,6,10,12,14,16,18,22,24,27,29,31],"killed_by":"Automaton","ascension_level":20}}