{"host":"krw8blyxua7at9ak","time":1607623922,"event":{"mods":["BaseMod","Highlight Path","Minty Spire (QoL Compilation)","ojb\u0027s Info Mod"],"gold_per_floor":[115,125,125,125,36,70,70,91,91,91,112,112,147,172,172,172,172],"floor_reached":16,"playtime":573,"items_purged":[],"score":220,"play_id":"7d842f7e-67e3-446e-9337-e3dd2e848f94","local_time":"20201210191202","is_ascension_mode":true,"campfire_choices":[{"data":"1","floor":10,"key":"LIFT"},{"floor":12,"key":"REST"},{"data":"2","floor":15,"key":"LIFT"}],"circlet_count":0,"master_deck":["AscendersBane","Strike_G","Strike_G","Strike_G","Strike_G","Defend_G","Defend_G","Defend_G","Defend_G","Defend_G","Survivor","Neutralize","Blade Dance","Slice","Backstab","Dash","Sucker Punch","Backstab"],"special_seed":0,"relics":["Ring of the Snake","Girya","Golden Idol","StrikeDummy","Pear"],"acts_visited":["Exordium"],"potions_floor_usage":[13],"damage_taken":[{"damage":6.0,"enemies":"Small Slimes","floor":1.0,"turns":5.0},{"damage":0.0,"enemies":"Jaw Worm","floor":2.0,"turns":4.0},{"damage":37.0,"enemies":"3 Sentries","floor":6.0,"turns":13.0},{"damage":0,"enemies":"Cultist","floor":8,"turns":2},{"damage":0,"enemies":"Blue Slaver","floor":11,"turns":3},{"damage":1,"enemies":"Gremlin Nob","floor":13,"turns":3},{"damage":4,"enemies":"Lots of Slimes","floor":14,"turns":3},{"damage":30,"enemies":"Hexaghost","floor":16,"turns":8}],"seed_played":"-8141660078093162604","potions_obtained":[{"floor":6.0,"key":"AttackPotion"},{"floor":14,"key":"Poison Potion"}],"is_trial":false,"path_per_floor":["M","M","?","?","$","E","$","M","T","R","M","R","E","M","R","B"],"character_chosen":"THE_SILENT","items_purchased":["Backstab"],"campfire_rested":1,"item_purchase_floors":[5],"current_hp_per_floor":[53,53,46,46,46,9,9,9,9,9,9,25,34,30,30,0,0],"gold":172,"neow_bonus":"ONE_RARE_RELIC","is_daily":false,"chose_seed":false,"campfire_upgraded":0,"win_rate":0,"timestamp":1607623922,"path_taken":["M","M","?","?","$","E","?","M","T","R","M","R","E","M","R","BOSS"],"build_version":"2020-11-30","purchased_purges":0,"victory":false,"max_hp_per_floor":[60,60,60,54,54,54,54,54,54,54,54,54,64,64,64,64,64],"card_choices":[{"not_picked":["Bane","Deadly Poison"],"picked":"Blade Dance","floor":1.0},{"not_picked":["Sucker Punch","Dodge and Roll"],"picked":"Slice","floor":2.0},{"not_picked":["PiercingWail","Catalyst"],"picked":"Dash","floor":6.0},{"not_picked":["Finisher","Deadly Poison","Caltrops"],"picked":"SKIP","floor":8},{"not_picked":["Poisoned Stab","Dodge and Roll"],"picked":"Sucker Punch","floor":11},{"not_picked":["Crippling Poison","Noxious Fumes","Backflip"],"picked":"SKIP","floor":13},{"not_picked":["Finisher","Underhanded Strike"],"picked":"Backstab","floor":14}],"player_experience":322545,"relics_obtained":[{"floor":6.0,"key":"StrikeDummy"},{"floor":13,"key":"Pear"}],"event_choices":[{"cards_removed":["Strike_G"],"damage_healed":0.0,"max_hp_gain":0.0,"max_hp_loss":0.0,"gold_gain":0.0,"event_name":"Golden Wing","player_choice":"Card Removal","floor":3.0,"gold_loss":0.0,"damage_taken":7.0},{"damage_healed":0.0,"max_hp_gain":0.0,"max_hp_loss":6.0,"gold_gain":0.0,"event_name":"Golden Idol","player_choice":"Lose Max HP","floor":4.0,"gold_loss":0.0,"damage_taken":0.0,"relics_obtained":["Golden Idol"]}],"is_beta":false,"boss_relics":[],"items_purged_floors":[],"is_endless":false,"potions_floor_spawned":[6,14],"killed_by":"Hexaghost","ascension_level":20}}