{"host":"ixl9a8gzl87gveif","time":1607560949,"event":{"gold_per_floor":[113,113,126,76,76,102,102,113,113,123,123,158,5,37,37,133,133,144,159,170,170,189,189,209,209,209,224,224,224,149,166,166,267,267,277,1276,1186,182,197,197,197,197],"floor_reached":41,"playtime":1298,"items_purged":["Defend_P","Normality"],"score":564,"play_id":"e3769fde-f409-42de-a4cc-020235e4074e","local_time":"20201210004229","is_ascension_mode":true,"campfire_choices":[{"data":"Devotion","floor":7.0,"key":"SMITH"},{"floor":11.0,"key":"REST"},{"floor":15.0,"key":"REST"},{"floor":23.0,"key":"REST"},{"data":"Consecrate","floor":28.0,"key":"SMITH"},{"floor":32.0,"key":"REST"},{"floor":40,"key":"REST"}],"neow_cost":"TEN_PERCENT_HP_LOSS","seed_source_timestamp":373440338471900,"circlet_count":0,"master_deck":["Eruption","Vigilance","Devotion+1","Consecrate+1","EmptyFist","ThirdEye","CrushJoints","Fasting2","Prostrate","WheelKick","Dramatic Entrance","Vault","Evaluate+1","Protect+1","A Thousand Cuts+1","Bite","Bite","Bite+1","Bite","Bite","BattleHymn+1","MasterReality","Nirvana","Ragnarok","BattleHymn","BowlingBash+1","Brilliance","Panacea","Violence","LikeWater","Prostrate+1"],"special_seed":0,"relics":["PureWater","Question Card","Damaru","TeardropLocket","MawBank","Incense Burner","VioletLotus","Yang","Pandora\u0027s Box","Pantograph"],"potions_floor_usage":[],"damage_taken":[{"damage":1.0,"enemies":"Small Slimes","floor":1.0,"turns":3.0},{"damage":4.0,"enemies":"Jaw Worm","floor":3.0,"turns":3.0},{"damage":24.0,"enemies":"Gremlin Nob","floor":6.0,"turns":4.0},{"damage":0.0,"enemies":"Cultist","floor":8.0,"turns":3.0},{"damage":13.0,"enemies":"Lots of Slimes","floor":10.0,"turns":3.0},{"damage":4.0,"enemies":"3 Sentries","floor":12.0,"turns":6.0},{"damage":11.0,"enemies":"Lagavulin","floor":14.0,"turns":5.0},{"damage":7.0,"enemies":"Hexaghost","floor":16.0,"turns":9.0},{"damage":0.0,"enemies":"Chosen","floor":18.0,"turns":4.0},{"damage":14.0,"enemies":"Shell Parasite","floor":19.0,"turns":6.0},{"damage":28.0,"enemies":"Snecko","floor":20.0,"turns":4.0},{"damage":0.0,"enemies":"Sentry and Sphere","floor":22.0,"turns":4.0},{"damage":4.0,"enemies":"Shelled Parasite and Fungi","floor":24.0,"turns":5.0},{"damage":1.0,"enemies":"Centurion and Healer","floor":27.0,"turns":5.0},{"damage":10.0,"enemies":"Sentry and Sphere","floor":31.0,"turns":5.0},{"damage":10.0,"enemies":"Collector","floor":33.0,"turns":5.0},{"damage":33,"enemies":"3 Darklings","floor":35,"turns":6},{"damage":13,"enemies":"Orb Walker","floor":39,"turns":4},{"damage":24,"enemies":"Sphere and 2 Shapes","floor":41,"turns":1}],"seed_played":"-1379859331386650011","potions_obtained":[{"floor":6.0,"key":"AttackPotion"},{"floor":8.0,"key":"StancePotion"},{"floor":12.0,"key":"FearPotion"},{"floor":14.0,"key":"Block Potion"},{"floor":24.0,"key":"DistilledChaos"},{"floor":35,"key":"AttackPotion"}],"is_trial":false,"path_per_floor":["M","?","M","?","T","E","R","M","T","M","R","E","$","E","R","B",null,"M","M","M","?","M","R","M","?","T","M","R","?","$","M","R","B",null,"M","?","?","$","M","R","M"],"character_chosen":"WATCHER","items_purchased":["WheelKick","Dramatic Entrance","Pantograph","Brilliance","Panacea","Violence","LikeWater","CultistPotion","Block Potion"],"campfire_rested":5,"item_purchase_floors":[13,13,38,38,38,38,38,38,38],"current_hp_per_floor":[64,51,47,47,47,23,23,23,23,10,29,25,25,14,33,26,55,55,41,13,13,13,32,28,28,28,35,35,29,29,29,42,36,43,14,14,14,14,3,16,0,0],"gold":197,"neow_bonus":"THREE_RARE_CARDS","is_prod":false,"is_daily":false,"chose_seed":false,"campfire_upgraded":2,"win_rate":0,"timestamp":1607560949,"path_taken":["M","?","M","?","?","E","R","?","T","?","R","E","$","E","R","BOSS","M","M","M","?","M","R","M","?","T","M","R","?","$","?","R","BOSS","M","?","?","$","?","R","M"],"build_version":"2020-11-30","purchased_purges":2,"victory":false,"max_hp_per_floor":[65,65,65,65,65,65,65,65,65,65,65,65,65,65,65,65,65,65,65,65,65,65,65,65,45,45,45,45,45,45,45,45,45,45,45,45,45,45,45,45,45,45],"relic_stats":{"counters":[19,85],"Pantograph":0,"Yang":[53],"Pandora\u0027s Box":["Nirvana","Ragnarok","BattleHymn"],"VioletLotus":[10],"Question Card":16,"MawBank":12,"obtain_stats":[{"Pantograph":38,"Damaru":6,"Yang":26,"Pandora\u0027s Box":34,"VioletLotus":17,"Incense Burner":14,"TeardropLocket":9,"PureWater":0,"Question Card":5,"MawBank":12},{"Pantograph":17,"Damaru":3,"Yang":13,"Pandora\u0027s Box":16,"VioletLotus":8,"Incense Burner":7,"TeardropLocket":4,"PureWater":0,"Question Card":2,"MawBank":6},{"Pantograph":80,"Damaru":10,"Yang":59,"Pandora\u0027s Box":74,"VioletLotus":36,"Incense Burner":27,"TeardropLocket":13,"PureWater":0,"Question Card":6,"MawBank":22}]},"card_choices":[{"not_picked":["LessonLearned","Blasphemy"],"picked":"Devotion","floor":0.0},{"not_picked":["BowlingBash","Nirvana"],"picked":"Consecrate","floor":1.0},{"not_picked":["Halt","Sanctity"],"picked":"EmptyFist","floor":3.0},{"not_picked":["Halt","Adaptation","Consecrate"],"picked":"ThirdEye","floor":6.0},{"not_picked":["Indignation","SandsOfTime","EmptyFist"],"picked":"CrushJoints","floor":8.0},{"not_picked":["Halt","EmptyBody","Prostrate"],"picked":"Fasting2","floor":10.0},{"not_picked":["ConjureBlade","Perseverance","Crescendo"],"picked":"Prostrate","floor":12.0},{"not_picked":["Crescendo","EmptyFist","PathToVictory","Fasting2"],"picked":"SKIP","floor":14.0},{"not_picked":["Devotion","MasterReality","Judgement"],"picked":"Vault","floor":16.0},{"not_picked":["Prostrate","Weave","JustLucky","ClearTheMind"],"picked":"SKIP","floor":18.0},{"not_picked":["EmptyFist+1","Wireheading","LikeWater"],"picked":"Evaluate+1","floor":19.0},{"not_picked":["Halt","SashWhip","Alpha"],"picked":"Protect+1","floor":20.0},{"not_picked":["WaveOfTheHand","EmptyFist+1","Prostrate","Adaptation+1"],"picked":"SKIP","floor":22.0},{"not_picked":["Study","BowlingBash","CrushJoints","ClearTheMind+1"],"picked":"SKIP","floor":24.0},{"not_picked":["SashWhip","FearNoEvil","InnerPeace+1","FollowUp"],"picked":"SKIP","floor":27.0},{"not_picked":["Crescendo","EmptyBody","Pray"],"picked":"BattleHymn+1","floor":31.0},{"not_picked":["Wish","SpiritShield","Blasphemy"],"picked":"MasterReality","floor":33.0},{"not_picked":["Crescendo","EmptyFist+1","BowlingBash+1","CrushJoints+1"],"picked":"SKIP","floor":35},{"not_picked":["Crescendo","EmptyFist+1","CrushJoints+1"],"picked":"BowlingBash+1","floor":35},{"not_picked":["Collect+1","WindmillStrike+1","Evaluate+1"],"picked":"Prostrate+1","floor":39}],"player_experience":342358,"relics_obtained":[{"floor":5.0,"key":"Question Card"},{"floor":6.0,"key":"Damaru"},{"floor":9.0,"key":"TeardropLocket"},{"floor":12.0,"key":"MawBank"},{"floor":14.0,"key":"Incense Burner"},{"floor":26.0,"key":"Yang"}],"event_choices":[{"damage_healed":0.0,"max_hp_gain":0.0,"max_hp_loss":0.0,"gold_gain":0.0,"event_name":"Shining Light","player_choice":"Entered Light","floor":2.0,"gold_loss":0.0,"damage_taken":13.0,"cards_upgraded":["Defend_P","Strike_P"]},{"cards_removed":["Strike_P"],"damage_healed":0.0,"max_hp_gain":0.0,"max_hp_loss":0.0,"gold_gain":0.0,"event_name":"The Cleric","player_choice":"Card Removal","floor":4.0,"gold_loss":50.0,"damage_taken":0.0},{"cards_removed":["Fasting2"],"damage_healed":0.0,"max_hp_gain":0.0,"max_hp_loss":0.0,"gold_gain":0.0,"event_name":"betterNote:BetterNote","player_choice":"Take \u0026 Give","floor":21.0,"gold_loss":0.0,"damage_taken":0.0,"cards_obtained":["A Thousand Cuts"]},{"damage_healed":0.0,"max_hp_gain":0.0,"max_hp_loss":20.0,"gold_gain":0.0,"event_name":"Vampires","player_choice":"Became a vampire","floor":25.0,"gold_loss":0.0,"damage_taken":0.0,"cards_obtained":["Bite","Bite","Bite","Bite","Bite"]},{"damage_healed":0.0,"max_hp_gain":0.0,"max_hp_loss":0.0,"gold_gain":0.0,"event_name":"Knowing Skull","player_choice":"","floor":29.0,"potions_obtained":[],"gold_loss":0.0,"damage_taken":6.0,"cards_obtained":[]},{"damage_healed":0,"gold_gain":999,"player_choice":"Gold","damage_taken":0,"max_hp_gain":0,"max_hp_loss":0,"event_name":"MindBloom","floor":36,"gold_loss":0,"cards_obtained":["Normality","Normality"]},{"cards_removed":["Normality"],"damage_healed":0,"gold_gain":0,"player_choice":"Upgrade and Remove","damage_taken":0,"max_hp_gain":0,"max_hp_loss":0,"event_name":"Designer","floor":37,"gold_loss":90,"cards_upgraded":["Bite"]}],"is_beta":false,"boss_relics":[{"not_picked":["Snecko Eye","Ectoplasm"],"picked":"VioletLotus"},{"not_picked":["Coffee Dripper","Sozu"],"picked":"Pandora\u0027s Box"}],"items_purged_floors":[30,38],"is_endless":false,"potions_floor_spawned":[6,8,12,14,20,24,27,35],"killed_by":"Sphere and 2 Shapes","ascension_level":5}}