{"host":"4od3vimf955filln","time":1607608357,"event":{"gold_per_floor":[364,375,388,90,108,108,135,196,222,187,213,227,227,240,240,340,340,357,357,58,76,88,88,88,88,113,38,38,51,51,51],"floor_reached":30,"playtime":1251,"items_purged":["Doubt","Defend_B"],"score":265,"play_id":"b4b57e3f-9d36-4c36-badc-4c3cd5b49001","local_time":"20201210135237","is_ascension_mode":false,"campfire_choices":[{"data":"Streamline","floor":6.0,"key":"SMITH"},{"data":"Consume","floor":13.0,"key":"SMITH"},{"floor":15.0,"key":"REST"},{"floor":23,"key":"REST"},{"data":"Loop","floor":25,"key":"SMITH"}],"neow_cost":"CURSE","seed_source_timestamp":23910171222800,"circlet_count":0,"master_deck":["Defend_B","Defend_B","Zap","Dualcast","Conserve Battery","Go for the Eyes","Streamline+1","Redo","Conserve Battery","Hologram","Consume+1","BootSequence","Ball Lightning","Streamline","Buffer","Hologram","Lockon","Rainbow","Ball Lightning","Coolheaded","Loop+1","Buffer","Bite","Bite","Bite","Bite","Bite","Glacier"],"special_seed":0,"relics":["Cracked Core","ClockworkSouvenir","Whetstone","Bronze Scales","Dream Catcher","White Beast Statue","Runic Pyramid","Centennial Puzzle","Potion Belt"],"potions_floor_usage":[22,26],"damage_taken":[{"damage":1.0,"enemies":"Cultist","floor":1.0,"turns":3.0},{"damage":0.0,"enemies":"Small Slimes","floor":2.0,"turns":2.0},{"damage":0.0,"enemies":"2 Louse","floor":3.0,"turns":2.0},{"damage":5.0,"enemies":"Blue Slaver","floor":5.0,"turns":3.0},{"damage":26.0,"enemies":"Gremlin Nob","floor":7.0,"turns":5.0},{"damage":8.0,"enemies":"Lagavulin Event","floor":8.0,"turns":5.0},{"damage":13.0,"enemies":"3 Sentries","floor":11.0,"turns":6.0},{"damage":6.0,"enemies":"Exordium Wildlife","floor":12.0,"turns":4.0},{"damage":0.0,"enemies":"2 Fungi Beasts","floor":14.0,"turns":2.0},{"damage":13.0,"enemies":"Slime Boss","floor":16.0,"turns":8.0},{"damage":22,"enemies":"2 Thieves","floor":18,"turns":3},{"damage":10,"enemies":"Shell Parasite","floor":21,"turns":3},{"damage":21,"enemies":"Snake Plant","floor":22,"turns":3},{"damage":20,"enemies":"Sentry and Sphere","floor":29,"turns":4},{"damage":36,"enemies":"3 Cultists","floor":30,"turns":5}],"seed_played":"-6602708100792745093","potions_obtained":[{"floor":3.0,"key":"Fire Potion"},{"floor":5.0,"key":"DistilledChaos"},{"floor":8.0,"key":"Swift Potion"},{"floor":12.0,"key":"EntropicBrew"},{"floor":16.0,"key":"GamblersBrew"},{"floor":22,"key":"SpeedPotion"},{"floor":29,"key":"PotionOfCapacity"}],"is_trial":false,"path_per_floor":["M","M","M","$","M","R","E","?","T","?","E","M","R","M","R","B",null,"M","?","$","M","M","R","?","R","T","?","?","M","M"],"character_chosen":"DEFECT","items_purchased":["Streamline","Redo","ClockworkSouvenir","Centennial Puzzle","Ball Lightning"],"campfire_rested":2,"item_purchase_floors":[4,4,4,20,20],"current_hp_per_floor":[74,74,74,74,69,69,43,35,35,53,40,34,34,34,56,43,75,53,53,53,43,22,44,44,44,44,44,44,28,0,0],"gold":51,"neow_bonus":"TWO_FIFTY_GOLD","is_prod":false,"is_daily":false,"chose_seed":false,"campfire_upgraded":3,"win_rate":0.0,"timestamp":1607608357,"path_taken":["M","?","M","$","?","R","E","?","T","?","E","M","R","M","R","BOSS","M","?","$","M","M","R","?","R","T","?","?","M","M"],"build_version":"2020-11-30","purchased_purges":2,"victory":false,"max_hp_per_floor":[75,75,75,75,75,75,75,75,75,75,75,75,75,75,75,75,75,75,75,75,75,75,75,75,75,75,75,52,52,52,52],"relic_stats":{"Dream Catcher":2,"Centennial Puzzle":[12],"counters":[15,58],"Bronze Scales":[105],"Whetstone":["Strike_B","Strike_B"],"obtain_stats":[{"Potion Belt":26,"Dream Catcher":9,"Centennial Puzzle":20,"Bronze Scales":8,"Whetstone":7,"Cracked Core":0,"White Beast Statue":11,"ClockworkSouvenir":4,"Runic Pyramid":17},{"Potion Belt":13,"Dream Catcher":6,"Centennial Puzzle":11,"Bronze Scales":6,"Whetstone":5,"Cracked Core":0,"White Beast Statue":7,"ClockworkSouvenir":3,"Runic Pyramid":10},{"Potion Belt":49,"Dream Catcher":20,"Centennial Puzzle":43,"Bronze Scales":20,"Whetstone":15,"Cracked Core":0,"White Beast Statue":26,"ClockworkSouvenir":7,"Runic Pyramid":40}]},"card_choices":[{"not_picked":["Steam Power","Aggregate"],"picked":"Conserve Battery","floor":1.0},{"not_picked":["Redo","Hello World"],"picked":"Go for the Eyes","floor":2.0},{"not_picked":["Steam","Chaos","Force Field"],"picked":"SKIP","floor":3.0},{"not_picked":["Steam","Redo"],"picked":"Conserve Battery","floor":5.0},{"not_picked":["Fission","Beam Cell"],"picked":"Hologram","floor":7.0},{"not_picked":["Sweeping Beam","Double Energy"],"picked":"Consume","floor":8.0},{"not_picked":["Go for the Eyes","Steam"],"picked":"Consume","floor":11.0},{"not_picked":["Darkness","Stack"],"picked":"BootSequence","floor":12.0},{"not_picked":["Compile Driver","Gash"],"picked":"Ball Lightning","floor":14.0},{"not_picked":["Conserve Battery","Redo"],"picked":"Streamline","floor":15.0},{"not_picked":["Fission","Thunder Strike"],"picked":"Buffer","floor":16.0},{"not_picked":["FTL","Barrage"],"picked":"Hologram","floor":18},{"not_picked":["Stack+1","Reinforced Body"],"picked":"Coolheaded","floor":21},{"not_picked":["Aggregate+1","Consume+1"],"picked":"Loop","floor":22},{"not_picked":["Go for the Eyes","Streamline+1"],"picked":"Buffer","floor":23},{"not_picked":["Sweeping Beam","Leap"],"picked":"Glacier","floor":29}],"player_experience":5777,"relics_obtained":[{"floor":7.0,"key":"Whetstone"},{"floor":8.0,"key":"Bronze Scales"},{"floor":9.0,"key":"Dream Catcher"},{"floor":11.0,"key":"White Beast Statue"},{"floor":26,"key":"Potion Belt"}],"event_choices":[{"damage_healed":0.0,"max_hp_gain":0.0,"max_hp_loss":0.0,"gold_gain":30.0,"event_name":"Dead Adventurer","player_choice":"Searched \u00273\u0027 times","floor":8.0,"gold_loss":0.0,"damage_taken":0.0},{"damage_healed":18.0,"max_hp_gain":0.0,"max_hp_loss":0.0,"gold_gain":0.0,"event_name":"The Cleric","player_choice":"Healed","floor":10.0,"gold_loss":35.0,"damage_taken":0.0},{"damage_healed":0,"gold_gain":0,"cards_transformed":["Strike_B","Defend_B"],"player_choice":"Became Test Subject","damage_taken":0,"max_hp_gain":0,"max_hp_loss":0,"event_name":"Drug Dealer","floor":19,"gold_loss":0,"cards_obtained":["Lockon","Rainbow"]},{"cards_removed":["Consume"],"damage_healed":0,"gold_gain":0,"player_choice":"Elegance","damage_taken":0,"max_hp_gain":0,"max_hp_loss":0,"event_name":"Back to Basics","floor":24,"gold_loss":0},{"cards_removed":["Strike_B"],"damage_healed":0,"gold_gain":0,"player_choice":"Gave Gold","damage_taken":0,"max_hp_gain":0,"max_hp_loss":0,"event_name":"Beggar","floor":27,"gold_loss":75},{"damage_healed":0,"gold_gain":0,"player_choice":"Became a vampire","damage_taken":0,"max_hp_gain":0,"max_hp_loss":23,"event_name":"Vampires","floor":28,"gold_loss":0,"cards_obtained":["Bite","Bite","Bite","Bite","Bite"]}],"is_beta":false,"boss_relics":[{"not_picked":["Empty Cage","Runic Dome"],"picked":"Runic Pyramid"}],"items_purged_floors":[4,20],"is_endless":false,"potions_floor_spawned":[3,5,8,11,12,14,16,18,21,22,29],"killed_by":"3 Cultists","ascension_level":0}}