{"host":"iirf6tm60n5v4e3j","time":1607591877,"event":{"gold_per_floor":[114,114,1,11,29,64,64,75,121,89,189,189,204,218,218,218,218],"floor_reached":16,"playtime":749,"items_purged":["Koishi:BasicStrike"],"score":173,"play_id":"d19300c0-9140-43e4-b282-e63d802d3cdb","local_time":"20201210011757","is_ascension_mode":true,"campfire_choices":[{"floor":7,"key":"REST"},{"data":"Koishi:HeartfeltFancy","floor":12,"key":"SMITH"},{"floor":15,"key":"REST"}],"neow_cost":"NONE","seed_source_timestamp":51129542675891,"circlet_count":0,"master_deck":["AscendersBane","Koishi:BasicStrike+1","Koishi:BasicStrike+1","Koishi:BasicDefend","Koishi:BasicDefend","Koishi:BasicDefend","Koishi:BasicDefend","Koishi:Provoke+1","Koishi:HauntingSlash","Koishi:HeartfeltFancy+1","Koishi:FidgetySnatcher","Koishi:PhilosophyOfTheDespised","Koishi:DreadfulBlow","Koishi:BramblyRoseGarden","Koishi:RacingHeart","Koishi:FleetingPhantom"],"relics":["Koishi:ImaginaryFriend","NeowsBlessing","Mummified Hand","Whetstone"],"potions_floor_usage":[16],"damage_taken":[{"damage":0,"enemies":"2 Louse","floor":1,"turns":2},{"damage":0,"enemies":"Small Slimes","floor":4,"turns":2},{"damage":0,"enemies":"Cultist","floor":5,"turns":1},{"damage":43,"enemies":"3 Sentries","floor":6,"turns":10},{"damage":10,"enemies":"Large Slime","floor":8,"turns":8},{"damage":6,"enemies":"Looter","floor":13,"turns":4},{"damage":3,"enemies":"2 Fungi Beasts","floor":14,"turns":4},{"damage":29,"enemies":"The Guardian","floor":16,"turns":6}],"seed_played":"-1081753161983461033","potions_obtained":[{"floor":8,"key":"SkillPotion"},{"floor":13,"key":"LiquidBronze"},{"floor":14,"key":"Energy Potion"}],"is_trial":false,"path_per_floor":["M","?","$","M","M","E","R","M","T","?","?","R","M","M","R","B"],"character_chosen":"KOISHI","items_purchased":["Koishi:FidgetySnatcher"],"campfire_rested":2,"item_purchase_floors":[3],"current_hp_per_floor":[51,46,46,46,46,6,23,15,15,15,15,15,11,12,29,0,0],"gold":218,"neow_bonus":"THREE_ENEMY_KILL","is_prod":false,"is_daily":false,"chose_seed":false,"campfire_upgraded":1,"win_rate":0,"timestamp":1607591877,"path_taken":["M","?","$","M","M","E","R","M","T","?","?","R","?","M","R","BOSS"],"build_version":"2020-11-30","purchased_purges":1,"victory":false,"max_hp_per_floor":[57,57,57,57,57,57,57,57,57,57,57,57,57,57,57,57,57],"card_choices":[{"not_picked":["Koishi:JumpScare","Koishi:TremblingHands"],"picked":"Koishi:HeartfeltFancy","floor":1},{"not_picked":["Koishi:PhantomStrike","Koishi:Jaunt"],"picked":"Koishi:PhilosophyOfTheDespised","floor":4},{"not_picked":["Koishi:Jaunt","Koishi:Possession"],"picked":"Koishi:DreadfulBlow","floor":5},{"not_picked":["Koishi:MindStellarRelief","Koishi:MassHysteria"],"picked":"Koishi:BramblyRoseGarden","floor":6},{"not_picked":["Koishi:SprinkleStarAndHeart","Koishi:UnansweredLove","Koishi:JumpScare"],"picked":"SKIP","floor":8},{"not_picked":["Koishi:CatchAndRose","Koishi:Prune"],"picked":"Koishi:RacingHeart","floor":13},{"not_picked":["Koishi:UnconsciousUprising","Koishi:JumpScare"],"picked":"Koishi:FleetingPhantom","floor":14}],"player_experience":287806,"relics_obtained":[{"floor":6,"key":"Mummified Hand"},{"floor":9,"key":"Whetstone"}],"event_choices":[{"damage_healed":0,"gold_gain":0,"player_choice":"Left Gold","damage_taken":0,"max_hp_gain":0,"max_hp_loss":0,"event_name":"World of Goop","floor":10,"gold_loss":32},{"damage_healed":0,"gold_gain":100,"player_choice":"Gold","damage_taken":0,"max_hp_gain":0,"max_hp_loss":0,"event_name":"Wheel of Change","floor":11,"gold_loss":0}],"is_beta":false,"boss_relics":[],"items_purged_floors":[3],"is_endless":false,"potions_floor_spawned":[8,13,14],"killed_by":"The Guardian","ascension_level":14}}