{"host":"11k7wo0zmp5ji9sn","time":1607614707,"event":{"mods":["BaseMod","Colored Map","StSLib","Highlight Path","Permanent Neow","2.2 Compatiblity","AchievementEnabler","Minty Spire (QoL Compilation)","Hermit"],"gold_per_floor":[119,137,206,220,234,263,263,263,310,310,310,337,337,356,356,456,456,467,479,181,191,211,211,237,237,237,237,248,248,248,276,276,374,374,385,385,400,260,279,279,309,320,320,0,0,0,25,44,44,44],"floor_reached":51,"playtime":1816,"items_purged":["hermit:Strike_Hermit","hermit:Defend_Hermit"],"score":817,"play_id":"3888116f-1275-4ed0-82db-23b2c3fe8741","local_time":"20201210223827","is_ascension_mode":true,"campfire_choices":[{"floor":8.0,"key":"REST"},{"data":"hermit:Malice","floor":10.0,"key":"SMITH"},{"data":"hermit:Snapshot","floor":13.0,"key":"SMITH"},{"data":"hermit:Dive","floor":15.0,"key":"SMITH"},{"data":"hermit:FlashPowder","floor":23.0,"key":"SMITH"},{"data":"hermit:WideOpen","floor":25.0,"key":"SMITH"},{"data":"hermit:HeroicBravado","floor":30.0,"key":"SMITH"},{"data":"hermit:Grudge","floor":32.0,"key":"SMITH"},{"floor":40,"key":"REST"},{"data":"hermit:FlashPowder","floor":45,"key":"SMITH"},{"data":"hermit:Magnum","floor":49,"key":"SMITH"}],"circlet_count":0,"master_deck":["hermit:Strike_Hermit+1","hermit:Strike_Hermit+1","hermit:Strike_Hermit+1","hermit:Defend_Hermit","hermit:Defend_Hermit","hermit:Defend_Hermit","hermit:Snapshot+1","hermit:Covet","hermit:HeroicBravado+1","hermit:Grudge+1","hermit:Malice+1","hermit:Desperado+1","hermit:Dive+1","hermit:Roughhouse","Decay","hermit:Feint","hermit:Misfire","hermit:Gambit","hermit:FlashPowder+1","hermit:TrackingShot+1","hermit:Determination","hermit:Coalescence+1","hermit:WideOpen+1","Decay","hermit:Vantage+1","hermit:FatalDesire+1","hermit:Magnum+1","hermit:HoleUp+1","hermit:TrackingShot","hermit:BlackWind","hermit:ShadowCloak+1","hermit:FlashPowder+1","hermit:Roulette+1"],"special_seed":0,"relics":["hermit:Momento","Pantograph","Akabeko","Bag of Marbles","Velvet Choker","Pen Nib","Whetstone","Frozen Egg 2","Vajra","Cursed Key","Molten Egg 2","Unceasing Top","Red Mask","Bag of Preparation"],"acts_visited":["TheBeyond"],"potions_floor_usage":[33,35,39,41],"damage_taken":[{"damage":0.0,"enemies":"Cultist","floor":1.0,"turns":4.0},{"damage":0.0,"enemies":"2 Louse","floor":2.0,"turns":2.0},{"damage":0.0,"enemies":"Small Slimes","floor":4.0,"turns":3.0},{"damage":4.0,"enemies":"Gremlin Gang","floor":5.0,"turns":5.0},{"damage":46.0,"enemies":"Lagavulin","floor":6.0,"turns":7.0},{"damage":8.0,"enemies":"3 Sentries","floor":12.0,"turns":5.0},{"damage":0.0,"enemies":"Blue Slaver","floor":14.0,"turns":2.0},{"damage":17.0,"enemies":"The Guardian","floor":16.0,"turns":11.0},{"damage":0.0,"enemies":"Chosen","floor":18.0,"turns":3.0},{"damage":10.0,"enemies":"2 Thieves","floor":19.0,"turns":4.0},{"damage":5.0,"enemies":"Centurion and Healer","floor":21.0,"turns":5.0},{"damage":3.0,"enemies":"Cultist and Chosen","floor":22.0,"turns":4.0},{"damage":22.0,"enemies":"Book of Stabbing","floor":24.0,"turns":5.0},{"damage":8.0,"enemies":"Snecko","floor":28.0,"turns":3.0},{"damage":4.0,"enemies":"Slavers","floor":31.0,"turns":4.0},{"damage":34,"enemies":"Automaton","floor":33,"turns":8},{"damage":17,"enemies":"3 Darklings","floor":35,"turns":3},{"damage":12,"enemies":"3 Shapes","floor":37,"turns":1},{"damage":26,"enemies":"Sphere and 2 Shapes","floor":39,"turns":3},{"damage":10,"enemies":"Giant Head","floor":41,"turns":7},{"damage":0,"enemies":"3 Darklings","floor":42,"turns":3},{"damage":0,"enemies":"Reptomancer","floor":47,"turns":6},{"damage":0,"enemies":"Maw","floor":48,"turns":5},{"damage":18,"enemies":"Time Eater","floor":50,"turns":9}],"seed_played":"-3553208533486629206","potions_obtained":[{"floor":1.0,"key":"BlessingOfTheForge"},{"floor":6.0,"key":"AttackPotion"},{"floor":12.0,"key":"ColorlessPotion"},{"floor":19.0,"key":"Strength Potion"},{"floor":24.0,"key":"Energy Potion"},{"floor":31.0,"key":"Explosive Potion"},{"floor":37,"key":"AttackPotion"},{"floor":39,"key":"SneckoOil"},{"floor":42,"key":"Swift Potion"}],"is_trial":false,"path_per_floor":["M","M","?","M","M","E","?","R","T","R","?","E","R","M","R","B",null,"M","M","$","M","M","R","E","R","T","?","M","?","R","E","R","B",null,"M","?","M","$","M","R","E","M","T","?","R","?","E","M","R","B",null],"character_chosen":"HERMIT","items_purchased":["Pen Nib","hermit:Determination","hermit:ShadowCloak+1"],"campfire_rested":2,"item_purchase_floors":[20,20,38],"current_hp_per_floor":[75,75,75,75,71,25,10,32,32,32,32,24,24,24,24,32,75,75,65,65,60,57,57,35,35,35,35,27,52,52,48,48,39,75,58,58,46,46,20,42,32,32,32,32,32,32,32,32,32,39],"gold":44,"neow_bonus":"ONE_RANDOM_RARE_CARD","is_daily":false,"chose_seed":false,"campfire_upgraded":9,"win_rate":0,"timestamp":1607614707,"path_taken":["M","M","?","M","M","E","?","R","T","R","?","E","R","M","R","BOSS","M","?","$","M","M","R","E","R","T","?","M","?","R","E","R","BOSS","M","?","?","$","M","R","E","M","T","?","R","?","E","?","R","BOSS"],"build_version":"2020-11-30","purchased_purges":2,"victory":true,"max_hp_per_floor":[75,75,75,75,75,75,75,75,75,75,75,75,75,75,75,75,75,75,75,75,75,75,75,75,75,75,75,75,75,75,75,75,75,75,75,75,75,75,75,75,75,75,75,75,75,75,75,75,75,75],"card_choices":[{"not_picked":["hermit:Spite","hermit:BodyArmor"],"picked":"hermit:Grudge","floor":1.0},{"not_picked":["hermit:TrackingShot","hermit:Scavenge"],"picked":"hermit:Malice","floor":2.0},{"not_picked":["hermit:Horror","hermit:FlashPowder"],"picked":"hermit:Desperado","floor":4.0},{"not_picked":["hermit:Ricochet","hermit:ItchyTrigger"],"picked":"hermit:Dive","floor":5.0},{"not_picked":["hermit:SprayPray","hermit:ShadowCloak"],"picked":"hermit:Roughhouse","floor":6.0},{"not_picked":["hermit:CalledShot","hermit:Roughhouse"],"picked":"hermit:Feint","floor":12.0},{"not_picked":["hermit:CalledShot","hermit:Dive"],"picked":"hermit:Misfire","floor":14.0},{"not_picked":["hermit:Reprieve","hermit:FinalCanter"],"picked":"hermit:Gambit","floor":16.0},{"not_picked":["hermit:CursedWeapon","hermit:Combo"],"picked":"hermit:FlashPowder","floor":18.0},{"not_picked":["hermit:BodyArmor","hermit:Dive"],"picked":"hermit:TrackingShot+1","floor":19.0},{"not_picked":["hermit:ItchyTrigger","hermit:Snipe","hermit:Midnight"],"picked":"SKIP","floor":21.0},{"not_picked":["hermit:Dive","hermit:Cheat"],"picked":"hermit:Coalescence+1","floor":22.0},{"not_picked":["hermit:FlashPowder","hermit:Quickdraw"],"picked":"hermit:WideOpen","floor":24.0},{"not_picked":["hermit:Manifest","hermit:Misfire"],"picked":"hermit:Vantage+1","floor":28.0},{"not_picked":["hermit:Headshot","hermit:Ricochet"],"picked":"hermit:FatalDesire+1","floor":31.0},{"not_picked":["hermit:HighNoon+1","hermit:DeadOrAlive"],"picked":"hermit:Magnum","floor":33},{"not_picked":["hermit:Quickdraw+1","hermit:Deadeye"],"picked":"hermit:HoleUp+1","floor":35},{"not_picked":["hermit:Headshot+1","hermit:ItchyTrigger","hermit:Feint"],"picked":"SKIP","floor":37},{"not_picked":["hermit:Manifest+1","hermit:Feint+1","hermit:WideOpen"],"picked":"SKIP","floor":39},{"not_picked":["hermit:Deadeye+1","hermit:Headshot+1"],"picked":"hermit:FlashPowder","floor":41},{"not_picked":["hermit:Determination+1","hermit:ShadowCloak+1","hermit:Quickdraw+1"],"picked":"SKIP","floor":42},{"not_picked":["hermit:HighCaliber+1","hermit:PistolWhip+1"],"picked":"hermit:Roulette+1","floor":47},{"not_picked":["hermit:Quickdraw+1","hermit:Roulette+1","hermit:Spite+1"],"picked":"SKIP","floor":48}],"player_experience":590258,"relics_obtained":[{"floor":6.0,"key":"Pantograph"},{"floor":9.0,"key":"Akabeko"},{"floor":12.0,"key":"Bag of Marbles"},{"floor":24.0,"key":"Whetstone"},{"floor":26.0,"key":"Frozen Egg 2"},{"floor":31.0,"key":"Vajra"},{"floor":41,"key":"Molten Egg 2"},{"floor":43,"key":"Unceasing Top"},{"floor":47,"key":"Bag of Preparation"}],"event_choices":[{"damage_healed":0.0,"max_hp_gain":0.0,"max_hp_loss":0.0,"gold_gain":69.0,"event_name":"Golden Wing","player_choice":"Gained Gold","floor":3.0,"gold_loss":0.0,"damage_taken":0.0},{"damage_healed":0.0,"max_hp_gain":0.0,"max_hp_loss":0.0,"gold_gain":0.0,"event_name":"Shining Light","player_choice":"Entered Light","floor":7.0,"gold_loss":0.0,"damage_taken":15.0,"cards_upgraded":["hermit:Desperado","hermit:Strike_Hermit"]},{"damage_healed":0.0,"max_hp_gain":0.0,"max_hp_loss":0.0,"gold_gain":0.0,"event_name":"Wheel of Change","player_choice":"Cursed","floor":11.0,"gold_loss":0.0,"damage_taken":0.0,"cards_obtained":["Decay"]},{"damage_healed":0.0,"max_hp_gain":0.0,"max_hp_loss":0.0,"gold_gain":0.0,"event_name":"Forgotten Altar","player_choice":"Smashed Altar","floor":27.0,"gold_loss":0.0,"damage_taken":0.0,"cards_obtained":["Decay"]},{"damage_healed":25.0,"max_hp_gain":0.0,"max_hp_loss":0.0,"gold_gain":0.0,"event_name":"The Library","player_choice":"Heal","floor":29.0,"gold_loss":0.0,"damage_taken":0.0},{"damage_healed":0,"gold_gain":0,"player_choice":"2 cards matched","damage_taken":0,"max_hp_gain":0,"max_hp_loss":0,"event_name":"Match and Keep!","floor":36,"gold_loss":0,"cards_obtained":["hermit:TrackingShot","hermit:BlackWind"]},{"damage_healed":0,"gold_gain":0,"player_choice":"Paid","damage_taken":0,"relics_obtained":["Red Mask"],"max_hp_gain":0,"max_hp_loss":0,"event_name":"Tomb of Lord Red Mask","floor":44,"gold_loss":320},{"cards_removed":["Pain"],"damage_healed":0,"gold_gain":0,"player_choice":"Card Removal","damage_taken":0,"max_hp_gain":0,"max_hp_loss":0,"event_name":"Wheel of Change","floor":46,"gold_loss":0}],"is_beta":false,"boss_relics":[{"not_picked":["Ectoplasm","Empty Cage"],"picked":"Velvet Choker"},{"not_picked":["SacredBark","Fusion Hammer"],"picked":"Cursed Key"}],"items_purged_floors":[20,38],"is_endless":false,"potions_floor_spawned":[1,6,12,19,24,31,37,39,42],"ascension_level":1}}