{"host":"ocllwaoi18j60ltd","time":1607599422,"event":{"gold_per_floor":[117,132,147,164,164,164,164,164,187,203,220,238,238,238],"floor_reached":13,"playtime":232,"items_purged":[],"score":158,"play_id":"d6d4b071-6378-476f-ab24-c0fbceb5b58b","local_time":"20201210202342","is_ascension_mode":true,"campfire_choices":[{"data":"Terror","floor":6.0,"key":"SMITH"},{"data":"Choke","floor":8.0,"key":"SMITH"}],"neow_cost":"NONE","seed_source_timestamp":518442849347500,"circlet_count":0,"master_deck":["AscendersBane","Strike_G","Strike_G","Strike_G+1","Defend_G","Defend_G","Defend_G","Defend_G","Defend_G","Survivor","Neutralize+1","Terror+1","Choke+1","Backflip","Dagger Spray","Dodge and Roll","Acrobatics","PiercingWail","Corpse Explosion"],"special_seed":0,"relics":["Ring of the Snake","Whetstone"],"potions_floor_usage":[13],"damage_taken":[{"damage":0.0,"enemies":"2 Louse","floor":1.0,"turns":6.0},{"damage":1.0,"enemies":"Small Slimes","floor":2.0,"turns":3.0},{"damage":1.0,"enemies":"Cultist","floor":3.0,"turns":3.0},{"damage":3.0,"enemies":"3 Louse","floor":4.0,"turns":4.0},{"damage":2.0,"enemies":"Looter","floor":10.0,"turns":4.0},{"damage":11.0,"enemies":"Large Slime","floor":11.0,"turns":6.0},{"damage":22,"enemies":"Gremlin Gang","floor":12,"turns":3},{"damage":7,"enemies":"3 Sentries","floor":13,"turns":4}],"seed_played":"-7448798203796519062","potions_obtained":[{"floor":1.0,"key":"CultistPotion"},{"floor":2.0,"key":"Explosive Potion"},{"floor":10.0,"key":"EssenceOfSteel"}],"is_trial":false,"path_per_floor":["M","M","M","M","?","R","?","R","T","M","M","M","E"],"character_chosen":"THE_SILENT","items_purchased":[],"campfire_rested":0,"item_purchase_floors":[],"current_hp_per_floor":[59,58,57,54,47,47,47,47,47,45,34,12,5,5],"gold":238,"neow_bonus":"TRANSFORM_CARD","is_prod":false,"is_daily":false,"chose_seed":false,"campfire_upgraded":2,"win_rate":0,"timestamp":1607599422,"path_taken":["M","M","M","M","?","R","?","R","T","?","M","M","E"],"build_version":"2020-11-30","purchased_purges":0,"victory":false,"max_hp_per_floor":[66,66,66,66,66,66,66,66,66,66,66,66,66,66],"card_choices":[{"not_picked":["Acrobatics","Bane"],"picked":"Choke","floor":1.0},{"not_picked":["Deadly Poison","Backstab"],"picked":"Backflip","floor":2.0},{"not_picked":["Sucker Punch","Endless Agony"],"picked":"Dagger Spray","floor":3.0},{"not_picked":["Sucker Punch","Poisoned Stab"],"picked":"Dodge and Roll","floor":4.0},{"not_picked":["Predator","Reflex"],"picked":"PiercingWail","floor":10.0},{"not_picked":["Outmaneuver","Backstab"],"picked":"Corpse Explosion","floor":11.0},{"not_picked":["Expertise","PiercingWail","Slice"],"picked":"SKIP","floor":12}],"player_experience":814281,"relics_obtained":[{"floor":9.0,"key":"Whetstone"}],"event_choices":[{"cards_removed":["Strike_G"],"damage_healed":0.0,"max_hp_gain":0.0,"max_hp_loss":0.0,"gold_gain":0.0,"event_name":"Golden Wing","player_choice":"Card Removal","floor":5.0,"gold_loss":0.0,"damage_taken":7.0},{"damage_healed":0.0,"max_hp_gain":0.0,"max_hp_loss":0.0,"gold_gain":0.0,"event_name":"Match and Keep!","player_choice":"1 cards matched","floor":7.0,"gold_loss":0.0,"damage_taken":0.0,"cards_obtained":["Acrobatics"]}],"is_beta":false,"boss_relics":[],"items_purged_floors":[],"is_endless":false,"potions_floor_spawned":[1,2,10],"killed_by":"3 Sentries","ascension_level":20}}