{"host":"wbdldanbffix1hn8","time":1607589303,"event":{"gold_per_floor":[117,117,117,132,20,20,55,55,126,126,37,55,68,80,80,80,80],"floor_reached":16,"playtime":538,"items_purged":["Overencumbered"],"score":150,"play_id":"8dc9a50c-9dd8-4503-8059-e76a80566079","local_time":"20201210033503","is_ascension_mode":false,"campfire_choices":[{"data":"hermit:Determination","floor":6,"key":"SMITH"},{"floor":8,"key":"REST"},{"floor":10,"key":"REST"},{"data":"hermit:Brawl","floor":15,"key":"SMITH"}],"neow_cost":"","seed_source_timestamp":13699207526700,"circlet_count":0,"master_deck":["hermit:Strike_Hermit+1","hermit:Strike_Hermit","hermit:Strike_Hermit","hermit:Strike_Hermit","hermit:Defend_Hermit","hermit:Defend_Hermit","hermit:Defend_Hermit","hermit:Defend_Hermit","hermit:Snapshot+1","hermit:Covet","hermit:Determination+1","hermit:Malice","hermit:Brawl+1","Pommel Strike","hermit:Ricochet+1","Noxious Fumes","hermit:Determination","hermit:LowProfile","Consecrate","hermit:BodyArmor","theForsaken:SpreadingPlague"],"relics":["hermit:Momento","Whetstone","PrismaticShard","Replay:Baseball","Replay:WaspNest"],"potions_floor_usage":[16,16],"damage_taken":[{"damage":9,"enemies":"2 Louse","floor":1,"turns":3},{"damage":0,"enemies":"Small Slimes","floor":4,"turns":3},{"damage":28,"enemies":"Gremlin Nob","floor":7,"turns":4},{"damage":0,"enemies":"Cultist","floor":12,"turns":3},{"damage":6,"enemies":"Red Slaver","floor":13,"turns":3},{"damage":10,"enemies":"Looter","floor":14,"turns":3},{"damage":54,"enemies":"Slime Boss","floor":16,"turns":6}],"seed_played":"-3639613599887449579","potions_obtained":[{"floor":1,"key":"DuplicationPotion"},{"floor":4,"key":"Reflective Coating"}],"is_trial":false,"path_per_floor":["M","?","?","M","$","R","E","R","T","R","$","M","M","M","R","B"],"character_chosen":"HERMIT","items_purchased":["hermit:Determination","Whetstone","hermit:Malice","hermit:Ricochet+1","hermit:Determination","hermit:LowProfile"],"campfire_rested":2,"item_purchase_floors":[0,0,0,5,11,11],"current_hp_per_floor":[54,54,54,54,54,54,26,47,47,68,68,68,62,52,52,0,0],"gold":80,"neow_bonus":"","is_prod":false,"is_daily":false,"chose_seed":false,"campfire_upgraded":2,"win_rate":0.0,"timestamp":1607589303,"path_taken":["M","?","?","M","$","R","E","R","T","R","$","M","M","M","R","BOSS"],"build_version":"2020-11-30","purchased_purges":1,"victory":false,"max_hp_per_floor":[70,70,70,70,70,70,70,70,70,70,70,70,70,70,70,70,70],"card_choices":[{"not_picked":["hermit:HoleUp","hermit:DeadMansHand"],"picked":"hermit:Brawl","floor":1},{"not_picked":["sneckomod:QuickBite","hierophant:DisplayOfPower"],"picked":"Pommel Strike","floor":4},{"not_picked":["Guardian:AncientConstruct","Runesmith:RuneHurl"],"picked":"Noxious Fumes","floor":7},{"not_picked":["MadScienceMod:Redesign","somnambulantmod: LeechFears"],"picked":"Consecrate","floor":12},{"not_picked":["MadScienceMod:Lightbulb","BowlingBash"],"picked":"hermit:BodyArmor","floor":13},{"not_picked":["Acrobatics","Guardian:Gem_Green"],"picked":"theForsaken:SpreadingPlague","floor":14}],"player_experience":139854,"relics_obtained":[{"floor":7,"key":"Replay:Baseball"},{"floor":9,"key":"Replay:WaspNest"}],"event_choices":[{"damage_healed":0,"gold_gain":0,"player_choice":"Ignored","damage_taken":0,"max_hp_gain":0,"max_hp_loss":0,"event_name":"NoteForYourself","floor":3,"gold_loss":0}],"is_beta":false,"boss_relics":[],"items_purged_floors":[5],"is_endless":false,"potions_floor_spawned":[1,4],"killed_by":"Slime Boss","ascension_level":0}}