{"host":"jzzkeuxhtt2dt5zj","time":1607638431,"event":{"mods":["BaseMod","StSLib","Hubris","Minty Spire (QoL Compilation)","Replay The Spire","Googly Eyes","The Cursed","Better Third Choice","Dota2Spire","Infinite Spire","Spicy Shops","Shade Mod"],"gold_per_floor":[112,112,193,268,281,316,316,349,349,105,133,133,133,158,158,253,253,265,275,275,293,310,310,310,310],"floor_reached":24,"playtime":1218,"items_purged":["Strike_B+1"],"score":309,"play_id":"f2f2b6b8-7c0d-4ae7-8c68-0b3480c64ac1","local_time":"20201210171351","is_ascension_mode":true,"campfire_choices":[{"data":"Loop","floor":7.0,"key":"SMITH"},{"floor":13.0,"key":"REST"},{"data":"Zap","floor":15.0,"key":"SMITH"},{"floor":23,"key":"REST"}],"circlet_count":0,"master_deck":["Strike_B+1","Strike_B","Defend_B","Defend_B","Defend_B","Defend_B","Zap","Dualcast","hubris:PowerSurge+1","hubris:Wrath","Loop+1","Cold Snap","Sunder","Zap+1","BasicCrystalCard","hubris:Ssssneak","Buffer+1","Ball Lightning","Melter","infinitespire:UltimateForm"],"special_seed":0,"relics":["Cracked Core","NeowsBlessing","ReplayTheSpireMod:CursedCoin","hubris:Zylophone","Dota2Spire:ShivaGuard","hubris:RGBLights","hubris:OldNail","Whetstone","Nuclear Battery","Guide Book"],"acts_visited":["TheCity"],"potions_floor_usage":[19,24],"damage_taken":[{"damage":0.0,"enemies":"Jaw Worm","floor":1.0,"turns":1.0},{"damage":0.0,"enemies":"Small Slimes","floor":5.0,"turns":1.0},{"damage":0.0,"enemies":"Lagavulin","floor":6.0,"turns":1.0},{"damage":21.0,"enemies":"3 Sentries","floor":8.0,"turns":4.0},{"damage":8.0,"enemies":"Gremlin Nob","floor":11.0,"turns":3.0},{"damage":1.0,"enemies":"Replay:BlueRogue","floor":14.0,"turns":4.0},{"damage":24.0,"enemies":"Hexaghost","floor":16.0,"turns":7.0},{"damage":5.0,"enemies":"3 Byrds","floor":18.0,"turns":4.0},{"damage":12,"enemies":"Shell Parasite","floor":19,"turns":3},{"damage":10,"enemies":"Centurion and Healer","floor":21,"turns":5},{"damage":0,"enemies":"Sentry and Sphere","floor":22,"turns":3},{"damage":63,"enemies":"Gremlin Leader","floor":24,"turns":5}],"seed_played":"2133794612591526417","potions_obtained":[{"floor":6.0,"key":"Swift Potion"},{"floor":8.0,"key":"Weak Potion"},{"floor":11.0,"key":"Adrenaline Potion"},{"floor":18,"key":"SpeedPotion"},{"floor":22,"key":"PowerPotion"}],"is_trial":false,"path_per_floor":["M","?","$","?","M","E","R","E","T","$","E","?","R","E","R","B",null,"M","M","AVR","M","M","R","E"],"character_chosen":"DEFECT","items_purchased":["ReplayTheSpireMod:CursedCoin","Loop","hubris:RGBLights"],"campfire_rested":2,"item_purchase_floors":[3,3,10],"current_hp_per_floor":[75,75,75,68,68,68,68,47,47,47,39,39,61,60,60,36,65,60,48,48,38,38,60,0,0],"gold":310,"neow_bonus":"THREE_ENEMY_KILL","is_daily":false,"chose_seed":false,"campfire_upgraded":2,"win_rate":0,"timestamp":1607638431,"path_taken":["M","?","$","?","?","E","R","E","T","?","E","?","R","E","R","BOSS","M","M","AVR","M","M","R","E"],"build_version":"2020-11-30","purchased_purges":1,"victory":false,"max_hp_per_floor":[75,75,75,75,75,75,75,75,75,75,75,75,75,75,75,75,75,75,75,75,75,75,75,75,75],"card_choices":[{"not_picked":["Cold Snap","Tempest"],"picked":"hubris:PowerSurge","floor":1.0},{"not_picked":["Redo","Glacier"],"picked":"Cold Snap","floor":5.0},{"not_picked":["Go for the Eyes","Crystallizer","Recycle"],"picked":"SKIP","floor":6.0},{"not_picked":["Steam Power","Coolheaded","Scrape"],"picked":"SKIP","floor":8.0},{"not_picked":["Conserve Battery","Genetic Algorithm"],"picked":"Sunder","floor":11.0},{"not_picked":["Cold Snap","ReplayTheSpireMod:GoodbyeWorld","Gash"],"picked":"SKIP","floor":14.0},{"not_picked":["Rainbow","Hyperbeam"],"picked":"Buffer","floor":16.0},{"not_picked":["Go for the Eyes","Coolheaded"],"picked":"Ball Lightning","floor":18},{"not_picked":["BasicCrystalCard","Heatsinks"],"picked":"Melter","floor":19},{"not_picked":["FTL","Stack","Conserve Battery"],"picked":"SKIP","floor":21},{"not_picked":["Cold Snap+1","Barrage","Leap"],"picked":"SKIP","floor":22}],"player_experience":421560,"relics_obtained":[{"floor":6.0,"key":"hubris:Zylophone"},{"floor":8.0,"key":"Dota2Spire:ShivaGuard"},{"floor":11.0,"key":"hubris:OldNail"},{"floor":14.0,"key":"Whetstone"}],"event_choices":[{"damage_healed":0.0,"max_hp_gain":0.0,"max_hp_loss":0.0,"gold_gain":75.0,"event_name":"FaceTrader","player_choice":"Touch","floor":4.0,"gold_loss":0.0,"damage_taken":7.0},{"damage_healed":0.0,"max_hp_gain":0.0,"max_hp_loss":0.0,"gold_gain":0.0,"event_name":"Match and Keep!","player_choice":"3 cards matched","floor":12.0,"gold_loss":0.0,"damage_taken":0.0,"cards_obtained":["Zap","BasicCrystalCard","hubris:Ssssneak"]}],"is_beta":false,"boss_relics":[{"not_picked":["Tiny House","hubris:TerracottaHorce"],"picked":"Nuclear Battery"}],"items_purged_floors":[20],"is_endless":false,"potions_floor_spawned":[6,8,11,18,22],"killed_by":"Gremlin Leader","ascension_level":5}}