{"host":"d43m95u7l79th215","time":1607559252,"event":{"gold_per_floor":[113,126,20,70,70,70,99,99,99,111,127,146,180,195,195,298,298,314,328,328,343,283,283,283],"floor_reached":23,"playtime":1501,"items_purged":["DemoMod:Strike_Huntress"],"score":278,"play_id":"436f3d2b-17ff-4c21-81ab-34ea5f014951","local_time":"20201210011412","is_ascension_mode":false,"campfire_choices":[{"data":"DemoMod:CombinedRifle","floor":6,"key":"SMITH"},{"floor":8,"key":"REST"},{"floor":15,"key":"REST"}],"neow_cost":"NONE","seed_source_timestamp":647594148324200,"circlet_count":0,"master_deck":["DemoMod:Strike_Huntress","DemoMod:Defend_Huntress","DemoMod:Defend_Huntress","DemoMod:Defend_Huntress","DemoMod:Defend_Huntress","DemoMod:Roll","DemoMod:ManualReload","DemoMod:RustySidearm","DemoMod:CrossBow","DemoMod:TeaPot","DemoMod:JK47","DemoMod:HungryBullets+1","DemoMod:JK47","DemoMod:CombinedRifle+1","DemoMod:PotionOfGunFriendShip","DemoMod:ConditionalReflex","DemoMod:MegaHand+1","DemoMod:HungryBullets","DemoMod:TableSutra","DemoMod:BulletBore+1","DemoMod:GunslingerForm","DemoMod:BulletBore+1","DemoMod:MachoBrace","DemoMod:TableSutra","DemoMod:EasyReloadBullets+1"],"relics":["DemoMod:Dog","HushsDoor","NeowsBlessing","SatanicBible","vexMod:MemoryStick","GuppysTail","Matryoshka","The Courier","Molten Egg 2","vexMod:HeadHunter","hubris:HollowSoul"],"potions_floor_usage":[16,16,16,21],"damage_taken":[{"damage":0,"enemies":"Cultist","floor":1,"turns":1},{"damage":0,"enemies":"Jaw Worm","floor":2,"turns":1},{"damage":0,"enemies":"Hiden Room Battle","floor":4,"turns":1},{"damage":22,"enemies":"Lagavulin","floor":7,"turns":5},{"damage":0,"enemies":"2 Louse","floor":10,"turns":1},{"damage":13,"enemies":"Red Slaver","floor":11,"turns":3},{"damage":0,"enemies":"2 Fungi Beasts","floor":12,"turns":3},{"damage":0,"enemies":"3 Sentries","floor":13,"turns":2},{"damage":12,"enemies":"Exordium Wildlife","floor":14,"turns":3},{"damage":0,"enemies":"Hexaghost","floor":16,"turns":11},{"damage":0,"enemies":"Shell Parasite","floor":18,"turns":2},{"damage":39,"enemies":"2 Thieves","floor":19,"turns":4},{"damage":0,"enemies":"Snecko","floor":21,"turns":4},{"damage":18,"enemies":"Shelled Parasite and Fungi","floor":23,"turns":2}],"seed_played":"-3990299313822002662","potions_obtained":[{"floor":4,"key":"SkillPotion"},{"floor":11,"key":"Block Potion"},{"floor":13,"key":"EssenceOfSteel"},{"floor":18,"key":"Strength Potion"}],"is_trial":false,"path_per_floor":["M","M","$","?","?","R","E","R","T","M","M","M","E","M","R","B",null,"M","M","?","M","?","M"],"character_chosen":"HUNTRESS","items_purchased":["DemoMod:HungryBullets+1","DemoMod:JK47","DemoMod:GunslingerForm","DemoMod:BulletBore+1"],"campfire_rested":2,"item_purchase_floors":[3,3,17,17],"current_hp_per_floor":[70,70,70,70,63,63,41,62,62,62,49,49,49,37,58,58,57,57,18,18,18,18,0,0],"gold":283,"neow_bonus":"THREE_ENEMY_KILL","is_prod":false,"is_daily":false,"chose_seed":false,"campfire_upgraded":1,"win_rate":0.0,"timestamp":1607559252,"path_taken":["M","M","?","?","?","R","E","R","T","M","?","M","E","M","R","BOSS","M","M","?","M","?","M"],"build_version":"2020-11-30","purchased_purges":1,"victory":false,"max_hp_per_floor":[70,70,70,70,70,70,70,70,70,70,70,70,70,70,70,70,57,57,57,57,57,57,57,57],"card_choices":[{"not_picked":[],"picked":"Bomb","floor":0},{"not_picked":["DemoMod:SAA","DemoMod:StickyCrossBow"],"picked":"DemoMod:TeaPot","floor":1},{"not_picked":["DemoMod:DirectionalPad","DemoMod:RadGun"],"picked":"DemoMod:JK47","floor":2},{"not_picked":["DemoMod:GunShield","DemoMod:Purify"],"picked":"DemoMod:CombinedRifle","floor":4},{"not_picked":["DemoMod:FortunesFavor","DemoMod:Polaris"],"picked":"DemoMod:PotionOfGunFriendShip","floor":7},{"not_picked":["DemoMod:BoxingGlove+1","DemoMod:SAA+1"],"picked":"DemoMod:ConditionalReflex","floor":10},{"not_picked":["DemoMod:ZorGun+1","DemoMod:SAA+1"],"picked":"DemoMod:MegaHand+1","floor":11},{"not_picked":["DemoMod:RadGun+1","DemoMod:SAA+1"],"picked":"Bomb","floor":12},{"not_picked":["DemoMod:HardPowerCard","DemoMod:PracticeMakesPerfect"],"picked":"DemoMod:HungryBullets","floor":13},{"not_picked":["DemoMod:BalloonGun+1","DemoMod:MegaHand+1"],"picked":"DemoMod:TableSutra","floor":14},{"not_picked":["DemoMod:ThirdPartyController+1","DemoMod:DarkMarker+1"],"picked":"DemoMod:BulletBore+1","floor":16},{"not_picked":["DemoMod:RadGun+1","DemoMod:JK47+1"],"picked":"DemoMod:MachoBrace","floor":18},{"not_picked":["DemoMod:BoxingGlove+1","DemoMod:PotionOfGunFriendShip"],"picked":"DemoMod:TableSutra","floor":19},{"not_picked":["DemoMod:AbyssalTentacle+1","DemoMod:Camera+1"],"picked":"DemoMod:EasyReloadBullets+1","floor":21}],"player_experience":386233,"relics_obtained":[{"floor":4,"key":"SatanicBible"},{"floor":4,"key":"vexMod:MemoryStick"},{"floor":7,"key":"Matryoshka"},{"floor":9,"key":"The Courier"},{"floor":9,"key":"Molten Egg 2"},{"floor":13,"key":"vexMod:HeadHunter"}],"event_choices":[{"damage_healed":0,"gold_gain":0,"player_choice":"Fight","damage_taken":0,"max_hp_gain":0,"max_hp_loss":0,"event_name":"HidenRoomEvent","floor":4,"gold_loss":0},{"cards_removed":["DemoMod:Strike_Huntress"],"damage_healed":0,"gold_gain":0,"player_choice":"Card Removal","damage_taken":7,"max_hp_gain":0,"max_hp_loss":0,"event_name":"Golden Wing","floor":5,"gold_loss":0}],"is_beta":false,"boss_relics":[{"not_picked":["vexMod:FluxCapacitor","Kintsugi"],"picked":"hubris:HollowSoul"},{"not_picked":[]}],"items_purged_floors":[17],"is_endless":false,"potions_floor_spawned":[4,11,13,18],"killed_by":"Shelled Parasite and Fungi","ascension_level":0}}