{"host":"fqid566djxhwi0rl","time":1607619278,"event":{"mods":["BaseMod","AchievementEnabler","GifTheSpireLib","StSLib","Aspiration","Downfall","Energized Spire","Faster Ascension Climbing","Jorbs\u0027s Wanderer Trilogy","Minty Spire (QoL Compilation)","The Blackbeard","The Cursed","Trackpad","Yuri Mod","Replay The Spire","The Dragon Tamer","2.2 Compatiblity","The Gatherer"],"gold_per_floor":[114,131,151,164,129,156,156,186,186,186,58,58,58,75,75,170,170,187,187,207,207,220,220,220],"floor_reached":22,"playtime":994,"items_purged":[],"score":320,"play_id":"c63ffd9e-4bac-494f-94c9-5d733e1c0fb3","local_time":"20201210185438","is_ascension_mode":true,"metric_token":1169,"campfire_choices":[{"data":"Gatherer:FlowerBeam","floor":7,"key":"SMITH"},{"data":"Gatherer:FlowerPower","floor":10,"key":"SMITH"},{"data":"expansioncontent:Chronoboost","floor":12,"key":"SMITH"},{"data":"Gatherer:FlowerShield","floor":15,"key":"SMITH"}],"circlet_count":0,"master_deck":["Gatherer:Strike_Gatherer","Gatherer:Strike_Gatherer","Gatherer:Strike_Gatherer","Gatherer:Strike_Gatherer","Gatherer:Strike_Gatherer","Gatherer:Defend_Gatherer","Gatherer:Defend_Gatherer","Gatherer:Defend_Gatherer","Gatherer:Defend_Gatherer","Gatherer:Defend_Gatherer","Gatherer:Centralize","Gatherer:FlowerWhip","expansioncontent:Chronoboost+1","Gatherer:Transmute","Gatherer:MiningStrike","Gatherer:FlowerShield+1","Gatherer:FlowerBeam+1","Gatherer:FlowerPower+1","Master of Strategy","Replay:Sssssssssshield","The Bomb","Gatherer:WoolGloves","Gatherer:FinishingStrike","Gatherer:SpareBottle","Gatherer:FlowerBeam","Gatherer:FlowerBeam+1"],"relics":["Gatherer:AlchemyBag","Onion Ring","WingedGreaves","Omamori","ReplayTheSpireMod:ShopPack","Ring of Fury","Ring of Panic","aspiration:FutureDiary"],"acts_visited":["Exordium","TheCity"],"potions_floor_usage":[8,16,16,20,22],"damage_taken":[{"damage":7,"enemies":"Small Slimes","floor":1,"turns":5},{"damage":0,"enemies":"Cultist","floor":2,"turns":3},{"damage":7,"enemies":"2 Louse","floor":3,"turns":2},{"damage":14,"enemies":"Lots of Slimes","floor":4,"turns":4},{"damage":27,"enemies":"3 Sentries","floor":6,"turns":7},{"damage":0,"enemies":"Gremlin Nob","floor":8,"turns":2},{"damage":0,"enemies":"Large Slime","floor":14,"turns":4},{"damage":26,"enemies":"Slime Boss","floor":16,"turns":7},{"damage":0,"enemies":"Spheric Guardian","floor":18,"turns":3},{"damage":6,"enemies":"Shell Parasite","floor":20,"turns":5},{"damage":44,"enemies":"Snake Plant","floor":22,"turns":3}],"seed_played":"6516009806655755453","potions_obtained":[{"floor":4,"key":"FearPotion"},{"floor":6,"key":"Elixir"},{"floor":14,"key":"Block Potion"},{"floor":16,"key":"SkillPotion"},{"floor":20,"key":"hexamod:EctoCoolerPotion"}],"is_trial":false,"path_per_floor":["M","M","M","M","?","E","R","E","T","R","$","R","?","M","R","B",null,"M","?","M","?","M"],"character_chosen":"THE_GATHERER","items_purchased":["ReplayTheSpireMod:ShopPack"],"campfire_rested":0,"item_purchase_floors":[11],"current_hp_per_floor":[58,58,51,37,55,28,28,28,28,28,28,28,28,28,28,2,55,55,55,49,49,5,5,5],"gold":220,"neow_bonus":"RANDOM_COLORLESS","is_daily":false,"chose_seed":false,"campfire_upgraded":4,"win_rate":0,"timestamp":1607619278,"path_taken":["M","M","M","M","?","E","R","E","T","R","$","R","?","M","R","BOSS","M","?","?","?","?"],"build_version":"2020-11-30","purchased_purges":0,"victory":false,"max_hp_per_floor":[72,72,72,72,72,72,72,72,72,72,72,72,72,72,72,72,72,72,72,72,72,72,72,72],"card_choices":[{"not_picked":["Dramatic Entrance","Finesse"],"picked":"expansioncontent:Chronoboost","floor":0},{"not_picked":["Gatherer:Misfortune","Gatherer:CollectorsShot"],"picked":"Gatherer:Snatch","floor":1},{"not_picked":["Gatherer:WoolGloves","Gatherer:FragileHammer"],"picked":"Gatherer:Transmute","floor":2},{"not_picked":["Gatherer:OddSpoils","Gatherer:Duality"],"picked":"Gatherer:MiningStrike","floor":3},{"not_picked":["Gatherer:MiningStrike","Gatherer:Convert"],"picked":"Gatherer:FlowerShield","floor":4},{"not_picked":["Gatherer:RecipeChange","Gatherer:OddSpoils"],"picked":"Gatherer:FlowerBeam","floor":6},{"not_picked":["Gatherer:GatherMaterial","Gatherer:Snatch"],"picked":"Gatherer:FlowerPower","floor":8},{"not_picked":["Crow Ritual","Midas Touch"],"picked":"Master of Strategy","floor":11},{"not_picked":["Replay:SS_forest_5","expansioncontent:SlimeTackle"],"picked":"Replay:Sssssssssshield","floor":11},{"not_picked":["Specialist","Purity"],"picked":"The Bomb","floor":11},{"not_picked":["Gatherer:RecoveryHerb","Gatherer:EnergyBasket"],"picked":"Gatherer:WoolGloves","floor":14},{"not_picked":["Gatherer:StoneFence","Gatherer:ColorfulGarden"],"picked":"Gatherer:FinishingStrike","floor":16},{"not_picked":["Gatherer:QuickSynthesis","Gatherer:EnergyBasket","Gatherer:DrugPower+1"],"picked":"SKIP","floor":18},{"not_picked":["Gatherer:RecipeChange","Gatherer:TreeGrowth"],"picked":"Gatherer:FlowerBeam","floor":20},{"not_picked":["Gatherer:SaveValuables+1","Gatherer:ScherryThrow","Gatherer:QuickSynthesis"],"picked":"SKIP","floor":22}],"player_experience":686402,"relics_obtained":[{"floor":6,"key":"Onion Ring"},{"floor":8,"key":"WingedGreaves"},{"floor":9,"key":"Omamori"},{"floor":13,"key":"Ring of Fury"},{"floor":13,"key":"Ring of Panic"}],"event_choices":[{"damage_healed":18,"gold_gain":0,"player_choice":"Healed","damage_taken":0,"max_hp_gain":0,"max_hp_loss":0,"event_name":"The Cleric","floor":5,"gold_loss":35},{"cards_removed":["Gatherer:Snatch"],"damage_healed":0,"gold_gain":0,"player_choice":"Got a Spare Bottle","damage_taken":0,"max_hp_gain":0,"max_hp_loss":0,"event_name":"Gatherer:BottleCollector","floor":19,"gold_loss":0,"cards_obtained":["Gatherer:SpareBottle"]},{"damage_healed":0,"gold_gain":0,"player_choice":"Copied","damage_taken":0,"max_hp_gain":0,"max_hp_loss":0,"event_name":"Duplicator","floor":21,"gold_loss":0,"cards_obtained":["Gatherer:FlowerBeam"]}],"is_beta":false,"boss_relics":[{"not_picked":["Sozu","Replay:Wanted Poster"],"picked":"aspiration:FutureDiary"}],"items_purged_floors":[],"is_endless":false,"potions_floor_spawned":[4,6,14,16,20],"killed_by":"Snake Plant","ascension_level":9}}