{"host":"h5acbxt0wmjo1kpm","time":1607599405,"event":{"gold_per_floor":[119,132,132,132,29,41,41,66,66,66,80,128,146,146,146,47,47,148,148,118,118],"floor_reached":20,"playtime":993,"items_purged":["Shame"],"score":272,"play_id":"ef1350a1-66ad-41f2-9a45-ab2260e11d0f","local_time":"20201210032325","is_ascension_mode":true,"campfire_choices":[{"data":"potionbrewer:ExplosiveReaction","floor":7,"key":"SMITH"},{"floor":17,"key":"REST"}],"neow_cost":"PERCENT_DAMAGE","seed_source_timestamp":78838340602300,"circlet_count":0,"master_deck":["potionbrewer:PotionbrewerStrike","potionbrewer:PotionbrewerStrike","potionbrewer:PotionbrewerStrike","potionbrewer:PotionbrewerDefend","potionbrewer:PotionbrewerDefend","potionbrewer:PotionbrewerDefend","potionbrewer:PotionbrewerDefend","potionbrewer:Collect","potionbrewer:ChemicalSpill","potionbrewer:TwoForOne","potionbrewer:AcidCloud","potionbrewer:ExplosiveReaction+1","potionbrewer:Toxicity+1","potionbrewer:ChemicalRage","potionbrewer:Contingency","potionbrewer:FlareUp","potionbrewer:Shovel","potionbrewer:RefinedProcess"],"relics":["potionbrewer:PotionKit","Shuriken","Ginger","Pear"],"potions_floor_usage":[8,8,8,8,11,18,18,18,18,18,20],"damage_taken":[{"damage":0,"enemies":"Small Slimes","floor":1,"turns":3},{"damage":8,"enemies":"Jaw Worm","floor":2,"turns":4},{"damage":8,"enemies":"2 Louse","floor":6,"turns":5},{"damage":4,"enemies":"3 Sentries","floor":8,"turns":6},{"damage":7,"enemies":"2 Fungi Beasts","floor":11,"turns":4},{"damage":0,"enemies":"Red Slaver","floor":13,"turns":1},{"damage":7,"enemies":"The Guardian","floor":18,"turns":10},{"damage":12,"enemies":"2 Thieves","floor":20,"turns":2}],"seed_played":"-5169785235869531248","potions_obtained":[{"floor":1,"key":"PowerPotion"},{"floor":6,"key":"SkillPotion"},{"floor":12,"key":"potionbrewer:FreezingPotion"},{"floor":12,"key":"EssenceOfSteel"},{"floor":12,"key":"Dexterity Potion"},{"floor":18,"key":"Swift Potion"}],"is_trial":false,"path_per_floor":["M","M","?","?","$","M","R","E","T","$","M","?","M","PTL","PTL","$","R","B",null,"M"],"character_chosen":"POTIONBREWER","items_purchased":["Shuriken","potionbrewer:Shovel"],"campfire_rested":1,"item_purchase_floors":[5,16],"current_hp_per_floor":[50,42,47,47,47,39,39,35,45,45,38,16,16,16,16,16,43,36,77,65,65],"gold":118,"neow_bonus":"THREE_RARE_CARDS","is_prod":false,"is_daily":false,"chose_seed":false,"campfire_upgraded":1,"win_rate":0,"timestamp":1607599405,"path_taken":["M","M","?","?","$","M","R","E","T","?","?","?","M","PTL","PTL","$","R","BOSS","M"],"build_version":"2020-11-30","purchased_purges":1,"victory":false,"max_hp_per_floor":[75,75,80,80,80,80,80,80,90,90,90,90,90,90,90,90,90,90,90,90,90],"card_choices":[{"not_picked":["potionbrewer:TheFinalStraw","potionbrewer:HazardousWaste"],"picked":"potionbrewer:TwoForOne","floor":0},{"not_picked":["potionbrewer:PortableLab","potionbrewer:Smokescreen"],"picked":"potionbrewer:AcidCloud","floor":1},{"not_picked":["potionbrewer:Shovel","potionbrewer:FlashPowder"],"picked":"potionbrewer:ExplosiveReaction","floor":2},{"not_picked":["potionbrewer:ChemicalShroud","potionbrewer:FortifiedSerum"],"picked":"potionbrewer:ChemicalRage","floor":6},{"not_picked":["potionbrewer:LabAccident","potionbrewer:ChemicalRage","potionbrewer:TheFinalStraw"],"picked":"SKIP","floor":8},{"not_picked":["potionbrewer:BlindingSpray","potionbrewer:OneTwoPunch"],"picked":"potionbrewer:Contingency","floor":11},{"not_picked":["potionbrewer:BlindingSpray","potionbrewer:OneTwoPunch"],"picked":"potionbrewer:FlareUp","floor":12},{"not_picked":["potionbrewer:Smokescreen","potionbrewer:AcidCloud","potionbrewer:FortifiedSerum"],"picked":"SKIP","floor":13},{"not_picked":["potionbrewer:TheFinalStraw","potionbrewer:ResearchResults","potionbrewer:Prototype"],"picked":"potionbrewer:RefinedProcess","floor":18}],"player_experience":1900904,"relics_obtained":[{"floor":8,"key":"Ginger"},{"floor":9,"key":"Pear"}],"event_choices":[{"damage_healed":0,"gold_gain":0,"player_choice":"Donut","damage_taken":0,"max_hp_gain":5,"max_hp_loss":0,"event_name":"Big Fish","floor":3,"gold_loss":0}],"is_beta":false,"boss_relics":[{"not_picked":["aspiration:ServantSkillbook","aspiration:RitualDagger","Busted Crown"]}],"items_purged_floors":[16],"is_endless":false,"potions_floor_spawned":[1,6,13,18],"killed_by":"2 Thieves","ascension_level":9}}