{"host":"i2ku91d5mi282ys8","time":1607616591,"event":{"mods":["BaseMod","Act Like it!","Colored Map","DeckTracker","Defuse TimeMaze Blight","GifTheSpireLib","Highlight Path","Minty Spire (QoL Compilation)","Permanent Neow","Random Character Button","StSLib","everything is the same but u backflip on backflip","AchievementEnabler","Relic Sorter","Waifu the Spire","Rare Cards Sparkle","Better Note","Better Match","Block Reminder","RNG Fix","Uncapped","Better Third Choice","Unceasing Turn Reminder","Aspiration","Better Skull","CatGirl Mod","Colored Powertips","Googly Eyes","Quick Restart","The IronCluck"],"gold_per_floor":[119,138,138,313,37,67,67,67,67],"floor_reached":8,"playtime":379,"items_purged":[],"score":83,"play_id":"a7449c75-3ad9-4184-b59c-07ec90493997","local_time":"20201210110951","is_ascension_mode":true,"campfire_choices":[{"data":"Prepared","floor":7,"key":"SMITH"}],"circlet_count":0,"master_deck":["Strike_G","Strike_G","Strike_G","Strike_G","Strike_G","Defend_G","Defend_G","Defend_G","Defend_G","Defend_G","Survivor","Neutralize+1","Prepared+1","Escape Plan","Doubt","Accuracy","Underhanded Strike"],"relics":["Ring of the Snake","NeowsBlessing","Singing Bowl","Meat on the Bone"],"acts_visited":["Exordium"],"potions_floor_usage":[],"damage_taken":[{"damage":0,"enemies":"2 Louse","floor":1,"turns":1},{"damage":0,"enemies":"Small Slimes","floor":2,"turns":1},{"damage":0,"enemies":"3 Sentries","floor":6,"turns":2},{"damage":71,"enemies":"Lagavulin","floor":8,"turns":11}],"seed_played":"-8057260078242574845","potions_obtained":[],"is_trial":false,"path_per_floor":["M","M","?","?","$","E","R","E"],"character_chosen":"THE_SILENT","items_purchased":["Singing Bowl","Accuracy"],"campfire_rested":0,"item_purchase_floors":[5,5],"current_hp_per_floor":[70,70,70,70,70,70,70,0,0],"gold":67,"neow_bonus":"THREE_ENEMY_KILL","is_daily":false,"chose_seed":false,"campfire_upgraded":1,"win_rate":0,"timestamp":1607616591,"path_taken":["M","M","?","?","?","E","R","E"],"build_version":"2020-11-30","purchased_purges":0,"victory":false,"max_hp_per_floor":[70,70,70,70,70,70,70,70,70],"card_choices":[{"not_picked":["Masterful Stab","Slice"],"picked":"Prepared","floor":1},{"not_picked":["Dodge and Roll","PiercingWail"],"picked":"Escape Plan","floor":2},{"not_picked":["Quick Slash","Acrobatics"],"picked":"Underhanded Strike","floor":6}],"player_experience":303007,"relics_obtained":[{"floor":6,"key":"Meat on the Bone"}],"event_choices":[{"damage_healed":0,"gold_gain":0,"player_choice":"Grow","damage_taken":0,"max_hp_gain":0,"max_hp_loss":0,"event_name":"Living Wall","floor":3,"gold_loss":0,"cards_upgraded":["Neutralize"]},{"damage_healed":0,"gold_gain":175,"player_choice":"AGREE","damage_taken":138,"max_hp_gain":0,"max_hp_loss":0,"event_name":"betterThird:BetterSerpent","floor":4,"gold_loss":0}],"is_beta":false,"boss_relics":[],"items_purged_floors":[],"is_endless":false,"potions_floor_spawned":[],"killed_by":"Lagavulin","ascension_level":1}}