{"host":"bxn2em57qlx5u4i0","time":1607558761,"event":{"gold_per_floor":[117,32,32,48,48,86,99,99,181,217,217,240,240,240,240,336,336,352,6,6,30,48,48,101,101,149,177,227,271,271,284,284,389,389,409,470,510,510,529,529,572,605,653,706,706,1039,1039,1061,1061,1061,1061,1061,1061,158,183,183,183],"floor_reached":56,"playtime":3774,"items_purged":["Skewer","A Thousand Cuts"],"score":2123,"play_id":"369b55f7-96c1-4ab0-9706-ae50e3ae4236","local_time":"20201209190601","is_ascension_mode":true,"campfire_choices":[{"data":"Crippling Poison","floor":8.0,"key":"SMITH"},{"data":"Wraith Form v2","floor":11.0,"key":"SMITH"},{"data":"Deadly Poison","floor":13.0,"key":"SMITH"},{"data":"Neutralize","floor":15.0,"key":"SMITH"},{"data":"Wraith Form v2","floor":23.0,"key":"SMITH"},{"data":"Bullet Time","floor":25.0,"key":"SMITH"},{"data":"Tactician","floor":30.0,"key":"SMITH"},{"data":"Calculated Gamble","floor":32.0,"key":"SMITH"},{"data":"Prepared","floor":40.0,"key":"SMITH"},{"floor":47.0,"key":"RECALL"},{"data":"Reflex","floor":49.0,"key":"SMITH"},{"data":"Night Terror","floor":53.0,"key":"SMITH"}],"neow_cost":"NONE","seed_source_timestamp":59769721427100,"circlet_count":0,"master_deck":["AscendersBane","Survivor","Deadly Poison+1","Crippling Poison+1","Backflip","Calculated Gamble+1","Wraith Form v2+1","Backflip+1","Bullet Time+1","Escape Plan","Deadly Poison","Endless Agony","Envenom","Endless Agony","Underhanded Strike","Backflip","Tactician+1","Finesse","Wraith Form v2+1","Bouncing Flask+1","Prepared+1","Night Terror+1","Doppelganger","Leg Sweep","Blur","Calculated Gamble+1","Reflex+1"],"special_seed":0,"relics":["Ring of the Serpent","NeowsBlessing","Bag of Preparation","Sundial","Ginger","Pandora\u0027s Box","CaptainsWheel","CeramicFish","Happy Flower","Shovel","Mango","Pen Nib","Oddly Smooth Stone","PreservedInsect","ClockworkSouvenir","Gremlin Horn","Ornamental Fan","War Paint"],"potions_floor_usage":[56,56],"damage_taken":[{"damage":0.0,"enemies":"2 Louse","floor":1.0,"turns":1.0},{"damage":0.0,"enemies":"Small Slimes","floor":4.0,"turns":1.0},{"damage":0.0,"enemies":"Lagavulin","floor":6.0,"turns":1.0},{"damage":0.0,"enemies":"Jaw Worm","floor":7.0,"turns":5.0},{"damage":28.0,"enemies":"3 Sentries","floor":10.0,"turns":9.0},{"damage":5.0,"enemies":"Exordium Wildlife","floor":12.0,"turns":3.0},{"damage":19.0,"enemies":"The Guardian","floor":16.0,"turns":11.0},{"damage":0.0,"enemies":"3 Byrds","floor":18.0,"turns":5.0},{"damage":6.0,"enemies":"Shell Parasite","floor":22.0,"turns":6.0},{"damage":31.0,"enemies":"Slavers","floor":24.0,"turns":9.0},{"damage":0.0,"enemies":"Snake Plant","floor":27.0,"turns":4.0},{"damage":0.0,"enemies":"Gremlin Leader","floor":29.0,"turns":5.0},{"damage":1.0,"enemies":"Centurion and Healer","floor":31.0,"turns":5.0},{"damage":9.0,"enemies":"Collector","floor":33.0,"turns":10.0},{"damage":2.0,"enemies":"3 Darklings","floor":35.0,"turns":5.0},{"damage":6.0,"enemies":"2 Orb Walkers","floor":36.0,"turns":5.0},{"damage":0.0,"enemies":"Mind Bloom Boss Battle","floor":37.0,"turns":6.0},{"damage":0.0,"enemies":"Orb Walker","floor":39.0,"turns":3.0},{"damage":1.0,"enemies":"Nemesis","floor":41.0,"turns":7.0},{"damage":1.0,"enemies":"Transient","floor":42.0,"turns":6.0},{"damage":0.0,"enemies":"Giant Head","floor":44.0,"turns":9.0},{"damage":0.0,"enemies":"Maw","floor":48.0,"turns":8.0},{"damage":22.0,"enemies":"Donu and Deca","floor":50.0,"turns":10.0},{"damage":23.0,"enemies":"Awakened One","floor":51.0,"turns":18.0},{"damage":39.0,"enemies":"Shield and Spear","floor":55.0,"turns":9.0},{"damage":23,"enemies":"The Heart","floor":56,"turns":6}],"seed_played":"-834414756743697689","potions_obtained":[{"floor":1.0,"key":"SteroidPotion"},{"floor":16.0,"key":"Ancient Potion"},{"floor":22.0,"key":"ColorlessPotion"},{"floor":31.0,"key":"AttackPotion"},{"floor":33.0,"key":"Ancient Potion"},{"floor":39.0,"key":"LiquidMemories"},{"floor":55.0,"key":"LiquidMemories"}],"is_trial":false,"path_per_floor":["M","$","?","M","?","E","M","R","T","E","R","M","R","?","R","B",null,"M","$","?","T","M","R","E","R","T","M","?","E","R","M","R","B",null,"M","?","?","?","M","R","E","M","T","E","?","?","R","M","R","B","B",null,"R","$","E","B"],"character_chosen":"THE_SILENT","items_purchased":["Crippling Poison","Tactician","Finesse","Wraith Form v2","ClockworkSouvenir","Gremlin Horn","Ornamental Fan","EssenceOfSteel"],"campfire_rested":0,"item_purchase_floors":[2,19,19,19,54,54,54,54],"current_hp_per_floor":[59,59,59,59,64,64,64,64,64,36,36,31,31,24,24,5,50,50,50,63,63,57,57,26,26,26,26,26,26,26,25,25,16,53,51,45,59,59,59,59,58,57,57,57,57,57,57,57,57,35,12,62,62,62,23,0,0],"gold":183,"neow_bonus":"THREE_ENEMY_KILL","is_prod":false,"is_daily":false,"chose_seed":false,"campfire_upgraded":11,"win_rate":0,"timestamp":1607558761,"path_taken":["M","$","?","M","?","E","M","R","T","E","R","M","R","?","R","BOSS","M","$","?","?","M","R","E","R","T","M","?","E","R","M","R","BOSS","M","?","?","?","?","R","E","M","T","E","?","?","R","?","R","BOSS","BOSS","R","$","E","BOSS"],"build_version":"2020-11-30","purchased_purges":2,"victory":false,"max_hp_per_floor":[66,66,60,60,65,65,65,65,65,65,65,65,65,65,65,65,65,65,65,65,65,65,65,65,65,65,65,65,65,65,65,65,65,65,65,65,79,79,79,79,79,79,79,79,79,79,79,79,79,79,79,79,79,79,79,79,79],"relic_stats":{"Happy Flower":[35],"Gremlin Horn":[1,1],"counters":[26,167],"CeramicFish":63,"Pen Nib":[8],"PreservedInsect":77,"Bag of Preparation":[47],"Ginger":[19],"War Paint":["Calculated Gamble","Backflip"],"Shovel":0,"Sundial":[76],"Ornamental Fan":[8],"Pandora\u0027s Box":["Escape Plan","Skewer","Deadly Poison","Endless Agony","Envenom","Endless Agony","Underhanded Strike","Backflip","A Thousand Cuts"],"obtain_stats":[{"NeowsBlessing":0,"Happy Flower":29,"Gremlin Horn":54,"Golden Idol":3,"CeramicFish":26,"Oddly Smooth Stone":43,"Mango":37,"Pen Nib":41,"PreservedInsect":44,"Bag of Preparation":6,"Ginger":10,"War Paint":55,"ClockworkSouvenir":54,"CaptainsWheel":24,"Shovel":36,"Sundial":9,"Ornamental Fan":54,"Pandora\u0027s Box":17,"Ring of the Serpent":34,"Ring of the Snake":0},{"NeowsBlessing":0,"Happy Flower":12,"Gremlin Horn":24,"Golden Idol":1,"CeramicFish":10,"Oddly Smooth Stone":20,"Mango":17,"Pen Nib":19,"PreservedInsect":21,"Bag of Preparation":3,"Ginger":5,"War Paint":25,"ClockworkSouvenir":24,"CaptainsWheel":10,"Shovel":16,"Sundial":4,"Ornamental Fan":24,"Pandora\u0027s Box":7,"Ring of the Serpent":14,"Ring of the Snake":0},{"NeowsBlessing":0,"Happy Flower":60,"Gremlin Horn":152,"Golden Idol":1,"CeramicFish":51,"Oddly Smooth Stone":107,"Mango":91,"Pen Nib":101,"PreservedInsect":116,"Bag of Preparation":3,"Ginger":17,"War Paint":161,"ClockworkSouvenir":152,"CaptainsWheel":51,"Shovel":85,"Sundial":8,"Ornamental Fan":152,"Pandora\u0027s Box":31,"Ring of the Serpent":75,"Ring of the Snake":0}]},"card_choices":[{"not_picked":["Finisher","Quick Slash"],"picked":"Deadly Poison","floor":1.0},{"not_picked":["Blade Dance","Acrobatics","Bane"],"picked":"SKIP","floor":4.0},{"not_picked":["Outmaneuver","Well Laid Plans"],"picked":"Backflip","floor":6.0},{"not_picked":["Heel Hook","Masterful Stab"],"picked":"Calculated Gamble","floor":7.0},{"not_picked":["Glass Knife","Bouncing Flask"],"picked":"Wraith Form v2","floor":10.0},{"not_picked":["Outmaneuver","Skewer"],"picked":"Backflip","floor":12.0},{"not_picked":["Die Die Die","Phantasmal Killer"],"picked":"Bullet Time","floor":16.0},{"not_picked":["Deflect","Dagger Spray","Eviscerate"],"picked":"SKIP","floor":18.0},{"not_picked":["Distraction","Sucker Punch","Underhanded Strike"],"picked":"SKIP","floor":22.0},{"not_picked":["Expertise","Dagger Spray"],"picked":"Bouncing Flask","floor":24.0},{"not_picked":["Backflip","Dodge and Roll"],"picked":"Prepared","floor":27.0},{"not_picked":["Slice","Endless Agony"],"picked":"Night Terror","floor":29.0},{"not_picked":["Deadly Poison","Accuracy+1","Flying Knee"],"picked":"SKIP","floor":31.0},{"not_picked":["Die Die Die","Glass Knife"],"picked":"Doppelganger","floor":33.0},{"not_picked":["Prepared","Deadly Poison","Backstab"],"picked":"SKIP","floor":35.0},{"not_picked":["Poisoned Stab","Infinite Blades"],"picked":"Leg Sweep","floor":37.0},{"not_picked":["Underhanded Strike","Quick Slash","Bouncing Flask"],"picked":"SKIP","floor":39.0},{"not_picked":["Dash","Flechettes","Setup"],"picked":"SKIP","floor":41.0},{"not_picked":["Finisher+1","Masterful Stab"],"picked":"Blur","floor":42.0},{"not_picked":["Blade Dance+1","Unload"],"picked":"Calculated Gamble","floor":44.0},{"not_picked":["PiercingWail","Outmaneuver"],"picked":"Reflex","floor":48.0},{"not_picked":["Poisoned Stab","Blade Dance+1","Skewer"],"picked":"SKIP","floor":55.0}],"player_experience":2765215,"relics_obtained":[{"floor":6.0,"key":"Bag of Preparation"},{"floor":9.0,"key":"Sundial"},{"floor":10.0,"key":"Ginger"},{"floor":24.0,"key":"CaptainsWheel"},{"floor":26.0,"key":"CeramicFish"},{"floor":29.0,"key":"Happy Flower"},{"floor":36.0,"key":"Shovel"},{"floor":37.0,"key":"Mango"},{"floor":41.0,"key":"Pen Nib"},{"floor":43.0,"key":"Oddly Smooth Stone"},{"floor":44.0,"key":"PreservedInsect"},{"floor":55.0,"key":"War Paint"}],"event_choices":[{"damage_healed":0.0,"max_hp_gain":0.0,"max_hp_loss":6.0,"gold_gain":0.0,"event_name":"Golden Idol","player_choice":"Lose Max HP","floor":3.0,"gold_loss":0.0,"damage_taken":0.0,"relics_obtained":["Golden Idol"]},{"damage_healed":0.0,"max_hp_gain":5.0,"max_hp_loss":0.0,"gold_gain":0.0,"event_name":"Big Fish","player_choice":"Donut","floor":5.0,"gold_loss":0.0,"damage_taken":0.0},{"cards_removed":["Strike_G"],"damage_healed":0.0,"max_hp_gain":0.0,"max_hp_loss":0.0,"gold_gain":0.0,"event_name":"Golden Wing","player_choice":"Card Removal","floor":14.0,"gold_loss":0.0,"damage_taken":7.0},{"damage_healed":13.0,"max_hp_gain":0.0,"max_hp_loss":0.0,"gold_gain":0.0,"event_name":"The Library","player_choice":"Heal","floor":20.0,"gold_loss":0.0,"damage_taken":0.0},{"damage_healed":0.0,"max_hp_gain":0.0,"max_hp_loss":0.0,"gold_gain":50.0,"event_name":"Nest","player_choice":"Stole From Cult","floor":28.0,"gold_loss":0.0,"damage_taken":0.0},{"damage_healed":0.0,"max_hp_gain":0.0,"max_hp_loss":0.0,"gold_gain":0.0,"event_name":"Mysterious Sphere","player_choice":"Fight","floor":36.0,"gold_loss":0.0,"damage_taken":0.0},{"damage_healed":0.0,"max_hp_gain":0.0,"max_hp_loss":0.0,"gold_gain":0.0,"event_name":"MindBloom","player_choice":"Fight","floor":37.0,"gold_loss":0.0,"damage_taken":0.0},{"damage_healed":0.0,"max_hp_gain":0.0,"max_hp_loss":0.0,"gold_gain":0.0,"event_name":"Accursed Blacksmith","player_choice":"Forge","floor":38.0,"gold_loss":0.0,"damage_taken":0.0,"cards_upgraded":["Bouncing Flask"]},{"cards_removed":["Neutralize"],"damage_healed":0.0,"max_hp_gain":0.0,"max_hp_loss":0.0,"gold_gain":0.0,"event_name":"Falling","player_choice":"Removed Attack","floor":45.0,"gold_loss":0.0,"damage_taken":0.0},{"damage_healed":0.0,"max_hp_gain":0.0,"max_hp_loss":0.0,"gold_gain":333.0,"event_name":"The Moai Head","player_choice":"Gave Idol","floor":46.0,"relics_lost":["Golden Idol"],"gold_loss":0.0,"damage_taken":0.0}],"is_beta":false,"boss_relics":[{"not_picked":["Fusion Hammer","Velvet Choker"],"picked":"Pandora\u0027s Box"},{"not_picked":["Cursed Key","Runic Dome"],"picked":"Ring of the Serpent"}],"items_purged_floors":[19,54],"is_endless":false,"potions_floor_spawned":[1,16,22,31,33,35,36,39,41,55],"killed_by":"The Heart","ascension_level":20}}