{"host":"c10fjmjt4zmpjqlg","time":1607590200,"event":{"gold_per_floor":[117,130,130,130,151,187,187,231,257,281,281,325,325,345,345,476,476,491,504,109,133,154,189,207,238,238,238,238],"floor_reached":27,"playtime":1049,"items_purged":[],"score":314,"play_id":"55eceef7-6615-437d-a9e6-bb5c93dd97ac","local_time":"20201210195000","is_ascension_mode":true,"campfire_choices":[{"floor":7,"key":"REST"},{"data":"Havoc","floor":13,"key":"SMITH"},{"data":"Havoc","floor":15,"key":"SMITH"}],"neow_cost":"TEN_PERCENT_HP_LOSS","seed_source_timestamp":707925687131600,"circlet_count":0,"master_deck":["Strike_R","Strike_R","Strike_R","Strike_R","Strike_R","Defend_R","Defend_R+1","Defend_R","Defend_R+1","Bash","Whirlwind+1","Rage","Injury","Seeing Red","Sword Boomerang","Havoc+1","Havoc+1","Seeing Red","Havoc","Immolate","CurseOfTheBell","Clothesline+1","Armaments","Clash+1","Cleave","Flex+1","Havoc","Thunderclap"],"relics":["Burning Blood","FossilizedHelix","Golden Idol","PreservedInsect","Pen Nib","War Paint","Blue Candle","Calling Bell","Art of War","Kunai","Ice Cream","Tiny Chest","Ornamental Fan","Letter Opener","Paper Frog","Magic Flower"],"potions_floor_usage":[14,23,24,25,25,27],"damage_taken":[{"damage":0,"enemies":"Small Slimes","floor":1,"turns":4},{"damage":0,"enemies":"2 Louse","floor":2,"turns":3},{"damage":0,"enemies":"Jaw Worm","floor":5,"turns":3},{"damage":27,"enemies":"Gremlin Nob","floor":6,"turns":5},{"damage":7,"enemies":"Lagavulin","floor":8,"turns":5},{"damage":0,"enemies":"2 Fungi Beasts","floor":10,"turns":3},{"damage":11,"enemies":"3 Sentries","floor":12,"turns":5},{"damage":1,"enemies":"Large Slime","floor":14,"turns":5},{"damage":54,"enemies":"The Guardian","floor":16,"turns":10},{"damage":0,"enemies":"Chosen","floor":18,"turns":4},{"damage":16,"enemies":"Shell Parasite","floor":19,"turns":6},{"damage":29,"enemies":"Snake Plant","floor":21,"turns":5},{"damage":0,"enemies":"Centurion and Healer","floor":22,"turns":3},{"damage":23,"enemies":"Book of Stabbing","floor":23,"turns":4},{"damage":19,"enemies":"Cultist and Chosen","floor":24,"turns":6},{"damage":12,"enemies":"Gremlin Leader","floor":25,"turns":3},{"damage":18,"enemies":"Snake Plant","floor":27,"turns":2}],"seed_played":"3344006728414363888","potions_obtained":[{"floor":2,"key":"Weak Potion"},{"floor":8,"key":"AttackPotion"},{"floor":10,"key":"GamblersBrew"},{"floor":12,"key":"Swift Potion"},{"floor":16,"key":"AttackPotion"},{"floor":22,"key":"Energy Potion"},{"floor":23,"key":"Energy Potion"},{"floor":24,"key":"Regen Potion"}],"is_trial":false,"path_per_floor":["M","M","?","$","M","E","R","E","T","M","?","E","R","M","R","B",null,"M","M","$","M","M","E","M","E","T","M"],"character_chosen":"IRONCLAD","items_purchased":["Tiny Chest","Ornamental Fan"],"campfire_rested":1,"item_purchase_floors":[20,20],"current_hp_per_floor":[72,72,72,72,72,51,72,71,71,72,72,67,67,72,72,24,72,72,62,62,39,45,28,15,14,14,0,0],"gold":238,"neow_bonus":"ONE_RARE_RELIC","is_prod":false,"is_daily":false,"chose_seed":false,"campfire_upgraded":2,"win_rate":0,"timestamp":1607590200,"path_taken":["M","M","?","$","M","E","R","E","T","M","?","E","R","M","R","BOSS","M","M","$","M","M","E","M","E","T","M"],"build_version":"2020-11-30","purchased_purges":0,"victory":false,"max_hp_per_floor":[72,72,72,72,72,72,72,72,72,72,72,72,72,72,72,72,72,72,72,72,72,72,72,72,72,72,72,72],"relic_stats":{"counters":[17,76],"Golden Idol":96,"Blue Candle":[2],"Magic Flower":[0],"PreservedInsect":149,"Pen Nib":[10],"Letter Opener":[22],"War Paint":["Defend_R","Defend_R"],"Burning Blood":67,"Ornamental Fan":[32],"Tiny Chest":0,"Art of War":[1],"Kunai":[11],"obtain_stats":[{"Ice Cream":17,"Golden Idol":3,"Blue Candle":12,"Magic Flower":26,"PreservedInsect":6,"Pen Nib":8,"Letter Opener":23,"War Paint":9,"Burning Blood":0,"Calling Bell":17,"Ornamental Fan":20,"Tiny Chest":20,"Art of War":17,"Kunai":17,"FossilizedHelix":0,"Paper Frog":25},{"Ice Cream":9,"Golden Idol":2,"Blue Candle":7,"Magic Flower":16,"PreservedInsect":4,"Pen Nib":5,"Letter Opener":14,"War Paint":5,"Burning Blood":0,"Calling Bell":9,"Ornamental Fan":11,"Tiny Chest":11,"Art of War":9,"Kunai":9,"FossilizedHelix":0,"Paper Frog":16},{"Ice Cream":43,"Golden Idol":7,"Blue Candle":28,"Magic Flower":74,"PreservedInsect":15,"Pen Nib":20,"Letter Opener":65,"War Paint":20,"Burning Blood":0,"Calling Bell":43,"Ornamental Fan":53,"Tiny Chest":53,"Art of War":43,"Kunai":43,"FossilizedHelix":0,"Paper Frog":74}]},"card_choices":[{"not_picked":["Anger","Rampage"],"picked":"Whirlwind","floor":1},{"not_picked":["True Grit","Thunderclap"],"picked":"Rage","floor":2},{"not_picked":["Heavy Blade","True Grit"],"picked":"Seeing Red","floor":5},{"not_picked":["Pommel Strike","Carnage"],"picked":"Sword Boomerang","floor":6},{"not_picked":["Blood for Blood","Clothesline"],"picked":"Havoc","floor":8},{"not_picked":["Entrench","Fiend Fire"],"picked":"Havoc","floor":10},{"not_picked":["Perfected Strike","Sentinel"],"picked":"Seeing Red","floor":12},{"not_picked":["Heavy Blade","Blood for Blood"],"picked":"Havoc","floor":14},{"not_picked":["Offering","Limit Break"],"picked":"Immolate","floor":16},{"not_picked":["Rupture","Uppercut"],"picked":"Clothesline+1","floor":18},{"not_picked":["Cleave","Combust"],"picked":"Armaments","floor":19},{"not_picked":["Blood for Blood","True Grit"],"picked":"Clash+1","floor":21},{"not_picked":["Body Slam","Warcry"],"picked":"Cleave","floor":22},{"not_picked":["Blood for Blood","Clash"],"picked":"Flex+1","floor":23},{"not_picked":["Uppercut+1","Feed"],"picked":"Havoc","floor":24},{"not_picked":["Clothesline+1","Pommel Strike+1"],"picked":"Thunderclap","floor":25}],"player_experience":301066,"relics_obtained":[{"floor":6,"key":"PreservedInsect"},{"floor":8,"key":"Pen Nib"},{"floor":9,"key":"War Paint"},{"floor":12,"key":"Blue Candle"},{"floor":17,"key":"Art of War"},{"floor":17,"key":"Kunai"},{"floor":17,"key":"Ice Cream"},{"floor":23,"key":"Letter Opener"},{"floor":25,"key":"Paper Frog"},{"floor":26,"key":"Magic Flower"}],"event_choices":[{"damage_healed":0,"gold_gain":0,"player_choice":"Take Wound","damage_taken":0,"relics_obtained":["Golden Idol"],"max_hp_gain":0,"max_hp_loss":0,"event_name":"Golden Idol","floor":3,"gold_loss":0,"cards_obtained":["Injury"]},{"damage_healed":0,"gold_gain":0,"player_choice":"Grow","damage_taken":0,"max_hp_gain":0,"max_hp_loss":0,"event_name":"Living Wall","floor":11,"gold_loss":0,"cards_upgraded":["Whirlwind"]}],"is_beta":false,"boss_relics":[{"not_picked":["Sozu","Runic Pyramid"],"picked":"Calling Bell"}],"items_purged_floors":[],"is_endless":false,"potions_floor_spawned":[2,8,10,12,16,22,23,24],"killed_by":"Snake Plant","ascension_level":1}}