{"host":"8b6x5jh5dgxmxtlw","time":1607598474,"event":{"gold_per_floor":[15,34,34,34,45,78,78,97,120,120,137,137,150,31,31,132,132,149,149,163,176,191,191,191],"floor_reached":23,"playtime":2202,"items_purged":[],"score":195,"play_id":"b4be8ad3-3d48-4f4f-ac79-f938e97cca56","local_time":"20201210060754","is_ascension_mode":false,"campfire_choices":[{"floor":7,"key":"REST"},{"data":"conspire:DoublingDagger","floor":12,"key":"SMITH"},{"data":"Infinite Blades","floor":15,"key":"SMITH"}],"neow_cost":"NO_GOLD","seed_source_timestamp":95178485804700,"circlet_count":0,"master_deck":["Strike_G","Strike_G","Strike_G","Strike_G","Defend_G","Defend_G","Defend_G","Defend_G","Defend_G","Survivor","Neutralize","Poison Darts","Backflip","conspire:PoisonWeapons","A Thousand Cuts","conspire:DoublingDagger+1","Dagger Spray","All Out Attack","StuffTheSpire:CuriosityCurse","Slice","StuffTheSpire:Injection","Blade Dance","Infinite Blades+1","Adrenaline","StuffTheSpire:MirrorStance","hermit:Defend_Hermit","StuffTheSpire:Incantation","Outmaneuver","Crippling Poison"],"relics":["Ring of the Snake","StuffTheSpire:Wildfire","hubris:SlimyHat","StuffTheSpire:DarkSteelAnvil","ReplayTheSpireMod:DimensionalGlitch"],"potions_floor_usage":[11,13,16,18,22],"damage_taken":[{"damage":0,"enemies":"conspire:RoseBush","floor":1,"turns":3},{"damage":0,"enemies":"Cultist","floor":2,"turns":3},{"damage":0,"enemies":"2 Louse","floor":5,"turns":3},{"damage":29,"enemies":"Replay:BlueRogue","floor":6,"turns":6},{"damage":7,"enemies":"Exordium Wildlife","floor":8,"turns":2},{"damage":2,"enemies":"Looter","floor":11,"turns":3},{"damage":10,"enemies":"3 Louse","floor":13,"turns":2},{"damage":16,"enemies":"Slime Boss","floor":16,"turns":5},{"damage":28,"enemies":"Chosen","floor":18,"turns":5},{"damage":0,"enemies":"3 Byrds","floor":20,"turns":3},{"damage":18,"enemies":"conspire:HollyBat","floor":21,"turns":6},{"damage":16,"enemies":"Centurion and Healer","floor":22,"turns":8},{"damage":17,"enemies":"Snecko","floor":23,"turns":4}],"seed_played":"6114293773082857486","potions_obtained":[{"floor":8,"key":"Energy Potion"},{"floor":11,"key":"Ancient Potion"},{"floor":13,"key":"Fruit Juice"},{"floor":16,"key":"Poison Potion"},{"floor":21,"key":"BlessingOfTheForge"}],"is_trial":false,"path_per_floor":["M","M","?","$","M","E","R","M","T","?","M","R","M","$","R","B",null,"M","?","M","M","M","M"],"character_chosen":"THE_SILENT","items_purchased":["Blade Dance","Infinite Blades"],"campfire_rested":1,"item_purchase_floors":[14,14],"current_hp_per_floor":[70,70,70,70,70,41,62,55,55,55,53,53,48,48,48,32,75,47,47,47,29,13,0,0],"gold":191,"neow_bonus":"THREE_RARE_CARDS","is_prod":false,"is_daily":false,"chose_seed":false,"campfire_upgraded":2,"win_rate":0.0,"timestamp":1607598474,"path_taken":["M","M","?","?","?","E","R","M","T","?","M","R","M","$","R","BOSS","M","?","M","?","M","M"],"build_version":"2020-11-30","purchased_purges":0,"victory":false,"max_hp_per_floor":[70,70,70,70,70,70,70,70,70,70,70,70,75,75,75,75,75,75,75,75,75,75,75,75],"card_choices":[{"not_picked":["Tools of the Trade","Glass Knife"],"picked":"Poison Darts","floor":0},{"not_picked":["Expertise","Prepared"],"picked":"Backflip","floor":1},{"not_picked":["ReplayTheSpireMod:The Works","Dagger Spray"],"picked":"conspire:PoisonWeapons","floor":2},{"not_picked":["Heel Hook","Underhanded Strike"],"picked":"conspire:DoublingDagger","floor":5},{"not_picked":["StuffTheSpire:Incursion","ReplayTheSpireMod:Tripwire"],"picked":"Dagger Spray","floor":6},{"not_picked":["Prepared","StuffTheSpire:Sprint"],"picked":"All Out Attack","floor":8},{"not_picked":["Sucker Punch","StuffTheSpire:BumpUp"],"picked":"Slice","floor":11},{"not_picked":["Masterful Stab","ReplayTheSpireMod:From All Sides"],"picked":"StuffTheSpire:Injection","floor":13},{"not_picked":["StuffTheSpire:FinalStruggle","Venomology"],"picked":"Adrenaline","floor":16},{"not_picked":["Prepared+1","ReplayTheSpireMod:Tripwire+1"],"picked":"StuffTheSpire:MirrorStance","floor":18},{"not_picked":["Predator","StuffTheSpire:ClusterCrunch"],"picked":"StuffTheSpire:Incantation","floor":20},{"not_picked":["Underhanded Strike+1","PiercingWail"],"picked":"Outmaneuver","floor":21},{"not_picked":["Escape Plan","StuffTheSpire:Python"],"picked":"Crippling Poison","floor":22}],"player_experience":85441,"relics_obtained":[{"floor":6,"key":"StuffTheSpire:Wildfire"},{"floor":9,"key":"hubris:SlimyHat"}],"event_choices":[{"damage_healed":0,"gold_gain":0,"cards_transformed":["Strike_G"],"player_choice":"Transformed","damage_taken":0,"max_hp_gain":0,"max_hp_loss":0,"event_name":"Transmorgrifier","floor":3,"gold_loss":0,"cards_obtained":["A Thousand Cuts"]},{"damage_healed":0,"gold_gain":0,"player_choice":"Take","damage_taken":0,"max_hp_gain":0,"max_hp_loss":0,"event_name":"betterNote:BetterNote","floor":19,"gold_loss":0,"cards_obtained":["hermit:Defend_Hermit"]}],"is_beta":false,"boss_relics":[{"not_picked":["halation:CatFaceCupcake","conspire:SeveredTorchhead"],"picked":"ReplayTheSpireMod:DimensionalGlitch"}],"items_purged_floors":[],"is_endless":false,"potions_floor_spawned":[8,11,13,16,21],"killed_by":"Snecko","ascension_level":0}}