{"host":"e2ju6k0wppswbhbd","time":1607628775,"event":{"mods":["BaseMod","Minty Spire (QoL Compilation)","StSLib","Rare Cards Sparkle"],"gold_per_floor":[113,132,143,162,173,208,208,173,226,258,333,333,368,386,386,486,486,498,49,49,68,87,102,120,132,132,145,145,145,157,185,185,289,339,357,357,51,69,87,114,114,139,139,139,151,151,168,196,196,196,196,196,20,52,52],"floor_reached":56,"playtime":10706,"items_purged":["Defend_B","Defend_B"],"score":1258,"play_id":"fb2aa13d-deaa-410b-b380-e3e8cbed64cc","local_time":"20201210203255","is_ascension_mode":false,"campfire_choices":[{"floor":7.0,"key":"RECALL"},{"data":"Zap","floor":12.0,"key":"SMITH"},{"floor":15.0,"key":"REST"},{"data":"Machine Learning","floor":29.0,"key":"SMITH"},{"data":"Redo","floor":32.0,"key":"SMITH"},{"floor":41.0,"key":"REST"},{"data":"Madness","floor":46,"key":"SMITH"},{"data":"Blizzard","floor":49,"key":"SMITH"},{"data":"Fission","floor":52,"key":"SMITH"}],"circlet_count":0,"master_deck":["Strike_B","Strike_B","Defend_B+1","Defend_B","Zap+1","Dualcast","Beam Cell","Steam+1","Cold Snap","Compile Driver","BootSequence","Electrodynamics","Sunder","Redo+1","Genetic Algorithm","Machine Learning+1","Skim+1","Streamline+1","Force Field","Go for the Eyes","Fission+1","Rebound+1","Reinforced Body+1","BootSequence","Conserve Battery","White Noise","Go for the Eyes+1","Coolheaded+1","Defragment+1","Seek","Turbo+1","Madness+1","Madness","Auto Shields","Blizzard+1","Conserve Battery+1","Aggregate","Storm+1","Aggregate+1","Parasite","Stack+1","Sweeping Beam+1","Self Repair","Hologram+1","Double Energy+1"],"special_seed":0,"relics":["FrozenCore","Bird Faced Urn","Letter Opener","War Paint","Torii","Pear","StoneCalendar","Tiny House","Runic Capacitor","Matryoshka","Toxic Egg 2","Ornamental Fan","Blood Vial","Nunchaku","Bottled Lightning"],"acts_visited":["TheEnding"],"potions_floor_usage":[48,50,55],"damage_taken":[{"damage":0.0,"enemies":"Small Slimes","floor":1.0,"turns":3.0},{"damage":0.0,"enemies":"2 Louse","floor":2.0,"turns":2.0},{"damage":0.0,"enemies":"Cultist","floor":3.0,"turns":2.0},{"damage":11.0,"enemies":"2 Fungi Beasts","floor":4.0,"turns":3.0},{"damage":3.0,"enemies":"Large Slime","floor":5.0,"turns":4.0},{"damage":12.0,"enemies":"Gremlin Nob","floor":6.0,"turns":3.0},{"damage":11.0,"enemies":"Lagavulin","floor":10.0,"turns":5.0},{"damage":12.0,"enemies":"Gremlin Nob","floor":13.0,"turns":3.0},{"damage":0.0,"enemies":"3 Louse","floor":14.0,"turns":2.0},{"damage":14.0,"enemies":"Slime Boss","floor":16.0,"turns":9.0},{"damage":5.0,"enemies":"2 Thieves","floor":18.0,"turns":5.0},{"damage":0.0,"enemies":"Shell Parasite","floor":21.0,"turns":7.0},{"damage":0.0,"enemies":"Cultist and Chosen","floor":22.0,"turns":6.0},{"damage":1.0,"enemies":"3 Cultists","floor":23.0,"turns":7.0},{"damage":0.0,"enemies":"Chosen and Byrds","floor":24.0,"turns":6.0},{"damage":2.0,"enemies":"Shelled Parasite and Fungi","floor":25.0,"turns":9.0},{"damage":8.0,"enemies":"Snake Plant","floor":27.0,"turns":5.0},{"damage":16.0,"enemies":"3 Cultists","floor":30.0,"turns":5.0},{"damage":10.0,"enemies":"Slavers","floor":31.0,"turns":7.0},{"damage":66.0,"enemies":"Automaton","floor":33.0,"turns":14.0},{"damage":1.0,"enemies":"Orb Walker","floor":35.0,"turns":6.0},{"damage":1.0,"enemies":"3 Shapes","floor":38.0,"turns":5.0},{"damage":10.0,"enemies":"Jaw Worm Horde","floor":39.0,"turns":6.0},{"damage":44.0,"enemies":"Reptomancer","floor":40.0,"turns":7.0},{"damage":15,"enemies":"Giant Head","floor":42,"turns":11},{"damage":0,"enemies":"Writhing Mass","floor":45,"turns":7},{"damage":1,"enemies":"Spire Growth","floor":47,"turns":6},{"damage":11,"enemies":"Reptomancer","floor":48,"turns":5},{"damage":31,"enemies":"Awakened One","floor":50,"turns":17},{"damage":60,"enemies":"Shield and Spear","floor":54,"turns":9},{"damage":89,"enemies":"The Heart","floor":55,"turns":14}],"seed_played":"-5848123427635246015","potions_obtained":[{"floor":1.0,"key":"AttackPotion"},{"floor":4.0,"key":"EssenceOfDarkness"},{"floor":10.0,"key":"EssenceOfDarkness"},{"floor":14.0,"key":"SkillPotion"},{"floor":18.0,"key":"Strength Potion"},{"floor":22.0,"key":"Strength Potion"},{"floor":25.0,"key":"SneckoOil"},{"floor":27.0,"key":"Swift Potion"},{"floor":31.0,"key":"FearPotion"},{"floor":34.0,"key":"FairyPotion"},{"floor":35.0,"key":"FocusPotion"},{"floor":39.0,"key":"SpeedPotion"},{"floor":42,"key":"AttackPotion"},{"floor":47,"key":"PotionOfCapacity"}],"is_trial":false,"path_per_floor":["M","M","M","M","M","E","R","?","T","E","?","R","E","M","R","B",null,"M","$","?","M","M","M","M","M","T","M","?","R","M","E","R","B",null,"M","?","$","M","M","E","R","E","T","?","M","R","M","E","R","B",null,"R","$","E","B",null],"character_chosen":"DEFECT","items_purchased":["Torii","Streamline","Force Field","Go for the Eyes","Runic Capacitor","Auto Shields","PowerPotion","Hologram+1"],"campfire_rested":2,"item_purchase_floors":[19,19,19,19,37,37,53,53],"current_hp_per_floor":[75,75,75,64,61,49,49,67,67,58,47,47,37,37,59,47,75,72,72,72,75,75,74,75,75,85,79,79,79,67,61,61,3,90,90,79,79,82,80,42,69,62,62,62,74,74,85,83,83,72,90,90,90,34,10],"gold":52,"neow_bonus":"REMOVE_CARD","is_daily":false,"chose_seed":false,"campfire_upgraded":6,"win_rate":0,"timestamp":1607628775,"path_taken":["M","M","M","M","M","E","R","?","T","E","?","R","E","M","R","BOSS","M","$","?","M","M","M","?","M","T","M","?","R","M","E","R","BOSS","M","?","$","M","M","E","R","E","T","?","M","R","M","E","R","BOSS","R","$","E","BOSS"],"build_version":"2020-11-30","purchased_purges":2,"victory":true,"max_hp_per_floor":[75,75,75,75,75,75,75,75,75,75,75,75,75,75,75,75,75,75,75,75,75,75,75,75,75,85,85,85,85,85,85,85,85,90,90,90,90,90,90,90,90,90,90,90,90,90,90,90,90,90,90,90,90,90,90],"card_choices":[{"not_picked":["Hologram","Stack"],"picked":"Beam Cell","floor":1.0},{"not_picked":["Compile Driver","Streamline"],"picked":"Steam","floor":2.0},{"not_picked":["Compile Driver","Streamline"],"picked":"Cold Snap","floor":3.0},{"not_picked":["Beam Cell","Barrage"],"picked":"Compile Driver","floor":4.0},{"not_picked":["Stack","Hello World"],"picked":"BootSequence","floor":5.0},{"not_picked":["Turbo","Chill"],"picked":"Electrodynamics","floor":6.0},{"not_picked":["Barrage","Conserve Battery"],"picked":"Sunder","floor":10.0},{"not_picked":["Streamline","Gash"],"picked":"Redo","floor":13.0},{"not_picked":["Streamline","Conserve Battery"],"picked":"Genetic Algorithm","floor":14.0},{"not_picked":["Buffer","Thunder Strike"],"picked":"Machine Learning","floor":16.0},{"not_picked":["Blizzard","Heatsinks"],"picked":"Skim+1","floor":18.0},{"not_picked":["Tempest","Turbo"],"picked":"Rebound+1","floor":21.0},{"not_picked":["Cold Snap+1","BootSequence"],"picked":"Reinforced Body+1","floor":22.0},{"not_picked":["Hello World","Streamline+1"],"picked":"BootSequence","floor":23.0},{"not_picked":["Sweeping Beam","Steam"],"picked":"Conserve Battery","floor":24.0},{"not_picked":["Scrape+1","Barrage"],"picked":"White Noise","floor":25.0},{"not_picked":["Coolheaded","Rip and Tear"],"picked":"Go for the Eyes+1","floor":27.0},{"not_picked":["Rebound","Turbo"],"picked":"Coolheaded+1","floor":30.0},{"not_picked":["Stack+1","Loop"],"picked":"Defragment+1","floor":31.0},{"not_picked":["Multi-Cast","All For One"],"picked":"Seek","floor":33.0},{"not_picked":["Hello World+1","Ball Lightning"],"picked":"Turbo+1","floor":35.0},{"not_picked":["Capacitor","Streamline"],"picked":"Blizzard","floor":38.0},{"not_picked":["Capacitor+1","Streamline"],"picked":"Conserve Battery+1","floor":39.0},{"not_picked":["Thunder Strike","Darkness+1"],"picked":"Aggregate","floor":40.0},{"not_picked":["Turbo+1","Barrage+1"],"picked":"Storm+1","floor":42},{"not_picked":["Go for the Eyes+1","Ball Lightning"],"picked":"Stack+1","floor":45},{"not_picked":["Cold Snap+1","Glacier+1"],"picked":"Sweeping Beam+1","floor":47},{"not_picked":["Conserve Battery+1","Hologram+1"],"picked":"Self Repair","floor":48},{"not_picked":["Loop+1","Steam+1"],"picked":"Double Energy+1","floor":54}],"player_experience":2490251,"relics_obtained":[{"floor":6.0,"key":"Bird Faced Urn"},{"floor":10.0,"key":"Letter Opener"},{"floor":13.0,"key":"War Paint"},{"floor":26.0,"key":"Pear"},{"floor":31.0,"key":"StoneCalendar"},{"floor":40.0,"key":"Matryoshka"},{"floor":42,"key":"Toxic Egg 2"},{"floor":43,"key":"Ornamental Fan"},{"floor":43,"key":"Blood Vial"},{"floor":48,"key":"Nunchaku"},{"floor":54,"key":"Bottled Lightning"}],"event_choices":[{"damage_healed":18.0,"max_hp_gain":0.0,"max_hp_loss":0.0,"gold_gain":0.0,"event_name":"The Cleric","player_choice":"Healed","floor":8.0,"gold_loss":35.0,"damage_taken":0.0},{"damage_healed":0.0,"max_hp_gain":0.0,"max_hp_loss":0.0,"gold_gain":75.0,"event_name":"World of Goop","player_choice":"Gather Gold","floor":11.0,"gold_loss":0.0,"damage_taken":11.0},{"damage_healed":0.0,"max_hp_gain":0.0,"max_hp_loss":0.0,"gold_gain":0.0,"cards_transformed":["Strike_B"],"event_name":"Transmorgrifier","player_choice":"Transformed","floor":20.0,"gold_loss":0.0,"damage_taken":0.0,"cards_obtained":["Fission"]},{"damage_healed":0.0,"max_hp_gain":0.0,"max_hp_loss":0.0,"gold_gain":0.0,"event_name":"Ghosts","player_choice":"Ignored","floor":28.0,"gold_loss":0.0,"damage_taken":0.0},{"damage_healed":0.0,"max_hp_gain":0.0,"max_hp_loss":0.0,"gold_gain":0.0,"event_name":"Winding Halls","player_choice":"Embrace Madness","floor":36.0,"gold_loss":0.0,"damage_taken":11.0,"cards_obtained":["Madness","Madness"]},{"damage_healed":0,"gold_gain":0,"player_choice":"Copied","damage_taken":0,"max_hp_gain":0,"max_hp_loss":0,"event_name":"Duplicator","floor":44,"gold_loss":0,"cards_obtained":["Aggregate"]}],"is_beta":false,"boss_relics":[{"not_picked":["Sozu","Runic Pyramid"],"picked":"FrozenCore"},{"not_picked":["Coffee Dripper","Snecko Eye"],"picked":"Tiny House"}],"items_purged_floors":[37,53],"is_endless":false,"potions_floor_spawned":[1,4,10,14,18,22,25,27,31,35,39,42,47],"ascension_level":0}}