{"host":"p7j7o00jacnw7qzt","time":1607638984,"event":{"mods":["BaseMod","Minty Spire (QoL Compilation)","Relic Stats","Colored Map","Colored Powertips","DeckTracker","Highlight Path"],"gold_per_floor":[113,38,54,71,84,84,84,115,169,212,212,237,255,273,273,363,363,383,383,283,296,323,323,367,367,367,400,416,416,416,454,454,553,553,571,571,591,618,329,377,377,390,390,426,446,446,490,490,490,490,490,490,490,115,159,159],"floor_reached":57,"playtime":2566,"items_purged":["Strike_G","Defend_G","Defend_G","Defend_G"],"score":3241,"play_id":"39b9ea5f-6317-4c41-9a9f-4d4349cd81f0","local_time":"20201210172304","is_ascension_mode":true,"campfire_choices":[{"data":"Phantasmal Killer","floor":6.0,"key":"SMITH"},{"data":"Blade Dance","floor":15.0,"key":"SMITH"},{"data":"Prepared","floor":23.0,"key":"SMITH"},{"data":"Acrobatics","floor":30.0,"key":"SMITH"},{"data":"Strike_G","floor":32.0,"key":"PURGE"},{"data":"Strike_G","floor":41.0,"key":"PURGE"},{"floor":49.0,"key":"RECALL"},{"data":"Strike_G","floor":53,"key":"PURGE"}],"circlet_count":0,"master_deck":["AscendersBane","Defend_G","Defend_G","Survivor","Neutralize","Slice","Phantasmal Killer+1","Terror","Endless Agony","Blade Dance+1","Prepared+1","Ghostly","Ghostly","Ghostly","Reflex+1","Acrobatics+1","After Image","Backflip","Acrobatics+1"],"special_seed":0,"relics":["WristBlade","Golden Idol","Gremlin Horn","Anchor","Tiny Chest","Coffee Dripper","Blood Vial","Ice Cream","Peace Pipe","Shuriken","Fusion Hammer","CeramicFish","TheAbacus","Dream Catcher","Calipers","Mummified Hand","Tingsha","Nunchaku","StrikeDummy"],"acts_visited":["Exordium","TheCity","TheBeyond","TheEnding"],"potions_floor_usage":[56,56],"damage_taken":[{"damage":8.0,"enemies":"Cultist","floor":1.0,"turns":5.0},{"damage":0.0,"enemies":"Small Slimes","floor":3.0,"turns":4.0},{"damage":2.0,"enemies":"Jaw Worm","floor":4.0,"turns":4.0},{"damage":6.0,"enemies":"Looter","floor":5.0,"turns":4.0},{"damage":15.0,"enemies":"Lagavulin","floor":8.0,"turns":7.0},{"damage":25.0,"enemies":"3 Sentries","floor":10.0,"turns":11.0},{"damage":0.0,"enemies":"2 Fungi Beasts","floor":12.0,"turns":3.0},{"damage":0.0,"enemies":"Exordium Thugs","floor":13.0,"turns":3.0},{"damage":0.0,"enemies":"Looter","floor":14.0,"turns":2.0},{"damage":7.0,"enemies":"Hexaghost","floor":16.0,"turns":7.0},{"damage":3.0,"enemies":"2 Thieves","floor":18.0,"turns":3.0},{"damage":4.0,"enemies":"Shell Parasite","floor":21.0,"turns":3.0},{"damage":0.0,"enemies":"Gremlin Leader","floor":24.0,"turns":2.0},{"damage":1.0,"enemies":"Book of Stabbing","floor":27.0,"turns":4.0},{"damage":16.0,"enemies":"Cultist and Chosen","floor":28.0,"turns":7.0},{"damage":0.0,"enemies":"Gremlin Leader","floor":31.0,"turns":5.0},{"damage":6.0,"enemies":"Champ","floor":33.0,"turns":6.0},{"damage":0.0,"enemies":"Orb Walker","floor":35.0,"turns":3.0},{"damage":0.0,"enemies":"3 Shapes","floor":37.0,"turns":3.0},{"damage":0.0,"enemies":"Giant Head","floor":40.0,"turns":3.0},{"damage":0.0,"enemies":"Writhing Mass","floor":42.0,"turns":3.0},{"damage":0.0,"enemies":"Nemesis","floor":44.0,"turns":5.0},{"damage":0.0,"enemies":"Maw","floor":45.0,"turns":3.0},{"damage":0.0,"enemies":"Giant Head","floor":47.0,"turns":3.0},{"damage":0.0,"enemies":"Awakened One","floor":50.0,"turns":4.0},{"damage":27,"enemies":"Donu and Deca","floor":51,"turns":5},{"damage":0,"enemies":"Shield and Spear","floor":55,"turns":3},{"damage":23,"enemies":"The Heart","floor":56,"turns":5}],"seed_played":"5477942568501733670","potions_obtained":[{"floor":5.0,"key":"Poison Potion"},{"floor":12.0,"key":"Fruit Juice"},{"floor":13.0,"key":"BlessingOfTheForge"},{"floor":16.0,"key":"LiquidBronze"},{"floor":18.0,"key":"DuplicationPotion"},{"floor":21.0,"key":"Swift Potion"},{"floor":28.0,"key":"SmokeBomb"},{"floor":42.0,"key":"DuplicationPotion"},{"floor":44.0,"key":"Strength Potion"}],"is_trial":false,"path_per_floor":["M","$","M","M","M","R","?","E","T","E","?","M","M","M","R","B",null,"M","?","$","M","T","R","E","?","T","E","M","?","R","E","R","B",null,"M","?","M","T","$","E","R","M","T","E","M","?","E","?","R","B","B",null,"R","$","E","B",null],"character_chosen":"THE_SILENT","items_purchased":["TheAbacus","Nunchaku","Energy Potion"],"campfire_rested":0,"item_purchase_floors":[39,54,54],"current_hp_per_floor":[51,51,51,49,43,43,43,28,28,3,3,3,3,3,3,1,49,46,32,32,28,28,28,28,28,28,29,15,15,15,17,17,13,27,29,29,31,31,31,32,32,32,32,32,32,32,32,30,30,30,3,23,23,23,25,4],"gold":159,"neow_bonus":"BOSS_RELIC","is_daily":false,"chose_seed":false,"campfire_upgraded":4,"win_rate":0,"timestamp":1607638984,"path_taken":["M","$","?","M","M","R","?","E","T","E","?","M","M","?","R","BOSS","M","?","$","M","?","R","E","?","T","E","M","?","R","E","R","BOSS","M","?","M","?","$","E","R","M","T","E","M","?","E","?","R","BOSS","BOSS","R","$","E","BOSS"],"build_version":"2020-11-30","purchased_purges":4,"victory":true,"max_hp_per_floor":[66,66,66,66,66,66,60,60,60,60,60,60,60,60,60,65,65,65,32,32,32,32,32,32,32,32,32,32,32,32,32,32,32,32,32,32,32,32,32,32,32,32,32,32,32,32,32,30,30,30,30,30,30,30,30,30],"relic_stats":{"Gremlin Horn":[17,17],"counters":[28,120],"Golden Idol":205,"CeramicFish":9,"Tingsha":[138],"Blood Vial":17,"Peace Pipe":5,"Dream Catcher":0,"Nunchaku":[4],"TheAbacus":[186],"Shuriken":[68],"Mummified Hand":[7],"Tiny Chest":2,"obtain_stats":[{"Ice Cream":26,"Calipers":43,"Gremlin Horn":8,"Golden Idol":7,"CeramicFish":38,"Tingsha":47,"Blood Vial":24,"Peace Pipe":27,"Anchor":9,"Dream Catcher":40,"Nunchaku":54,"TheAbacus":39,"WristBlade":0,"Shuriken":31,"Mummified Hand":44,"Tiny Chest":10,"Fusion Hammer":34,"Coffee Dripper":17,"StrikeDummy":55,"Ring of the Snake":0},{"Ice Cream":13,"Calipers":21,"Gremlin Horn":5,"Golden Idol":4,"CeramicFish":19,"Tingsha":24,"Blood Vial":13,"Peace Pipe":14,"Anchor":5,"Dream Catcher":20,"Nunchaku":26,"TheAbacus":19,"WristBlade":0,"Shuriken":16,"Mummified Hand":22,"Tiny Chest":6,"Fusion Hammer":17,"Coffee Dripper":10,"StrikeDummy":27,"Ring of the Snake":0},{"Ice Cream":58,"Calipers":92,"Gremlin Horn":24,"Golden Idol":17,"CeramicFish":86,"Tingsha":103,"Blood Vial":58,"Peace Pipe":62,"Anchor":24,"Dream Catcher":89,"Nunchaku":112,"TheAbacus":86,"WristBlade":0,"Shuriken":74,"Mummified Hand":97,"Tiny Chest":35,"Fusion Hammer":80,"Coffee Dripper":50,"StrikeDummy":115,"Ring of the Snake":0}]},"card_choices":[{"not_picked":["Sucker Punch","Dash"],"picked":"Slice","floor":1.0},{"not_picked":["Dagger Throw","Underhanded Strike"],"picked":"Phantasmal Killer","floor":3.0},{"not_picked":["Dagger Throw","Caltrops","Outmaneuver"],"picked":"SKIP","floor":4.0},{"not_picked":["Deadly Poison","Bane","Riddle With Holes"],"picked":"SKIP","floor":5.0},{"not_picked":["Noxious Fumes","Slice"],"picked":"Terror","floor":8.0},{"not_picked":["Underhanded Strike","All Out Attack"],"picked":"Endless Agony","floor":10.0},{"not_picked":["Flying Knee","Deadly Poison","Sucker Punch"],"picked":"SKIP","floor":12.0},{"not_picked":["Backstab","Deadly Poison"],"picked":"Blade Dance","floor":13.0},{"not_picked":["Dagger Spray","Backflip"],"picked":"Prepared","floor":14.0},{"not_picked":["Cloak And Dagger","Crippling Poison","Terror"],"picked":"SKIP","floor":18.0},{"not_picked":["Endless Agony","Terror+1","Deflect"],"picked":"SKIP","floor":21.0},{"not_picked":["Slice","Prepared"],"picked":"Reflex+1","floor":24.0},{"not_picked":["Tactician","Underhanded Strike","Finisher"],"picked":"SKIP","floor":27.0},{"not_picked":["All Out Attack+1","Dagger Spray"],"picked":"Acrobatics","floor":28.0},{"not_picked":["Distraction","Backstab","Dagger Throw"],"picked":"SKIP","floor":31.0},{"not_picked":["Glass Knife","Venomology"],"picked":"After Image","floor":33.0},{"not_picked":["Riddle With Holes+1","Deflect+1"],"picked":"Backflip","floor":35.0},{"not_picked":["Slice+1","Crippling Poison","Dagger Throw"],"picked":"SKIP","floor":37.0},{"not_picked":["Finisher+1","Riddle With Holes+1"],"picked":"Acrobatics+1","floor":40.0},{"not_picked":["Sucker Punch+1","Skewer","Dagger Spray"],"picked":"SKIP","floor":42.0},{"not_picked":["Dagger Throw","Malaise","Slice"],"picked":"SKIP","floor":44.0},{"not_picked":["Bouncing Flask","Outmaneuver","Dash"],"picked":"SKIP","floor":45.0},{"not_picked":["Cloak And Dagger+1","Backflip+1","Finisher+1"],"picked":"SKIP","floor":47.0},{"not_picked":["Deadly Poison","Dagger Spray","Quick Slash+1"],"picked":"SKIP","floor":55}],"player_experience":747899,"relics_obtained":[{"floor":8.0,"key":"Gremlin Horn"},{"floor":9.0,"key":"Anchor"},{"floor":10.0,"key":"Tiny Chest"},{"floor":24.0,"key":"Blood Vial"},{"floor":26.0,"key":"Ice Cream"},{"floor":27.0,"key":"Peace Pipe"},{"floor":31.0,"key":"Shuriken"},{"floor":38.0,"key":"CeramicFish"},{"floor":40.0,"key":"Dream Catcher"},{"floor":43.0,"key":"Calipers"},{"floor":44.0,"key":"Mummified Hand"},{"floor":47.0,"key":"Tingsha"},{"floor":55,"key":"StrikeDummy"}],"event_choices":[{"damage_healed":0.0,"max_hp_gain":0.0,"max_hp_loss":6.0,"gold_gain":0.0,"event_name":"Golden Idol","player_choice":"Lose Max HP","floor":7.0,"gold_loss":0.0,"damage_taken":0.0,"relics_obtained":["Golden Idol"]},{"damage_healed":0.0,"max_hp_gain":0.0,"max_hp_loss":0.0,"gold_gain":0.0,"event_name":"Match and Keep!","player_choice":"0 cards matched","floor":11.0,"gold_loss":0.0,"damage_taken":0.0,"cards_obtained":[]},{"damage_healed":0.0,"max_hp_gain":0.0,"max_hp_loss":33.0,"gold_gain":0.0,"event_name":"Ghosts","player_choice":"Became a Ghost","floor":19.0,"gold_loss":0.0,"damage_taken":0.0,"cards_obtained":["Ghostly","Ghostly","Ghostly"]},{"damage_healed":0.0,"max_hp_gain":0.0,"max_hp_loss":0.0,"gold_gain":0.0,"event_name":"The Mausoleum","player_choice":"Ignored","floor":25.0,"gold_loss":0.0,"damage_taken":0.0},{"damage_healed":0.0,"max_hp_gain":0.0,"max_hp_loss":0.0,"gold_gain":0.0,"event_name":"Vampires","player_choice":"Ignored","floor":29.0,"gold_loss":0.0,"damage_taken":0.0},{"cards_removed":["Strike_G"],"damage_healed":0.0,"max_hp_gain":0.0,"max_hp_loss":0.0,"gold_gain":0.0,"event_name":"Falling","player_choice":"Removed Attack","floor":36.0,"gold_loss":0.0,"damage_taken":0.0},{"damage_healed":0.0,"max_hp_gain":0.0,"max_hp_loss":0.0,"gold_gain":0.0,"event_name":"SensoryStone","player_choice":"Memory 1","floor":46.0,"gold_loss":0.0,"damage_taken":0.0},{"damage_healed":0.0,"max_hp_gain":0.0,"max_hp_loss":2.0,"gold_gain":0.0,"event_name":"Winding Halls","player_choice":"Max HP","floor":48.0,"gold_loss":0.0,"damage_taken":0.0}],"is_beta":false,"boss_relics":[{"not_picked":["HoveringKite","Tiny House"],"picked":"Coffee Dripper"},{"not_picked":["Empty Cage","Philosopher\u0027s Stone"],"picked":"Fusion Hammer"}],"items_purged_floors":[2,20,39,54],"is_endless":false,"potions_floor_spawned":[5,12,13,16,18,21,28,42,44,47,55],"ascension_level":20}}