{"host":"p7j7o00jacnw7qzt","time":1607635931,"event":{"mods":["BaseMod","Minty Spire (QoL Compilation)","Relic Stats","Colored Map","Colored Powertips","DeckTracker","Highlight Path"],"gold_per_floor":[110,121,138,149,149,175,175,207,207,222,256,97,113,127,127,127,127],"floor_reached":16,"playtime":599,"items_purged":["Strike_G"],"score":248,"play_id":"839e1cfe-e2b5-45fb-b3e5-dcd0922a6833","local_time":"20201210163211","is_ascension_mode":true,"campfire_choices":[{"data":"Dagger Spray","floor":7.0,"key":"SMITH"},{"data":"Blade Dance","floor":15.0,"key":"SMITH"}],"circlet_count":0,"master_deck":["AscendersBane","Strike_G","Strike_G","Strike_G","Strike_G","Defend_G","Defend_G","Defend_G","Defend_G","Defend_G","Survivor","Neutralize","Backstab","Dagger Spray+1","Blade Dance+1","Calculated Gamble","Backflip"],"special_seed":0,"relics":["Black Star","Tiny Chest","Singing Bowl","Kunai","Strawberry","Eternal Feather","Oddly Smooth Stone","Anchor"],"acts_visited":["Exordium"],"potions_floor_usage":[],"damage_taken":[{"damage":15.0,"enemies":"Cultist","floor":1.0,"turns":6.0},{"damage":1.0,"enemies":"Small Slimes","floor":2.0,"turns":3.0},{"damage":0.0,"enemies":"2 Louse","floor":3.0,"turns":3.0},{"damage":10.0,"enemies":"Large Slime","floor":4.0,"turns":5.0},{"damage":11.0,"enemies":"Gremlin Nob","floor":6.0,"turns":3.0},{"damage":30.0,"enemies":"Lagavulin","floor":8.0,"turns":7.0},{"damage":18.0,"enemies":"Exordium Thugs","floor":10.0,"turns":6.0},{"damage":4.0,"enemies":"3 Sentries","floor":11.0,"turns":4.0},{"damage":0.0,"enemies":"Blue Slaver","floor":13.0,"turns":3.0},{"damage":0.0,"enemies":"2 Fungi Beasts","floor":14.0,"turns":3.0},{"damage":26,"enemies":"Slime Boss","floor":16,"turns":3}],"seed_played":"-7838839884664034923","potions_obtained":[{"floor":1.0,"key":"Fire Potion"},{"floor":4.0,"key":"AttackPotion"},{"floor":6.0,"key":"SpeedPotion"},{"floor":10.0,"key":"LiquidMemories"},{"floor":14.0,"key":"Poison Potion"}],"is_trial":false,"path_per_floor":["M","M","M","M","?","E","R","E","T","M","E","$","M","M","R","B"],"character_chosen":"THE_SILENT","items_purchased":["Regen Potion"],"campfire_rested":0,"item_purchase_floors":[12],"current_hp_per_floor":[44,43,43,33,55,44,44,23,23,5,3,3,14,16,25,0,0],"gold":127,"neow_bonus":"BOSS_RELIC","is_daily":false,"chose_seed":false,"campfire_upgraded":2,"win_rate":0,"timestamp":1607635931,"path_taken":["M","?","?","M","?","E","R","E","T","M","E","$","M","M","R","BOSS"],"build_version":"2020-11-30","purchased_purges":1,"victory":false,"max_hp_per_floor":[66,66,66,66,66,66,66,75,75,75,77,77,79,81,81,81,81],"relic_stats":{"Singing Bowl":8,"counters":[11,46],"Tiny Chest":0,"Eternal Feather":9,"Black Star":3,"Kunai":[16],"obtain_stats":[{"Anchor":11,"Singing Bowl":6,"Strawberry":8,"Oddly Smooth Stone":11,"Tiny Chest":6,"Eternal Feather":9,"Black Star":0,"Kunai":8,"Ring of the Snake":0},{"Anchor":8,"Singing Bowl":5,"Strawberry":6,"Oddly Smooth Stone":8,"Tiny Chest":5,"Eternal Feather":6,"Black Star":0,"Kunai":6,"Ring of the Snake":0},{"Anchor":37,"Singing Bowl":20,"Strawberry":27,"Oddly Smooth Stone":37,"Tiny Chest":20,"Eternal Feather":27,"Black Star":0,"Kunai":27,"Ring of the Snake":0}]},"card_choices":[{"not_picked":["Calculated Gamble","Quick Slash"],"picked":"Backstab","floor":1.0},{"not_picked":["Heel Hook","Underhanded Strike"],"picked":"Dagger Spray","floor":2.0},{"not_picked":["Accuracy","Underhanded Strike"],"picked":"Blade Dance","floor":3.0},{"not_picked":["Quick Slash","Leg Sweep","Distraction"],"picked":"SKIP","floor":4.0},{"not_picked":["Flechettes","Eviscerate"],"picked":"Calculated Gamble","floor":6.0},{"not_picked":["Heel Hook","Slice","Deadly Poison"],"picked":"Singing Bowl","floor":8.0},{"not_picked":["Prepared","Deflect"],"picked":"Backflip","floor":10.0},{"not_picked":["Poisoned Stab","Flechettes","Bane"],"picked":"Singing Bowl","floor":11.0},{"not_picked":["Caltrops","Underhanded Strike","Flechettes"],"picked":"Singing Bowl","floor":13.0},{"not_picked":["All Out Attack","Quick Slash","Backstab"],"picked":"Singing Bowl","floor":14.0}],"player_experience":747300,"relics_obtained":[{"floor":6.0,"key":"Tiny Chest"},{"floor":6.0,"key":"Singing Bowl"},{"floor":8.0,"key":"Kunai"},{"floor":8.0,"key":"Strawberry"},{"floor":9.0,"key":"Eternal Feather"},{"floor":11.0,"key":"Oddly Smooth Stone"},{"floor":11.0,"key":"Anchor"}],"event_choices":[{"damage_healed":22.0,"max_hp_gain":0.0,"max_hp_loss":0.0,"gold_gain":0.0,"event_name":"Big Fish","player_choice":"Banana","floor":5.0,"gold_loss":0.0,"damage_taken":0.0}],"is_beta":false,"boss_relics":[],"items_purged_floors":[12],"is_endless":false,"potions_floor_spawned":[1,4,6,10,14],"killed_by":"Slime Boss","ascension_level":20}}