{"host":"ygefd14btj4nx1b7","time":1607563527,"event":{"gold_per_floor":[109,9,9,29,43,73,73,110,133,157,157,179,199,199,199,301,301,319,319,231,249,249,288,288,316,316,347,36,56,56,97,97,215,215,250,282,0,0,10,10],"floor_reached":39,"playtime":2875,"items_purged":["Strike_B"],"score":592,"play_id":"5c39709b-6e42-4fc6-819d-09fe3d506877","local_time":"20201209192527","is_ascension_mode":true,"campfire_choices":[{"data":"Crystallizer","floor":7,"key":"SMITH"},{"floor":11,"key":"REST"},{"floor":15,"key":"REST"},{"data":"Sunder","floor":24,"key":"SMITH"},{"data":"ReplayTheSpireMod:Omega Cannon","floor":32,"key":"SMITH"}],"neow_cost":"NONE","seed_source_timestamp":20395974352200,"circlet_count":0,"master_deck":["Strike_B","Strike_B","Strike_B","Defend_B","Defend_B","Defend_B","Defend_B","Zap","Dualcast","Sunder+1","ReplayTheSpireMod:Calculation Training","ReplayTheSpireMod:Calculation Training","Rebound","Reprogram","Beam Cell","Crystallizer+1","Leap","Conserve Battery","Sweeping Beam","BootSequence","White Noise","Reboot","CurseOfTheBell","Sunder+1","Languid","Turbo","Hologram+1","Leap","hubris:Disease","ReplayRNGCard","Streamline+1","ReplayTheSpireMod:Omega Cannon+1","Multi-Cast","ReplayTheSpireMod:System Scan+1","Defragment+1","Delirium"],"relics":["Cracked Core","NeowsBlessing","Replay:Bandana","Centennial Puzzle","Bronze Scales","Replay:Grab Bag","hubris:VirtuousBlindfold","Cursed Key","Calling Bell","hubris:ScarierMask","Nunchaku","The Courier","hubris:CuriousFeather","Ring of Fury","Ring of Misfortune","Eternal Feather","Bag of Marbles","Oddly Smooth Stone","ClockworkSouvenir","PreservedInsect","hubris:Icosahedron","hubris:ToyBattleship","Runic Dome","Red Mask","White Beast Statue"],"potions_floor_usage":[33,33,33],"damage_taken":[{"damage":0,"enemies":"Cultist","floor":1,"turns":1},{"damage":0,"enemies":"Jaw Worm","floor":4,"turns":1},{"damage":0,"enemies":"2 Louse","floor":5,"turns":1},{"damage":34,"enemies":"Lagavulin","floor":6,"turns":6},{"damage":16,"enemies":"Gremlin Nob","floor":8,"turns":3},{"damage":9,"enemies":"Red Slaver","floor":10,"turns":2},{"damage":0,"enemies":"Looter","floor":12,"turns":2},{"damage":8,"enemies":"Blue Slaver","floor":13,"turns":3},{"damage":29,"enemies":"Hexaghost","floor":16,"turns":8},{"damage":0,"enemies":"2 Thieves","floor":18,"turns":2},{"damage":11,"enemies":"Spheric Guardian","floor":21,"turns":4},{"damage":2,"enemies":"Slavers","floor":23,"turns":4},{"damage":0,"enemies":"Centurion and Healer","floor":25,"turns":2},{"damage":2,"enemies":"Cultist and Chosen","floor":27,"turns":2},{"damage":0,"enemies":"3 Cultists","floor":29,"turns":3},{"damage":1,"enemies":"Book of Stabbing","floor":31,"turns":3},{"damage":46,"enemies":"Champ","floor":33,"turns":7},{"damage":1,"enemies":"3 Darklings","floor":35,"turns":2},{"damage":25,"enemies":"3 Shapes","floor":36,"turns":2},{"damage":69,"enemies":"Spire Growth","floor":39,"turns":4}],"seed_played":"5203782288850333129","potions_obtained":[{"floor":4,"key":"ColorlessPotion"},{"floor":6,"key":"PowerPotion"},{"floor":8,"key":"Weak Potion"},{"floor":16,"key":"Reflective Coating"},{"floor":35,"key":"PotionOfCapacity"},{"floor":36,"key":"Elixir"}],"is_trial":false,"path_per_floor":["M","$","?","M","M","E","R","E","T","M","R","M","M","?","R","B",null,"M","?","?","M","?","E","R","M","T","M","$","M","?","E","R","B",null,"M","M","?","T","M"],"character_chosen":"DEFECT","items_purchased":["ReplayTheSpireMod:Calculation Training","Rebound","ClockworkSouvenir","PreservedInsect"],"campfire_rested":2,"item_purchase_floors":[2,2,28,28],"current_hp_per_floor":[75,75,75,75,75,41,41,25,25,16,38,38,30,30,52,23,75,75,75,75,64,57,55,70,70,70,68,68,68,68,67,75,29,75,74,49,49,49,0,0],"gold":10,"neow_bonus":"THREE_ENEMY_KILL","is_prod":false,"is_daily":false,"chose_seed":false,"campfire_upgraded":3,"win_rate":0,"timestamp":1607563527,"path_taken":["M","$","?","M","?","E","R","E","T","M","R","M","M","?","R","BOSS","M","?","?","?","?","E","R","?","T","M","$","M","?","E","R","BOSS","M","M","?","?","M"],"build_version":"2020-11-30","purchased_purges":1,"victory":false,"max_hp_per_floor":[75,75,75,75,75,75,75,75,75,75,75,75,75,75,75,75,75,75,75,75,75,75,75,75,75,75,75,75,75,75,75,75,75,75,75,75,75,75,75,75],"card_choices":[{"not_picked":["Leap","Ball Lightning"],"picked":"Sunder","floor":1},{"not_picked":["Stack","Coolheaded"],"picked":"Reprogram","floor":4},{"not_picked":["Static Discharge","Gash"],"picked":"Beam Cell","floor":5},{"not_picked":["Recycle","Panic Button"],"picked":"Crystallizer","floor":6},{"not_picked":["White Noise","hubris:DoWhile"],"picked":"Leap","floor":8},{"not_picked":["Redo","Rebound"],"picked":"Conserve Battery","floor":10},{"not_picked":["Stack","Scrape"],"picked":"Sweeping Beam","floor":12},{"not_picked":["Beam Cell","Aggregate"],"picked":"BootSequence","floor":13},{"not_picked":["Creative AI","All For One"],"picked":"Reboot","floor":16},{"not_picked":["Barrage","Gash+1"],"picked":"Sunder","floor":18},{"not_picked":["Redo","Stack+1"],"picked":"Turbo","floor":21},{"not_picked":["Sweeping Beam","Storm"],"picked":"Hologram+1","floor":23},{"not_picked":["Consume","Compile Driver"],"picked":"Leap","floor":25},{"not_picked":["ReplaySort+1","Gash+1"],"picked":"ReplayRNGCard","floor":27},{"not_picked":["Sweeping Beam","Compile Driver"],"picked":"Streamline+1","floor":29},{"not_picked":["Glacier","Hologram"],"picked":"ReplayTheSpireMod:Omega Cannon","floor":31},{"not_picked":["All For One","Rainbow"],"picked":"Multi-Cast","floor":33},{"not_picked":["Redo+1","Steam+1"],"picked":"ReplayTheSpireMod:System Scan+1","floor":35},{"not_picked":["Conserve Battery+1","Chill"],"picked":"Defragment+1","floor":36}],"player_experience":401771,"relics_obtained":[{"floor":6,"key":"Replay:Bandana"},{"floor":8,"key":"Centennial Puzzle"},{"floor":9,"key":"Bronze Scales"},{"floor":17,"key":"Nunchaku"},{"floor":17,"key":"The Courier"},{"floor":17,"key":"hubris:CuriousFeather"},{"floor":19,"key":"Ring of Fury"},{"floor":19,"key":"Ring of Misfortune"},{"floor":23,"key":"Bag of Marbles"},{"floor":26,"key":"Oddly Smooth Stone"},{"floor":31,"key":"hubris:ToyBattleship"},{"floor":38,"key":"White Beast Statue"}],"event_choices":[{"damage_healed":0,"gold_gain":0,"player_choice":"Upgraded","damage_taken":0,"max_hp_gain":0,"max_hp_loss":0,"event_name":"Upgrade Shrine","floor":3,"gold_loss":0,"cards_upgraded":["Sunder"]},{"damage_healed":0,"gold_gain":0,"player_choice":"1 cards matched","damage_taken":0,"max_hp_gain":0,"max_hp_loss":0,"event_name":"Match and Keep!","floor":14,"gold_loss":0,"cards_obtained":["White Noise"]},{"damage_healed":0,"gold_gain":0,"player_choice":"Paid Gold","damage_taken":0,"relics_obtained":["Eternal Feather"],"max_hp_gain":0,"max_hp_loss":0,"event_name":"WeMeetAgain","floor":20,"gold_loss":88},{"damage_healed":0,"gold_gain":0,"player_choice":"Damaged","damage_taken":7,"max_hp_gain":0,"max_hp_loss":0,"event_name":"Wheel of Change","floor":22,"gold_loss":0},{"damage_healed":0,"gold_gain":0,"player_choice":"Paid","damage_taken":0,"relics_obtained":["Red Mask"],"max_hp_gain":0,"max_hp_loss":0,"event_name":"Tomb of Lord Red Mask","floor":37,"gold_loss":282}],"is_beta":false,"boss_relics":[{"not_picked":["Kintsugi","hubris:RunicObelisk"],"picked":"Replay:Grab Bag"},{"not_picked":["Ectoplasm","ReplayTheSpireMod:Onyx Gauntlets"],"picked":"hubris:VirtuousBlindfold"},{"not_picked":["Fusion Hammer","Abe\u0027s Treasure"],"picked":"Cursed Key"},{"not_picked":["FrozenCore","hubris:Stopwatch"],"picked":"Calling Bell"},{"not_picked":["hubris:BlackHole","SlaversCollar"],"picked":"hubris:ScarierMask"},{"not_picked":["Snecko Eye","Runic Pyramid"],"picked":"Runic Dome"}],"items_purged_floors":[28],"is_endless":false,"potions_floor_spawned":[4,6,8,13,16,21,31,35,36],"killed_by":"Spire Growth","ascension_level":4}}