{"host":"5gc11emcm5chfr5t","time":1607643010,"event":{"mods":["BaseMod","StSLib","Better Note","Colored Map","Colored Powertips","Googly Eyes","Minty Spire (QoL Compilation)","2.2 Compatiblity","AchievementEnabler","Rare Cards Sparkle","Bestiary"],"gold_per_floor":[117,133,308,22,34,34,61,74,153,153,168,188,188,223,223,321,371,390,390,400,246,258,258,269,269,269,269,288,33,66,66,66,66,66],"floor_reached":33,"playtime":902,"items_purged":[],"score":319,"play_id":"6eca0e85-b194-41f4-a69a-33f219900081","local_time":"20201210183010","is_ascension_mode":true,"campfire_choices":[{"data":"Parasite","floor":10,"key":"PURGE"},{"data":"True Grit","floor":13,"key":"SMITH"},{"floor":15,"key":"REST"},{"floor":23,"key":"REST"},{"floor":25,"key":"REST"},{"floor":27,"key":"REST"},{"data":"Limit Break","floor":32,"key":"SMITH"}],"circlet_count":0,"master_deck":["Strike_R","Strike_R","Strike_R","Strike_R","Strike_R","Defend_R","Defend_R","Defend_R","Defend_R","Bash","Immolate","Perfected Strike","Pommel Strike","Doubt","Iron Wave","True Grit+1","Pommel Strike+1","Clothesline","Demon Form+1","Sentinel","Feed","Seeing Red+1","Pommel Strike+1","Flex+1","Limit Break+1"],"relics":["Burning Blood","Ginger","Peace Pipe","Frozen Egg 2","Bag of Preparation","Tiny House","Red Skull","FossilizedHelix","Pen Nib","Regal Pillow"],"acts_visited":["Exordium","TheCity"],"potions_floor_usage":[11,14,16,16,22,30,30,30,33],"damage_taken":[{"damage":1,"enemies":"Cultist","floor":1,"turns":3},{"damage":0,"enemies":"2 Louse","floor":2,"turns":2},{"damage":7,"enemies":"Jaw Worm","floor":5,"turns":3},{"damage":27,"enemies":"Gremlin Nob","floor":7,"turns":4},{"damage":13,"enemies":"Exordium Thugs","floor":8,"turns":3},{"damage":6,"enemies":"Lots of Slimes","floor":11,"turns":2},{"damage":0,"enemies":"3 Louse","floor":12,"turns":1},{"damage":15,"enemies":"3 Sentries","floor":14,"turns":4},{"damage":8,"enemies":"Slime Boss","floor":16,"turns":6},{"damage":3,"enemies":"Chosen","floor":18,"turns":4},{"damage":57,"enemies":"3 Byrds","floor":20,"turns":6},{"damage":25,"enemies":"Sentry and Sphere","floor":22,"turns":4},{"damage":18,"enemies":"Snake Plant","floor":24,"turns":4},{"damage":6,"enemies":"Cultist and Chosen","floor":28,"turns":4},{"damage":10,"enemies":"Gremlin Leader","floor":30,"turns":4},{"damage":98,"enemies":"Champ","floor":33,"turns":8}],"seed_played":"2442044750557971766","potions_obtained":[{"floor":7,"key":"GamblersBrew"},{"floor":8,"key":"LiquidBronze"},{"floor":11,"key":"GamblersBrew"},{"floor":14,"key":"Weak Potion"},{"floor":17,"key":"Fruit Juice"},{"floor":24,"key":"Ancient Potion"},{"floor":30,"key":"PowerPotion"}],"is_trial":false,"path_per_floor":["M","M","?","$","M","$","E","M","T","R","M","M","R","E","R","B",null,"M","$","M","$","M","R","M","R","T","R","M","$","E","?","R","B"],"character_chosen":"IRONCLAD","items_purchased":["Ginger","Red Skull","Pen Nib","EntropicBrew"],"campfire_rested":4,"item_purchase_floors":[4,21,29,29],"current_hp_per_floor":[80,80,80,80,79,79,58,51,51,51,51,57,57,48,71,69,82,82,82,31,31,17,43,31,57,57,83,83,83,79,79,79,0,0],"gold":66,"neow_bonus":"THREE_RARE_CARDS","is_daily":false,"chose_seed":false,"campfire_upgraded":2,"win_rate":0,"timestamp":1607643010,"path_taken":["M","?","?","$","M","?","E","?","T","R","M","?","R","E","R","BOSS","M","?","M","$","M","R","M","R","T","R","M","$","E","?","R","BOSS"],"build_version":"2020-11-30","purchased_purges":0,"victory":false,"max_hp_per_floor":[80,80,80,80,80,80,80,80,80,77,77,77,77,77,77,77,82,82,82,82,82,87,87,87,87,87,87,87,87,87,87,87,87,87],"card_choices":[{"not_picked":["Demon Form","Limit Break"],"picked":"Immolate","floor":0},{"not_picked":["Sever Soul","Havoc"],"picked":"Perfected Strike","floor":1},{"not_picked":["True Grit","Seeing Red"],"picked":"Pommel Strike","floor":2},{"not_picked":["Armaments","True Grit"],"picked":"Iron Wave","floor":5},{"not_picked":["Searing Blow","Pummel"],"picked":"True Grit","floor":7},{"not_picked":["Evolve","True Grit"],"picked":"Pommel Strike","floor":8},{"not_picked":["Pummel","Rupture+1"],"picked":"Clothesline","floor":11},{"not_picked":["Evolve+1","Hemokinesis"],"picked":"Demon Form+1","floor":12},{"not_picked":["Power Through","Havoc"],"picked":"Sentinel","floor":14},{"not_picked":["Offering","Brutality+1"],"picked":"Feed","floor":16},{"not_picked":["Sword Boomerang","Clash+1"],"picked":"Seeing Red+1","floor":18},{"not_picked":["Sever Soul","Thunderclap","Heavy Blade"],"picked":"SKIP","floor":20},{"not_picked":["Warcry","Clash"],"picked":"Pommel Strike+1","floor":22},{"not_picked":["Entrench","Armaments"],"picked":"Flex+1","floor":24},{"not_picked":["True Grit+1","Flex","Warcry+1"],"picked":"SKIP","floor":28},{"not_picked":["Iron Wave+1","Heavy Blade+1"],"picked":"Limit Break","floor":30}],"player_experience":310323,"relics_obtained":[{"floor":7,"key":"Peace Pipe"},{"floor":9,"key":"Frozen Egg 2"},{"floor":14,"key":"Bag of Preparation"},{"floor":26,"key":"FossilizedHelix"},{"floor":30,"key":"Regal Pillow"}],"event_choices":[{"damage_healed":0,"gold_gain":175,"player_choice":"AGREE","damage_taken":0,"max_hp_gain":0,"max_hp_loss":0,"event_name":"Liars Game","floor":3,"gold_loss":0,"cards_obtained":["Doubt"]},{"damage_healed":0,"gold_gain":0,"player_choice":"Ignored","damage_taken":0,"max_hp_gain":0,"max_hp_loss":0,"event_name":"Vampires","floor":31,"gold_loss":0}],"is_beta":false,"boss_relics":[{"not_picked":["Runic Cube","Pandora\u0027s Box"],"picked":"Tiny House"}],"items_purged_floors":[],"is_endless":false,"potions_floor_spawned":[7,8,11,14,24,30],"killed_by":"Champ","ascension_level":3}}