{"host":"gk9qdtkqd8dwfeg2","time":1607608998,"event":{"mods":["BaseMod","StSLib","Shop Mod","Minty Spire (QoL Compilation)","Replay The Spire","TestMod","Waifu the Spire","【东方二次创作】八云紫mod","vexMod","RumiaBox-露米娅的神秘盒子","The Cursed"],"gold_per_floor":[116,116,126,0,19,19,49,449,495,495,521,56,75,350,350,285,285,301,314,314,314,326,326,404,420,420,450,2,2,2],"floor_reached":29,"playtime":1508,"items_purged":["TheCursedMod:Strike_TheCursed","TheCursedMod:Strike_TheCursed"],"score":351,"play_id":"fe802979-aa26-4a32-8b39-57a8a9ed340a","local_time":"20201210220318","is_ascension_mode":true,"campfire_choices":[{"data":"TheCursedMod:ReleasedKnowledge","floor":6.0,"key":"SMITH"},{"data":"TheCursedMod:AntiAging","floor":15.0,"key":"SMITH"},{"floor":23,"key":"RECALL"}],"circlet_count":0,"master_deck":["TheCursedMod:Strike_TheCursed","TheCursedMod:Strike_TheCursed","TheCursedMod:Defend_TheCursed","TheCursedMod:Defend_TheCursed","TheCursedMod:Defend_TheCursed","TheCursedMod:Defend_TheCursed","TheCursedMod:CursedWand","TheCursedMod:CleanUpWorkshop","TheCursedMod:Dregs","TheCursedMod:CircleOfFlame","TheCursedMod:ReleasedKnowledge+1","TheCursedMod:HellfireBreathing+1","TheCursedMod:HellsGateOpen","TheCursedMod:CollectTribute+1","TheCursedMod:CircleOfCorruption","TheCursedMod:EmpowerCircles","TheCursedMod:AntiAging+1","TheCursedMod:WearCloak","TheCursedMod:ManaBullet","Regret","TheCursedMod:SoulReap+1","TheCursedMod:ReleasedStrength","TheCursedMod:ManaCirculation","TheCursedMod:CursedSpellbook+1","ReplayTheSpireMod:Splinters","TheCursedMod:PrepareRite","TheCursedMod:SoulReap"],"special_seed":0,"relics":["TheCursedMod:BlackMagic101","testmod-TestBox","testmod-ChristmasGift","AddBug","SecretRecord","SecretRecord","Baka2","SecretRecord"],"acts_visited":["TheCity"],"potions_floor_usage":[16,16,18,19,19,19,19,25,25,25,25,27],"damage_taken":[{"damage":0.0,"enemies":"Cultist","floor":1.0,"turns":1.0},{"damage":0.0,"enemies":"Small Slimes","floor":3.0,"turns":2.0},{"damage":0.0,"enemies":"2 Louse","floor":5.0,"turns":1.0},{"damage":23.0,"enemies":"3 Sentries","floor":7.0,"turns":7.0},{"damage":59.0,"enemies":"Gremlin Nob","floor":11.0,"turns":5.0},{"damage":39.0,"enemies":"Red Slaver","floor":13.0,"turns":3.0},{"damage":51,"enemies":"The Guardian","floor":16,"turns":10},{"damage":0,"enemies":"3 Byrds","floor":18,"turns":2},{"damage":41,"enemies":"2 Thieves","floor":19,"turns":3},{"damage":25,"enemies":"Chosen and Byrds","floor":22,"turns":4},{"damage":96,"enemies":"Cultist and Chosen","floor":25,"turns":8},{"damage":21,"enemies":"Gremlin Leader","floor":27,"turns":6},{"damage":2,"enemies":"Replay:Snechameleon","floor":29,"turns":2}],"seed_played":"632067779834183703","potions_obtained":[{"floor":16,"key":"PowerPotion"},{"floor":18,"key":"EntropicBrew"},{"floor":22,"key":"Dexterity Potion"}],"is_trial":false,"path_per_floor":["M","?","M","$","M","R","E","?","T","?","E","$","M","?","R","B",null,"M","M","?","T","M","R","?","M","T","E","$","E"],"character_chosen":"THE_CURSED","items_purchased":["TheCursedMod:HellfireBreathing+1","MerchantsRug","TheCursedMod:EmpowerCircles","TheCursedMod:AntiAging","MerchantsRug","testmod-Antiphasic","Lee\u0027s Waffle"],"campfire_rested":0,"item_purchase_floors":[4,12,12,12,28,28,28],"current_hp_per_floor":[75,75,75,75,75,75,75,75,75,75,46,46,42,42,42,18,80,80,49,32,32,57,57,57,36,36,62,62,71,71],"gold":2,"neow_bonus":"THREE_ENEMY_KILL","is_daily":false,"chose_seed":false,"campfire_upgraded":2,"win_rate":0,"timestamp":1607608998,"path_taken":["M","?","?","$","M","R","E","?","T","?","E","$","?","?","R","BOSS","M","?","?","?","M","R","?","M","T","E","$","E"],"build_version":"2020-11-30","purchased_purges":2,"victory":false,"max_hp_per_floor":[75,75,75,75,75,75,75,75,75,75,75,75,75,75,75,80,80,80,86,91,91,97,97,97,109,109,115,115,115,115],"card_choices":[{"not_picked":["TheCursedMod:CursedShiv","TheCursedMod:Torture"],"picked":"TheCursedMod:CircleOfFlame","floor":1.0},{"not_picked":["TheCursedMod:Grudge","TheCursedMod:SpitefulStrike"],"picked":"TheCursedMod:ReleasedKnowledge","floor":3.0},{"not_picked":["TheCursedMod:CursedShiv","TheCursedMod:VitalStrike"],"picked":"TheCursedMod:HellsGateOpen","floor":5.0},{"not_picked":["TheCursedMod:EmpowerCircles","TheCursedMod:Stretching"],"picked":"TheCursedMod:CollectTribute","floor":7.0},{"not_picked":["TheCursedMod:TacticalStrike","TheCursedMod:RapidMovement"],"picked":"TheCursedMod:CircleOfCorruption","floor":11.0},{"not_picked":["TheCursedMod:CircleOfCorruption","TheCursedMod:CircleOfAmplification"],"picked":"TheCursedMod:WearCloak","floor":13.0},{"not_picked":["TheCursedMod:CursedStaff","TheCursedMod:WearCloak"],"picked":"TheCursedMod:ManaBullet","floor":13.0},{"not_picked":["TheCursedMod:Stretching","TheCursedMod:CircleOfCorruption","TheCursedMod:BloodBarrier"],"picked":"SKIP","floor":13.0},{"not_picked":["TheCursedMod:SpitefulStrike","TheCursedMod:CircleOfFlame","TheCursedMod:AbyssShockwave"],"picked":"SKIP","floor":13.0},{"not_picked":["TheCursedMod:CursedBoomerang","TheCursedMod:ReleasedKnowledge","TheCursedMod:BloodBarrier"],"picked":"SKIP","floor":18},{"not_picked":["TheCursedMod:FleshFromBone+1","TheCursedMod:RavingStaff+1"],"picked":"TheCursedMod:SoulReap+1","floor":19},{"not_picked":["TheCursedMod:ManaBullet+1","TheCursedMod:Torture+1"],"picked":"TheCursedMod:ReleasedStrength","floor":19},{"not_picked":["TheCursedMod:CursedMace","TheCursedMod:CursedAmulet+1"],"picked":"TheCursedMod:ManaCirculation","floor":19},{"not_picked":["TheCursedMod:CircleOfFlame","TheCursedMod:PrepareRite"],"picked":"TheCursedMod:CursedSpellbook+1","floor":19},{"not_picked":["TheCursedMod:Mangle+1","TheCursedMod:ManaBullet","TheCursedMod:SaltUponWound+1"],"picked":"SKIP","floor":22},{"not_picked":["TheCursedMod:Mangle","TheCursedMod:WearCloak"],"picked":"TheCursedMod:PrepareRite","floor":24},{"not_picked":["TheCursedMod:CircleOfCorruption+1","TheCursedMod:SpitefulStrike"],"picked":"TheCursedMod:SoulReap","floor":24},{"not_picked":["TheCursedMod:Stretching","TheCursedMod:Torture","TheCursedMod:CircleOfFlame"],"picked":"SKIP","floor":25},{"not_picked":["TheCursedMod:ManaBullet","TheCursedMod:CursedAmulet","TheCursedMod:SoulReap"],"picked":"SKIP","floor":27}],"player_experience":1004321,"relics_obtained":[{"floor":1.0,"key":"AddBug"},{"floor":1.0,"key":"Baka"},{"floor":3.0,"key":"SecretRecord"},{"floor":3.0,"key":"Baka2"},{"floor":7.0,"key":"testmod-Acrobat"},{"floor":9.0,"key":"Happy Flower"},{"floor":11.0,"key":"Whetstone"},{"floor":18,"key":"SecretRecord"},{"floor":26,"key":"Replay:Arrowhead"},{"floor":27,"key":"testmod-BouquetWithThorns"}],"event_choices":[{"damage_healed":0.0,"max_hp_gain":0.0,"max_hp_loss":0.0,"gold_gain":0.0,"event_name":"FaceTrader","player_choice":"Trade","floor":2.0,"gold_loss":0.0,"damage_taken":0.0,"relics_obtained":["FaceOfCleric"]},{"damage_healed":0.0,"max_hp_gain":0.0,"max_hp_loss":0.0,"gold_gain":400.0,"event_name":"恩洛斯的盘子","player_choice":"Sell","floor":8.0,"relics_lost":["NeowsBlessing"],"gold_loss":0.0,"damage_taken":0.0},{"damage_healed":0.0,"max_hp_gain":0.0,"max_hp_loss":0.0,"gold_gain":0.0,"event_name":"Upgrade Shrine","player_choice":"Upgraded","floor":10.0,"gold_loss":0.0,"damage_taken":0.0,"cards_upgraded":["TheCursedMod:CollectTribute"]},{"damage_healed":0.0,"max_hp_gain":0.0,"max_hp_loss":0.0,"gold_gain":275.0,"event_name":"Golden Shrine","player_choice":"Desecrate","floor":14.0,"gold_loss":0.0,"damage_taken":0.0,"cards_obtained":["Regret"]},{"damage_healed":0,"gold_gain":0,"player_choice":"Shed Blood","damage_taken":22,"max_hp_gain":5,"max_hp_loss":0,"event_name":"Forgotten Altar","floor":20,"gold_loss":0}],"is_beta":false,"boss_relics":[{"not_picked":["vexMod:EndlessSickness","testmod-EnergyCheck"],"picked":"EasyGame_NEW"}],"items_purged_floors":[4,12],"is_endless":false,"potions_floor_spawned":[7,11,16,18,22,27],"killed_by":"Replay:Snechameleon","ascension_level":2}}