{"host":"vzugls1u57eppbds","time":1607624604,"event":{"mods":["BaseMod","StSLib","Better Third Choice","AchievementEnabler","Minty Spire (QoL Compilation)","Relic Stats","Shop Mod","The IronCluck"],"gold_per_floor":[114,129,142,20,39,74,74,109,187,206,240,240,252,264,264,368,368,352,67,67,67,67,67,100,100,100,100,100,100,100,123,123,123,123],"floor_reached":33,"playtime":1173,"items_purged":[],"score":390,"play_id":"61e0eb60-e32a-4840-a8e5-321a609467ac","local_time":"20201210192324","is_ascension_mode":true,"campfire_choices":[{"data":"Dark Embrace","floor":7,"key":"SMITH"},{"floor":12,"key":"REST"},{"floor":15,"key":"REST"},{"data":"True Grit","floor":23,"key":"SMITH"},{"data":"Infernal Blade","floor":25,"key":"SMITH"},{"data":"Feel No Pain","floor":27,"key":"SMITH"},{"data":"Defend_R","floor":30,"key":"SMITH"},{"data":"Rampage","floor":32,"key":"SMITH"}],"circlet_count":0,"master_deck":["Defend_R","Defend_R","Defend_R+1","Bash","Heavy Blade","Battle Trance","Dark Embrace+1","Rampage","Rampage+1","Reaper","True Grit+1","Disarm","Iron Wave","Feel No Pain+1","Iron Wave","Double Tap","Thunderclap+1","Rage","Sentinel","Rampage","Clothesline","Infernal Blade+1","Power Through","Dropkick","Bite","Bite","Bite","Bite","Bite","Insight+1"],"relics":["Burning Blood","Centennial Puzzle","Charon\u0027s Ashes","Eternal Feather","PreservedInsect","Mark of Pain","Strawberry","Toxic Egg 2","Boot"],"acts_visited":["Exordium","TheCity"],"potions_floor_usage":[6,6,6,10,14,33,33,33],"damage_taken":[{"damage":3,"enemies":"2 Louse","floor":1,"turns":3},{"damage":8,"enemies":"Jaw Worm","floor":2,"turns":5},{"damage":7,"enemies":"Small Slimes","floor":3,"turns":3},{"damage":20,"enemies":"3 Louse","floor":5,"turns":5},{"damage":29,"enemies":"3 Sentries","floor":6,"turns":6},{"damage":24,"enemies":"Gremlin Nob","floor":8,"turns":4},{"damage":18,"enemies":"Large Slime","floor":10,"turns":3},{"damage":26,"enemies":"3 Sentries","floor":11,"turns":6},{"damage":15,"enemies":"Looter","floor":13,"turns":3},{"damage":0,"enemies":"3 Louse","floor":14,"turns":1},{"damage":89,"enemies":"Hexaghost","floor":16,"turns":14},{"damage":18,"enemies":"2 Thieves","floor":18,"turns":4},{"damage":14,"enemies":"Slavers","floor":24,"turns":5},{"damage":89,"enemies":"Automaton","floor":33,"turns":10}],"seed_played":"-3484404035644464940","potions_obtained":[{"floor":2,"key":"Weak Potion"},{"floor":3,"key":"Regen Potion"},{"floor":8,"key":"Fire Potion"},{"floor":13,"key":"Explosive Potion"},{"floor":24,"key":"SteroidPotion"}],"is_trial":false,"path_per_floor":["M","M","M","$","M","E","R","E","T","M","E","R","M","M","R","B",null,"M","$","?","?","$","R","E","R","T","R","?","?","R","T","R","B"],"character_chosen":"IRONCLAD","items_purchased":["Rampage","SkillPotion","Rage","Sentinel","Rampage","Weak Potion","Fire Potion"],"campfire_rested":2,"item_purchase_floors":[4,4,19,19,19,19,19],"current_hp_per_floor":[83,81,80,80,66,58,58,40,40,28,20,55,46,52,88,9,68,62,62,62,62,62,77,80,95,95,95,66,66,66,66,66,0,0],"gold":123,"neow_bonus":"TEN_PERCENT_HP_BONUS","is_daily":false,"chose_seed":false,"campfire_upgraded":6,"win_rate":0,"timestamp":1607624604,"path_taken":["M","M","M","$","M","E","R","E","T","M","E","R","M","M","R","BOSS","M","$","?","?","$","R","E","R","T","R","?","?","R","?","R","BOSS"],"build_version":"2020-11-30","purchased_purges":0,"victory":false,"max_hp_per_floor":[88,88,88,88,88,88,88,88,88,88,88,88,88,88,88,88,88,88,88,88,88,88,88,95,95,95,95,66,66,66,66,66,66,66],"relic_stats":{"Centennial Puzzle":[24],"counters":[14,72],"Eternal Feather":51,"Charon\u0027s Ashes":[159],"PreservedInsect":40,"Boot":[5],"obtain_stats":[{"Centennial Puzzle":6,"Strawberry":24,"Eternal Feather":9,"Charon\u0027s Ashes":8,"PreservedInsect":11,"Mark of Pain":17,"Toxic Egg 2":26,"Boot":31,"Burning Blood":0},{"Centennial Puzzle":5,"Strawberry":13,"Eternal Feather":6,"Charon\u0027s Ashes":6,"PreservedInsect":8,"Mark of Pain":11,"Toxic Egg 2":13,"Boot":13,"Burning Blood":0},{"Centennial Puzzle":22,"Strawberry":62,"Eternal Feather":26,"Charon\u0027s Ashes":26,"PreservedInsect":35,"Mark of Pain":53,"Toxic Egg 2":62,"Boot":62,"Burning Blood":0}],"Burning Blood":78},"card_choices":[{"not_picked":["Headbutt","Twin Strike"],"picked":"Heavy Blade","floor":1},{"not_picked":["Havoc","Shockwave"],"picked":"Battle Trance","floor":2},{"not_picked":["Perfected Strike","Twin Strike"],"picked":"Dark Embrace","floor":3},{"not_picked":["Thunderclap","Pommel Strike"],"picked":"Rampage","floor":5},{"not_picked":["Dark Embrace","Pommel Strike"],"picked":"Reaper","floor":6},{"not_picked":["Thunderclap","Heavy Blade"],"picked":"True Grit","floor":8},{"not_picked":["Clothesline","Headbutt"],"picked":"Disarm","floor":10},{"not_picked":["Sword Boomerang","Dual Wield"],"picked":"Iron Wave","floor":11},{"not_picked":["Sentinel","Demon Form"],"picked":"Feel No Pain","floor":13},{"not_picked":["Clash","Headbutt"],"picked":"Iron Wave","floor":14},{"not_picked":["Bludgeon","Fiend Fire"],"picked":"Double Tap","floor":16},{"not_picked":["Hemokinesis+1","Bloodletting+1"],"picked":"Thunderclap+1","floor":18},{"not_picked":["Uppercut","Anger"],"picked":"Dropkick","floor":24}],"player_experience":197683,"relics_obtained":[{"floor":6,"key":"Centennial Puzzle"},{"floor":8,"key":"Charon\u0027s Ashes"},{"floor":9,"key":"Eternal Feather"},{"floor":11,"key":"PreservedInsect"},{"floor":24,"key":"Strawberry"},{"floor":26,"key":"Toxic Egg 2"},{"floor":31,"key":"Boot"}],"event_choices":[{"damage_healed":0,"gold_gain":0,"cards_transformed":["Strike_R","Defend_R"],"player_choice":"Became Test Subject","damage_taken":0,"max_hp_gain":0,"max_hp_loss":0,"event_name":"Drug Dealer","floor":20,"gold_loss":0,"cards_obtained":["Clothesline","Infernal Blade"]},{"damage_healed":0,"gold_gain":0,"player_choice":"Read","damage_taken":0,"max_hp_gain":0,"max_hp_loss":0,"event_name":"The Library","floor":21,"gold_loss":0,"cards_obtained":["Power Through"]},{"damage_healed":0,"gold_gain":0,"player_choice":"Became a vampire","damage_taken":0,"max_hp_gain":0,"max_hp_loss":29,"event_name":"Vampires","floor":28,"gold_loss":0,"cards_obtained":["Bite","Bite","Bite","Bite","Bite"]},{"damage_healed":0,"gold_gain":0,"player_choice":"Insight","damage_taken":0,"max_hp_gain":0,"max_hp_loss":0,"event_name":"betterThird:BetterWriting","floor":29,"gold_loss":0,"cards_obtained":["Insight"]}],"is_beta":false,"boss_relics":[{"not_picked":["Snecko Eye","Black Blood"],"picked":"Mark of Pain"}],"items_purged_floors":[],"is_endless":false,"potions_floor_spawned":[2,3,5,8,13,24],"killed_by":"Automaton","ascension_level":6}}