{"host":"dl5mjdlimopbuch5","time":1607564572,"event":{"gold_per_floor":[112,112,112,112,131,165,190,190,243,243,276,292,292,292,292,426,498,519,618,618,336,355,355,397,397,476,497,517,517,517,121,121,260,287,311,331,354,367,367,367,407,407,407,425,113,113,146,0,0,0],"floor_reached":51,"playtime":1927,"items_purged":[],"score":902,"play_id":"b9c9b10c-0b21-41d6-9c74-fca21c0af9c5","local_time":"20201210014252","is_ascension_mode":true,"campfire_choices":[{"data":"Body Slam","floor":8,"key":"SMITH"},{"data":"Armaments","floor":10,"key":"SMITH"},{"floor":13,"key":"REST"},{"floor":15,"key":"REST"},{"floor":23,"key":"REST"},{"data":"Limit Break","floor":29,"key":"SMITH"},{"floor":32,"key":"REST"},{"floor":40,"key":"REST"},{"data":"Limit Break","floor":46,"key":"SMITH"},{"floor":49,"key":"REST"}],"neow_cost":"NONE","seed_source_timestamp":103892555554800,"circlet_count":0,"master_deck":["Strike_R","Strike_R+1","Strike_R","Strike_R","Defend_R+1","Defend_R+1","Defend_R+1","Bash+1","Shrug It Off+1","Body Slam+1","Armaments+1","Limit Break+1","Inflame","Heavy Blade+1","Limit Break+1","Second Wind+1","Brutality+1","Fire Breathing+1","Flex+1","Madness","Madness"],"relics":["Burning Blood","NeowsBlessing","Bag of Preparation","Golden Idol","Anchor","CeramicFish","War Paint","Tiny House","Enchiridion","Mercury Hourglass","Molten Egg 2","NlothsMask","Letter Opener","Happy Flower","Astrolabe","Akabeko","Thread and Needle","Lee\u0027s Waffle","Ancient Tea Set","Strawberry","Red Mask"],"potions_floor_usage":[22,33,50,50],"damage_taken":[{"damage":0,"enemies":"Jaw Worm","floor":1,"turns":1},{"damage":0,"enemies":"Small Slimes","floor":5,"turns":1},{"damage":0,"enemies":"Lagavulin","floor":6,"turns":1},{"damage":7,"enemies":"Cultist","floor":7,"turns":5},{"damage":46,"enemies":"Gremlin Nob","floor":11,"turns":5},{"damage":3,"enemies":"Looter","floor":12,"turns":3},{"damage":24,"enemies":"The Guardian","floor":16,"turns":17},{"damage":17,"enemies":"Shell Parasite","floor":18,"turns":12},{"damage":21,"enemies":"2 Thieves","floor":22,"turns":4},{"damage":37,"enemies":"Book of Stabbing","floor":24,"turns":6},{"damage":11,"enemies":"Snake Plant","floor":27,"turns":5},{"damage":0,"enemies":"Snecko","floor":28,"turns":4},{"damage":59,"enemies":"Automaton","floor":33,"turns":12},{"damage":2,"enemies":"3 Shapes","floor":35,"turns":5},{"damage":0,"enemies":"Orb Walker","floor":36,"turns":3},{"damage":15,"enemies":"Jaw Worm Horde","floor":37,"turns":5},{"damage":36,"enemies":"Sphere and 2 Shapes","floor":38,"turns":7},{"damage":57,"enemies":"Reptomancer","floor":41,"turns":8},{"damage":29,"enemies":"Giant Head","floor":47,"turns":7},{"damage":43,"enemies":"Time Eater","floor":50,"turns":6}],"seed_played":"-8400065869904052528","potions_obtained":[{"floor":1,"key":"HeartOfIron"},{"floor":7,"key":"PowerPotion"},{"floor":11,"key":"Weak Potion"},{"floor":22,"key":"FearPotion"},{"floor":33,"key":"GamblersBrew"}],"is_trial":false,"path_per_floor":["M","?","?","?","M","E","M","R","T","R","E","M","R","?","R","B",null,"M","?","?","$","M","R","E","?","T","M","M","R","?","$","R","B",null,"M","M","M","M","?","R","E","?","T","?","$","R","E","?","R","B",null],"character_chosen":"IRONCLAD","items_purchased":["Mercury Hourglass","Inflame","Letter Opener","Happy Flower","Lee\u0027s Waffle","Ancient Tea Set"],"campfire_rested":6,"item_purchase_floors":[21,21,31,31,45,45],"current_hp_per_floor":[80,64,61,41,47,53,52,52,52,52,12,15,39,39,63,45,85,74,74,58,58,43,68,37,37,37,32,38,38,38,38,63,10,85,85,85,76,46,46,71,20,74,74,65,81,81,65,65,88,51],"gold":0,"neow_bonus":"THREE_ENEMY_KILL","is_prod":false,"is_daily":false,"chose_seed":false,"campfire_upgraded":4,"win_rate":0,"timestamp":1607564572,"path_taken":["M","?","?","?","?","E","M","R","T","R","E","M","R","?","R","BOSS","M","?","?","?","?","R","E","?","T","?","M","R","?","$","R","BOSS","M","M","M","M","?","R","E","?","T","?","$","R","E","?","R","BOSS"],"build_version":"2020-11-30","purchased_purges":0,"victory":true,"max_hp_per_floor":[80,80,80,80,80,80,80,80,80,80,80,80,80,80,80,80,85,85,85,85,85,85,85,85,85,85,85,85,85,85,85,85,85,85,85,85,85,85,85,85,85,74,74,74,81,81,88,88,88,88],"card_choices":[{"not_picked":["Carnage","Armaments"],"picked":"Shrug It Off","floor":1},{"not_picked":["Rage","Sentinel"],"picked":"Body Slam","floor":5},{"not_picked":["Iron Wave","Heavy Blade"],"picked":"Armaments","floor":6},{"not_picked":["Perfected Strike","Disarm","Limit Break"],"picked":"SKIP","floor":7},{"not_picked":["Flex","Brutality","Iron Wave"],"picked":"SKIP","floor":11},{"not_picked":["Havoc","Sword Boomerang","Armaments"],"picked":"SKIP","floor":12},{"not_picked":["Impervious","Exhume"],"picked":"Limit Break","floor":16},{"not_picked":["Sword Boomerang","Thunderclap"],"picked":"Shrug It Off","floor":17},{"not_picked":["Twin Strike","Intimidate+1","Perfected Strike+1"],"picked":"SKIP","floor":18},{"not_picked":["Fiend Fire","Thunderclap","Havoc+1"],"picked":"SKIP","floor":22},{"not_picked":["Thunderclap+1","Sentinel"],"picked":"Heavy Blade+1","floor":24},{"not_picked":["Infernal Blade","Intimidate","Headbutt+1"],"picked":"SKIP","floor":27},{"not_picked":["Combust","Battle Trance","Twin Strike+1"],"picked":"SKIP","floor":28},{"not_picked":["Immolate+1","Reaper+1"],"picked":"Limit Break","floor":33},{"not_picked":["Feel No Pain+1","Sword Boomerang+1"],"picked":"Flex+1","floor":35},{"not_picked":["Body Slam+1","Wild Strike+1","Clash+1"],"picked":"SKIP","floor":36},{"not_picked":["Cleave+1","Twin Strike+1","Armaments"],"picked":"SKIP","floor":37},{"not_picked":["Cleave+1","Exhume","Entrench+1"],"picked":"SKIP","floor":38},{"not_picked":["Seeing Red","Shockwave","Feel No Pain"],"picked":"SKIP","floor":41},{"not_picked":["Pommel Strike+1","Sword Boomerang+1","Twin Strike+1"],"picked":"SKIP","floor":47}],"player_experience":189462,"relics_obtained":[{"floor":6,"key":"Anchor"},{"floor":9,"key":"CeramicFish"},{"floor":11,"key":"War Paint"},{"floor":20,"key":"Enchiridion"},{"floor":24,"key":"Molten Egg 2"},{"floor":41,"key":"Akabeko"},{"floor":43,"key":"Thread and Needle"},{"floor":47,"key":"Strawberry"}],"event_choices":[{"damage_healed":0,"gold_gain":0,"player_choice":"Entered Light","damage_taken":16,"max_hp_gain":0,"max_hp_loss":0,"event_name":"Shining Light","floor":2,"gold_loss":0,"cards_upgraded":["Bash","Defend_R"]},{"damage_healed":0,"gold_gain":0,"player_choice":"Success","damage_taken":3,"relics_obtained":["Bag of Preparation"],"max_hp_gain":0,"max_hp_loss":0,"event_name":"Scrap Ooze","floor":3,"gold_loss":0},{"damage_healed":0,"gold_gain":0,"player_choice":"Take Damage","damage_taken":20,"relics_obtained":["Golden Idol"],"max_hp_gain":0,"max_hp_loss":0,"event_name":"Golden Idol","floor":4,"gold_loss":0},{"damage_healed":0,"gold_gain":0,"player_choice":"Grow","damage_taken":0,"max_hp_gain":0,"max_hp_loss":0,"event_name":"Living Wall","floor":14,"gold_loss":0,"cards_upgraded":["Defend_R"]},{"damage_healed":0,"gold_gain":99,"player_choice":"Stole From Cult","damage_taken":0,"max_hp_gain":0,"max_hp_loss":0,"event_name":"Nest","floor":19,"gold_loss":0},{"damage_healed":0,"gold_gain":0,"player_choice":"Obtained Book","damage_taken":16,"max_hp_gain":0,"max_hp_loss":0,"event_name":"Cursed Tome","floor":20,"gold_loss":0},{"damage_healed":0,"gold_gain":0,"player_choice":"Trade","damage_taken":0,"relics_obtained":["NlothsMask"],"max_hp_gain":0,"max_hp_loss":0,"event_name":"FaceTrader","floor":25,"gold_loss":0},{"damage_healed":0,"gold_gain":0,"player_choice":"Ignored","damage_taken":0,"max_hp_gain":0,"max_hp_loss":0,"event_name":"Vampires","floor":30,"gold_loss":0},{"damage_healed":0,"gold_gain":0,"player_choice":"Memory 1","damage_taken":0,"max_hp_gain":0,"max_hp_loss":0,"event_name":"SensoryStone","floor":39,"gold_loss":0},{"damage_healed":74,"gold_gain":0,"player_choice":"Heal","damage_taken":0,"max_hp_gain":0,"max_hp_loss":11,"event_name":"The Moai Head","floor":42,"gold_loss":0},{"damage_healed":0,"gold_gain":0,"player_choice":"Embrace Madness","damage_taken":9,"max_hp_gain":0,"max_hp_loss":0,"event_name":"Winding Halls","floor":44,"gold_loss":0,"cards_obtained":["Madness","Madness"]},{"damage_healed":0,"gold_gain":0,"player_choice":"Paid","damage_taken":0,"relics_obtained":["Red Mask"],"max_hp_gain":0,"max_hp_loss":0,"event_name":"Tomb of Lord Red Mask","floor":48,"gold_loss":146}],"is_beta":false,"boss_relics":[{"not_picked":["Fusion Hammer","Coffee Dripper"],"picked":"Tiny House"},{"not_picked":["Black Star","Snecko Eye"],"picked":"Astrolabe"}],"items_purged_floors":[],"is_endless":false,"potions_floor_spawned":[1,7,11,16,22,24,28,33,35,37],"ascension_level":2}}