{"host":"bg0cyinkrjnqf173","time":1607622634,"event":{"mods":["BaseMod","StSLib","Aspiration","Beaked The Cultist","Better Third Choice","BetterRewards","Conspire","Custom Start","Googly Eyes","Halation","Hubris","Infinite Spire","Permanent Neow","Rare Cards Sparkle","Relic Sorter","Replay The Spire","Shop Mod","Spicy Shops","Spikes Relics","The Construct","The Valiant","Colored Map","Defuse TimeMaze Blight","Displayed Cursed Tome","Jedi Mod","Minty Spire (QoL Compilation)","Quick Restart","The Bladedancer","Hermit"],"gold_per_floor":[116,133,63,63,74,109,109,128,128,156,3,3,3,3,3,98,98,112,37,37,37,37,70,70,81,81,81,81,129,129,140,140,90,90],"floor_reached":33,"playtime":2619,"items_purged":["hermit:Strike_Hermit","hermit:Strike_Hermit"],"score":249,"play_id":"cde96190-d2d1-4ccb-83e4-db728e67c299","local_time":"20201210125034","is_ascension_mode":false,"campfire_choices":[{"floor":13,"key":"REST"},{"data":"hermit:CursedWeapon","floor":15,"key":"SMITH"},{"data":"hermit:CursedWeapon","floor":24,"key":"SMITH"},{"floor":28,"key":"REST"},{"floor":32,"key":"REST"}],"circlet_count":0,"master_deck":["hermit:Strike_Hermit","hermit:Strike_Hermit","hermit:Defend_Hermit","hermit:Defend_Hermit","hermit:Defend_Hermit","hermit:Defend_Hermit","hermit:Snapshot","hermit:Covet","hermit:CalledShot","hermit:CursedWeapon+1","hermit:Deadeye","hermit:Headshot","hermit:TrackingShot","hermit:EyeOfTheStorm","hermit:BlackWind","hermit:BlackWind","ReplayTheSpireMod:Splinters","hermit:CursedWeapon+1","hermit:Glare","infinitespire:Fortify","hermit:Vantage"],"relics":["aspiration:RitualDagger","hubris:Icosahedron","Nunchaku","aspiration:HiddenCompartment","Bottled Lightning","Juzu Bracelet","Sling","hubris:Backtick","infinitespire:Bottled Soul","Happy Flower","aspiration:FaultyCoupler","ZombieTooth","infinitespire:Eraser","Boot"],"acts_visited":["Exordium","TheCity"],"potions_floor_usage":[2,16,16,33],"damage_taken":[{"damage":10,"enemies":"Cultist","floor":1,"turns":3},{"damage":11,"enemies":"Small Slimes","floor":2,"turns":3},{"damage":11,"enemies":"conspire:RoseBush","floor":5,"turns":3},{"damage":44,"enemies":"3 Sentries","floor":6,"turns":7},{"damage":25,"enemies":"Exordium Wildlife","floor":8,"turns":4},{"damage":34,"enemies":"Replay:BlueRogue","floor":10,"turns":5},{"damage":82,"enemies":"Fading Forest","floor":16,"turns":11},{"damage":24,"enemies":"Chosen","floor":18,"turns":4},{"damage":50,"enemies":"conspire:FuzzyDice","floor":25,"turns":4},{"damage":26,"enemies":"Snecko","floor":31,"turns":3},{"damage":89,"enemies":"Pondfish","floor":33,"turns":8}],"seed_played":"-5646755068779669919","potions_obtained":[{"floor":1,"key":"AttackPotion"},{"floor":5,"key":"Block Potion"},{"floor":6,"key":"Milkshake"},{"floor":8,"key":"conspire:TimeTravelPotion"},{"floor":18,"key":"Fire Potion"},{"floor":31,"key":"Weak Potion"}],"is_trial":false,"path_per_floor":["M","M","$","?","M","E","?","M","T","E","$","?","R","$","R","B",null,"M","$","?","T","AVR","?","R","M","T","?","R","T","?","M","R","B"],"character_chosen":"HERMIT","items_purchased":["hermit:Deadeye","Sling"],"campfire_rested":3,"item_purchase_floors":[3,11],"current_hp_per_floor":[65,54,54,75,64,20,2,61,61,36,36,36,58,58,58,42,75,63,63,63,63,63,63,63,28,28,31,54,54,36,23,46,0,0],"gold":90,"neow_bonus":"BOSS_RELIC","is_daily":false,"chose_seed":false,"campfire_upgraded":2,"win_rate":0.0,"timestamp":1607622634,"path_taken":["M","?","$","?","M","E","?","?","T","E","$","?","R","$","R","BOSS","M","$","?","?","AVR","?","R","M","T","?","R","?","?","M","R","BOSS"],"build_version":"2020-11-30","purchased_purges":2,"victory":false,"max_hp_per_floor":[75,75,75,75,75,75,75,75,75,75,75,75,75,75,75,75,75,75,75,75,75,75,75,75,75,75,78,78,78,78,78,78,78,78],"card_choices":[{"not_picked":["hermit:Vantage","hermit:Determination"],"picked":"hermit:CalledShot","floor":1},{"not_picked":["hermit:Manifest","hermit:SprayPray"],"picked":"hermit:CursedWeapon","floor":2},{"not_picked":["hermit:LowProfile","hermit:BodyArmor"],"picked":"hermit:Headshot","floor":5},{"not_picked":["hermit:Cheat","hermit:CalledShot"],"picked":"hermit:TrackingShot","floor":6},{"not_picked":["hermit:SprayPray","hermit:Vantage"],"picked":"hermit:EyeOfTheStorm","floor":8},{"not_picked":["hermit:Deadeye","hermit:Cheat"],"picked":"hermit:BlackWind","floor":10},{"not_picked":["hermit:Purgatory","hermit:FinalCanter"],"picked":"hermit:BlackWind","floor":16},{"not_picked":["hermit:SprayPray","hermit:TrackingShot+1","hermit:Spite"],"picked":"SKIP","floor":18},{"not_picked":["hermit:HoleUp","hermit:Brawl"],"picked":"hermit:CursedWeapon","floor":23},{"not_picked":["hermit:TrackingShot","hermit:Misfire"],"picked":"hermit:Glare","floor":25},{"not_picked":["infinitespire:FinalStrike","ReplayTheSpireMod:Haul"],"picked":"infinitespire:Fortify","floor":30},{"not_picked":["hermit:Desperado","hermit:Roughhouse"],"picked":"hermit:Vantage","floor":31}],"player_experience":732567,"relics_obtained":[{"floor":6,"key":"Nunchaku"},{"floor":9,"key":"Bottled Lightning"},{"floor":10,"key":"Juzu Bracelet"},{"floor":21,"key":"Happy Flower"},{"floor":23,"key":"ZombieTooth"},{"floor":26,"key":"infinitespire:Eraser"},{"floor":29,"key":"Boot"}],"event_choices":[{"damage_healed":0,"gold_gain":1,"player_choice":"Relic ","damage_taken":18,"max_hp_gain":0,"max_hp_loss":0,"event_name":"betterThird:BetterScrap","floor":7,"gold_loss":0,"cards_obtained":["Recycle"]},{"damage_healed":0,"gold_gain":0,"player_choice":"Searched \u00270\u0027 times","damage_taken":0,"max_hp_gain":0,"max_hp_loss":0,"event_name":"Dead Adventurer","floor":12,"gold_loss":0}],"is_beta":false,"boss_relics":[{"not_picked":["Empty Cage","aspiration:BeakedSkillbook"],"picked":"hubris:Backtick"}],"items_purged_floors":[19,22],"is_endless":false,"potions_floor_spawned":[1,5,6,8,18,31],"killed_by":"Pondfish","ascension_level":0}}