{"host":"u0m9wcerzdqt9t83","time":1607629277,"event":{"mods":["BaseMod","AchievementEnabler","BetterRewards","Minty Spire (QoL Compilation)","Colored Map","DeckTracker","Rare Cards Sparkle","StSLib","Hermit","Shade Mod"],"gold_per_floor":[117,128,128,128,144,177,177,177,177,177,197,217,217,1,1,129,192,211,211,231,231,246,246,246],"floor_reached":23,"playtime":1829,"items_purged":[],"score":191,"play_id":"8d04436a-7ee9-4963-8f88-d74117beb5ba","local_time":"20201210144117","is_ascension_mode":false,"campfire_choices":[{"floor":7.0,"key":"RECALL"},{"data":"hermit:FromBeyond","floor":10.0,"key":"SMITH"},{"floor":15,"key":"REST"}],"circlet_count":0,"master_deck":["hermit:Strike_Hermit+1","hermit:Strike_Hermit","hermit:Strike_Hermit","hermit:Strike_Hermit","hermit:Defend_Hermit","hermit:Defend_Hermit","hermit:Defend_Hermit","hermit:Snapshot","hermit:Covet","hermit:FromBeyond+1","hermit:ShadowCloak","hermit:Gestalt","hermit:HighCaliber","hermit:EyeOfTheStorm+1","hermit:ItchyTrigger+1","hermit:Glare","Injury","hermit:Feint","hermit:Vantage","hermit:Combo+1","hermit:TrackingShot","hermit:OverwhelmingPower","hermit:FlashPowder","hermit:Enervate","hermit:Feint","hermit:Horror"],"special_seed":0,"relics":["hermit:Momento","Membership Card","Thread and Needle","Ornamental Fan","Meat on the Bone","StrikeDummy","Bloody Idol","Lizard Tail","Tiny House"],"acts_visited":["Exordium","TheCity"],"potions_floor_usage":[16,16,22],"damage_taken":[{"damage":0.0,"enemies":"Small Slimes","floor":1.0,"turns":3.0},{"damage":0.0,"enemies":"2 Louse","floor":2.0,"turns":2.0},{"damage":3.0,"enemies":"Jaw Worm","floor":5.0,"turns":3.0},{"damage":1.0,"enemies":"Gremlin Nob","floor":6.0,"turns":3.0},{"damage":15,"enemies":"Gremlin Gang","floor":11,"turns":6},{"damage":0,"enemies":"Red Slaver","floor":12,"turns":2},{"damage":20,"enemies":"The Guardian","floor":16,"turns":10},{"damage":18,"enemies":"3 Byrds","floor":18,"turns":5},{"damage":8,"enemies":"Shell Parasite","floor":20,"turns":6},{"damage":20,"enemies":"Centurion and Healer","floor":22,"turns":6},{"damage":90,"enemies":"Book of Stabbing","floor":23,"turns":8}],"seed_played":"4607621054898839764","potions_obtained":[{"floor":1.0,"key":"SneckoOil"},{"floor":11,"key":"Dexterity Potion"},{"floor":12,"key":"Block Potion"},{"floor":16,"key":"BlessingOfTheForge"},{"floor":17,"key":"SmokeBomb"},{"floor":20,"key":"CultistPotion"}],"is_trial":false,"path_per_floor":["M","M","?","?","M","E","R","?","T","R","M","M","?","$","R","B",null,"M","?","M","?","M","E"],"character_chosen":"HERMIT","items_purchased":["Membership Card","hermit:FromBeyond","hermit:ShadowCloak","Ornamental Fan","Meat on the Bone","Fruit Juice","hermit:Gestalt","Lizard Tail","hermit:Combo","hermit:TrackingShot"],"campfire_rested":1,"item_purchase_floors":[0,0,0,0,0,0,0,14,14,14],"current_hp_per_floor":[48,48,48,48,45,44,44,44,44,44,41,41,25,25,49,41,85,67,67,64,64,49,2,2],"gold":246,"neow_bonus":"","is_daily":false,"chose_seed":false,"campfire_upgraded":1,"win_rate":0.0,"timestamp":1607629277,"path_taken":["M","M","?","?","M","E","R","?","T","R","M","M","?","?","R","BOSS","M","?","M","?","M","E"],"build_version":"2020-11-30","purchased_purges":0,"victory":false,"max_hp_per_floor":[80,80,80,80,80,80,80,80,80,80,80,80,80,80,80,80,85,85,85,85,85,85,85,85],"card_choices":[{"not_picked":["hermit:Manifest","hermit:Midnight"],"picked":"hermit:HighCaliber","floor":1.0},{"not_picked":["hermit:Enervate","hermit:Cheat"],"picked":"hermit:EyeOfTheStorm","floor":2.0},{"not_picked":["hermit:SprayPray","hermit:HighCaliber"],"picked":"hermit:ItchyTrigger","floor":5.0},{"not_picked":["hermit:Manifest","hermit:Coalescence"],"picked":"hermit:Glare","floor":6.0},{"not_picked":["hermit:HighCaliber","hermit:Dissolve"],"picked":"hermit:Feint","floor":11},{"not_picked":["hermit:Snipe","hermit:Shortfuse"],"picked":"hermit:Vantage","floor":12},{"not_picked":["hermit:Reprieve","hermit:Gambit"],"picked":"hermit:OverwhelmingPower","floor":16},{"not_picked":["hermit:Malice","hermit:Vantage"],"picked":"hermit:FlashPowder","floor":17},{"not_picked":["hermit:HoleUp+1","hermit:LowProfile+1"],"picked":"hermit:Enervate","floor":18},{"not_picked":["hermit:SprayPray+1","hermit:NoHoldsBarred+1"],"picked":"hermit:Feint","floor":20},{"not_picked":["hermit:HighCaliber","hermit:Coalescence"],"picked":"hermit:Horror","floor":22}],"player_experience":343997,"relics_obtained":[{"floor":6.0,"key":"StrikeDummy"}],"event_choices":[{"damage_healed":0.0,"max_hp_gain":0.0,"max_hp_loss":0.0,"gold_gain":0.0,"event_name":"Living Wall","player_choice":"Grow","floor":3.0,"gold_loss":0.0,"damage_taken":0.0,"cards_upgraded":["hermit:EyeOfTheStorm"]},{"damage_healed":0.0,"max_hp_gain":0.0,"max_hp_loss":0.0,"gold_gain":0.0,"event_name":"The Cleric","player_choice":"Leave","floor":4.0,"gold_loss":0.0,"damage_taken":0.0},{"damage_healed":0.0,"max_hp_gain":0.0,"max_hp_loss":0.0,"gold_gain":0.0,"event_name":"Golden Idol","player_choice":"Take Wound","floor":8.0,"gold_loss":0.0,"damage_taken":0.0,"relics_obtained":["Golden Idol"],"cards_obtained":["Injury"]},{"damage_healed":0,"gold_gain":0,"player_choice":"Entered Light","damage_taken":16,"max_hp_gain":0,"max_hp_loss":0,"event_name":"Shining Light","floor":13,"gold_loss":0,"cards_upgraded":["hermit:Strike_Hermit","hermit:ItchyTrigger"]},{"damage_healed":0,"gold_gain":0,"player_choice":"Gave Idol","damage_taken":0,"relics_obtained":["Bloody Idol"],"max_hp_gain":0,"max_hp_loss":0,"event_name":"Forgotten Altar","floor":19,"relics_lost":["Golden Idol"],"gold_loss":0},{"damage_healed":0,"gold_gain":0,"player_choice":"Ignored","damage_taken":0,"max_hp_gain":0,"max_hp_loss":0,"event_name":"Ghosts","floor":21,"gold_loss":0}],"is_beta":false,"boss_relics":[{"not_picked":["Empty Cage","Velvet Choker"],"picked":"Tiny House"}],"items_purged_floors":[],"is_endless":false,"potions_floor_spawned":[1,11,12,16,20],"killed_by":"Book of Stabbing","ascension_level":0}}