{"host":"jak4ncvfzor9mys0","time":1607623365,"event":{"mods":["BaseMod","StSLib","2.2 Compatiblity","Colored Powertips","Colored Map","Relic Sorter","AchievementEnabler","Gold Saver","Block Reminder","Key Reminder","Relic Stats","Rare Cards Sparkle","SuperFastMode","Better Sensory Stone","Better Altar","Better Note","Better Third Choice","Better Match","BetterRewards","Better Skull","Minty Spire (QoL Compilation)","Hubris","Energized Spire","Replay The Spire","Retaliation","Red Circlet Mod","Infinite Spire","The Blue Laboratory"],"gold_per_floor":[482,495,512,512,612,612,631,631,631,631,651,674,718,739,739,865,865,886,907,920,920,920,920],"floor_reached":22,"playtime":744,"items_purged":[],"score":305,"play_id":"bb2fd114-e642-4095-8726-6c8430223aad","local_time":"20201210100245","is_ascension_mode":true,"campfire_choices":[{"data":"Gash","floor":6,"key":"SMITH"},{"floor":8,"key":"REST"},{"data":"Cold Snap","floor":10,"key":"SMITH"},{"data":"Zap","floor":15,"key":"SMITH"}],"circlet_count":0,"master_deck":["Strike_B","Strike_B","Strike_B","Strike_B","Defend_B","Defend_B","Defend_B","Defend_B","Zap+1","Dualcast","Gash+1","Scrape","Conserve Battery","Cold Snap+1","Go for the Eyes","FTL","Machine Learning","Beam Cell","Leap"],"relics":["Cracked Core","Golden Idol","Carrot","Toy Ornithopter"],"acts_visited":["Exordium","TheCity"],"potions_floor_usage":[13,16],"damage_taken":[{"damage":2,"enemies":"2 Louse","floor":1,"turns":3},{"damage":6,"enemies":"Jaw Worm","floor":2,"turns":2},{"damage":0,"enemies":"Cultist","floor":3,"turns":3},{"damage":4,"enemies":"Lots of Slimes","floor":7,"turns":5},{"damage":0,"enemies":"Gremlin Gang","floor":11,"turns":5},{"damage":10,"enemies":"2 Fungi Beasts","floor":12,"turns":3},{"damage":2,"enemies":"Lagavulin","floor":13,"turns":4},{"damage":0,"enemies":"3 Louse","floor":14,"turns":3},{"damage":32,"enemies":"Slime Boss","floor":16,"turns":11},{"damage":5,"enemies":"Chosen","floor":18,"turns":4},{"damage":16,"enemies":"3 Byrds","floor":19,"turns":5},{"damage":40,"enemies":"Snecko","floor":20,"turns":8},{"damage":20,"enemies":"Centurion and Healer","floor":22,"turns":1}],"seed_played":"8837096560593029388","potions_obtained":[{"floor":2,"key":"blueLaboratory:BottleOfVodka"},{"floor":11,"key":"blueLaboratory:RelayPotion"},{"floor":13,"key":"blueLaboratory:HummingbirdPotion"},{"floor":14,"key":"blueLaboratory:BubblePotion"},{"floor":16,"key":"blueLaboratory:PhilterOfMotion"}],"is_trial":false,"path_per_floor":["M","M","M","?","?","R","M","R","T","R","M","M","E","M","R","B",null,"M","M","M","AVR","M"],"character_chosen":"DEFECT","items_purchased":["Gash","Scrape"],"campfire_rested":1,"item_purchase_floors":[0,0],"current_hp_per_floor":[73,67,67,49,49,49,45,67,67,67,67,57,55,55,55,28,75,70,54,14,14,0,0],"gold":920,"neow_bonus":"","is_daily":false,"chose_seed":false,"campfire_upgraded":3,"win_rate":0,"timestamp":1607623365,"path_taken":["M","M","M","?","?","R","?","R","T","R","M","M","E","M","R","BOSS","M","?","M","AVR","?"],"build_version":"2020-11-30","purchased_purges":0,"victory":false,"max_hp_per_floor":[75,75,75,75,75,75,75,75,75,75,75,75,75,75,75,75,75,75,75,75,75,75,75],"relic_stats":{"counters":[39,194],"Golden Idol":62,"obtain_stats":[{"Lee\u0027s Waffle":3,"hubris:Metronome":14,"Carrot":9,"Snecko Heart":17,"energizedSpire:UnstableMolecules":20,"NeowsBlessing":0,"Golden Idol":4,"CeramicFish":24,"The Courier":13,"betterThird:SlimedRelic":2,"infinitespire:Golems Mask":20,"Snack Pack":26,"Replay:Bottled Eggs":10,"Cracked Core":0,"Toy Ornithopter":13,"hubris:GlazedTorus":9,"infinitespire:Midas Blood":9},{"Lee\u0027s Waffle":17,"hubris:Metronome":22,"Carrot":30,"Snecko Heart":23,"energizedSpire:UnstableMolecules":25,"NeowsBlessing":0,"Golden Idol":29,"CeramicFish":12,"The Courier":22,"betterThird:SlimedRelic":17,"infinitespire:Golems Mask":25,"Snack Pack":13,"Replay:Bottled Eggs":5,"Cracked Core":0,"Toy Ornithopter":33,"hubris:GlazedTorus":4,"infinitespire:Midas Blood":19},{"Lee\u0027s Waffle":90,"hubris:Metronome":107,"Carrot":150,"Snecko Heart":118,"energizedSpire:UnstableMolecules":129,"NeowsBlessing":0,"Golden Idol":145,"CeramicFish":65,"The Courier":107,"betterThird:SlimedRelic":90,"infinitespire:Golems Mask":129,"Snack Pack":70,"Replay:Bottled Eggs":18,"Cracked Core":0,"Toy Ornithopter":162,"hubris:GlazedTorus":8,"infinitespire:Midas Blood":94}],"Toy Ornithopter":5},"card_choices":[{"not_picked":["Compile Driver","Coolheaded"],"picked":"Conserve Battery","floor":1},{"not_picked":["Defragment","Barrage","Force Field"],"picked":"SKIP","floor":2},{"not_picked":["Coolheaded","Ball Lightning","Conserve Battery"],"picked":"SKIP","floor":3},{"not_picked":["Rebound","Sweeping Beam"],"picked":"Cold Snap","floor":7},{"not_picked":["Tempest","BasicCrystalCard"],"picked":"Go for the Eyes","floor":11},{"not_picked":["Redo","Coolheaded","Panic Button"],"picked":"SKIP","floor":12},{"not_picked":["Barrage","Panic Button","Turbo"],"picked":"SKIP","floor":13},{"not_picked":["FIFO Queue","Coolheaded"],"picked":"FTL","floor":14},{"not_picked":["hubris:DoWhile","hubris:SpecializedCircuitry"],"picked":"Machine Learning","floor":16},{"not_picked":["Compile Driver","Cold Snap+1"],"picked":"Beam Cell","floor":18},{"not_picked":["Rip and Tear+1","Conserve Battery","Beam Cell"],"picked":"SKIP","floor":19},{"not_picked":["Turbo","Conserve Battery"],"picked":"Leap","floor":20}],"player_experience":2555968,"relics_obtained":[{"floor":9,"key":"Carrot"},{"floor":13,"key":"Toy Ornithopter"}],"event_choices":[{"damage_healed":0,"gold_gain":0,"player_choice":"Take Damage","damage_taken":18,"relics_obtained":["Golden Idol"],"max_hp_gain":0,"max_hp_loss":0,"event_name":"Golden Idol","floor":4,"gold_loss":0},{"damage_healed":0,"gold_gain":100,"player_choice":"Pray","damage_taken":0,"max_hp_gain":0,"max_hp_loss":0,"event_name":"Golden Shrine","floor":5,"gold_loss":0}],"is_beta":false,"boss_relics":[{"not_picked":["hubris:RunicObelisk","ChewingGum","hubris:GrandSneckoEye"]}],"items_purged_floors":[],"is_endless":false,"potions_floor_spawned":[2,11,13,14,16,19],"killed_by":"Centurion and Healer","ascension_level":1}}