{"host":"dpbezu80jg8zk7un","time":1607617297,"event":{"mods":["BaseMod","Colored Map","Colored Powertips","Minty Spire (QoL Compilation)","StSLib","SuperFastMode","Custom Start","Quick Restart","DeckTracker"],"gold_per_floor":[117,137,156,168,93,93,128,142,193,193,193,193,228,253,253,253,253],"floor_reached":16,"playtime":411,"items_purged":["Defend_P"],"score":224,"play_id":"2d97c785-5c1c-412d-b978-4c5cbdba7efc","local_time":"20201211012137","is_ascension_mode":true,"campfire_choices":[{"data":"FlurryOfBlows","floor":6.0,"key":"SMITH"},{"floor":10.0,"key":"REST"},{"data":"CrushJoints","floor":15,"key":"SMITH"}],"circlet_count":0,"master_deck":["AscendersBane","Strike_P","Strike_P","Strike_P","Strike_P+1","Defend_P","Defend_P+1","Defend_P","Eruption+1","Vigilance","FlurryOfBlows+1","LessonLearned","CrushJoints+1","Halt"],"special_seed":0,"relics":["PureWater","CeramicFish","Akabeko","Meat on the Bone"],"acts_visited":["Exordium"],"potions_floor_usage":[12,13],"damage_taken":[{"damage":9.0,"enemies":"Cultist","floor":1.0,"turns":6.0},{"damage":2.0,"enemies":"2 Louse","floor":2.0,"turns":3.0},{"damage":4.0,"enemies":"Small Slimes","floor":3.0,"turns":4.0},{"damage":14.0,"enemies":"Exordium Thugs","floor":4.0,"turns":3.0},{"damage":22.0,"enemies":"Lagavulin","floor":7.0,"turns":5.0},{"damage":0.0,"enemies":"Large Slime","floor":8.0,"turns":2.0},{"damage":2,"enemies":"3 Sentries","floor":13,"turns":4},{"damage":3,"enemies":"Looter","floor":14,"turns":2},{"damage":42,"enemies":"Hexaghost","floor":16,"turns":9}],"seed_played":"-4410424837712187181","potions_obtained":[{"floor":1.0,"key":"AttackPotion"},{"floor":4.0,"key":"Fruit Juice"},{"floor":8.0,"key":"Energy Potion"},{"floor":12,"key":"Ambrosia"}],"is_trial":false,"path_per_floor":["M","M","M","M","$","R","E","M","T","R","?","?","E","M","R","B"],"character_chosen":"WATCHER","items_purchased":[],"campfire_rested":1,"item_purchase_floors":[],"current_hp_per_floor":[52,50,46,32,32,32,10,10,10,30,30,35,33,42,42,0,0],"gold":253,"neow_bonus":"UPGRADE_CARD","is_daily":false,"chose_seed":false,"campfire_upgraded":2,"win_rate":0,"timestamp":1607617297,"path_taken":["M","M","M","M","?","R","E","M","T","R","?","?","E","?","R","BOSS"],"build_version":"2020-11-30","purchased_purges":1,"victory":false,"max_hp_per_floor":[68,68,68,68,68,68,68,68,68,68,68,73,73,73,73,73,73],"card_choices":[{"not_picked":["BattleHymn","FlyingSleeves","Swivel"],"picked":"SKIP","floor":1.0},{"not_picked":["WreathOfFlame","DeceiveReality","EmptyBody"],"picked":"SKIP","floor":2.0},{"not_picked":["JustLucky","Consecrate"],"picked":"FlurryOfBlows","floor":3.0},{"not_picked":["SashWhip","BowlingBash","Weave"],"picked":"SKIP","floor":4.0},{"not_picked":["FollowUp","PathToVictory"],"picked":"LessonLearned","floor":7.0},{"not_picked":["ClearTheMind","JustLucky","Evaluate"],"picked":"SKIP","floor":8.0},{"not_picked":["Crescendo","Nirvana"],"picked":"CrushJoints","floor":13},{"not_picked":["ClearTheMind","EmptyBody"],"picked":"Halt","floor":14}],"player_experience":2736247,"relics_obtained":[{"floor":7.0,"key":"CeramicFish"},{"floor":9.0,"key":"Akabeko"},{"floor":13,"key":"Meat on the Bone"}],"event_choices":[{"damage_healed":0,"gold_gain":0,"player_choice":"Searched \u00270\u0027 times","damage_taken":0,"max_hp_gain":0,"max_hp_loss":0,"event_name":"Dead Adventurer","floor":11,"gold_loss":0},{"damage_healed":0,"gold_gain":0,"player_choice":"Got Potions","damage_taken":0,"max_hp_gain":0,"max_hp_loss":0,"event_name":"Lab","floor":12,"gold_loss":0}],"is_beta":false,"boss_relics":[],"items_purged_floors":[5],"is_endless":false,"potions_floor_spawned":[1,4,8],"killed_by":"Hexaghost","ascension_level":20}}