{"host":"sh8ot41fo7a0kahq","time":1607588520,"event":{"gold_per_floor":[115,125,136,152,167,167,117,134,157,188,43,75,75,95,95,194,194,211,211,229,247,27,61,76,76,76,76,104,104,4,19,19,114,114,126,176,192,192,292,320,320,338,363,363,378,103,123,140,140,140],"floor_reached":51,"playtime":2262,"items_purged":["Pain","Shame","Defend_B","Strike_B"],"score":964,"play_id":"86b88690-476a-460f-872e-8ac4cf073f25","local_time":"20201210162200","is_ascension_mode":true,"campfire_choices":[{"data":"Defragment","floor":6.0,"key":"SMITH"},{"data":"Recycle","floor":13.0,"key":"SMITH"},{"data":"Creative AI","floor":15.0,"key":"SMITH"},{"data":"Buffer","floor":25.0,"key":"SMITH"},{"floor":29.0,"key":"REST"},{"data":"Coolheaded","floor":32.0,"key":"SMITH"},{"data":"Echo Form","floor":41,"key":"SMITH"},{"data":"Heatsinks","floor":49,"key":"SMITH"}],"neow_cost":"NONE","seed_source_timestamp":5520399057000,"circlet_count":0,"master_deck":["Strike_B","Defend_B","Defend_B","Defend_B","Zap","Dualcast","Hello World","Ball Lightning","Cold Snap","Coolheaded+1","Defragment+1","Ball Lightning","Creative AI+1","Recycle+1","Loop","Buffer+1","Turbo+1","Heatsinks+1","Defragment","Loop+1","Glacier+1","Echo Form+1","Self Repair"],"special_seed":0,"relics":["FrozenCore","Regal Pillow","FossilizedHelix","DataDisk","Art of War","WarpedTongs","Lee\u0027s Waffle","Potion Belt","InkBottle","Sundial","Incense Burner","Inserter","Bird Faced Urn","Turnip","MealTicket"],"potions_floor_usage":[33,50,50],"damage_taken":[{"damage":2.0,"enemies":"2 Louse","floor":1.0,"turns":2.0},{"damage":2.0,"enemies":"Jaw Worm","floor":2.0,"turns":4.0},{"damage":1.0,"enemies":"Cultist","floor":3.0,"turns":3.0},{"damage":2.0,"enemies":"Blue Slaver","floor":4.0,"turns":3.0},{"damage":9.0,"enemies":"Exordium Wildlife","floor":5.0,"turns":4.0},{"damage":7.0,"enemies":"2 Fungi Beasts","floor":8.0,"turns":3.0},{"damage":22.0,"enemies":"Gremlin Nob","floor":10.0,"turns":4.0},{"damage":5.0,"enemies":"3 Sentries","floor":12.0,"turns":7.0},{"damage":14.0,"enemies":"3 Louse","floor":14.0,"turns":2.0},{"damage":0.0,"enemies":"Slime Boss","floor":16.0,"turns":6.0},{"damage":1.0,"enemies":"3 Byrds","floor":18.0,"turns":4.0},{"damage":11.0,"enemies":"Chosen","floor":20.0,"turns":6.0},{"damage":25.0,"enemies":"Shelled Parasite and Fungi","floor":21.0,"turns":6.0},{"damage":4.0,"enemies":"Book of Stabbing","floor":23.0,"turns":6.0},{"damage":19.0,"enemies":"3 Cultists","floor":24.0,"turns":7.0},{"damage":33.0,"enemies":"Slavers","floor":28.0,"turns":7.0},{"damage":0.0,"enemies":"Sentry and Sphere","floor":31.0,"turns":7.0},{"damage":19,"enemies":"Automaton","floor":33,"turns":11},{"damage":0,"enemies":"Orb Walker","floor":35,"turns":5},{"damage":21,"enemies":"Mind Bloom Boss Battle","floor":36,"turns":6},{"damage":27,"enemies":"3 Darklings","floor":37,"turns":6},{"damage":34,"enemies":"Reptomancer","floor":40,"turns":7},{"damage":0,"enemies":"Maw","floor":42,"turns":7},{"damage":11,"enemies":"Sphere and 2 Shapes","floor":45,"turns":10},{"damage":0,"enemies":"Jaw Worm Horde","floor":47,"turns":6},{"damage":30,"enemies":"4 Shapes","floor":48,"turns":4},{"damage":18,"enemies":"Donu and Deca","floor":50,"turns":11}],"seed_played":"3376606835217455372","potions_obtained":[{"floor":1.0,"key":"Explosive Potion"},{"floor":4.0,"key":"Dexterity Potion"},{"floor":10.0,"key":"Ancient Potion"},{"floor":20.0,"key":"GamblersBrew"},{"floor":24.0,"key":"EssenceOfDarkness"},{"floor":28.0,"key":"PowerPotion"},{"floor":33,"key":"Weak Potion"},{"floor":35,"key":"Regen Potion"}],"is_trial":false,"path_per_floor":["M","M","M","M","M","R","?","M","T","E","$","E","R","M","R","B",null,"M","?","M","M","$","E","M","R","T","?","E","R","$","M","R","B",null,"M","?","M","?","?","E","R","M","T","?","M","$","M","M","R","B",null],"character_chosen":"DEFECT","items_purchased":["DataDisk","Lee\u0027s Waffle"],"campfire_rested":1,"item_purchase_floors":[11,22],"current_hp_per_floor":[73,71,70,68,59,59,59,52,52,30,30,25,25,11,11,11,59,58,58,47,22,82,78,59,59,59,59,26,65,65,65,65,46,73,73,59,60,60,60,65,65,82,82,66,87,87,87,65,65,87],"gold":140,"neow_bonus":"TRANSFORM_CARD","is_prod":false,"is_daily":false,"chose_seed":false,"campfire_upgraded":7,"win_rate":0,"timestamp":1607588520,"path_taken":["M","M","M","M","M","R","?","M","T","E","$","E","R","M","R","BOSS","M","?","M","?","$","E","M","R","T","?","E","R","?","M","R","BOSS","M","?","M","?","?","E","R","?","T","?","M","$","M","?","R","BOSS"],"build_version":"2020-11-30","purchased_purges":4,"victory":true,"max_hp_per_floor":[75,75,75,75,75,75,75,75,75,75,75,75,75,75,75,75,75,75,75,75,75,82,82,82,82,82,82,82,82,82,82,82,82,82,82,82,82,82,82,82,82,82,82,87,87,87,87,87,87,87],"card_choices":[{"not_picked":["BootSequence","Double Energy"],"picked":"Ball Lightning","floor":1.0},{"not_picked":["Go for the Eyes","Rebound","Stack"],"picked":"SKIP","floor":2.0},{"not_picked":["Compile Driver","Sweeping Beam"],"picked":"Cold Snap","floor":3.0},{"not_picked":["Cold Snap","Streamline"],"picked":"Coolheaded","floor":4.0},{"not_picked":["Steam Power","Streamline"],"picked":"Defragment","floor":5.0},{"not_picked":["Consume","Seek"],"picked":"Ball Lightning","floor":8.0},{"not_picked":["Go for the Eyes","Redo"],"picked":"Creative AI","floor":10.0},{"not_picked":["Chaos","Go for the Eyes"],"picked":"Recycle","floor":12.0},{"not_picked":["Compile Driver","Go for the Eyes"],"picked":"Loop","floor":14.0},{"not_picked":["Multi-Cast","Fission"],"picked":"Buffer","floor":16.0},{"not_picked":["Steam+1","Force Field"],"picked":"Turbo+1","floor":18.0},{"not_picked":["Double Energy","Storm"],"picked":"Heatsinks","floor":20.0},{"not_picked":["Gash+1","Turbo"],"picked":"Defragment","floor":21.0},{"not_picked":["Gash+1","Reboot","Streamline"],"picked":"SKIP","floor":23.0},{"not_picked":["Cold Snap","Steam+1"],"picked":"Loop+1","floor":24.0},{"not_picked":["Rip and Tear+1","Conserve Battery"],"picked":"Glacier+1","floor":28.0},{"not_picked":["Genetic Algorithm","Go for the Eyes","Barrage"],"picked":"SKIP","floor":31.0},{"not_picked":["Amplify","Machine Learning"],"picked":"Echo Form","floor":33},{"not_picked":["Leap+1","Hologram+1"],"picked":"Self Repair","floor":35},{"not_picked":["FTL+1","Ball Lightning","Hologram+1"],"picked":"SKIP","floor":37},{"not_picked":["Ball Lightning+1","Rip and Tear","Meteor Strike"],"picked":"SKIP","floor":40},{"not_picked":["Cold Snap","Reinforced Body","Rebound+1"],"picked":"SKIP","floor":42},{"not_picked":["Auto Shields","Barrage+1","Rebound+1"],"picked":"SKIP","floor":45},{"not_picked":["Conserve Battery+1","Go for the Eyes+1","Hologram+1"],"picked":"SKIP","floor":47},{"not_picked":["Compile Driver","Sweeping Beam+1","Stack"],"picked":"SKIP","floor":48}],"player_experience":268024,"relics_obtained":[{"floor":9.0,"key":"Regal Pillow"},{"floor":10.0,"key":"FossilizedHelix"},{"floor":12.0,"key":"Art of War"},{"floor":23.0,"key":"Potion Belt"},{"floor":26.0,"key":"InkBottle"},{"floor":28.0,"key":"Incense Burner"},{"floor":36,"key":"Bird Faced Urn"},{"floor":40,"key":"Turnip"},{"floor":43,"key":"MealTicket"}],"event_choices":[{"cards_removed":["Strike_B"],"damage_healed":0.0,"max_hp_gain":0.0,"max_hp_loss":0.0,"gold_gain":0.0,"event_name":"The Cleric","player_choice":"Card Removal","floor":7.0,"gold_loss":50.0,"damage_taken":0.0},{"damage_healed":0.0,"max_hp_gain":0.0,"max_hp_loss":0.0,"gold_gain":0.0,"event_name":"Accursed Blacksmith","player_choice":"Rummage","floor":19.0,"gold_loss":0.0,"damage_taken":0.0,"relics_obtained":["WarpedTongs"],"cards_obtained":["Pain"]},{"damage_healed":0.0,"max_hp_gain":0.0,"max_hp_loss":0.0,"gold_gain":0.0,"event_name":"Addict","player_choice":"Stole Relic","floor":27.0,"gold_loss":0.0,"damage_taken":0.0,"relics_obtained":["Sundial"],"cards_obtained":["Shame"]},{"damage_healed":0,"gold_gain":0,"player_choice":"Fight","damage_taken":0,"max_hp_gain":0,"max_hp_loss":0,"event_name":"MindBloom","floor":36,"gold_loss":0},{"damage_healed":0,"gold_gain":0,"player_choice":"Ignored","damage_taken":0,"max_hp_gain":0,"max_hp_loss":0,"event_name":"Mysterious Sphere","floor":38,"gold_loss":0},{"damage_healed":0,"gold_gain":100,"player_choice":"Pray","damage_taken":0,"max_hp_gain":0,"max_hp_loss":0,"event_name":"Golden Shrine","floor":39,"gold_loss":0},{"damage_healed":0,"gold_gain":0,"player_choice":"Random: Violet","damage_taken":0,"max_hp_gain":0,"max_hp_loss":0,"event_name":"betterThird:BetterPortal","floor":44,"gold_loss":0},{"damage_healed":0,"gold_gain":0,"player_choice":"Shed Blood","damage_taken":21,"max_hp_gain":5,"max_hp_loss":0,"event_name":"Forgotten Altar","floor":44,"gold_loss":0}],"is_beta":false,"boss_relics":[{"not_picked":["Pandora\u0027s Box","Velvet Choker"],"picked":"FrozenCore"},{"not_picked":["Cursed Key","Black Star"],"picked":"Inserter"}],"items_purged_floors":[22,30,46,46],"is_endless":false,"potions_floor_spawned":[1,4,10,12,16,20,24,28,33,35,47,48],"ascension_level":5}}