{"host":"9sljmwdfk42tzqyu","time":1607572864,"event":{"gold_per_floor":[115,134,151,162,212,212,246,246,246,346,357,200,112,112,112,112,112],"floor_reached":16,"playtime":1045,"items_purged":["hubris:Disease"],"score":122,"play_id":"6d075cbc-7682-4977-8a99-abe88a236235","local_time":"20201209230104","is_ascension_mode":true,"campfire_choices":[{"data":"Entrench","floor":6.0,"key":"SMITH"},{"data":"True Grit","floor":8.0,"key":"SMITH"},{"data":"Bandage Up","floor":15,"key":"SMITH"}],"neow_cost":"NONE","seed_source_timestamp":22367514305500,"circlet_count":0,"master_deck":["Strike_R","Strike_R","Strike_R","Strike_R","Defend_R","Defend_R","Defend_R","Defend_R","Bash","Ghostly Armor","Entrench+1","Doubt","True Grit+1","ReplayTheSpireMod:Restless Dread","Hallucinations","Shrug It Off","Bandage Up+1"],"special_seed":0,"relics":["Burning Blood","Ring of Greed","Tiny Chest","Membership Card","ReplayTheSpireMod:Ring of Addiction","Potion Belt","White Beast Statue","Replay:Bottled Snecko","Garlic","Replay:Baseball"],"potions_floor_usage":[16,16],"damage_taken":[{"damage":4.0,"enemies":"2 Louse","floor":1.0,"turns":4.0},{"damage":2.0,"enemies":"Jaw Worm","floor":2.0,"turns":4.0},{"damage":1.0,"enemies":"Cultist","floor":3.0,"turns":5.0},{"damage":7.0,"enemies":"2 Fungi Beasts","floor":4.0,"turns":6.0},{"damage":77.0,"enemies":"Lagavulin","floor":7.0,"turns":12.0},{"damage":0.0,"enemies":"Large Slime","floor":11.0,"turns":6.0},{"damage":8,"enemies":"Lots of Slimes","floor":13,"turns":9},{"damage":73,"enemies":"The Guardian","floor":16,"turns":14}],"seed_played":"-7308307099606236408","potions_obtained":[{"floor":1.0,"key":"PowerPotion"},{"floor":3.0,"key":"SpeedPotion"},{"floor":5.0,"key":"FairyPotion"},{"floor":5.0,"key":"LiquidBronze"},{"floor":5.0,"key":"ColorlessPotion"},{"floor":7.0,"key":"Block Potion"},{"floor":11.0,"key":"Cursed Concoction"},{"floor":13,"key":"Dexterity Potion"}],"is_trial":false,"path_per_floor":["M","M","M","M","?","R","E","R","T","?","M","$","M","?","R","B"],"character_chosen":"IRONCLAD","items_purchased":["Replay:Baseball","Bandage Up"],"campfire_rested":0,"item_purchase_floors":[12,12],"current_hp_per_floor":[88,88,88,87,87,87,16,16,16,16,22,22,24,24,24,0,0],"gold":112,"neow_bonus":"TEN_PERCENT_HP_BONUS","is_prod":false,"is_daily":false,"chose_seed":false,"campfire_upgraded":3,"win_rate":0,"timestamp":1607572864,"path_taken":["M","M","M","M","?","R","E","R","T","?","M","$","?","?","R","BOSS"],"build_version":"2020-11-30","purchased_purges":1,"victory":false,"max_hp_per_floor":[88,88,88,88,88,88,88,88,88,88,88,88,88,88,86,86,86],"card_choices":[{"not_picked":["Searing Blow","Wild Strike"],"picked":"Ghostly Armor","floor":1.0},{"not_picked":["Twin Strike","ReplayTheSpireMod:Strike From Hell","Power Through"],"picked":"SKIP","floor":2.0},{"not_picked":["Twin Strike","Sword Boomerang","Power Through"],"picked":"SKIP","floor":3.0},{"not_picked":["Cleave","Clash"],"picked":"Entrench","floor":4.0},{"not_picked":["Thunderclap","Cleave"],"picked":"True Grit","floor":7.0},{"not_picked":["hubris:ReadiedAction","ReplayTheSpireMod:Limb From Limb"],"picked":"Shrug It Off","floor":11.0},{"not_picked":["Heavy Blade","Havoc","Perfected Strike"],"picked":"SKIP","floor":13}],"player_experience":293958,"relics_obtained":[{"floor":5.0,"key":"Ring of Greed"},{"floor":5.0,"key":"Tiny Chest"},{"floor":5.0,"key":"Membership Card"},{"floor":5.0,"key":"ReplayTheSpireMod:Ring of Addiction"},{"floor":5.0,"key":"Potion Belt"},{"floor":5.0,"key":"White Beast Statue"},{"floor":7.0,"key":"Replay:Bottled Snecko"},{"floor":9.0,"key":"Garlic"}],"event_choices":[{"damage_healed":0.0,"max_hp_gain":0.0,"max_hp_loss":0.0,"gold_gain":100.0,"event_name":"Golden Shrine","player_choice":"Pray","floor":10.0,"gold_loss":0.0,"damage_taken":0.0}],"is_beta":false,"boss_relics":[],"items_purged_floors":[12],"is_endless":false,"potions_floor_spawned":[1,3,7,11,13],"killed_by":"The Guardian","ascension_level":4}}