{"host":"0o4jkshs65tojivq","time":1607574241,"event":{"gold_per_floor":[116,127,127,52,69,98,98,98,98,98,123,123,23,23,23,23,116,116,129,144,19,19,38,38,88,88,88,88,131,151,172,185,185,274,274,298,298,598,448,461,461,481,481,481,306,306,329,329,342,342,342],"floor_reached":52,"playtime":685,"items_purged":["Decay","Rebound","Ball Lightning","Heatsinks","Impervious"],"score":1655,"play_id":"fbe26722-8a42-4b60-b03d-89b57377124b","local_time":"20201209202401","is_ascension_mode":true,"campfire_choices":[{"data":"Hyperbeam","floor":8,"key":"SMITH"},{"data":"Hyperbeam","floor":16,"key":"SMITH"},{"data":"Hyperbeam","floor":24,"key":"SMITH"},{"data":"Hyperbeam","floor":33,"key":"SMITH"},{"data":"Meteor Strike","floor":41,"key":"SMITH"},{"data":"Meteor Strike","floor":43,"key":"SMITH"},{"data":"Meteor Strike","floor":50,"key":"SMITH"}],"neow_cost":"NONE","seed_source_timestamp":0,"circlet_count":0,"master_deck":["AscendersBane","Meteor Strike","Meteor Strike+1","Meteor Strike+1","Meteor Strike+1","Meteor Strike","Meteor Strike+1","Hyperbeam+1","Hyperbeam+1","Hyperbeam+1","Hyperbeam+1"],"special_seed":0,"relics":["Snecko Eye","Prayer Wheel","Lizard Tail","Ginger","FossilizedHelix","Golden Idol","SacredBark","Enchiridion","Pantograph","MutagenicStrength","Bottled Flame","Busted Crown","Boot"],"potions_floor_usage":[],"damage_taken":[{"damage":0.0,"enemies":"Cultist","floor":1.0,"turns":1.0},{"damage":0.0,"enemies":"Jaw Worm","floor":2.0,"turns":1.0},{"damage":0,"enemies":"2 Louse","floor":5,"turns":1},{"damage":0,"enemies":"3 Sentries","floor":6,"turns":1},{"damage":0,"enemies":"Lagavulin","floor":11,"turns":2},{"damage":0,"enemies":"Slime Boss","floor":17,"turns":2},{"damage":0,"enemies":"Shell Parasite","floor":19,"turns":1},{"damage":0,"enemies":"2 Thieves","floor":20,"turns":2},{"damage":0,"enemies":"Snake Plant","floor":23,"turns":1},{"damage":0,"enemies":"Slavers","floor":29,"turns":1},{"damage":0,"enemies":"3 Cultists","floor":30,"turns":1},{"damage":0,"enemies":"Snecko","floor":31,"turns":1},{"damage":0,"enemies":"Cultist and Chosen","floor":32,"turns":1},{"damage":0,"enemies":"Collector","floor":34,"turns":2},{"damage":0,"enemies":"3 Shapes","floor":36,"turns":1},{"damage":0,"enemies":"3 Darklings","floor":37,"turns":1},{"damage":7,"enemies":"4 Shapes","floor":40,"turns":1},{"damage":0,"enemies":"Jaw Worm Horde","floor":42,"turns":1},{"damage":0,"enemies":"Spire Growth","floor":47,"turns":2},{"damage":21,"enemies":"Sphere and 2 Shapes","floor":49,"turns":1},{"damage":12,"enemies":"Donu and Deca","floor":51,"turns":2}],"seed_played":"-2579239857539450874","potions_obtained":[{"floor":2.0,"key":"FearPotion"},{"floor":6,"key":"SneckoOil"},{"floor":17,"key":"LiquidMemories"}],"is_trial":false,"path_per_floor":["M","M","?","$","M","E","?","R","T","T","E","?","$","?","$","R","B",null,"M","M","$","?","M","R","?","?","T","?","E","M","M","M","R","B",null,"M","M","?","$","M","R","M","R","T","$","?","M","?","M","R","B",null],"character_chosen":"DEFECT","items_purchased":[],"campfire_rested":0,"item_purchase_floors":[],"current_hp_per_floor":[64,64,64,64,64,64,69,69,69,69,69,69,69,62,62,62,62,67,67,67,67,67,67,67,67,46,46,46,46,46,46,46,46,69,69,69,69,69,69,62,62,62,62,62,62,62,62,62,41,41,54],"gold":342,"neow_bonus":"BOSS_RELIC","is_prod":false,"is_daily":false,"chose_seed":false,"campfire_upgraded":7,"win_rate":0,"timestamp":1607574241,"path_taken":["M","?","?","$","?","E","?","R","T","T","E","?","?","?","$","R","BOSS","M","M","$","?","M","R","?","?","T","?","E","M","?","M","R","BOSS","M","M","?","$","M","R","?","R","T","$","?","M","?","?","R","BOSS"],"build_version":"2020-11-30","purchased_purges":5,"victory":true,"max_hp_per_floor":[71,71,71,71,71,71,76,76,76,76,76,69,69,69,69,69,69,69,69,69,69,69,69,69,69,69,69,69,69,69,69,69,69,69,69,69,69,69,69,69,69,69,69,69,69,69,69,69,69,69,69],"relic_stats":{"Lizard Tail":0,"Busted Crown":26,"counters":[21,27],"Golden Idol":110,"Pantograph":48,"Snecko Eye":[41,41,52,40],"Prayer Wheel":12,"Ginger":[0],"Boot":[0],"obtain_stats":[{"Golden Idol":12,"SacredBark":18,"Enchiridion":26,"Ginger":10,"Boot":44,"Lizard Tail":9,"Bottled Flame":29,"Busted Crown":35,"Pantograph":27,"MutagenicStrength":28,"Snecko Eye":0,"Prayer Wheel":6,"Cracked Core":0,"FossilizedHelix":11},{"Golden Idol":5,"SacredBark":6,"Enchiridion":9,"Ginger":4,"Boot":18,"Lizard Tail":4,"Bottled Flame":10,"Busted Crown":14,"Pantograph":9,"MutagenicStrength":9,"Snecko Eye":0,"Prayer Wheel":4,"Cracked Core":0,"FossilizedHelix":5},{"Golden Idol":6,"SacredBark":8,"Enchiridion":12,"Ginger":4,"Boot":22,"Lizard Tail":4,"Bottled Flame":13,"Busted Crown":18,"Pantograph":12,"MutagenicStrength":12,"Snecko Eye":0,"Prayer Wheel":4,"Cracked Core":0,"FossilizedHelix":6}]},"card_choices":[{"not_picked":["Barrage","Go for the Eyes"],"picked":"Ball Lightning","floor":1.0},{"not_picked":["Compile Driver","Coolheaded"],"picked":"Rebound","floor":2.0},{"not_picked":["Barrage","Turbo","Hologram"],"picked":"SKIP","floor":5},{"not_picked":["Streamline","Skim","Steam"],"picked":"SKIP","floor":6},{"not_picked":["Darkness","Aggregate","Turbo"],"picked":"SKIP","floor":11},{"not_picked":["Amplify","Biased Cognition"],"picked":"Hyperbeam","floor":17},{"not_picked":["Self Repair","Steam+1"],"picked":"Ball Lightning","floor":19},{"not_picked":["Ball Lightning","White Noise","Aggregate"],"picked":"SKIP","floor":19},{"not_picked":["Coolheaded","Glacier","BootSequence"],"picked":"SKIP","floor":20},{"not_picked":["Turbo","Stack","Leap"],"picked":"SKIP","floor":20},{"not_picked":["Doom and Gloom+1","Streamline","Sweeping Beam"],"picked":"SKIP","floor":23},{"not_picked":["Melter+1","Loop","Ball Lightning"],"picked":"SKIP","floor":23},{"not_picked":["Gash","Genetic Algorithm","Buffer"],"picked":"SKIP","floor":29},{"not_picked":["Ball Lightning","Chill","Glacier+1"],"picked":"SKIP","floor":30},{"not_picked":["Gash","Sweeping Beam","Rebound+1"],"picked":"SKIP","floor":30},{"not_picked":["Gash","Turbo","Ball Lightning"],"picked":"SKIP","floor":31},{"not_picked":["Stack+1","Barrage","Rip and Tear"],"picked":"SKIP","floor":31},{"not_picked":["Go for the Eyes","Hyperbeam"],"picked":"Heatsinks","floor":32},{"not_picked":["Defragment","Beam Cell","Leap+1"],"picked":"SKIP","floor":32},{"not_picked":["Ball Lightning+1"],"picked":"SKIP","floor":36},{"not_picked":["Go for the Eyes"],"picked":"SKIP","floor":36},{"not_picked":["Stack"],"picked":"SKIP","floor":37},{"not_picked":["Barrage"],"picked":"SKIP","floor":37},{"not_picked":["Rebound"],"picked":"SKIP","floor":40},{"not_picked":["Steam"],"picked":"SKIP","floor":40},{"not_picked":["Double Energy"],"picked":"SKIP","floor":42},{"not_picked":["Sweeping Beam+1"],"picked":"SKIP","floor":42},{"not_picked":["Rebound"],"picked":"SKIP","floor":47},{"not_picked":["Loop"],"picked":"SKIP","floor":47},{"not_picked":["Steam"],"picked":"SKIP","floor":49},{"not_picked":["Hyperbeam"],"picked":"SKIP","floor":49}],"player_experience":1062417,"relics_obtained":[{"floor":6,"key":"Prayer Wheel"},{"floor":9,"key":"Lizard Tail"},{"floor":10,"key":"Ginger"},{"floor":11,"key":"FossilizedHelix"},{"floor":26,"key":"Enchiridion"},{"floor":27,"key":"Pantograph"},{"floor":29,"key":"Bottled Flame"},{"floor":44,"key":"Boot"}],"event_choices":[{"damage_healed":0.0,"max_hp_gain":0.0,"max_hp_loss":0.0,"gold_gain":0.0,"event_name":"Wheel of Change","player_choice":"Cursed","floor":3.0,"gold_loss":0.0,"damage_taken":0.0,"cards_obtained":["Decay"]},{"damage_healed":0,"gold_gain":0,"player_choice":"Donut","damage_taken":0,"max_hp_gain":5,"max_hp_loss":0,"event_name":"Big Fish","floor":7,"gold_loss":0},{"damage_healed":0,"gold_gain":0,"player_choice":"Lose Max HP","damage_taken":0,"relics_obtained":["Golden Idol"],"max_hp_gain":0,"max_hp_loss":7,"event_name":"Golden Idol","floor":12,"gold_loss":0},{"cards_removed":["Ball Lightning"],"damage_healed":0,"gold_gain":0,"player_choice":"Card Removal","damage_taken":7,"max_hp_gain":0,"max_hp_loss":0,"event_name":"Golden Wing","floor":14,"gold_loss":0},{"damage_healed":0,"gold_gain":50,"player_choice":"Stole From Cult","damage_taken":0,"max_hp_gain":0,"max_hp_loss":0,"event_name":"Nest","floor":25,"gold_loss":0},{"damage_healed":0,"gold_gain":0,"player_choice":"Obtained Book","damage_taken":21,"max_hp_gain":0,"max_hp_loss":0,"event_name":"Cursed Tome","floor":26,"gold_loss":0},{"damage_healed":0,"gold_gain":0,"player_choice":"Inject Mutagens","damage_taken":0,"relics_obtained":["MutagenicStrength"],"max_hp_gain":0,"max_hp_loss":0,"event_name":"Drug Dealer","floor":28,"gold_loss":0},{"damage_healed":0,"gold_gain":300,"player_choice":"Gold","damage_taken":0,"max_hp_gain":0,"max_hp_loss":0,"event_name":"Wheel of Change","floor":38,"gold_loss":0},{"damage_healed":0,"gold_gain":0,"player_choice":"Memory 1","damage_taken":0,"max_hp_gain":0,"max_hp_loss":0,"event_name":"SensoryStone","floor":46,"gold_loss":0},{"damage_healed":0,"gold_gain":0,"player_choice":"Forge","damage_taken":0,"max_hp_gain":0,"max_hp_loss":0,"event_name":"Accursed Blacksmith","floor":48,"gold_loss":0,"cards_upgraded":["Meteor Strike"]}],"is_beta":false,"boss_relics":[{"not_picked":["Nuclear Battery","Inserter"],"picked":"SacredBark"},{"not_picked":["Philosopher\u0027s Stone","Sozu"],"picked":"Busted Crown"}],"items_purged_floors":[4,13,21,39,45],"is_endless":false,"potions_floor_spawned":[2,6,17,20,31,34,36,40,42],"ascension_level":18}}