{"host":"4nqeo0vu1vuav7gg","time":1607612192,"event":{"mods":["BaseMod","AchievementEnabler","Block Reminder","Colored Map","Colored Powertips","Highlight Path","Minty Spire (QoL Compilation)","Quick Restart","Rare Cards Sparkle","Relic Relevance Reorder","StSLib"],"gold_per_floor":[110,35,210,210,62,88,133,168,191,201,201,233,243,253,253,348,348,323,8,21,37,312,344,344,377,404,423,435,451,94,94,94,198,198,218,218,228,246,44,72,89,101,101,101,134,161,190,202,214,226,226],"floor_reached":50,"playtime":3419,"items_purged":["Survivor","Doubt","Strike_G"],"score":832,"play_id":"cf940ebb-2b69-482c-a145-8d0ea99199cc","local_time":"20201210155632","is_ascension_mode":true,"campfire_choices":[{"floor":11.0,"key":"REST"},{"floor":15.0,"key":"REST"},{"floor":24,"key":"REST"},{"floor":32,"key":"REST"},{"floor":44,"key":"REST"},{"data":"Neutralize","floor":49,"key":"SMITH"}],"circlet_count":0,"master_deck":["Strike_G","Strike_G","Strike_G","Strike_G","Defend_G","Defend_G+1","Defend_G","Defend_G","Defend_G","Neutralize+1","Backstab","Cloak And Dagger+1","Dagger Throw","Leg Sweep","Cloak And Dagger","Cloak And Dagger","Heel Hook","Burst+1","Backflip","Infinite Blades+1","Underhanded Strike","Finisher","Accuracy+1","Footwork+1","PiercingWail+1","Expertise","Accuracy+1","Adrenaline+1","Cloak And Dagger+1","Finisher+1","Blade Dance+1","Apotheosis+1","Backstab","Escape Plan+1","Choke+1","Tactician+1","Cloak And Dagger+1","Accuracy+1","Blade Dance+1"],"special_seed":0,"relics":["Nunchaku","Pen Nib","Bird Faced Urn","HandDrill","Gremlin Horn","Sozu","StoneCalendar","WristBlade","Happy Flower","Blood Vial","PreservedInsect","Bag of Marbles","Bottled Lightning","Oddly Smooth Stone","Du-Vu Doll","Black Star","Question Card","Singing Bowl","Frozen Egg 2","Toxic Egg 2","Dream Catcher","MawBank","Omamori","War Paint","TungstenRod"],"acts_visited":["Exordium","TheCity","TheBeyond"],"potions_floor_usage":[16,21],"damage_taken":[{"damage":0.0,"enemies":"Small Slimes","floor":1.0,"turns":3.0},{"damage":29.0,"enemies":"3 Sentries","floor":6.0,"turns":11.0},{"damage":18.0,"enemies":"Gremlin Nob","floor":8.0,"turns":5.0},{"damage":0.0,"enemies":"Jaw Worm","floor":10.0,"turns":2.0},{"damage":9.0,"enemies":"3 Sentries","floor":12.0,"turns":10.0},{"damage":0.0,"enemies":"Cultist","floor":13.0,"turns":3.0},{"damage":0.0,"enemies":"Exordium Thugs","floor":14.0,"turns":4.0},{"damage":43,"enemies":"Slime Boss","floor":16,"turns":17},{"damage":12,"enemies":"2 Thieves","floor":18,"turns":5},{"damage":20,"enemies":"Spheric Guardian","floor":20,"turns":4},{"damage":15,"enemies":"Centurion and Healer","floor":21,"turns":5},{"damage":15,"enemies":"Slavers","floor":23,"turns":6},{"damage":17,"enemies":"Book of Stabbing","floor":25,"turns":6},{"damage":3,"enemies":"Snake Plant","floor":27,"turns":3},{"damage":13,"enemies":"Cultist and Chosen","floor":28,"turns":6},{"damage":5,"enemies":"Chosen and Byrds","floor":29,"turns":6},{"damage":13,"enemies":"Collector","floor":33,"turns":7},{"damage":0,"enemies":"Orb Walker","floor":35,"turns":2},{"damage":0,"enemies":"3 Shapes","floor":37,"turns":1},{"damage":19,"enemies":"Transient","floor":38,"turns":5},{"damage":16,"enemies":"Nemesis","floor":40,"turns":3},{"damage":11,"enemies":"Spire Growth","floor":41,"turns":3},{"damage":21,"enemies":"Maw","floor":42,"turns":3},{"damage":0,"enemies":"Giant Head","floor":45,"turns":5},{"damage":8,"enemies":"Sphere and 2 Shapes","floor":46,"turns":3},{"damage":9,"enemies":"Transient","floor":47,"turns":5},{"damage":78,"enemies":"Time Eater","floor":50,"turns":6}],"seed_played":"-2837967801131314962","potions_obtained":[{"floor":1.0,"key":"Weak Potion"},{"floor":8.0,"key":"DuplicationPotion"},{"floor":10.0,"key":"Regen Potion"}],"is_trial":false,"path_per_floor":["M","$","?","?","$","E","T","E","T","M","R","E","M","M","R","B",null,"M","$","M","M","?","E","R","E","T","M","M","M","$","T","R","B",null,"M","?","M","M","$","E","M","M","T","R","E","M","M","?","R","B"],"character_chosen":"THE_SILENT","items_purchased":["Cloak And Dagger","Infinite Blades+1","HandDrill","StoneCalendar","Accuracy+1","Apotheosis+1","Backstab"],"campfire_rested":5,"item_purchase_floors":[5,19,19,30,30,39,39],"current_hp_per_floor":[70,70,70,63,63,34,34,18,18,20,41,34,36,38,59,18,70,58,58,40,41,41,28,49,36,36,37,32,35,35,35,56,53,70,70,70,70,53,53,47,44,31,31,52,62,60,63,63,63,0,0],"gold":226,"neow_bonus":"BOSS_RELIC","is_daily":false,"chose_seed":false,"campfire_upgraded":1,"win_rate":0,"timestamp":1607612192,"path_taken":["M","$","?","?","$","E","?","E","T","?","R","E","M","M","R","BOSS","M","$","M","?","?","E","R","E","T","M","M","?","$","?","R","BOSS","M","?","?","M","$","E","M","M","T","R","E","M","M","?","R","BOSS"],"build_version":"2020-11-30","purchased_purges":3,"victory":false,"max_hp_per_floor":[70,70,70,70,70,70,70,70,70,70,70,70,70,70,70,70,70,70,70,70,70,70,70,70,70,70,70,70,70,70,70,70,70,70,70,70,70,70,70,70,70,70,70,70,70,70,70,70,70,70,70],"card_choices":[{"not_picked":["PiercingWail","Cloak And Dagger"],"picked":"Backstab","floor":1.0},{"not_picked":["Acrobatics","Dagger Spray"],"picked":"Dagger Throw","floor":6.0},{"not_picked":["Well Laid Plans+1","Skewer"],"picked":"Leg Sweep","floor":8.0},{"not_picked":["Prepared","Heel Hook"],"picked":"Cloak And Dagger","floor":10.0},{"not_picked":["Deadly Poison","Deflect","Expertise"],"picked":"SKIP","floor":12.0},{"not_picked":["Underhanded Strike","Dash","Outmaneuver"],"picked":"Cloak And Dagger","floor":13.0},{"not_picked":["Underhanded Strike","Outmaneuver","Riddle With Holes"],"picked":"Heel Hook","floor":14.0},{"not_picked":["Die Die Die","Grand Finale","Venomology"],"picked":"Burst","floor":16},{"not_picked":["Poisoned Stab","Deadly Poison","Flying Knee+1"],"picked":"Backflip","floor":18},{"not_picked":["Skewer","Poisoned Stab","Corpse Explosion","Outmaneuver"],"picked":"SKIP","floor":20},{"not_picked":["Tactician","Eviscerate","Skewer"],"picked":"Underhanded Strike","floor":21},{"not_picked":["Deflect","Blur","Dodge and Roll+1"],"picked":"Finisher","floor":23},{"not_picked":["Backstab","Eviscerate","Dash"],"picked":"Accuracy+1","floor":25},{"not_picked":["Concentrate","PiercingWail","Tactician+1"],"picked":"Footwork+1","floor":27},{"not_picked":["Reflex","Crippling Poison","Deadly Poison"],"picked":"PiercingWail+1","floor":28},{"not_picked":["Flechettes","Deadly Poison","Bouncing Flask"],"picked":"Expertise","floor":29},{"not_picked":["Malaise+1","Unload","Wraith Form v2+1"],"picked":"Adrenaline+1","floor":33},{"not_picked":["Escape Plan+1","Well Laid Plans+1","Bouncing Flask+1"],"picked":"Cloak And Dagger+1","floor":35},{"not_picked":["Bouncing Flask+1","Quick Slash+1","Skewer+1"],"picked":"Finisher+1","floor":37},{"not_picked":["Slice+1","Cloak And Dagger+1","Catalyst+1"],"picked":"Blade Dance+1","floor":38},{"not_picked":["Sucker Punch","Endless Agony+1","Outmaneuver+1"],"picked":"Escape Plan+1","floor":40},{"not_picked":["Noxious Fumes+1","Bouncing Flask+1","Quick Slash+1"],"picked":"Choke+1","floor":41},{"not_picked":["Slice+1","Eviscerate","Dash"],"picked":"Tactician+1","floor":42},{"not_picked":["Deadly Poison+1","Sucker Punch","Bane+1"],"picked":"Cloak And Dagger+1","floor":45},{"not_picked":["Corpse Explosion+1","Catalyst+1","Noxious Fumes+1"],"picked":"Accuracy+1","floor":46},{"not_picked":["Deflect+1","Backflip+1","Underhanded Strike"],"picked":"Blade Dance+1","floor":47}],"player_experience":862608,"relics_obtained":[{"floor":6.0,"key":"Blood Vial"},{"floor":6.0,"key":"Nunchaku"},{"floor":7.0,"key":"War Paint"},{"floor":8.0,"key":"PreservedInsect"},{"floor":8.0,"key":"Frozen Egg 2"},{"floor":9.0,"key":"Omamori"},{"floor":12.0,"key":"Pen Nib"},{"floor":12.0,"key":"Question Card"},{"floor":23,"key":"Bird Faced Urn"},{"floor":23,"key":"Gremlin Horn"},{"floor":25,"key":"Bag of Marbles"},{"floor":25,"key":"Bottled Lightning"},{"floor":26,"key":"Oddly Smooth Stone"},{"floor":31,"key":"Toxic Egg 2"},{"floor":40,"key":"Happy Flower"},{"floor":40,"key":"Du-Vu Doll"},{"floor":43,"key":"Singing Bowl"},{"floor":45,"key":"Dream Catcher"},{"floor":45,"key":"MawBank"}],"event_choices":[{"damage_healed":0.0,"max_hp_gain":0.0,"max_hp_loss":0.0,"gold_gain":175.0,"event_name":"Liars Game","player_choice":"AGREE","floor":3.0,"gold_loss":0.0,"damage_taken":0.0,"cards_obtained":["Doubt"]},{"damage_healed":0.0,"max_hp_gain":0.0,"max_hp_loss":0.0,"gold_gain":0.0,"event_name":"Scrap Ooze","player_choice":"Success","floor":4.0,"gold_loss":0.0,"damage_taken":7.0,"relics_obtained":["TungstenRod"]},{"damage_healed":0,"gold_gain":275,"player_choice":"Desecrate","damage_taken":0,"max_hp_gain":0,"max_hp_loss":0,"event_name":"Golden Shrine","floor":22,"gold_loss":0,"cards_obtained":["Regret"]},{"damage_healed":0,"gold_gain":0,"player_choice":"Ignored","damage_taken":0,"max_hp_gain":0,"max_hp_loss":0,"event_name":"SecretPortal","floor":36,"gold_loss":0},{"damage_healed":0,"gold_gain":0,"player_choice":"Forge","damage_taken":0,"max_hp_gain":0,"max_hp_loss":0,"event_name":"Accursed Blacksmith","floor":48,"gold_loss":0,"cards_upgraded":["Burst"]}],"is_beta":false,"boss_relics":[{"not_picked":["Ectoplasm","Pandora\u0027s Box"],"picked":"Sozu"},{"not_picked":["Philosopher\u0027s Stone","SlaversCollar"],"picked":"WristBlade"}],"items_purged_floors":[2,5,19],"is_endless":false,"potions_floor_spawned":[1,8,10,20,23,27,35,42,45,46],"killed_by":"Time Eater","ascension_level":4}}