{"host":"usn420qyc3tqn20x","time":1607567591,"event":{"gold_per_floor":[119,137,37,46,11,11,87,103,128,128,128,157,203,246,246,262,262],"floor_reached":16,"playtime":1381,"items_purged":[],"score":102,"play_id":"92610b8a-85a3-49e0-8d9d-95afed00d103","local_time":"20201210133311","is_ascension_mode":false,"campfire_choices":[{"data":"Zap","floor":6,"key":"SMITH"},{"floor":11,"key":"REST"},{"floor":15,"key":"REST"}],"neow_cost":"","seed_source_timestamp":2632690499600,"circlet_count":0,"master_deck":["Strike_B","Strike_B","Strike_B","Strike_B","Defend_B","Defend_B","Defend_B","Defend_B","Zap+1","Dualcast","Beam Cell","Steam","conspire:SpireCoStock","conspire:SpireCoStock","Regret","Electrodynamics","Melter","Barrage"],"relics":["Cracked Core","CeramicFish","ReplayTheSpireMod:Lightbulb"],"potions_floor_usage":[2,7,7],"damage_taken":[{"damage":6,"enemies":"Jaw Worm","floor":1,"turns":3},{"damage":0,"enemies":"2 Louse","floor":2,"turns":1},{"damage":54,"enemies":"3 Sentries","floor":7,"turns":12},{"damage":3,"enemies":"Small Slimes","floor":8,"turns":3},{"damage":18,"enemies":"Looter","floor":12,"turns":3},{"damage":15,"enemies":"Gremlin Gang","floor":13,"turns":3},{"damage":2,"enemies":"Large Slime","floor":14,"turns":4},{"damage":32,"enemies":"Hexaghost","floor":16,"turns":7}],"seed_played":"-2941037167315170331","potions_obtained":[{"floor":1,"key":"Swift Potion"},{"floor":2,"key":"SteroidPotion"}],"is_trial":false,"path_per_floor":["M","M","?","?","?","R","E","M","T","?","R","M","M","M","R","B"],"character_chosen":"DEFECT","items_purchased":["Explosive Potion"],"campfire_rested":2,"item_purchase_floors":[0],"current_hp_per_floor":[69,69,69,69,75,75,21,18,18,18,40,22,7,5,27,0,0],"gold":262,"neow_bonus":"","is_prod":false,"is_daily":false,"chose_seed":false,"campfire_upgraded":1,"win_rate":0,"timestamp":1607567591,"path_taken":["M","M","?","?","?","R","E","M","T","?","R","M","?","M","R","BOSS"],"build_version":"2020-11-30","purchased_purges":0,"victory":false,"max_hp_per_floor":[75,75,75,75,75,75,75,75,75,75,75,75,75,75,75,75,75],"card_choices":[{"not_picked":["Coolheaded","BasicCrystalCard"],"picked":"Beam Cell","floor":1},{"not_picked":["Undo","Steam Power"],"picked":"Steam","floor":2},{"not_picked":["conspire:SharedLibrary","Gash"],"picked":"Electrodynamics","floor":7},{"not_picked":["Streamline","Panic Button","Cold Snap"],"picked":"SKIP","floor":8},{"not_picked":["Streamline","Barrage"],"picked":"Melter","floor":12},{"not_picked":["conspire:SharedLibrary","Redo","Crystallizer"],"picked":"SKIP","floor":13},{"not_picked":["Blizzard","Panic Button"],"picked":"Barrage","floor":14}],"player_experience":373158,"relics_obtained":[{"floor":7,"key":"ReplayTheSpireMod:Lightbulb"}],"event_choices":[{"damage_healed":0,"gold_gain":0,"player_choice":"Invest 2","damage_taken":0,"max_hp_gain":0,"max_hp_loss":0,"event_name":"conspire:Investor","floor":3,"gold_loss":0},{"damage_healed":0,"gold_gain":0,"player_choice":"Box","damage_taken":0,"relics_obtained":["CeramicFish"],"max_hp_gain":0,"max_hp_loss":0,"event_name":"Big Fish","floor":4,"gold_loss":0,"cards_obtained":["Regret"]},{"damage_healed":18,"gold_gain":0,"player_choice":"Healed","damage_taken":0,"max_hp_gain":0,"max_hp_loss":0,"event_name":"The Cleric","floor":5,"gold_loss":35},{"damage_healed":0,"gold_gain":0,"player_choice":"Ignored","damage_taken":0,"max_hp_gain":0,"max_hp_loss":0,"event_name":"NoteForYourself","floor":10,"gold_loss":0}],"is_beta":false,"boss_relics":[],"items_purged_floors":[],"is_endless":false,"potions_floor_spawned":[1,2],"killed_by":"Hexaghost","ascension_level":0}}