{"host":"u0m9wcerzdqt9t83","time":1607640058,"event":{"mods":["BaseMod","AchievementEnabler","BetterRewards","Minty Spire (QoL Compilation)","Colored Map","DeckTracker","Rare Cards Sparkle","StSLib","Hermit","Shade Mod"],"gold_per_floor":[115,134,150,170,189,189,189],"floor_reached":6,"playtime":383,"items_purged":[],"score":42,"play_id":"2dc3f3cf-c38f-43d2-bda5-95c96f901257","local_time":"20201210174058","is_ascension_mode":true,"campfire_choices":[],"circlet_count":0,"master_deck":["Strike_P","Strike_P","Strike_P","Strike_P","Defend_P","Defend_P","Defend_P","Defend_P","Eruption","Vigilance","JustLucky","WindmillStrike","Worship","Swift Strike","Secret Technique","FlurryOfBlows","Perseverance","FollowUp","Nirvana","FollowUp"],"special_seed":0,"relics":["PureWater","Membership Card","Bird Faced Urn","Incense Burner","Bag of Marbles"],"acts_visited":["Exordium"],"potions_floor_usage":[],"damage_taken":[{"damage":0.0,"enemies":"Cultist","floor":1.0,"turns":2.0},{"damage":4.0,"enemies":"Small Slimes","floor":2.0,"turns":3.0},{"damage":1.0,"enemies":"2 Louse","floor":3.0,"turns":3.0},{"damage":8.0,"enemies":"Gremlin Gang","floor":4.0,"turns":2.0},{"damage":11.0,"enemies":"2 Fungi Beasts","floor":5.0,"turns":3.0},{"damage":0,"enemies":"3 Sentries","floor":6,"turns":1}],"seed_played":"-1521846263864229490","potions_obtained":[{"floor":2.0,"key":"StancePotion"},{"floor":5.0,"key":"Fire Potion"}],"is_trial":false,"path_per_floor":["M","M","M","M","M","E"],"character_chosen":"WATCHER","items_purchased":["Membership Card","Bird Faced Urn","JustLucky","WindmillStrike","Bag of Marbles","Worship","Swift Strike","Secret Technique","SteroidPotion","FearPotion","Weak Potion"],"campfire_rested":0,"item_purchase_floors":[0,0,0,0,0,0,0,0,0,0,0],"current_hp_per_floor":[51,47,46,38,27,27,27],"gold":189,"neow_bonus":"","is_daily":false,"chose_seed":false,"campfire_upgraded":0,"win_rate":0,"timestamp":1607640058,"path_taken":["M","M","M","M","M","E"],"build_version":"2020-11-30","purchased_purges":0,"victory":false,"max_hp_per_floor":[72,72,72,72,72,72,72],"card_choices":[{"not_picked":["Evaluate","Protect"],"picked":"FlurryOfBlows","floor":1.0},{"not_picked":["Pray","Evaluate"],"picked":"Perseverance","floor":2.0},{"not_picked":["CrushJoints","Conclude"],"picked":"FollowUp","floor":3.0},{"not_picked":["Protect","ClearTheMind"],"picked":"Nirvana","floor":4.0},{"not_picked":["WreathOfFlame","BowlingBash"],"picked":"FollowUp","floor":5.0}],"player_experience":345831,"relics_obtained":[],"event_choices":[],"is_beta":false,"boss_relics":[],"items_purged_floors":[],"is_endless":false,"potions_floor_spawned":[2,5],"killed_by":"3 Sentries","ascension_level":1}}