{"host":"zkqorkqsr6o67e8b","time":1607574068,"event":{"gold_per_floor":[111,111,111,126,138,138,167,167,217,217,217,217],"floor_reached":11,"playtime":304,"items_purged":[],"score":135,"play_id":"a5474312-bc2f-4c37-8d53-6fd9569aca4c","local_time":"20201210122108","is_ascension_mode":true,"campfire_choices":[{"data":"alterego_mod:Nekomimi","floor":6.0,"key":"SMITH"},{"data":"Grand Finale","floor":8.0,"key":"SMITH"}],"neow_cost":"NONE","seed_source_timestamp":13544655648600,"circlet_count":0,"master_deck":["AscendersBane","alterego_mod:Strike","alterego_mod:Strike","alterego_mod:Strike","alterego_mod:Strike","alterego_mod:Defend","alterego_mod:Defend","alterego_mod:Defend","alterego_mod:Defend","alterego_mod:Impale","alterego_mod:BigMeatyClaws","alterego_mod:BrynhildrsRune","Grand Finale+1","alterego_mod:Birthday","alterego_mod:Nekomimi+1","alterego_mod:TrashNCrash"],"special_seed":0,"relics":["alterego_mod:MasochisticConstitution","REME_ComplimentaryCards","NeowsBlessing","PreservedInsect","Shuriken","Juzu Bracelet"],"potions_floor_usage":[],"damage_taken":[{"damage":2.0,"enemies":"Jaw Worm","floor":1.0,"turns":2.0},{"damage":6.0,"enemies":"Cultist","floor":4.0,"turns":4.0},{"damage":0.0,"enemies":"2 Louse","floor":5.0,"turns":2.0},{"damage":33.0,"enemies":"Lagavulin","floor":7.0,"turns":8.0},{"damage":44,"enemies":"3 Sentries","floor":11,"turns":6}],"seed_played":"-9208300813780890410","potions_obtained":[{"floor":3.0,"key":"Dexterity Potion"},{"floor":3.0,"key":"AttackPotion"},{"floor":4.0,"key":"LiquidMemories"}],"is_trial":false,"path_per_floor":["M","?","?","M","M","R","E","R","T","?","E"],"character_chosen":"The_Alterego","items_purchased":[],"campfire_rested":0,"item_purchase_floors":[],"current_hp_per_floor":[65,60,60,62,67,67,42,42,42,42,0,0],"gold":217,"neow_bonus":"THREE_ENEMY_KILL","is_prod":false,"is_daily":false,"chose_seed":false,"campfire_upgraded":2,"win_rate":0,"timestamp":1607574068,"path_taken":["M","?","?","?","M","R","E","R","T","?","E"],"build_version":"2020-11-30","purchased_purges":0,"victory":false,"max_hp_per_floor":[66,66,66,67,67,67,68,68,68,68,68,68],"card_choices":[{"not_picked":["alterego_mod:Cycle","alterego_mod:1TonWallop","alterego_mod:BiFurious"],"picked":"SKIP","floor":1.0},{"not_picked":["alterego_mod:PerceptionDisorder","alterego_mod:MagicResistance"],"picked":"alterego_mod:Birthday","floor":4.0},{"not_picked":["alterego_mod:1TonWallop","alterego_mod:Undulate"],"picked":"alterego_mod:Nekomimi","floor":5.0},{"not_picked":["alterego_mod:Clap","alterego_mod:Exercise"],"picked":"alterego_mod:TrashNCrash","floor":7.0}],"player_experience":650939,"relics_obtained":[{"floor":7.0,"key":"Shuriken"},{"floor":9.0,"key":"Juzu Bracelet"}],"event_choices":[{"damage_healed":0.0,"max_hp_gain":0.0,"max_hp_loss":0.0,"gold_gain":0.0,"event_name":"Scrap Ooze","player_choice":"Success","floor":2.0,"gold_loss":0.0,"damage_taken":5.0,"relics_obtained":["PreservedInsect"]},{"damage_healed":0.0,"max_hp_gain":0.0,"max_hp_loss":0.0,"gold_gain":0.0,"event_name":"Lab","player_choice":"Got Potions","floor":3.0,"gold_loss":0.0,"damage_taken":0.0}],"is_beta":false,"boss_relics":[],"items_purged_floors":[],"is_endless":false,"potions_floor_spawned":[4],"killed_by":"3 Sentries","ascension_level":18}}