{"host":"f7mgfv1rcbv6ir5v","time":1607591196,"event":{"gold_per_floor":[117,117,117,130,147,172,172,199,222,262,262,262,33,76,76,208,208,233,267,267,286,297,297,297,297],"floor_reached":24,"playtime":1846,"items_purged":["Strike_B"],"score":259,"play_id":"cbba708e-bf4e-47a8-b339-04b5ad39dc62","local_time":"20201210010636","is_ascension_mode":true,"campfire_choices":[{"data":"Buffer","floor":11,"key":"SMITH"},{"data":"Aggregate","floor":15,"key":"SMITH"},{"data":"Hologram","floor":23,"key":"SMITH"}],"neow_cost":"NONE","seed_source_timestamp":60001646859300,"circlet_count":0,"master_deck":["Strike_B","Strike_B","Strike_B+1","Defend_B","Defend_B","Defend_B","Defend_B","Zap+1","Dualcast","Cold Snap","Hologram+1","Lockon","Buffer+1","Aggregate+1","Biased Cognition","Darkness","Stack+1"],"relics":["Cracked Core","NeowsBlessing","CeramicFish","Regal Pillow","Blood Vial","Bloody Idol","Potion Belt","PreservedInsect","SacredBark"],"potions_floor_usage":[6,10,16,16,21,21,21,24],"damage_taken":[{"damage":0,"enemies":"Jaw Worm","floor":1,"turns":1},{"damage":0,"enemies":"2 Louse","floor":4,"turns":1},{"damage":0,"enemies":"Cultist","floor":5,"turns":1},{"damage":12,"enemies":"3 Sentries","floor":6,"turns":6},{"damage":8,"enemies":"Looter","floor":8,"turns":3},{"damage":24,"enemies":"Gremlin Nob","floor":10,"turns":4},{"damage":15,"enemies":"3 Sentries","floor":14,"turns":7},{"damage":4,"enemies":"Hexaghost","floor":16,"turns":11},{"damage":5,"enemies":"Chosen","floor":18,"turns":5},{"damage":11,"enemies":"Spheric Guardian","floor":19,"turns":4},{"damage":4,"enemies":"Centurion and Healer","floor":21,"turns":10},{"damage":35,"enemies":"Sentry and Sphere","floor":22,"turns":8},{"damage":43,"enemies":"Gremlin Leader","floor":24,"turns":4}],"seed_played":"-6309663949897836397","potions_obtained":[{"floor":3,"key":"DistilledChaos"},{"floor":3,"key":"SneckoOil"},{"floor":3,"key":"FocusPotion"},{"floor":6,"key":"EssenceOfSteel"},{"floor":14,"key":"Weak Potion"},{"floor":16,"key":"Weak Potion"},{"floor":18,"key":"PowerPotion"},{"floor":19,"key":"AttackPotion"}],"is_trial":false,"path_per_floor":["M","?","?","M","M","E","?","M","T","E","R","?","$","E","R","B",null,"M","M","?","M","M","R","E"],"character_chosen":"DEFECT","items_purchased":["Potion Belt"],"campfire_rested":0,"item_purchase_floors":[13],"current_hp_per_floor":[75,60,60,60,60,48,53,45,45,21,21,21,21,8,8,6,74,69,60,60,68,40,40,0,0],"gold":297,"neow_bonus":"THREE_ENEMY_KILL","is_prod":false,"is_daily":false,"chose_seed":false,"campfire_upgraded":3,"win_rate":0,"timestamp":1607591196,"path_taken":["M","?","?","?","M","E","?","M","T","E","R","?","$","E","R","BOSS","M","M","?","M","M","R","E"],"build_version":"2020-11-30","purchased_purges":1,"victory":false,"max_hp_per_floor":[75,75,75,75,75,75,80,80,80,80,80,74,74,74,74,74,74,74,74,74,74,74,74,74,74],"relic_stats":{"Blood Vial":12,"Regal Pillow":0,"counters":[13,65],"CeramicFish":45,"Bloody Idol":15,"PreservedInsect":48,"obtain_stats":[{"Blood Vial":10,"Potion Belt":13,"Regal Pillow":9,"NeowsBlessing":0,"Golden Idol":12,"CeramicFish":6,"SacredBark":17,"Bloody Idol":20,"PreservedInsect":14,"Cracked Core":0},{"Blood Vial":6,"Potion Belt":6,"Regal Pillow":5,"NeowsBlessing":0,"Golden Idol":6,"CeramicFish":4,"SacredBark":8,"Bloody Idol":10,"PreservedInsect":7,"Cracked Core":0},{"Blood Vial":16,"Potion Belt":16,"Regal Pillow":12,"NeowsBlessing":0,"Golden Idol":16,"CeramicFish":9,"SacredBark":34,"Bloody Idol":43,"PreservedInsect":23,"Cracked Core":0}]},"card_choices":[{"not_picked":["Turbo","Capacitor"],"picked":"Cold Snap","floor":1},{"not_picked":["Beam Cell","Redo"],"picked":"Hologram","floor":4},{"not_picked":["Chaos","Turbo"],"picked":"Lockon","floor":5},{"not_picked":["Defragment","Glacier"],"picked":"Buffer","floor":8},{"not_picked":["Barrage","Darkness"],"picked":"Aggregate","floor":10},{"not_picked":["Storm","Gash","Cold Snap"],"picked":"SKIP","floor":14},{"not_picked":["All For One","Hyperbeam"],"picked":"Biased Cognition","floor":16},{"not_picked":["Reprogram+1","Beam Cell","Streamline"],"picked":"SKIP","floor":18},{"not_picked":["Coolheaded","Gash+1"],"picked":"Darkness","floor":19},{"not_picked":["Blizzard+1","Fusion+1"],"picked":"Stack+1","floor":21},{"not_picked":["Rip and Tear","Go for the Eyes","Lockon"],"picked":"SKIP","floor":22}],"player_experience":304771,"relics_obtained":[{"floor":6,"key":"CeramicFish"},{"floor":9,"key":"Regal Pillow"},{"floor":10,"key":"Blood Vial"},{"floor":14,"key":"PreservedInsect"}],"event_choices":[{"damage_healed":0,"gold_gain":0,"player_choice":"Entered Light","damage_taken":15,"max_hp_gain":0,"max_hp_loss":0,"event_name":"Shining Light","floor":2,"gold_loss":0,"cards_upgraded":["Zap","Strike_B"]},{"damage_healed":0,"gold_gain":0,"player_choice":"Got Potions","damage_taken":0,"max_hp_gain":0,"max_hp_loss":0,"event_name":"Lab","floor":3,"gold_loss":0},{"damage_healed":0,"gold_gain":0,"player_choice":"Donut","damage_taken":0,"max_hp_gain":5,"max_hp_loss":0,"event_name":"Big Fish","floor":7,"gold_loss":0},{"damage_healed":0,"gold_gain":0,"player_choice":"Lose Max HP","damage_taken":0,"relics_obtained":["Golden Idol"],"max_hp_gain":0,"max_hp_loss":6,"event_name":"Golden Idol","floor":12,"gold_loss":0},{"damage_healed":0,"gold_gain":0,"player_choice":"Gave Idol","damage_taken":0,"relics_obtained":["Bloody Idol"],"max_hp_gain":0,"max_hp_loss":0,"event_name":"Forgotten Altar","floor":20,"relics_lost":["Golden Idol"],"gold_loss":0}],"is_beta":false,"boss_relics":[{"not_picked":["Cursed Key","Nuclear Battery"],"picked":"SacredBark"}],"items_purged_floors":[13],"is_endless":false,"potions_floor_spawned":[4,6,14,16,18,19],"killed_by":"Gremlin Leader","ascension_level":4}}