{"host":"lyzyr6cv4ove76ms","time":1607562095,"event":{"gold_per_floor":[119,129,129,129,148,148,181,181,181,191,218,236,263,263,263,364,364,382,382,113,113,113,113,133,133,133],"floor_reached":25,"playtime":1433,"items_purged":[],"score":230,"play_id":"c39b0636-0010-4712-be7d-207a28deb205","local_time":"20201210020135","is_ascension_mode":true,"campfire_choices":[{"data":"Iron Wave","floor":6.0,"key":"SMITH"},{"data":"Rampage","floor":8.0,"key":"SMITH"},{"floor":15,"key":"REST"},{"data":"Metallicize","floor":23,"key":"SMITH"}],"neow_cost":"NONE","seed_source_timestamp":1589576041918700,"circlet_count":0,"master_deck":["Strike_R+1","Strike_R","Strike_R+1","Strike_R","Strike_R","Defend_R","Defend_R","Defend_R","Defend_R","Bash+1","Iron Wave+1","Rampage+1","Demon Form","Apotheosis+1","Metallicize+1"],"special_seed":0,"relics":["Burning Blood","Toxic Egg 2","MealTicket","Gremlin Horn","Whetstone","Black Star","Nilry\u0027s Codex"],"potions_floor_usage":[18],"damage_taken":[{"damage":4.0,"enemies":"2 Louse","floor":1.0,"turns":3.0},{"damage":5.0,"enemies":"Small Slimes","floor":2.0,"turns":4.0},{"damage":6.0,"enemies":"Cultist","floor":5.0,"turns":4.0},{"damage":21.0,"enemies":"Gremlin Nob","floor":7.0,"turns":4.0},{"damage":2.0,"enemies":"Blue Slaver","floor":10.0,"turns":4.0},{"damage":25.0,"enemies":"3 Sentries","floor":11.0,"turns":10.0},{"damage":0.0,"enemies":"3 Louse","floor":12.0,"turns":3.0},{"damage":35.0,"enemies":"Lagavulin","floor":13.0,"turns":7.0},{"damage":56,"enemies":"Slime Boss","floor":16,"turns":14},{"damage":42,"enemies":"Shell Parasite","floor":18,"turns":5},{"damage":22,"enemies":"Chosen","floor":24,"turns":5},{"damage":0,"enemies":"Snecko","floor":25,"turns":3}],"seed_played":"495958057661579660","potions_obtained":[{"floor":2.0,"key":"Regen Potion"},{"floor":5.0,"key":"GamblersBrew"},{"floor":7.0,"key":"Strength Potion"},{"floor":13.0,"key":"Dexterity Potion"}],"is_trial":false,"path_per_floor":["M","M","?","?","M","R","E","R","T","M","E","M","E","?","R","B",null,"M","?","$","?","?","R","M","M"],"character_chosen":"IRONCLAD","items_purchased":["Apotheosis+1","Metallicize"],"campfire_rested":1,"item_purchase_floors":[20,20],"current_hp_per_floor":[88,88,88,88,88,88,73,73,73,77,58,64,35,57,83,33,88,52,52,67,51,51,51,35,35,35],"gold":133,"neow_bonus":"TEN_PERCENT_HP_BONUS","is_prod":false,"is_daily":false,"chose_seed":false,"campfire_upgraded":3,"win_rate":0,"timestamp":1607562095,"path_taken":["M","M","?","?","M","R","E","R","T","?","E","M","E","?","R","BOSS","M","?","?","?","?","R","M","?"],"build_version":"2020-11-30","purchased_purges":0,"victory":false,"max_hp_per_floor":[88,88,88,88,88,88,88,88,88,88,88,88,88,88,88,88,88,88,85,85,85,85,85,85,85,85],"card_choices":[{"not_picked":["Warcry","Heavy Blade","Burning Pact"],"picked":"SKIP","floor":1.0},{"not_picked":["Bloodletting","Blood for Blood","Clothesline"],"picked":"SKIP","floor":2.0},{"not_picked":["Rage","Flex"],"picked":"Iron Wave","floor":5.0},{"not_picked":["Power Through+1","Dropkick"],"picked":"Rampage","floor":7.0},{"not_picked":["True Grit+1","Burning Pact+1","Evolve"],"picked":"SKIP","floor":10.0},{"not_picked":["Reaper","Evolve","Heavy Blade"],"picked":"SKIP","floor":11.0},{"not_picked":["Headbutt","Power Through+1","Cleave"],"picked":"SKIP","floor":12.0},{"not_picked":["Headbutt","Thunderclap","Perfected Strike"],"picked":"SKIP","floor":13.0},{"not_picked":["Feed","Berserk"],"picked":"Demon Form","floor":16},{"not_picked":["Seeing Red+1","Shockwave+1","Headbutt+1"],"picked":"SKIP","floor":18},{"not_picked":["Clash","Heavy Blade","Wild Strike"],"picked":"SKIP","floor":24}],"player_experience":563365,"relics_obtained":[{"floor":7.0,"key":"Toxic Egg 2"},{"floor":9.0,"key":"MealTicket"},{"floor":11.0,"key":"Gremlin Horn"},{"floor":13.0,"key":"Whetstone"},{"floor":21,"key":"Nilry\u0027s Codex"}],"event_choices":[{"damage_healed":0.0,"max_hp_gain":0.0,"max_hp_loss":0.0,"gold_gain":0.0,"event_name":"The Cleric","player_choice":"Leave","floor":3.0,"gold_loss":0.0,"damage_taken":0.0},{"damage_healed":0.0,"max_hp_gain":0.0,"max_hp_loss":0.0,"gold_gain":0.0,"event_name":"Upgrade Shrine","player_choice":"Upgraded","floor":4.0,"gold_loss":0.0,"damage_taken":0.0,"cards_upgraded":["Bash"]},{"damage_healed":22,"gold_gain":0,"player_choice":"Healed and dodged fight","damage_taken":0,"max_hp_gain":0,"max_hp_loss":0,"event_name":"Mushrooms","floor":14,"gold_loss":0,"cards_obtained":["Parasite"]},{"cards_removed":["Parasite"],"damage_healed":0,"gold_gain":0,"player_choice":"Purged","damage_taken":0,"max_hp_gain":0,"max_hp_loss":0,"event_name":"Purifier","floor":19,"gold_loss":0},{"damage_healed":0,"gold_gain":0,"player_choice":"Obtained Book","damage_taken":16,"max_hp_gain":0,"max_hp_loss":0,"event_name":"Cursed Tome","floor":21,"gold_loss":0},{"damage_healed":0,"gold_gain":0,"player_choice":"Ignored","damage_taken":0,"max_hp_gain":0,"max_hp_loss":0,"event_name":"Beggar","floor":22,"gold_loss":0}],"is_beta":false,"boss_relics":[{"not_picked":["Fusion Hammer","Runic Pyramid"],"picked":"Black Star"}],"items_purged_floors":[],"is_endless":false,"potions_floor_spawned":[2,5,7,10,13],"killed_by":"Snecko","ascension_level":1}}