{"host":"g60qzgg9idfs5btx","time":1607566647,"event":{"gold_per_floor":[265,300,116,177,242,269,269,269,269,44,44,72,72,147,147,268,268,285,328,73,73,73,106,106,144,144,202,227,227],"floor_reached":28,"playtime":779,"items_purged":[],"score":277,"play_id":"ac0639a5-1d59-4f73-a47a-5cb82e0f18dd","local_time":"20201209201727","is_ascension_mode":true,"campfire_choices":[{"floor":7,"key":"RECALL"},{"floor":11,"key":"REST"},{"floor":13,"key":"REST"},{"floor":15,"key":"REST"},{"floor":24,"key":"REST"}],"neow_cost":"NONE","seed_source_timestamp":10925835461100,"circlet_count":0,"master_deck":["HandOfGreed+1","Strike_G","Strike_G","Strike_G","Strike_G","Strike_G+1","Defend_G","Defend_G","Defend_G","Defend_G","Defend_G","Survivor+1","Neutralize","Bouncing Flask","Terror","Mayhem","Calculated Gamble","Bane","Infinite Blades","Infinite Blades","infinitespire:Neurotoxin","infinitespire:Neurotoxin","CurseOfTheBell","Infinite Blades","Poisoned Stab","RitualDagger","Acrobatics","Dodge and Roll","Catalyst"],"special_seed":0,"relics":["Ring of the Snake","infinitespire:WardingShard","Gremlin Horn","infinitespire:Lucky Rock","Oddly Smooth Stone","Calling Bell","Boot","Mercury Hourglass","CaptainsWheel","infinitespire:CheckeredPen","Lantern","Potion Belt"],"potions_floor_usage":[2,6,6,18,23,27,28],"damage_taken":[{"damage":3,"enemies":"Small Slimes","floor":1,"turns":4},{"damage":7,"enemies":"Jaw Worm","floor":2,"turns":3},{"damage":5,"enemies":"2 Louse","floor":4,"turns":4},{"damage":0,"enemies":"Exordium Wildlife","floor":5,"turns":4},{"damage":16,"enemies":"Gremlin Nob","floor":6,"turns":3},{"damage":24,"enemies":"Lagavulin","floor":12,"turns":4},{"damage":28,"enemies":"The Guardian","floor":16,"turns":10},{"damage":0,"enemies":"Spheric Guardian","floor":18,"turns":4},{"damage":28,"enemies":"Shell Parasite","floor":19,"turns":4},{"damage":23,"enemies":"Book of Stabbing","floor":23,"turns":5},{"damage":19,"enemies":"Shelled Parasite and Fungi","floor":25,"turns":5},{"damage":6,"enemies":"Gremlin Leader","floor":27,"turns":4},{"damage":15,"enemies":"Sentry and Sphere","floor":28,"turns":5}],"seed_played":"-8980719413790722235","potions_obtained":[{"floor":1,"key":"DistilledChaos"},{"floor":4,"key":"PowerPotion"},{"floor":5,"key":"SpeedPotion"},{"floor":16,"key":"Poison Potion"},{"floor":19,"key":"EssenceOfSteel"},{"floor":25,"key":"GamblersBrew"},{"floor":27,"key":"GamblersBrew"}],"is_trial":false,"path_per_floor":["M","M","$","M","M","E","R","?","T","$","R","E","R","?","R","B",null,"M","M","$","?","?","E","R","M","T","E","M"],"character_chosen":"THE_SILENT","items_purchased":["Mayhem","infinitespire:Lucky Rock","Infinite Blades","infinitespire:CheckeredPen"],"campfire_rested":4,"item_purchase_floors":[3,10,10,20],"current_hp_per_floor":[67,60,60,55,55,39,39,25,25,25,46,22,43,32,53,25,70,70,42,42,36,36,13,34,15,15,9,0,0],"gold":227,"neow_bonus":"HUNDRED_GOLD","is_prod":false,"is_daily":false,"chose_seed":false,"campfire_upgraded":0,"win_rate":0,"timestamp":1607566647,"path_taken":["M","M","$","M","M","E","R","?","T","$","R","E","R","?","R","BOSS","M","M","$","?","?","E","R","M","T","E","M"],"build_version":"2020-11-30","purchased_purges":0,"victory":false,"max_hp_per_floor":[70,70,70,70,70,70,70,70,70,70,70,70,70,70,70,70,70,70,70,70,70,70,70,70,70,70,70,70,70],"relic_stats":{"Gremlin Horn":[4,4],"counters":[13,59],"Boot":[17],"obtain_stats":[{"Calling Bell":17,"Potion Belt":27,"CaptainsWheel":17,"Lantern":23,"infinitespire:WardingShard":6,"Gremlin Horn":9,"Oddly Smooth Stone":12,"infinitespire:Lucky Rock":10,"infinitespire:CheckeredPen":20,"Boot":17,"Ring of the Snake":0,"Mercury Hourglass":17},{"Calling Bell":7,"Potion Belt":12,"CaptainsWheel":7,"Lantern":10,"infinitespire:WardingShard":5,"Gremlin Horn":5,"Oddly Smooth Stone":6,"infinitespire:Lucky Rock":5,"infinitespire:CheckeredPen":9,"Boot":7,"Ring of the Snake":0,"Mercury Hourglass":7},{"Calling Bell":32,"Potion Belt":54,"CaptainsWheel":32,"Lantern":45,"infinitespire:WardingShard":18,"Gremlin Horn":18,"Oddly Smooth Stone":22,"infinitespire:Lucky Rock":18,"infinitespire:CheckeredPen":40,"Boot":32,"Ring of the Snake":0,"Mercury Hourglass":32}],"Ring of the Snake":[26],"Mercury Hourglass":[48]},"card_choices":[{"not_picked":["Quick Slash","hubris:SlightOfHand"],"picked":"Bouncing Flask","floor":1},{"not_picked":["Setup","Caltrops"],"picked":"Terror","floor":2},{"not_picked":["Cloak And Dagger","Flying Knee"],"picked":"Calculated Gamble","floor":4},{"not_picked":["Well Laid Plans","Dagger Throw"],"picked":"Bane","floor":5},{"not_picked":["Outmaneuver","Setup"],"picked":"Infinite Blades","floor":6},{"not_picked":["PiercingWail","Backflip"],"picked":"infinitespire:Neurotoxin","floor":12},{"not_picked":["Glass Knife","After Image"],"picked":"infinitespire:Neurotoxin","floor":16},{"not_picked":["Footwork","Expertise"],"picked":"Infinite Blades","floor":18},{"not_picked":["Quick Slash","Sucker Punch"],"picked":"Poisoned Stab","floor":19},{"not_picked":["Sucker Punch","Slice"],"picked":"Acrobatics","floor":23},{"not_picked":["Leg Sweep","All Out Attack"],"picked":"Dodge and Roll","floor":25},{"not_picked":["Poisoned Stab","Flying Knee"],"picked":"Catalyst","floor":27}],"player_experience":243645,"relics_obtained":[{"floor":6,"key":"infinitespire:WardingShard"},{"floor":9,"key":"Gremlin Horn"},{"floor":12,"key":"Oddly Smooth Stone"},{"floor":17,"key":"Boot"},{"floor":17,"key":"Mercury Hourglass"},{"floor":17,"key":"CaptainsWheel"},{"floor":23,"key":"Lantern"},{"floor":27,"key":"Potion Belt"}],"event_choices":[{"damage_healed":0,"gold_gain":0,"player_choice":"Entered Light","damage_taken":14,"max_hp_gain":0,"max_hp_loss":0,"event_name":"Shining Light","floor":8,"gold_loss":0,"cards_upgraded":["Strike_G","Survivor"]},{"damage_healed":0,"gold_gain":75,"player_choice":"Gather Gold","damage_taken":11,"max_hp_gain":0,"max_hp_loss":0,"event_name":"World of Goop","floor":14,"gold_loss":0},{"damage_healed":0,"gold_gain":0,"player_choice":"Joined the Cult","damage_taken":6,"max_hp_gain":0,"max_hp_loss":0,"event_name":"Nest","floor":21,"gold_loss":0,"cards_obtained":["RitualDagger"]},{"damage_healed":0,"gold_gain":0,"player_choice":"Ignored","damage_taken":0,"max_hp_gain":0,"max_hp_loss":0,"event_name":"Vampires","floor":22,"gold_loss":0}],"is_beta":false,"boss_relics":[{"not_picked":["Velvet Choker","hubris:Stopwatch"],"picked":"Calling Bell"}],"items_purged_floors":[],"is_endless":false,"potions_floor_spawned":[1,4,5,16,19,25,27],"killed_by":"Sentry and Sphere","ascension_level":1}}