{"host":"78hrz0ylpj9lzvi8","time":1607621538,"event":{"mods":["BaseMod","Bestiary","Minty Spire (QoL Compilation)","StSLib","Quick Restart","Random Character Button","Relic Stats"],"gold_per_floor":[361,286,122,140,140,173,173,198,198,223,223,239,239,250,250,322,322,332,16,16,29,29,29,58,3,3,34,50,78,78,105,105,176,176,190,207,222,122,140,182,162,191,271,286,286,286],"floor_reached":45,"playtime":3461,"items_purged":["Strike_P","Strike_P"],"score":1188,"play_id":"5339311c-25a3-45cf-96d1-c53c31dd86e6","local_time":"20201210143218","is_ascension_mode":true,"campfire_choices":[{"data":"SashWhip","floor":7,"key":"SMITH"},{"data":"CutThroughFate","floor":13,"key":"SMITH"},{"data":"Protect","floor":15,"key":"SMITH"},{"data":"Perseverance","floor":23,"key":"SMITH"},{"floor":30,"key":"REST"},{"data":"Wallop","floor":32,"key":"SMITH"}],"circlet_count":0,"master_deck":["AscendersBane","Defend_P+1","Defend_P+1","Defend_P","Eruption+1","Vigilance+1","FollowUp","LessonLearned+1","SandsOfTime+1","SashWhip+1","Perseverance+1","LikeWater+1","BowlingBash+1","Protect+1","CutThroughFate+1","Protect+1","Conclude+1","Adaptation+1","TalkToTheHand+1","Wallop+1","Establishment+1","Tantrum","WaveOfTheHand"],"special_seed":0,"relics":["HolyWater","Orrery","Pantograph","Oddly Smooth Stone","HornCleat","TungstenRod","Nunchaku","Mummified Hand","Strawberry","Damaru","Blue Candle","Singing Bowl","Velvet Choker","CeramicFish","Question Card"],"acts_visited":["Exordium","TheCity","TheBeyond"],"potions_floor_usage":[8,10,24,24,27,29,33,42],"damage_taken":[{"damage":12,"enemies":"2 Louse","floor":1,"turns":3},{"damage":0,"enemies":"Small Slimes","floor":4,"turns":2},{"damage":7,"enemies":"Lagavulin","floor":6,"turns":5},{"damage":16,"enemies":"3 Sentries","floor":8,"turns":4},{"damage":0,"enemies":"Gremlin Nob","floor":10,"turns":3},{"damage":0,"enemies":"Jaw Worm","floor":12,"turns":4},{"damage":0,"enemies":"Large Slime","floor":14,"turns":3},{"damage":34,"enemies":"Hexaghost","floor":16,"turns":9},{"damage":8,"enemies":"Shell Parasite","floor":18,"turns":7},{"damage":5,"enemies":"Chosen","floor":21,"turns":12},{"damage":11,"enemies":"Slavers","floor":24,"turns":6},{"damage":12,"enemies":"Book of Stabbing","floor":27,"turns":8},{"damage":3,"enemies":"3 Cultists","floor":28,"turns":4},{"damage":9,"enemies":"Gremlin Leader","floor":29,"turns":5},{"damage":11,"enemies":"Slavers","floor":31,"turns":7},{"damage":17,"enemies":"Champ","floor":33,"turns":16},{"damage":3,"enemies":"Orb Walker","floor":35,"turns":4},{"damage":0,"enemies":"3 Shapes","floor":36,"turns":5},{"damage":0,"enemies":"Maw","floor":37,"turns":8},{"damage":0,"enemies":"Spire Growth","floor":39,"turns":10},{"damage":5,"enemies":"Reptomancer","floor":40,"turns":9},{"damage":98,"enemies":"Giant Head","floor":42,"turns":8},{"damage":17,"enemies":"3 Darklings","floor":44,"turns":6},{"damage":15,"enemies":"Nemesis","floor":45,"turns":11}],"seed_played":"7028314427576640173","potions_obtained":[{"floor":6,"key":"Explosive Potion"},{"floor":8,"key":"AttackPotion"},{"floor":10,"key":"Block Potion"},{"floor":14,"key":"DuplicationPotion"},{"floor":18,"key":"LiquidMemories"},{"floor":24,"key":"PowerPotion"},{"floor":27,"key":"LiquidBronze"},{"floor":31,"key":"FairyPotion"},{"floor":37,"key":"LiquidMemories"}],"is_trial":false,"path_per_floor":["M","?","$","M","?","E","R","E","T","E","?","M","R","M","R","B",null,"M","$","?","M","?","R","E","$","T","E","M","E","R","E","R","B",null,"M","M","M","$","M","E","?","E","T","M","E"],"character_chosen":"WATCHER","items_purchased":["Orrery","Nunchaku","Adaptation","AttackPotion"],"campfire_rested":1,"item_purchase_floors":[3,19,19,25],"current_hp_per_floor":[31,31,31,31,53,46,46,30,30,30,24,24,24,24,24,15,55,47,47,47,42,42,42,31,31,38,26,23,14,36,25,25,33,65,64,66,68,68,68,63,63,26,26,11,0,0],"gold":286,"neow_bonus":"TWO_FIFTY_GOLD","is_daily":false,"chose_seed":false,"campfire_upgraded":5,"win_rate":0,"timestamp":1607621538,"path_taken":["M","?","$","M","?","E","R","E","T","E","?","M","R","M","R","BOSS","M","$","?","M","?","R","E","?","T","E","M","E","R","E","R","BOSS","M","M","M","$","M","E","?","E","T","M","E"],"build_version":"2020-11-30","purchased_purges":2,"victory":false,"max_hp_per_floor":[68,68,68,68,68,68,68,68,68,68,68,68,68,68,68,68,68,68,68,68,68,68,68,68,68,75,75,75,75,75,75,75,75,75,77,79,81,81,81,81,81,83,83,85,85,85],"relic_stats":{"Nunchaku":[23],"Singing Bowl":10,"counters":[24,159],"Mummified Hand":[54],"Pantograph":50,"Blue Candle":[0],"CeramicFish":9,"Question Card":1,"obtain_stats":[{"Singing Bowl":31,"Blue Candle":29,"CeramicFish":40,"Oddly Smooth Stone":8,"Damaru":27,"Velvet Choker":34,"Question Card":42,"Nunchaku":19,"HornCleat":9,"Mummified Hand":24,"Pantograph":6,"Strawberry":26,"Orrery":3,"HolyWater":17,"PureWater":0,"TungstenRod":10},{"Singing Bowl":15,"Blue Candle":14,"CeramicFish":21,"Oddly Smooth Stone":4,"Damaru":12,"Velvet Choker":16,"Question Card":22,"Nunchaku":9,"HornCleat":4,"Mummified Hand":11,"Pantograph":3,"Strawberry":11,"Orrery":1,"HolyWater":8,"PureWater":0,"TungstenRod":5},{"Singing Bowl":82,"Blue Candle":75,"CeramicFish":134,"Oddly Smooth Stone":14,"Damaru":66,"Velvet Choker":98,"Question Card":142,"Nunchaku":40,"HornCleat":14,"Mummified Hand":58,"Pantograph":10,"Strawberry":58,"Orrery":3,"HolyWater":33,"PureWater":0,"TungstenRod":17}],"TungstenRod":36},"card_choices":[{"not_picked":["ClearTheMind","Evaluate"],"picked":"FollowUp","floor":1},{"not_picked":["Crescendo","Sanctity"],"picked":"LessonLearned","floor":3},{"not_picked":["Swivel","Sanctity"],"picked":"SandsOfTime","floor":3},{"not_picked":["SignatureMove","EmptyFist"],"picked":"SashWhip","floor":3},{"not_picked":["Halt","Prostrate"],"picked":"Perseverance","floor":3},{"not_picked":["CrushJoints","Wish"],"picked":"LikeWater","floor":3},{"not_picked":["Study","ThirdEye"],"picked":"BowlingBash","floor":4},{"not_picked":["ThirdEye","Scrawl"],"picked":"Protect","floor":6},{"not_picked":["FlurryOfBlows","EmptyBody"],"picked":"CutThroughFate","floor":8},{"not_picked":["Crescendo","EmptyBody"],"picked":"Protect","floor":10},{"not_picked":["PathToVictory","CrushJoints","ForeignInfluence"],"picked":"SKIP","floor":12},{"not_picked":["CrushJoints","BowlingBash"],"picked":"Conclude","floor":14},{"not_picked":["ThirdEye","Crescendo","Study"],"picked":"SKIP","floor":18},{"not_picked":["BowlingBash","Evaluate","Protect"],"picked":"SKIP","floor":21},{"not_picked":["Pray","CarveReality","CrushJoints"],"picked":"SKIP","floor":24},{"not_picked":["DeceiveReality","EmptyBody","Wireheading"],"picked":"SKIP","floor":27},{"not_picked":["Protect","Sanctity+1","FlurryOfBlows"],"picked":"SKIP","floor":28},{"not_picked":["DeceiveReality+1","FollowUp+1"],"picked":"TalkToTheHand","floor":29},{"not_picked":["Protect","PathToVictory+1"],"picked":"Wallop","floor":31},{"not_picked":["Ragnarok","Vault"],"picked":"Establishment","floor":33},{"not_picked":["ClearTheMind","EmptyBody","EmptyFist"],"picked":"Singing Bowl","floor":35},{"not_picked":["Vengeance","Worship","FlyingSleeves"],"picked":"Singing Bowl","floor":36},{"not_picked":["FlyingSleeves","Evaluate","PathToVictory"],"picked":"Singing Bowl","floor":37},{"not_picked":["FlyingSleeves+1","CrushJoints"],"picked":"Tantrum","floor":39},{"not_picked":["ClearTheMind+1","Sanctity"],"picked":"WaveOfTheHand","floor":40},{"not_picked":["Prostrate","Nirvana","FlyingSleeves+1"],"picked":"Singing Bowl","floor":42},{"not_picked":["BattleHymn+1","DeceiveReality","PathToVictory","Devotion"],"picked":"Singing Bowl","floor":44}],"player_experience":904838,"relics_obtained":[{"floor":6,"key":"Pantograph"},{"floor":8,"key":"Oddly Smooth Stone"},{"floor":9,"key":"HornCleat"},{"floor":10,"key":"TungstenRod"},{"floor":24,"key":"Mummified Hand"},{"floor":26,"key":"Strawberry"},{"floor":27,"key":"Damaru"},{"floor":29,"key":"Blue Candle"},{"floor":31,"key":"Singing Bowl"},{"floor":40,"key":"CeramicFish"},{"floor":42,"key":"Question Card"}],"event_choices":[{"cards_removed":["Strike_P"],"damage_healed":0,"gold_gain":0,"player_choice":"Card Removal","damage_taken":0,"max_hp_gain":0,"max_hp_loss":0,"event_name":"The Cleric","floor":2,"gold_loss":75},{"damage_healed":22,"gold_gain":0,"player_choice":"Banana","damage_taken":0,"max_hp_gain":0,"max_hp_loss":0,"event_name":"Big Fish","floor":5,"gold_loss":0},{"cards_removed":["Defend_P"],"damage_healed":0,"gold_gain":0,"player_choice":"Card Removal","damage_taken":7,"max_hp_gain":0,"max_hp_loss":0,"event_name":"Golden Wing","floor":11,"gold_loss":0},{"damage_healed":0,"gold_gain":0,"player_choice":"Ignored","damage_taken":0,"max_hp_gain":0,"max_hp_loss":0,"event_name":"Vampires","floor":20,"gold_loss":0},{"cards_removed":["Strike_P"],"damage_healed":0,"gold_gain":0,"player_choice":"Elegance","damage_taken":0,"max_hp_gain":0,"max_hp_loss":0,"event_name":"Back to Basics","floor":22,"gold_loss":0},{"damage_healed":0,"gold_gain":0,"player_choice":"Bought 1 Potion","damage_taken":0,"max_hp_gain":0,"max_hp_loss":0,"event_name":"The Woman in Blue","floor":41,"gold_loss":0}],"is_beta":false,"boss_relics":[{"not_picked":["Tiny House","VioletLotus"],"picked":"HolyWater"},{"not_picked":["SacredBark","Runic Dome"],"picked":"Velvet Choker"}],"items_purged_floors":[19,38],"is_endless":false,"potions_floor_spawned":[6,8,10,14,18,24,27,31,37,40],"killed_by":"Nemesis","ascension_level":20}}