{"host":"lstuuc6roym1046h","time":1607616534,"event":{"gold_per_floor":[369,26,40,5,15,47,47,78,159,193,248,248,264,275,275,352,352,368,42,77,6,6,6,64,64,364,403,473,509,567,567,567,640,640,655,705,705,328,328,359,359,420,489,74,105,169,203,223,223,223,248,248,248,35,91,91,91],"floor_reached":56,"playtime":6592,"items_purged":["Writhe","Strike_B","Strike_B"],"score":2336,"play_id":"600baebf-0de9-4688-992a-401be1c1426a","local_time":"20201210160854","is_ascension_mode":true,"campfire_choices":[{"floor":7.0,"key":"REST"},{"data":"Sunder","floor":12.0,"key":"SMITH"},{"data":"Sweeping Beam","floor":15.0,"key":"SMITH"},{"data":"HandOfGreed","floor":23.0,"key":"SMITH"},{"data":"Zap","floor":25.0,"key":"SMITH"},{"data":"Melter","floor":32.0,"key":"SMITH"},{"data":"Echo Form","floor":41.0,"key":"SMITH"},{"floor":49.0,"key":"RECALL"},{"data":"Static Discharge","floor":53.0,"key":"SMITH"}],"neow_cost":"CURSE","seed_source_timestamp":9312683439100,"circlet_count":0,"master_deck":["AscendersBane","Defend_B","Defend_B","Defend_B","Defend_B","Zap+1","Dualcast","Leap","Cold Snap","Ball Lightning","Sunder+1","Melter+1","Sweeping Beam+1","Echo Form+1","Defragment+1","Defragment+1","HandOfGreed+1","Hologram+1","Capacitor","Fission+1","Conserve Battery+1","Core Surge","Coolheaded+1","Turbo+1","Self Repair","Skim+1","Hologram+1","Apotheosis+1","Chill+1","Static Discharge+1","Coolheaded+1","Rainbow+1","Darkness+1","Compile Driver"],"special_seed":0,"relics":["Cracked Core","Membership Card","Pantograph","FossilizedHelix","MealTicket","StrikeDummy","Pocketwatch","Letter Opener","Coffee Dripper","Toxic Egg 2","DollysMirror","Toy Ornithopter","Old Coin","CaptainsWheel","Inserter","Shovel","Mango","Sling","Unceasing Top","Bird Faced Urn","OrangePellets","Lantern","Art of War","Shuriken","Mercury Hourglass"],"potions_floor_usage":[56,56],"damage_taken":[{"damage":0.0,"enemies":"2 Louse","floor":1.0,"turns":1.0},{"damage":0.0,"enemies":"Small Slimes","floor":3.0,"turns":3.0},{"damage":7.0,"enemies":"Jaw Worm","floor":5.0,"turns":5.0},{"damage":20.0,"enemies":"Lagavulin","floor":6.0,"turns":7.0},{"damage":0.0,"enemies":"Gremlin Nob","floor":8.0,"turns":4.0},{"damage":1.0,"enemies":"3 Sentries","floor":10.0,"turns":7.0},{"damage":15.0,"enemies":"Gremlin Nob","floor":11.0,"turns":4.0},{"damage":3.0,"enemies":"Lots of Slimes","floor":13.0,"turns":3.0},{"damage":0.0,"enemies":"Large Slime","floor":14.0,"turns":3.0},{"damage":0.0,"enemies":"Slime Boss","floor":16.0,"turns":7.0},{"damage":0.0,"enemies":"2 Thieves","floor":18.0,"turns":2.0},{"damage":12.0,"enemies":"3 Byrds","floor":20.0,"turns":5.0},{"damage":17.0,"enemies":"Book of Stabbing","floor":24.0,"turns":5.0},{"damage":16.0,"enemies":"Snake Plant","floor":27.0,"turns":3.0},{"damage":0.0,"enemies":"Cultist and Chosen","floor":28.0,"turns":5.0},{"damage":11.0,"enemies":"Shelled Parasite and Fungi","floor":29.0,"turns":6.0},{"damage":6.0,"enemies":"Gremlin Leader","floor":30.0,"turns":4.0},{"damage":34.0,"enemies":"Collector","floor":33.0,"turns":10.0},{"damage":18.0,"enemies":"3 Darklings","floor":35.0,"turns":5.0},{"damage":0.0,"enemies":"Mind Bloom Boss Battle","floor":36.0,"turns":5.0},{"damage":25.0,"enemies":"Nemesis","floor":40.0,"turns":9.0},{"damage":0.0,"enemies":"3 Shapes","floor":42.0,"turns":4.0},{"damage":23.0,"enemies":"Giant Head","floor":45.0,"turns":10.0},{"damage":0.0,"enemies":"Jaw Worm Horde","floor":46.0,"turns":5.0},{"damage":0.0,"enemies":"Nemesis","floor":47.0,"turns":9.0},{"damage":0.0,"enemies":"Maw","floor":48.0,"turns":8.0},{"damage":0.0,"enemies":"Time Eater","floor":50.0,"turns":14.0},{"damage":42.0,"enemies":"Awakened One","floor":51.0,"turns":17.0},{"damage":43,"enemies":"Shield and Spear","floor":55,"turns":10},{"damage":115,"enemies":"The Heart","floor":56,"turns":8}],"seed_played":"-7812607861658106249","potions_obtained":[{"floor":5.0,"key":"Fruit Juice"},{"floor":6.0,"key":"ColorlessPotion"},{"floor":14.0,"key":"Explosive Potion"},{"floor":18.0,"key":"Weak Potion"},{"floor":20.0,"key":"SkillPotion"},{"floor":33.0,"key":"Weak Potion"},{"floor":35.0,"key":"Energy Potion"},{"floor":36.0,"key":"Dexterity Potion"},{"floor":42.0,"key":"LiquidMemories"},{"floor":48.0,"key":"FocusPotion"}],"is_trial":false,"path_per_floor":["M","$","M","?","M","E","R","E","T","E","?","R","M","M","R","B",null,"M","$","M","$","?","R","E","R","T","M","M","M","E","?","R","B",null,"M","?","?","$","?","E","R","M","T","$","E","M","E","M","R","B","B",null,"R","$","E","B"],"character_chosen":"DEFECT","items_purchased":["Membership Card","Pantograph","Toxic Egg 2","DollysMirror","HandOfGreed","Capacitor","Mango","Sling","Turbo+1","Self Repair","Apotheosis+1","Chill+1","Static Discharge","Bird Faced Urn","OrangePellets","Shuriken","Darkness+1","Compile Driver"],"campfire_rested":1,"item_purchase_floors":[2,2,19,19,19,21,38,38,38,38,44,44,44,44,44,54,54,54],"current_hp_per_floor":[64,64,64,71,64,44,65,65,65,64,49,49,46,46,46,71,71,71,71,59,71,71,71,54,54,54,38,38,27,21,21,21,12,56,43,76,76,90,90,84,84,90,90,90,90,90,90,90,90,90,80,88,88,90,75,0,0],"gold":91,"neow_bonus":"TWO_FIFTY_GOLD","is_prod":false,"is_daily":false,"chose_seed":false,"campfire_upgraded":7,"win_rate":0,"timestamp":1607616534,"path_taken":["M","$","M","?","M","E","R","E","T","E","?","R","M","M","R","BOSS","M","$","M","$","?","R","E","R","T","M","?","M","E","?","R","BOSS","M","?","?","$","?","E","R","M","T","$","E","M","E","M","R","BOSS","BOSS","R","$","E","BOSS"],"build_version":"2020-11-30","purchased_purges":3,"victory":false,"max_hp_per_floor":[71,71,71,71,71,71,71,71,71,71,71,71,71,71,71,71,71,71,71,71,71,71,71,71,71,71,71,71,71,71,71,71,71,71,71,76,76,90,90,90,90,90,90,90,90,90,90,90,90,90,90,90,90,90,90,90,90],"relic_stats":{"Inserter":[45],"counters":[30,188],"Letter Opener":[376],"Mercury Hourglass":[24],"OrangePellets":[4],"Shovel":0,"Shuriken":[3],"Pantograph":90,"Bird Faced Urn":[35],"MealTicket":14,"Art of War":[21],"obtain_stats":[{"Lantern":45,"Mango":38,"Sling":38,"Old Coin":26,"Shovel":36,"DollysMirror":19,"Pantograph":2,"MealTicket":8,"Toxic Egg 2":19,"Cracked Core":0,"Inserter":34,"Letter Opener":11,"Mercury Hourglass":55,"OrangePellets":44,"CaptainsWheel":30,"Shuriken":54,"Bird Faced Urn":44,"Coffee Dripper":17,"Art of War":47,"Membership Card":2,"StrikeDummy":9,"FossilizedHelix":6,"Toy Ornithopter":24,"Unceasing Top":40,"Pocketwatch":10},{"Lantern":23,"Mango":20,"Sling":20,"Old Coin":13,"Shovel":20,"DollysMirror":11,"Pantograph":1,"MealTicket":5,"Toxic Egg 2":11,"Cracked Core":0,"Inserter":18,"Letter Opener":6,"Mercury Hourglass":29,"OrangePellets":22,"CaptainsWheel":17,"Shuriken":28,"Bird Faced Urn":22,"Coffee Dripper":10,"Art of War":25,"Membership Card":1,"StrikeDummy":5,"FossilizedHelix":4,"Toy Ornithopter":13,"Unceasing Top":21,"Pocketwatch":6},{"Lantern":117,"Mango":94,"Sling":94,"Old Coin":56,"Shovel":94,"DollysMirror":46,"Pantograph":1,"MealTicket":20,"Toxic Egg 2":46,"Cracked Core":0,"Inserter":84,"Letter Opener":27,"Mercury Hourglass":180,"OrangePellets":107,"CaptainsWheel":74,"Shuriken":170,"Bird Faced Urn":107,"Coffee Dripper":44,"Art of War":131,"Membership Card":1,"StrikeDummy":20,"FossilizedHelix":16,"Toy Ornithopter":56,"Unceasing Top":103,"Pocketwatch":27}],"Toy Ornithopter":23,"Unceasing Top":[12],"Pocketwatch":[156]},"card_choices":[{"not_picked":["Turbo","Redo"],"picked":"Leap","floor":1.0},{"not_picked":["Leap","Chill"],"picked":"Cold Snap","floor":3.0},{"not_picked":["Reinforced Body","Stack"],"picked":"Ball Lightning","floor":5.0},{"not_picked":["Tempest","Seek"],"picked":"Sunder","floor":6.0},{"not_picked":["Turbo","Consume"],"picked":"Melter","floor":8.0},{"not_picked":["Go for the Eyes","Recycle","Steam"],"picked":"SKIP","floor":10.0},{"not_picked":["Chill","Ball Lightning"],"picked":"Sweeping Beam","floor":13.0},{"not_picked":["Scrape","Leap","Streamline"],"picked":"SKIP","floor":14.0},{"not_picked":["Rainbow","Creative AI"],"picked":"Echo Form","floor":16.0},{"not_picked":["Leap","Ball Lightning"],"picked":"Defragment+1","floor":18.0},{"not_picked":["Rebound","Redo+1"],"picked":"Hologram+1","floor":20.0},{"not_picked":["Capacitor","Consume+1","Go for the Eyes"],"picked":"SKIP","floor":24.0},{"not_picked":["Ball Lightning","Beam Cell","Steam+1"],"picked":"SKIP","floor":27.0},{"not_picked":["Conserve Battery+1","Streamline"],"picked":"Fission+1","floor":28.0},{"not_picked":["Rip and Tear","Compile Driver","Sweeping Beam"],"picked":"SKIP","floor":29.0},{"not_picked":["Compile Driver+1","Stack+1"],"picked":"Conserve Battery+1","floor":30.0},{"not_picked":["Amplify+1","Meteor Strike"],"picked":"Core Surge","floor":33.0},{"not_picked":["Gash+1","Heatsinks","Compile Driver"],"picked":"SKIP","floor":35.0},{"not_picked":["Beam Cell","Reprogram+1"],"picked":"Coolheaded+1","floor":36.0},{"not_picked":["Sunder+1","Rebound"],"picked":"Skim+1","floor":40.0},{"not_picked":["Tempest+1","Compile Driver+1"],"picked":"Hologram+1","floor":42.0},{"not_picked":["Melter+1","Redo+1","Leap+1"],"picked":"SKIP","floor":45.0},{"not_picked":["Stack+1","Cold Snap","Steam+1"],"picked":"SKIP","floor":46.0},{"not_picked":["Gash","Storm+1"],"picked":"Coolheaded+1","floor":47.0},{"not_picked":["Hologram+1","Coolheaded+1"],"picked":"Rainbow+1","floor":48.0},{"not_picked":["Gash","Cold Snap+1","Redo+1"],"picked":"SKIP","floor":55}],"player_experience":805763,"relics_obtained":[{"floor":6.0,"key":"FossilizedHelix"},{"floor":8.0,"key":"MealTicket"},{"floor":9.0,"key":"StrikeDummy"},{"floor":10.0,"key":"Pocketwatch"},{"floor":24.0,"key":"Toy Ornithopter"},{"floor":26.0,"key":"Old Coin"},{"floor":30.0,"key":"CaptainsWheel"},{"floor":36.0,"key":"Shovel"},{"floor":40.0,"key":"Unceasing Top"},{"floor":45.0,"key":"Lantern"},{"floor":47.0,"key":"Art of War"},{"floor":55,"key":"Mercury Hourglass"}],"event_choices":[{"damage_healed":17.0,"max_hp_gain":0.0,"max_hp_loss":0.0,"gold_gain":0.0,"event_name":"The Cleric","player_choice":"Healed","floor":4.0,"gold_loss":35.0,"damage_taken":0.0},{"damage_healed":0.0,"max_hp_gain":0.0,"max_hp_loss":0.0,"gold_gain":0.0,"event_name":"Dead Adventurer","player_choice":"Searched \u00273\u0027 times","floor":11.0,"gold_loss":0.0,"damage_taken":0.0,"relics_obtained":["Letter Opener"]},{"cards_removed":["Strike_B"],"damage_healed":0.0,"max_hp_gain":0.0,"max_hp_loss":0.0,"gold_gain":0.0,"event_name":"Bonfire Elementals","player_choice":"Offered Basic","floor":22.0,"gold_loss":0.0,"damage_taken":0.0},{"damage_healed":0.0,"max_hp_gain":0.0,"max_hp_loss":0.0,"gold_gain":0.0,"event_name":"The Mausoleum","player_choice":"Ignored","floor":31.0,"gold_loss":0.0,"damage_taken":0.0},{"damage_healed":0.0,"max_hp_gain":0.0,"max_hp_loss":0.0,"gold_gain":0.0,"event_name":"MindBloom","player_choice":"Fight","floor":36.0,"gold_loss":0.0,"damage_taken":0.0},{"cards_removed":["Strike_B"],"damage_healed":0.0,"max_hp_gain":0.0,"max_hp_loss":0.0,"gold_gain":0.0,"event_name":"Falling","player_choice":"Removed Attack","floor":37.0,"gold_loss":0.0,"damage_taken":0.0},{"damage_healed":0.0,"max_hp_gain":0.0,"max_hp_loss":0.0,"gold_gain":0.0,"event_name":"Tomb of Lord Red Mask","player_choice":"Ignored","floor":39.0,"gold_loss":0.0,"damage_taken":0.0}],"is_beta":false,"boss_relics":[{"not_picked":["Runic Pyramid","Fusion Hammer"],"picked":"Coffee Dripper"},{"not_picked":["Calling Bell","SacredBark"],"picked":"Inserter"}],"items_purged_floors":[2,21,38],"is_endless":false,"potions_floor_spawned":[5,6,14,16,18,20,33,35,36,42,48,55],"killed_by":"The Heart","ascension_level":20}}