{"host":"i4eavuqabbk5mi94","time":1607626087,"event":{"mods":["BaseMod","Googly Eyes","Minty Spire (QoL Compilation)"],"gold_per_floor":[119,138,149,149,164,207,207,240,240,274,274,305,305,82,82,213,213,236,151,151,167,167,211,211,247,247,247,260,278,278,278],"floor_reached":30,"playtime":2131,"items_purged":["Injury"],"score":342,"play_id":"c0223ce9-ae6d-41a5-a693-d45ea74b2d7f","local_time":"20201210184807","is_ascension_mode":true,"campfire_choices":[{"data":"Noxious Fumes","floor":7,"key":"SMITH"},{"floor":11,"key":"REST"},{"floor":15,"key":"REST"},{"floor":24,"key":"REST"},{"floor":27,"key":"REST"}],"circlet_count":0,"master_deck":["Strike_G","Strike_G","Strike_G","Strike_G","Strike_G","Defend_G","Defend_G","Defend_G","Defend_G","Defend_G","Survivor","Neutralize","Flying Knee","Crippling Poison","Noxious Fumes+1","Dagger Spray","Masterful Stab","Bullet Time","Caltrops","Dagger Throw","Storm of Steel","Burst","Deadly Poison","PiercingWail","Accuracy+1","Heel Hook+1","Cloak And Dagger","Riddle With Holes+1"],"relics":["Ring of the Serpent","Golden Idol","Strawberry","Bag of Preparation","Shuriken","Ice Cream","Odd Mushroom","Gremlin Horn","Mercury Hourglass","Letter Opener","Bottled Tornado","The Courier"],"acts_visited":["Exordium","TheCity"],"potions_floor_usage":[6,6,6,8,10,10,16,16,23,25,28,29],"damage_taken":[{"damage":0,"enemies":"Cultist","floor":1,"turns":4},{"damage":0,"enemies":"2 Louse","floor":2,"turns":3},{"damage":8,"enemies":"Jaw Worm","floor":3,"turns":6},{"damage":6,"enemies":"Blue Slaver","floor":5,"turns":5},{"damage":10,"enemies":"Lagavulin","floor":6,"turns":6},{"damage":20,"enemies":"3 Sentries","floor":8,"turns":7},{"damage":0,"enemies":"Gremlin Nob","floor":10,"turns":3},{"damage":18,"enemies":"The Mushroom Lair","floor":12,"turns":4},{"damage":28,"enemies":"The Guardian","floor":16,"turns":10},{"damage":30,"enemies":"Spheric Guardian","floor":18,"turns":7},{"damage":0,"enemies":"Chosen","floor":21,"turns":4},{"damage":23,"enemies":"Gremlin Leader","floor":23,"turns":4},{"damage":15,"enemies":"Slavers","floor":25,"turns":2},{"damage":34,"enemies":"Centurion and Healer","floor":28,"turns":5},{"damage":20,"enemies":"Snecko","floor":29,"turns":4},{"damage":8,"enemies":"Snake Plant","floor":30,"turns":1}],"seed_played":"-2678352665596161017","potions_obtained":[{"floor":0,"key":"EntropicBrew"},{"floor":0,"key":"SmokeBomb"},{"floor":0,"key":"AttackPotion"},{"floor":6,"key":"PowerPotion"},{"floor":8,"key":"SteroidPotion"},{"floor":10,"key":"Swift Potion"},{"floor":16,"key":"SteroidPotion"},{"floor":21,"key":"Swift Potion"},{"floor":23,"key":"DistilledChaos"},{"floor":28,"key":"Weak Potion"}],"is_trial":false,"path_per_floor":["M","M","M","?","M","E","R","E","T","E","R","?","T","$","R","B",null,"M","?","?","M","?","E","R","E","T","R","M","M","M"],"character_chosen":"THE_SILENT","items_purchased":["Storm of Steel"],"campfire_rested":4,"item_purchase_floors":[14],"current_hp_per_floor":[70,70,62,62,56,53,53,33,33,33,56,38,38,38,61,33,77,47,47,47,47,47,24,47,32,32,55,21,1,0,0],"gold":278,"neow_bonus":"THREE_SMALL_POTIONS","is_daily":false,"chose_seed":false,"campfire_upgraded":1,"win_rate":0,"timestamp":1607626087,"path_taken":["M","M","?","?","M","E","R","E","T","E","R","?","?","$","R","BOSS","M","?","?","M","?","E","R","E","T","R","?","M","M"],"build_version":"2020-11-30","purchased_purges":1,"victory":false,"max_hp_per_floor":[70,70,70,70,70,77,77,77,77,77,77,77,77,77,77,77,77,77,77,77,77,77,77,77,77,77,77,77,77,77,77],"card_choices":[{"not_picked":["Deadly Poison","Flechettes"],"picked":"Flying Knee","floor":1},{"not_picked":["PiercingWail","Quick Slash"],"picked":"Crippling Poison","floor":2},{"not_picked":["Deflect","Poisoned Stab"],"picked":"Noxious Fumes","floor":3},{"not_picked":["Underhanded Strike","Slice"],"picked":"Dagger Spray","floor":5},{"not_picked":["Dagger Spray","Sucker Punch"],"picked":"Masterful Stab","floor":6},{"not_picked":["Dash","Acrobatics"],"picked":"Bullet Time","floor":8},{"not_picked":["Infinite Blades","Finisher"],"picked":"Caltrops","floor":10},{"not_picked":["Quick Slash","Caltrops"],"picked":"Dagger Throw","floor":12},{"not_picked":["A Thousand Cuts","Envenom"],"picked":"Burst","floor":16},{"not_picked":["Eviscerate","Well Laid Plans+1"],"picked":"Deadly Poison","floor":18},{"not_picked":["Expertise","Cloak And Dagger"],"picked":"Accuracy+1","floor":21},{"not_picked":["Sucker Punch","Acrobatics"],"picked":"Heel Hook+1","floor":23},{"not_picked":["Skewer","Blade Dance"],"picked":"Cloak And Dagger","floor":25},{"not_picked":["Tactician","Quick Slash"],"picked":"Riddle With Holes+1","floor":28},{"not_picked":["Slice","Infinite Blades+1","Riddle With Holes"],"picked":"SKIP","floor":29}],"player_experience":288579,"relics_obtained":[{"floor":6,"key":"Strawberry"},{"floor":8,"key":"Bag of Preparation"},{"floor":9,"key":"Shuriken"},{"floor":10,"key":"Ice Cream"},{"floor":12,"key":"Odd Mushroom"},{"floor":13,"key":"Gremlin Horn"},{"floor":23,"key":"Letter Opener"},{"floor":25,"key":"Bottled Tornado"},{"floor":26,"key":"The Courier"}],"event_choices":[{"damage_healed":0,"gold_gain":0,"player_choice":"Take Wound","damage_taken":0,"relics_obtained":["Golden Idol"],"max_hp_gain":0,"max_hp_loss":0,"event_name":"Golden Idol","floor":4,"gold_loss":0,"cards_obtained":["Injury"]},{"damage_healed":0,"gold_gain":0,"player_choice":"Fought Mushrooms","damage_taken":0,"max_hp_gain":0,"max_hp_loss":0,"event_name":"Mushrooms","floor":12,"gold_loss":0},{"damage_healed":0,"gold_gain":0,"player_choice":"Obtained Relic","damage_taken":0,"relics_obtained":["Mercury Hourglass"],"max_hp_gain":0,"max_hp_loss":0,"event_name":"Addict","floor":19,"gold_loss":85},{"damage_healed":0,"gold_gain":0,"player_choice":"Read","damage_taken":0,"max_hp_gain":0,"max_hp_loss":0,"event_name":"The Library","floor":20,"gold_loss":0,"cards_obtained":["PiercingWail"]},{"damage_healed":0,"gold_gain":0,"player_choice":"Ignored","damage_taken":0,"max_hp_gain":0,"max_hp_loss":0,"event_name":"Vampires","floor":22,"gold_loss":0}],"is_beta":false,"boss_relics":[{"not_picked":["Coffee Dripper","Ectoplasm"],"picked":"Ring of the Serpent"}],"items_purged_floors":[14],"is_endless":false,"potions_floor_spawned":[1,6,8,10,16,21,23,28],"killed_by":"Snake Plant","ascension_level":2}}