{"host":"8lmh833d5smh9tgq","time":1607602422,"event":{"gold_per_floor":[113,130,145,165,90,122,122,122,122,148,166,166,183,208,208,311,361,376,376,194,212,231,265,265,294,294,294,308,324,343,373,373,471,471,483,500,511,511,528,563,563,591,591,609,379,393,149,165,165,165],"floor_reached":51,"playtime":3251,"items_purged":["Strike_B","Strike_B","Defend_B","Defend_B"],"score":966,"play_id":"a66908fc-ff11-4be3-b7b3-13f709446c00","local_time":"20201210224342","is_ascension_mode":true,"campfire_choices":[{"data":"Zap","floor":7.0,"key":"SMITH"},{"data":"Coolheaded","floor":12.0,"key":"SMITH"},{"data":"Coolheaded","floor":15.0,"key":"SMITH"},{"data":"Defend_B","floor":24.0,"key":"PURGE"},{"data":"Coolheaded","floor":27.0,"key":"SMITH"},{"floor":32.0,"key":"REST"},{"data":"Dualcast","floor":49,"key":"PURGE"}],"neow_cost":"NONE","seed_source_timestamp":29347778555700,"circlet_count":0,"master_deck":["Defend_B+1","Zap+1","Coolheaded+1","Coolheaded+1","Blizzard","Cold Snap","Coolheaded+1","Conserve Battery","Cold Snap","Conserve Battery","Sweeping Beam","Blizzard","Machine Learning","Rainbow","Defragment+1","Blizzard+1","Panache"],"special_seed":0,"relics":["Cursed Key","Bag of Marbles","Kunai","Tiny House","Peace Pipe","Mummified Hand","Molten Egg 2","Sozu","Orichalcum","The Courier","TheAbacus"],"potions_floor_usage":[50],"damage_taken":[{"damage":7.0,"enemies":"Jaw Worm","floor":1.0,"turns":3.0},{"damage":2.0,"enemies":"Cultist","floor":2.0,"turns":5.0},{"damage":1.0,"enemies":"2 Louse","floor":3.0,"turns":4.0},{"damage":7.0,"enemies":"Gremlin Gang","floor":4.0,"turns":6.0},{"damage":11.0,"enemies":"Lagavulin","floor":6.0,"turns":8.0},{"damage":15.0,"enemies":"Gremlin Nob","floor":10.0,"turns":5.0},{"damage":0.0,"enemies":"2 Fungi Beasts","floor":11.0,"turns":3.0},{"damage":3.0,"enemies":"Exordium Thugs","floor":13.0,"turns":3.0},{"damage":0.0,"enemies":"3 Sentries","floor":14.0,"turns":8.0},{"damage":6.0,"enemies":"Slime Boss","floor":16.0,"turns":9.0},{"damage":4.0,"enemies":"Spheric Guardian","floor":18.0,"turns":6.0},{"damage":5.0,"enemies":"2 Thieves","floor":21.0,"turns":4.0},{"damage":1.0,"enemies":"Shelled Parasite and Fungi","floor":22.0,"turns":5.0},{"damage":8.0,"enemies":"Gremlin Leader","floor":23.0,"turns":6.0},{"damage":0.0,"enemies":"Book of Stabbing","floor":25.0,"turns":7.0},{"damage":0.0,"enemies":"Snecko","floor":28.0,"turns":5.0},{"damage":11.0,"enemies":"Chosen and Byrds","floor":29.0,"turns":6.0},{"damage":18.0,"enemies":"Snake Plant","floor":30.0,"turns":6.0},{"damage":33.0,"enemies":"Slavers","floor":31.0,"turns":6.0},{"damage":1.0,"enemies":"Champ","floor":33.0,"turns":12.0},{"damage":7.0,"enemies":"3 Darklings","floor":35.0,"turns":4.0},{"damage":5.0,"enemies":"3 Shapes","floor":36.0,"turns":5.0},{"damage":28.0,"enemies":"Transient","floor":37.0,"turns":5.0},{"damage":18.0,"enemies":"Writhing Mass","floor":39.0,"turns":7.0},{"damage":5.0,"enemies":"Giant Head","floor":40.0,"turns":8.0},{"damage":3.0,"enemies":"Reptomancer","floor":42.0,"turns":6.0},{"damage":17.0,"enemies":"Jaw Worm Horde","floor":44.0,"turns":3.0},{"damage":0.0,"enemies":"Spire Growth","floor":46.0,"turns":4.0},{"damage":0,"enemies":"Sphere and 2 Shapes","floor":48,"turns":3},{"damage":4,"enemies":"Donu and Deca","floor":50,"turns":5}],"seed_played":"5265041192015724704","potions_obtained":[{"floor":2.0,"key":"LiquidBronze"},{"floor":4.0,"key":"Ancient Potion"},{"floor":6.0,"key":"PotionOfCapacity"},{"floor":10.0,"key":"ColorlessPotion"},{"floor":25.0,"key":"Ancient Potion"},{"floor":28.0,"key":"Regen Potion"},{"floor":30.0,"key":"SkillPotion"},{"floor":33.0,"key":"Swift Potion"}],"is_trial":false,"path_per_floor":["M","M","M","M","$","E","R","?","T","E","M","R","M","E","R","B",null,"M","?","$","M","M","E","R","E","T","R","M","M","M","E","R","B",null,"M","M","M","?","M","E","?","E","T","M","$","M","$","M","R","B",null],"character_chosen":"DEFECT","items_purchased":["Blizzard","Panache","TheAbacus"],"campfire_rested":1,"item_purchase_floors":[20,45,47],"current_hp_per_floor":[68,66,65,58,58,47,47,47,47,32,32,32,29,29,29,23,80,76,76,76,71,70,62,62,62,62,62,62,66,48,15,39,38,80,73,68,40,40,22,17,70,67,67,50,50,50,50,50,50,46],"gold":165,"neow_bonus":"BOSS_RELIC","is_prod":false,"is_daily":false,"chose_seed":false,"campfire_upgraded":4,"win_rate":0,"timestamp":1607602422,"path_taken":["M","M","M","M","$","E","R","?","T","E","?","R","M","E","R","BOSS","M","?","$","M","M","E","R","E","T","R","M","M","M","E","R","BOSS","M","M","?","?","?","E","?","E","T","M","$","M","$","M","R","BOSS"],"build_version":"2020-11-30","purchased_purges":4,"victory":true,"max_hp_per_floor":[75,75,75,75,75,75,75,75,75,75,75,75,75,75,75,75,80,80,80,80,80,80,80,80,80,80,80,80,80,80,80,80,80,80,80,80,80,80,80,80,70,70,70,70,70,70,70,70,70,70],"card_choices":[{"not_picked":["Streamline","Go for the Eyes"],"picked":"Coolheaded","floor":1.0},{"not_picked":["Hologram","Gash"],"picked":"Coolheaded","floor":2.0},{"not_picked":["Skim","Undo"],"picked":"Blizzard","floor":3.0},{"not_picked":["Force Field","Auto Shields"],"picked":"Cold Snap","floor":4.0},{"not_picked":["Scrape","Seek"],"picked":"Coolheaded","floor":6.0},{"not_picked":["Ball Lightning","Lockon"],"picked":"Conserve Battery","floor":10.0},{"not_picked":["Compile Driver","Double Energy"],"picked":"Cold Snap","floor":11.0},{"not_picked":["Tempest","Reinforced Body"],"picked":"Conserve Battery","floor":13.0},{"not_picked":["Scrape","Leap","Rebound"],"picked":"SKIP","floor":14.0},{"not_picked":["Lockon","Stack"],"picked":"Sweeping Beam","floor":17.0},{"not_picked":["Force Field+1","Rip and Tear","Sweeping Beam"],"picked":"SKIP","floor":18.0},{"not_picked":["Go for the Eyes+1","Hello World","Stack"],"picked":"SKIP","floor":21.0},{"not_picked":["Self Repair","Heatsinks","Doom and Gloom"],"picked":"SKIP","floor":22.0},{"not_picked":["Self Repair","Heatsinks","Doom and Gloom"],"picked":"SKIP","floor":22.0},{"not_picked":["Redo+1","Leap","Chaos"],"picked":"SKIP","floor":23.0},{"not_picked":["Go for the Eyes","Steam","Stack"],"picked":"SKIP","floor":25.0},{"not_picked":["Steam+1","Sweeping Beam","Ball Lightning"],"picked":"SKIP","floor":28.0},{"not_picked":["Seek","Redo","Coolheaded"],"picked":"SKIP","floor":29.0},{"not_picked":["Stack","Ball Lightning","Double Energy"],"picked":"SKIP","floor":30.0},{"not_picked":["Turbo+1","Leap"],"picked":"Machine Learning","floor":31.0},{"not_picked":["All For One+1","Amplify"],"picked":"Rainbow","floor":33.0},{"not_picked":["Hello World+1","Leap+1","Doom and Gloom+1"],"picked":"SKIP","floor":35.0},{"not_picked":["Storm+1","Barrage+1","Sweeping Beam+1"],"picked":"SKIP","floor":36.0},{"not_picked":["Reinforced Body","Gash+1"],"picked":"Defragment","floor":37.0},{"not_picked":["Consume+1","Static Discharge+1"],"picked":"Blizzard+1","floor":39.0},{"not_picked":["Hologram","Barrage+1","Hyperbeam+1"],"picked":"SKIP","floor":40.0},{"not_picked":["Undo","Redo","Hologram+1"],"picked":"SKIP","floor":42.0},{"not_picked":["Barrage+1","Steam Power","Double Energy"],"picked":"SKIP","floor":44.0},{"not_picked":["Chaos+1","Streamline+1","Sweeping Beam+1"],"picked":"SKIP","floor":46.0},{"not_picked":["Force Field","White Noise+1","Hello World+1"],"picked":"SKIP","floor":48}],"player_experience":115006,"relics_obtained":[{"floor":6.0,"key":"Bag of Marbles"},{"floor":10.0,"key":"Kunai"},{"floor":23.0,"key":"Peace Pipe"},{"floor":25.0,"key":"Mummified Hand"},{"floor":31.0,"key":"Molten Egg 2"},{"floor":40.0,"key":"Orichalcum"},{"floor":42.0,"key":"The Courier"}],"event_choices":[{"cards_removed":["Strike_B"],"damage_healed":0.0,"max_hp_gain":0.0,"max_hp_loss":0.0,"gold_gain":0.0,"event_name":"Purifier","player_choice":"Purged","floor":8.0,"gold_loss":0.0,"damage_taken":0.0},{"cards_removed":["Strike_B"],"damage_healed":0.0,"max_hp_gain":0.0,"max_hp_loss":0.0,"gold_gain":0.0,"event_name":"Bonfire Elementals","player_choice":"Offered Basic","floor":19.0,"gold_loss":0.0,"damage_taken":0.0},{"damage_healed":0.0,"max_hp_gain":0.0,"max_hp_loss":0.0,"gold_gain":0.0,"event_name":"Upgrade Shrine","player_choice":"Upgraded","floor":38.0,"gold_loss":0.0,"damage_taken":0.0,"cards_upgraded":["Defragment"]},{"damage_healed":70.0,"max_hp_gain":0.0,"max_hp_loss":10.0,"gold_gain":0.0,"event_name":"The Moai Head","player_choice":"Heal","floor":41.0,"gold_loss":0.0,"damage_taken":0.0}],"is_beta":false,"boss_relics":[{"not_picked":["Runic Dome","Nuclear Battery"],"picked":"Tiny House"},{"not_picked":["SlaversCollar","Fusion Hammer"],"picked":"Sozu"}],"items_purged_floors":[5,20,45,47],"is_endless":false,"potions_floor_spawned":[2,4,6,10,22,25,28,30,33,35,37,39,48],"ascension_level":3}}