{"host":"mkv3lj8gfkr85ioo","time":1607572026,"event":{"gold_per_floor":[117,136,61,71,71,104,104,122,122,146,221,221,221,240,240,240,240],"floor_reached":16,"playtime":428,"items_purged":["Strike_R"],"score":173,"play_id":"ff581ef5-f75b-4dbb-9890-683a8dd340f6","local_time":"20201210124706","is_ascension_mode":true,"campfire_choices":[{"floor":7,"key":"REST"},{"data":"Bash","floor":13,"key":"SMITH"},{"data":"Wild Strike","floor":15,"key":"SMITH"}],"neow_cost":"NONE","seed_source_timestamp":16655888073700,"circlet_count":0,"master_deck":["AscendersBane","Strike_R","Strike_R","Strike_R","Strike_R","Defend_R","Defend_R","Defend_R","Defend_R","Bash+1","Second Wind","Battle Trance","Wild Strike+1","Shrug It Off"],"relics":["Burning Blood","Lantern","Golden Idol","Orichalcum","Pantograph","Gremlin Horn"],"potions_floor_usage":[16,16],"damage_taken":[{"damage":6,"enemies":"Cultist","floor":1,"turns":3},{"damage":12,"enemies":"Jaw Worm","floor":2,"turns":2},{"damage":1,"enemies":"2 Louse","floor":4,"turns":5},{"damage":36,"enemies":"Gremlin Nob","floor":6,"turns":5},{"damage":2,"enemies":"2 Fungi Beasts","floor":8,"turns":3},{"damage":0,"enemies":"Large Slime","floor":10,"turns":6},{"damage":11,"enemies":"Exordium Wildlife","floor":14,"turns":5},{"damage":77,"enemies":"Slime Boss","floor":16,"turns":11}],"seed_played":"-6828596744061472194","potions_obtained":[{"floor":2,"key":"Dexterity Potion"},{"floor":4,"key":"SkillPotion"}],"is_trial":false,"path_per_floor":["M","M","$","M","?","E","R","M","T","M","?","T","R","M","R","B"],"character_chosen":"IRONCLAD","items_purchased":[],"campfire_rested":1,"item_purchase_floors":[],"current_hp_per_floor":[68,62,62,67,49,19,41,45,45,51,40,40,40,35,35,0,0],"gold":240,"neow_bonus":"RANDOM_COMMON_RELIC","is_prod":false,"is_daily":false,"chose_seed":false,"campfire_upgraded":2,"win_rate":0,"timestamp":1607572026,"path_taken":["M","?","$","M","?","E","R","M","T","M","?","?","R","M","R","BOSS"],"build_version":"2020-11-30","purchased_purges":1,"victory":false,"max_hp_per_floor":[75,75,75,75,75,75,75,75,75,75,75,75,75,75,75,75,75],"card_choices":[{"not_picked":["True Grit","Sword Boomerang","Havoc"],"picked":"SKIP","floor":1},{"not_picked":["Pommel Strike","Warcry"],"picked":"Second Wind","floor":2},{"not_picked":["Sword Boomerang","Clash"],"picked":"Battle Trance","floor":4},{"not_picked":["Body Slam","Metallicize"],"picked":"Wild Strike","floor":6},{"not_picked":["Burning Pact","Body Slam","Iron Wave"],"picked":"SKIP","floor":8},{"not_picked":["Blood for Blood","Cleave","True Grit"],"picked":"SKIP","floor":10},{"not_picked":["Rampage","Reckless Charge"],"picked":"Shrug It Off","floor":14}],"player_experience":125557,"relics_obtained":[{"floor":6,"key":"Orichalcum"},{"floor":9,"key":"Pantograph"},{"floor":12,"key":"Gremlin Horn"}],"event_choices":[{"damage_healed":0,"gold_gain":0,"player_choice":"Take Damage","damage_taken":18,"relics_obtained":["Golden Idol"],"max_hp_gain":0,"max_hp_loss":0,"event_name":"Golden Idol","floor":5,"gold_loss":0},{"damage_healed":0,"gold_gain":75,"player_choice":"Gather Gold","damage_taken":11,"max_hp_gain":0,"max_hp_loss":0,"event_name":"World of Goop","floor":11,"gold_loss":0}],"is_beta":false,"boss_relics":[],"items_purged_floors":[3],"is_endless":false,"potions_floor_spawned":[2,4,14],"killed_by":"Slime Boss","ascension_level":14}}