{"host":"mvw7i28zi3kj0eu9","time":1607601315,"event":{"gold_per_floor":[121,143,143,43,45,94,112,143,220,266,266,268,345,345,345,457,457,487,487,264,300,300,342,368,218,288,288,288,288,326,360,360,482,482,510,547,372,372,408,454,454,454,503,544,544,560,600,629,629,741,741,760,799,799,799,799,826,826,842,842,842,862,881,892,903,903,1008,1008,1012,1012,1012,1012,869,869,906,927,927,956,956,985,985,840,840,941,941,960,960,960,960,976,976,976,976,976,1008,1122,1122,1137,1173,1173,1278,1278,1298,1298,1145,1162,1182,1182,1025,1025,1025,1060,1075,1075,1152,1180,1180,1295,1295,1319,1319,1340,1354,1354,1354,1384,1395,1420,1420,1433,1455,1210,1210,1210,1312,1312,1331,1109,1109,1124,1140,1171,1189,1216,1216,1244,1258,1271,1346,1357,1357,1458,1458,1458,1401,1431,1536],"floor_reached":158,"playtime":3014,"items_purged":["Defend_W","Defend_W","Bone_Wall","Defend_W","Spectral_Armor","Strike_W+1"],"score":5476,"play_id":"5f7f256d-19a6-4b51-b463-03c5a32c59d6","local_time":"20201210125515","is_ascension_mode":true,"campfire_choices":[{"data":"Death_March_Dance","floor":11.0,"key":"SMITH"},{"data":"Siphon_Strength","floor":15.0,"key":"SMITH"},{"data":"Siphon_Strength","floor":28.0,"key":"SMITH"},{"data":"Negative_Energy_Burst","floor":32.0,"key":"SMITH"},{"data":"Negative_Energy_Arrows","floor":42.0,"key":"SMITH"},{"data":"Spectral_Walk","floor":45.0,"key":"SMITH"},{"floor":49.0,"key":"REST"},{"floor":58.0,"key":"REST"},{"floor":61.0,"key":"REST"},{"data":"hubris:InfiniteBlow+89","floor":74,"key":"SMITH"},{"data":"hubris:InfiniteBlow+91","floor":79,"key":"SMITH"},{"data":"hubris:InfiniteBlow+92","floor":81,"key":"SMITH"},{"floor":83,"key":"REST"},{"data":"hubris:InfiniteBlow+93","floor":91,"key":"SMITH"},{"data":"hubris:InfiniteBlow+94","floor":93,"key":"SMITH"},{"data":"hubris:InfiniteBlow+95","floor":97,"key":"SMITH"},{"data":"hubris:InfiniteBlow+96","floor":100,"key":"SMITH"},{"data":"hubris:InfiniteBlow+97","floor":108,"key":"SMITH"},{"data":"hubris:InfiniteBlow+98","floor":110,"key":"SMITH"},{"floor":117,"key":"REST"},{"data":"hubris:InfiniteBlow+99","floor":125,"key":"SMITH"},{"data":"hubris:InfiniteBlow+100","floor":129,"key":"SMITH"},{"data":"hubris:InfiniteBlow+101","floor":134,"key":"SMITH"},{"data":"hubris:InfiniteBlow+102","floor":151,"key":"SMITH"},{"data":"hubris:InfiniteBlow+103","floor":154,"key":"SMITH"}],"neow_cost":"","seed_source_timestamp":1457726723372100,"circlet_count":0,"master_deck":["Shrug It Off+9","Negative_Energy_Arrows+1","Siphon_Strength+1","Death_March_Dance+1","Spectral_Walk+1","Negative_Energy_Burst+1","Siphon_Strength+1","Siphon_Strength+1","hubris:InfiniteBlow+104"],"special_seed":0,"relics":["Vampire_Amulet","infinitespire:Midas Blood","Shuriken","Replay:Bandana","Molten Egg 2","ShockBauble","Mummified Hand","relicPack:DSword","Blue Candle","conspire:SpecialSausage","Replay:Drink Me","hubris:FunFungus","halation:PromiseList","hubris:MysteriousPyramids","Replay:WaspNest","Black Star","conspire:Dentures","SpikesRelics:DaevaFist","Omamori","CaptainsWheel","Whetstone","hubris:TinFlute","halation:Prosthetics","Toolbox","infinitespire:Beetle Shell","Unceasing Top","WarpedTongs","Painkiller Herb","Akabeko","ReplayTheSpireMod:Shallot","Replay:Bottled Eggs","Du-Vu Doll","Turnip","Ancient Tea Set","Bag of Marbles","Runic Pyramid","relicPack:OneForAll","RetroEgg","Lantern","Orichalcum","infinitespire:PuzzleCube","Art of War","hubris:TerracottaHorce","Vajra","SnailShell","HornCleat","Tiny Chest","conspire:Boomerang","MealTicket","Centennial Puzzle","Rawhide","Toy Ornithopter","hubris:PeanutButter","halation:BottledLove","SacredBark","Bag of Preparation","infinitespire:ShieldingShard","hubris:BottledRain","Quantum Egg","infinitespire:Lucky Rock","Singing Bowl","Anchor","StoneCalendar","SlaversCollar","MerchantsRug","Orrery","MawBank","Sundial"],"potions_floor_usage":[152,157,157],"damage_taken":[{"damage":0.0,"enemies":"Small Slimes","floor":1.0,"turns":2.0},{"damage":0.0,"enemies":"2 Louse","floor":2.0,"turns":2.0},{"damage":7.0,"enemies":"Lagavulin","floor":6.0,"turns":8.0},{"damage":0.0,"enemies":"Cultist","floor":7.0,"turns":4.0},{"damage":0.0,"enemies":"Looter","floor":8.0,"turns":3.0},{"damage":2.0,"enemies":"3 Sentries","floor":10.0,"turns":6.0},{"damage":0.0,"enemies":"Fading Forest","floor":16.0,"turns":11.0},{"damage":9.0,"enemies":"conspire:FuzzyDice","floor":18.0,"turns":5.0},{"damage":14.0,"enemies":"2 Thieves","floor":21.0,"turns":3.0},{"damage":0.0,"enemies":"Replay:Snechameleon","floor":23.0,"turns":5.0},{"damage":1.0,"enemies":"conspire:HollyBat","floor":24.0,"turns":5.0},{"damage":0.0,"enemies":"Centurion and Healer","floor":30.0,"turns":3.0},{"damage":0.0,"enemies":"Sentry and Sphere","floor":31.0,"turns":3.0},{"damage":7.0,"enemies":"hubris:MusketHawk","floor":33.0,"turns":7.0},{"damage":0.0,"enemies":"Orb Walker","floor":35.0,"turns":2.0},{"damage":10.0,"enemies":"3 Darklings","floor":36.0,"turns":3.0},{"damage":10.0,"enemies":"Sphere and 2 Shapes","floor":39.0,"turns":4.0},{"damage":3.0,"enemies":"Giant Head","floor":40.0,"turns":7.0},{"damage":16.0,"enemies":"Nightmare","floor":44.0,"turns":6.0},{"damage":0.0,"enemies":"Maw","floor":46.0,"turns":5.0},{"damage":0.0,"enemies":"Transient","floor":47.0,"turns":5.0},{"damage":0.0,"enemies":"4 Shapes","floor":48.0,"turns":4.0},{"damage":15.0,"enemies":"Time Eater","floor":50.0,"turns":8.0},{"damage":0.0,"enemies":"Jaw Worm","floor":52.0,"turns":1.0},{"damage":0.0,"enemies":"conspire:MimicChest","floor":53.0,"turns":4.0},{"damage":0.0,"enemies":"Small Slimes","floor":59.0,"turns":3.0},{"damage":0.0,"enemies":"Cultist","floor":62.0,"turns":2.0},{"damage":0.0,"enemies":"Exordium Wildlife","floor":63.0,"turns":1.0},{"damage":0.0,"enemies":"Large Slime","floor":64.0,"turns":2.0},{"damage":0.0,"enemies":"Red Slaver","floor":65.0,"turns":1.0},{"damage":0.0,"enemies":"Slime Boss","floor":67.0,"turns":2.0},{"damage":0.0,"enemies":"Spheric Guardian","floor":69.0,"turns":1.0},{"damage":24,"enemies":"Slavers","floor":75,"turns":3},{"damage":0,"enemies":"Chosen","floor":76,"turns":1},{"damage":0,"enemies":"Gremlin Leader","floor":78,"turns":1},{"damage":0,"enemies":"Book of Stabbing","floor":80,"turns":2},{"damage":0,"enemies":"hubris:MusketHawk","floor":84,"turns":1},{"damage":0,"enemies":"Orb Walker","floor":86,"turns":1},{"damage":0,"enemies":"3 Darklings","floor":90,"turns":2},{"damage":0,"enemies":"R_Hoarder","floor":95,"turns":1},{"damage":0,"enemies":"Transient","floor":98,"turns":1},{"damage":0,"enemies":"Giant Head","floor":99,"turns":1},{"damage":3,"enemies":"infinitespire:MassOfShapes","floor":101,"turns":1},{"damage":0,"enemies":"Jaw Worm","floor":103,"turns":1},{"damage":0,"enemies":"Small Slimes","floor":106,"turns":1},{"damage":0,"enemies":"2 Louse","floor":107,"turns":1},{"damage":0,"enemies":"Lagavulin","floor":112,"turns":1},{"damage":0,"enemies":"2 Fungi Beasts","floor":113,"turns":1},{"damage":0,"enemies":"Gremlin Nob","floor":116,"turns":1},{"damage":0,"enemies":"The Guardian","floor":118,"turns":1},{"damage":0,"enemies":"Chosen","floor":120,"turns":1},{"damage":0,"enemies":"Spheric Guardian","floor":122,"turns":1},{"damage":0,"enemies":"Centurion and Healer","floor":123,"turns":1},{"damage":0,"enemies":"Nightmare","floor":126,"turns":1},{"damage":0,"enemies":"Sentry and Sphere","floor":127,"turns":1},{"damage":0,"enemies":"Cultist and Chosen","floor":130,"turns":1},{"damage":0,"enemies":"Centurion and Healer","floor":131,"turns":1},{"damage":0,"enemies":"infinitespire:LordOfFortification","floor":135,"turns":1},{"damage":0,"enemies":"Orb Walker","floor":137,"turns":1},{"damage":0,"enemies":"3 Shapes","floor":140,"turns":1},{"damage":0,"enemies":"Sphere and 2 Shapes","floor":141,"turns":1},{"damage":0,"enemies":"Reptomancer","floor":142,"turns":1},{"damage":0,"enemies":"4 Shapes","floor":143,"turns":1},{"damage":0,"enemies":"R_Hoarder","floor":144,"turns":1},{"damage":0,"enemies":"Nemesis","floor":146,"turns":1},{"damage":0,"enemies":"Writhing Mass","floor":147,"turns":1},{"damage":0,"enemies":"Jaw Worm Horde","floor":148,"turns":1},{"damage":0,"enemies":"Spire Growth","floor":150,"turns":1},{"damage":0,"enemies":"infinitespire:LordOfFortification","floor":152,"turns":1},{"damage":0,"enemies":"Shield and Spear","floor":156,"turns":1},{"damage":0,"enemies":"The Heart","floor":157,"turns":5}],"seed_played":"6481525008647997553","potions_obtained":[{"floor":7.0,"key":"Adrenaline Potion"},{"floor":8.0,"key":"blueLaboratory:TrueEctoplasm"},{"floor":10.0,"key":"blueLaboratory:BottleOfVodka"},{"floor":16.0,"key":"LifebloodPotion"},{"floor":21.0,"key":"Swift Potion"},{"floor":30.0,"key":"Milkshake"},{"floor":40.0,"key":"AttackPotion"},{"floor":47.0,"key":"Ancient Potion"},{"floor":50.0,"key":"blueLaboratory:FruitPunch"},{"floor":150,"key":"blueLaboratory:EmptyBottle"},{"floor":152,"key":"DistilledChaos"}],"is_trial":false,"path_per_floor":["M","M","?","$","?","E","M","M","T","E","R","?","?","T","R","B",null,"M","?","$","M","AVR","E","M","$","T","$","R","T","M","M","R","B",null,"M","M","$","?","M","E","?","R","T","NM","R","M","M","M","R","B",null,"M","?","?","AVR","?","T","R","M","T","R","M","M","M","M","R","B",null,"?","?","AVR","?","T","T","E","?","T","E","T","E","T","T","T","B",null,"?","T","?","?","?","T","?","T","T","E","?","T","?","E","T","B",null,"?","?","T","?","?","T","T","T","T","E","?","AVR","?","E","T","B",null,"?","?","?","?","T","T","NM","?","T","T","?","?","T","T","T","B",null,"?","T","?","?","?","E","?","E","T","E","?","?","T","?","T","B",null,"T","T","E","B",null],"character_chosen":"NECROMANCER","items_purchased":["Siphon_Strength","Death_March_Dance","infinitespire:Midas Blood","Shuriken","Spectral_Walk","Spectral_Armor","Negative_Energy_Burst","Replay:Bandana","Siphon_Strength+1","Negative_Energy_Sphere+1","Akabeko","Bag of Marbles","Vajra","SnailShell","hubris:PeanutButter","Bag of Preparation","halation:LostSnail","MerchantsRug","Orrery"],"campfire_rested":5,"item_purchase_floors":[0,0,0,0,0,0,0,0,20,20,73,82,105,109,132,138,138,155,155],"current_hp_per_floor":[75,75,75,75,60,55,57,59,59,63,63,28,17,17,17,37,75,70,70,70,60,57,57,57,57,57,57,57,57,57,57,57,52,57,57,49,49,49,45,44,57,57,57,43,43,45,47,55,57,44,57,57,57,57,22,22,22,22,22,22,22,22,22,22,22,22,22,22,22,25,25,25,25,25,5,7,7,9,9,11,11,11,18,20,25,25,25,25,25,25,25,25,25,25,25,19,19,21,23,23,22,24,25,25,25,25,25,25,25,25,25,25,25,25,14,16,23,25,25,25,25,25,25,25,25,25,25,25,25,25,25,25,25,25,25,25,25,25,25,25,25,25,25,25,25,27,29,31,31,33,33,35,35,35,45,47,51],"gold":1548,"neow_bonus":"","is_prod":false,"is_daily":false,"chose_seed":false,"campfire_upgraded":20,"win_rate":0,"timestamp":1607601315,"path_taken":["M","M","?","$","?","E","M","M","T","E","R","?","?","?","R","BOSS","M","?","?","M","AVR","E","M","$","T","$","R","?","M","M","R","BOSS","M","M","$","?","M","E","?","R","T","NM","R","?","M","M","R","BOSS","M","?","?","AVR","?","?","R","M","T","R","M","?","M","M","R","BOSS","?","?","AVR","?","T","T","E","?","T","E","T","E","T","T","T","BOSS","?","T","?","?","?","T","?","T","T","E","?","T","?","E","T","BOSS","?","?","T","?","?","T","T","T","T","E","?","AVR","?","E","T","BOSS","?","?","?","?","T","T","NM","?","T","T","?","?","?","?","T","BOSS","?","T","?","?","?","E","?","E","T","E","?","?","?","?","T","BOSS","T","T","E","BOSS"],"build_version":"2020-11-30","purchased_purges":6,"victory":true,"max_hp_per_floor":[75,75,75,75,75,75,75,75,75,75,75,75,75,75,75,75,75,75,75,75,75,57,57,57,57,57,57,57,57,57,57,57,57,57,57,57,57,57,57,57,57,57,57,57,57,57,57,57,57,57,57,57,57,57,22,22,22,22,22,22,22,22,22,22,22,22,22,22,22,25,25,25,25,25,25,25,25,25,25,25,25,25,25,25,25,25,25,25,25,25,25,25,25,25,25,25,25,25,25,25,25,25,25,25,25,25,25,25,25,25,25,25,25,25,25,25,25,25,25,25,25,25,25,25,25,25,25,25,25,25,25,25,25,25,25,25,25,25,25,25,25,25,25,25,25,27,29,31,31,33,33,35,35,35,45,47,51],"card_choices":[{"not_picked":["Necromantic_Selection","Blood_Whip","Blood_for_Blood"],"picked":"SKIP","floor":1.0},{"not_picked":["Blood_Curse","Shackles_Of_Pain","Spectral_Walk"],"picked":"SKIP","floor":2.0},{"not_picked":["Summon_Vampire_Lady","Consume_Illness","Flesh_Made_Foul+1"],"picked":"SKIP","floor":6.0},{"not_picked":["Death_March_Dance+1","Finger_Of_Death+1","Epidemic"],"picked":"SKIP","floor":7.0},{"not_picked":["Bone_Spikes+1","Pandemic","Chill_Blood"],"picked":"SKIP","floor":8.0},{"not_picked":["Exploit+1","Summon_Death_Knight","Epidemic"],"picked":"SKIP","floor":10.0},{"not_picked":["Violent_Necrosis","Blood_Is_Power","Vampiric_Strike+1"],"picked":"SKIP","floor":18.0},{"not_picked":["Blood_Whip+1","Chill_Blood+1","Summon_Undead_Army"],"picked":"SKIP","floor":21.0},{"not_picked":["Siphon_Strength","Uncharnel"],"picked":"Negative_Energy_Javelin+1","floor":23.0},{"not_picked":["Slay_Living+1","Scare","Blood_Shield"],"picked":"SKIP","floor":24.0},{"not_picked":["Necrotic_Claws+1","Negative_Energy_Mist","Summon_Undead"],"picked":"SKIP","floor":30.0},{"not_picked":["Slay_Living+1","Negative_Energy_Javelin+1","Spectral_Armor"],"picked":"SKIP","floor":31.0},{"not_picked":["Chill_Blood+1","Bone_Armor+1"],"picked":"Summon_Undead_Army+1","floor":35.0},{"not_picked":["Toxic_Smoke_Screen","Death_Coil+1","Hellfire+1"],"picked":"SKIP","floor":36.0},{"not_picked":["Blood_Is_Power","Negative_Energy_Shield","Chill_Blood"],"picked":"SKIP","floor":39.0},{"not_picked":["Blood_Shield+1","Negative_Energy_Sphere+1","Uncharnel"],"picked":"SKIP","floor":40.0},{"not_picked":["Consume_Illness+1","Bones_to_Steel","Flesh_Made_Foul+1"],"picked":"SKIP","floor":44.0},{"not_picked":["Blood_Shield","Necromantic_Selection+1","Blood_Whip+1"],"picked":"SKIP","floor":46.0},{"not_picked":["Blood_Curse+1","Scare","Shade_Step+1"],"picked":"SKIP","floor":47.0},{"not_picked":["Vampiric_Strike+1","Bone_Spikes+1","Blood_Curse+1"],"picked":"SKIP","floor":48.0},{"not_picked":["Negative_Energy_Javelin+1","Consume_Illness","Blood_Curse+1"],"picked":"SKIP","floor":52.0},{"not_picked":["Toxic_Smoke_Screen","Vampiric_Strike+1","Blood_Whip+1"],"picked":"SKIP","floor":59.0},{"not_picked":["Bones_to_Steel","Scare","Vampiric_Strike+1"],"picked":"SKIP","floor":62.0},{"not_picked":["Chill_Blood","Bone_Armor","Corrupt"],"picked":"SKIP","floor":63.0},{"not_picked":["Detonate_Bones+1","Chill_Blood","Blood_Whip+1"],"picked":"SKIP","floor":64.0},{"not_picked":["Negative_Energy_Shield","Shackles_Of_Pain","Corrupt"],"picked":"SKIP","floor":65.0},{"not_picked":["Consume_Illness+1","Negative_Energy_Mist","Corrupt"],"picked":"SKIP","floor":69.0},{"not_picked":["Bone_Bullets+1","Summon_Vampire_Lady","Violent_Necrosis"],"picked":"SKIP","floor":75},{"not_picked":["Life_Tap+1","Flesh_Made_Foul+1","Negative_Energy_Mist"],"picked":"SKIP","floor":76},{"not_picked":["Negative_Energy_Sphere+1","Chill_Blood","Grasp_Heart+1"],"picked":"SKIP","floor":78},{"not_picked":["Negative_Energy_Mist+1","Bones_to_Steel","Flesh_Made_Foul+1"],"picked":"SKIP","floor":80},{"not_picked":["Blood_Whip+1","Siphon_Strength","Vampiric_Strike+1"],"picked":"SKIP","floor":86},{"not_picked":["Bone_Spikes+1","Deaths_Shadow+1","Negative_Energy_Javelin+1"],"picked":"SKIP","floor":90},{"not_picked":["Strike_from_Beyond+1","Chill_Blood","Negative_Energy_Shield+1"],"picked":"SKIP","floor":95},{"not_picked":["Bone_Prison+1","Consume_Illness","Death_March_Dance+1"],"picked":"SKIP","floor":98},{"not_picked":["Bone_Shift","Blood_Curse+1","Negative_Energy_Mist+1"],"picked":"SKIP","floor":99},{"not_picked":["Summon_Undead_Army","Spectral_Walk","Vampiric_Strike+1"],"picked":"SKIP","floor":103},{"not_picked":["Blood_for_Blood","Blood_Whip+1","Blood_Curse+1"],"picked":"SKIP","floor":106},{"not_picked":["Exploit+1","Negative_Energy_Shield","Death_Coil+1"],"picked":"SKIP","floor":107},{"not_picked":["Vampiric_Strike+1","Blood_Curse+1","Whirlwind_of_Bones+1"],"picked":"SKIP","floor":112},{"not_picked":["Spectral_Walk","Toxic_Smoke_Screen","Bone_Bullets+1"],"picked":"SKIP","floor":113},{"not_picked":["Bone_Armory","Bones_to_Steel","Skeleton_Dragon"],"picked":"SKIP","floor":116},{"not_picked":["Negative_Energy_Mist","Vampiric_Strike+1","Shade_Step"],"picked":"SKIP","floor":120},{"not_picked":["Negative_Energy_Mist","Death_March_Dance+1","Epidemic"],"picked":"SKIP","floor":122},{"not_picked":["Plague_Bolt+1","Chill_Blood","Death_Coil+1"],"picked":"SKIP","floor":123},{"not_picked":["Bone_Armory+1","Detonate_Bones+1","Bone_Spikes+1"],"picked":"SKIP","floor":126},{"not_picked":["Spectral_Armor","Blood_Curse+1","Toxic_Smoke_Screen"],"picked":"SKIP","floor":127},{"not_picked":["Siphon_Strength","Shackles_Of_Pain","Negative_Energy_Shield+1"],"picked":"SKIP","floor":130},{"not_picked":["Negative_Energy_Sphere+1","Vampiric_Strike+1","Death_March_Dance+1"],"picked":"SKIP","floor":131},{"not_picked":["Corrupt+1","Acid_Javelin+1","Bone_Spikes+1"],"picked":"SKIP","floor":137},{"not_picked":["Bones_to_Steel","Death_Coil+1","Shackles_Of_Pain+1"],"picked":"SKIP","floor":140},{"not_picked":["Negative_Energy_Mist","Blood_Whip+1","Death_March_Dance+1"],"picked":"SKIP","floor":141},{"not_picked":["Epidemic+1","Death_March_Dance+1","Bone_Shift"],"picked":"SKIP","floor":142},{"not_picked":["Reap_The_Weak+1","Violent_Necrosis","Blood_Whip+1"],"picked":"SKIP","floor":143},{"not_picked":["Bones_to_Steel+1","Shackles_Of_Pain+1","Bone_Armor"],"picked":"SKIP","floor":144},{"not_picked":["Death_Knell+1","Chill_Blood+1","Spectral_Walk"],"picked":"Singing Bowl","floor":146},{"not_picked":["Vampiric_Strike+1","Bone_Armory+1","Stop_Heart+1"],"picked":"Singing Bowl","floor":147},{"not_picked":["Bone_Armory+1","Bone_Shift+1","Life_Drain+1"],"picked":"Singing Bowl","floor":148},{"not_picked":["Pandemic","Deaths_Shadow+1","Consume_Illness+1"],"picked":"Singing Bowl","floor":150},{"not_picked":["Blood_Wake+1","Cloudkill","Blood_Magic"],"picked":"Singing Bowl","floor":152},{"not_picked":["Death_Coil+1","Epidemic","Blood_Curse+1"],"picked":"Singing Bowl","floor":155},{"not_picked":["Slay_Living+1","Negative_Energy_Sphere+1","Grasp_Heart+1"],"picked":"Singing Bowl","floor":155},{"not_picked":["Uncharnel","Chill_Blood","Blood_Curse+1"],"picked":"Singing Bowl","floor":155},{"not_picked":["Flesh_Made_Foul+1","Deaths_Shadow+1","Detonate_Bones+1"],"picked":"Singing Bowl","floor":155},{"not_picked":["Negative_Energy_Mist","Negative_Energy_Sphere+1","Bone_Shift+1"],"picked":"Singing Bowl","floor":155},{"not_picked":["Negative_Energy_Shield","Vampiric_Strike+1","Death_Knell+1"],"picked":"Singing Bowl","floor":156},{"not_picked":["Blood_Wake+1","Negative_Energy_Bomb+1","Detonate_Bones+1"],"picked":"Singing Bowl","floor":157}],"player_experience":820632,"relics_obtained":[{"floor":6.0,"key":"Molten Egg 2"},{"floor":9.0,"key":"ShockBauble"},{"floor":10.0,"key":"Mummified Hand"},{"floor":14.0,"key":"Blue Candle"},{"floor":23.0,"key":"halation:PromiseList"},{"floor":26.0,"key":"hubris:MysteriousPyramids"},{"floor":29.0,"key":"Replay:WaspNest"},{"floor":40.0,"key":"conspire:Dentures"},{"floor":40.0,"key":"SpikesRelics:DaevaFist"},{"floor":43.0,"key":"Omamori"},{"floor":44.0,"key":"CaptainsWheel"},{"floor":44.0,"key":"Whetstone"},{"floor":53.0,"key":"hubris:TinFlute"},{"floor":57.0,"key":"infinitespire:Beetle Shell"},{"floor":60.0,"key":"Unceasing Top"},{"floor":75,"key":"ReplayTheSpireMod:Shallot"},{"floor":75,"key":"Replay:Bottled Eggs"},{"floor":77,"key":"Du-Vu Doll"},{"floor":78,"key":"Turnip"},{"floor":78,"key":"Replay:Accelerometer"},{"floor":80,"key":"infinitespire:Bottled Soul"},{"floor":80,"key":"Ancient Tea Set"},{"floor":94,"key":"RetroEgg"},{"floor":95,"key":"Lantern"},{"floor":95,"key":"Orichalcum"},{"floor":99,"key":"infinitespire:PuzzleCube"},{"floor":99,"key":"Art of War"},{"floor":111,"key":"HornCleat"},{"floor":112,"key":"conspire:DecoderRing"},{"floor":112,"key":"Tiny Chest"},{"floor":116,"key":"conspire:Boomerang"},{"floor":116,"key":"MealTicket"},{"floor":126,"key":"Centennial Puzzle"},{"floor":126,"key":"Rawhide"},{"floor":128,"key":"Toy Ornithopter"},{"floor":133,"key":"halation:BottledLove"},{"floor":142,"key":"infinitespire:ShieldingShard"},{"floor":142,"key":"hubris:BottledRain"},{"floor":144,"key":"Quantum Egg"},{"floor":144,"key":"infinitespire:Lucky Rock"},{"floor":145,"key":"Singing Bowl"},{"floor":146,"key":"Anchor"},{"floor":146,"key":"StoneCalendar"},{"floor":156,"key":"MawBank"},{"floor":156,"key":"Sundial"}],"event_choices":[{"damage_healed":0.0,"max_hp_gain":0.0,"max_hp_loss":0.0,"gold_gain":0.0,"event_name":"conspire:LoneGhost","player_choice":"Disagree","floor":3.0,"gold_loss":0.0,"damage_taken":0.0},{"damage_healed":75.0,"max_hp_gain":0.0,"max_hp_loss":75.0,"gold_gain":0.0,"event_name":"betterThird:BetterShining","player_choice":"Upgrade","floor":5.0,"gold_loss":0.0,"damage_taken":15.0,"cards_upgraded":["Strike_W","Strike_W"]},{"damage_healed":0.0,"max_hp_gain":0.0,"max_hp_loss":0.0,"gold_gain":75.0,"event_name":"betterThird:BetterGoop","player_choice":"Gold","floor":13.0,"gold_loss":0.0,"damage_taken":11.0},{"damage_healed":0.0,"max_hp_gain":0.0,"max_hp_loss":0.0,"gold_gain":0.0,"event_name":"Match and Keep!","player_choice":"1 cards matched","floor":19.0,"gold_loss":0.0,"damage_taken":0.0,"cards_obtained":["Siphon_Strength"]},{"damage_healed":0.0,"max_hp_gain":0.0,"max_hp_loss":0.0,"gold_gain":0.0,"event_name":"conspire:Investor","player_choice":"Leave","floor":38.0,"gold_loss":0.0,"damage_taken":0.0},{"damage_healed":13.0,"max_hp_gain":0.0,"max_hp_loss":0.0,"gold_gain":0.0,"event_name":"Wheel of Change","player_choice":"Full Heal","floor":41.0,"gold_loss":0.0,"damage_taken":0.0},{"cards_removed":["Negative_Energy_Sphere"],"damage_healed":0.0,"max_hp_gain":0.0,"max_hp_loss":0.0,"gold_gain":0.0,"event_name":"Living Wall","player_choice":"Forget","floor":54.0,"gold_loss":0.0,"damage_taken":0.0},{"damage_healed":0.0,"max_hp_gain":0.0,"max_hp_loss":0.0,"gold_gain":0.0,"event_name":"Accursed Blacksmith","player_choice":"Rummage","floor":66.0,"gold_loss":0.0,"damage_taken":0.0,"relics_obtained":["WarpedTongs"],"cards_obtained":["Pain"]},{"cards_removed":["Summon_Undead_Army"],"damage_healed":0,"gold_gain":0,"player_choice":"Removed Power","damage_taken":0,"max_hp_gain":0,"max_hp_loss":0,"event_name":"Falling","floor":92,"gold_loss":0},{"damage_healed":0,"gold_gain":0,"player_choice":"Ignored","damage_taken":1298,"max_hp_gain":0,"max_hp_loss":0,"event_name":"betterThird:BetterSerpent","floor":104,"gold_loss":0},{"damage_healed":0,"gold_gain":75,"player_choice":"Gold","damage_taken":11,"max_hp_gain":0,"max_hp_loss":0,"event_name":"betterThird:BetterGoop","floor":115,"gold_loss":0},{"damage_healed":0,"gold_gain":0,"player_choice":"Ignored","damage_taken":0,"max_hp_gain":0,"max_hp_loss":0,"event_name":"Transmorgrifier","floor":139,"gold_loss":0}],"is_beta":false,"boss_relics":[{"not_picked":["halation:MonkeysPaw","conspire:SeveredTorchhead"],"picked":"conspire:SpecialSausage"},{"not_picked":["energizedSpire:SpiderWeb","halation:CatFaceCupcake"],"picked":"Black Star"},{"not_picked":["hubris:GrandSneckoEye","Sandwich"],"picked":"Empty Cage"},{"not_picked":["hubris:BlackHole","SacredBark"],"picked":"Painkiller Herb"},{"not_picked":["halation:PlatinumPhoenix","Sandwich"],"picked":"Runic Pyramid"},{"not_picked":["Kintsugi","relicPack:StarArrow"],"picked":"hubris:TerracottaHorce"},{"not_picked":["hubris:CrackedHourglass","energizedSpire:RedRose","relicPack:KazumaCape"]},{"not_picked":["hubris:HollowSoul","infinitespire:Cupcake"],"picked":"SacredBark"},{"not_picked":["Abe\u0027s Treasure","hubris:Stopwatch"],"picked":"SlaversCollar"}],"items_purged_floors":[0,4,20,22,25,37],"is_endless":true,"potions_floor_spawned":[7,8,10,16,21,23,30,33,35,40,47,48,50,52,64,67,76,84,86,95,99,101,106,107,116,127,131,135,137,144,146,147,150,152],"ascension_level":5}}