{"host":"59ckh7bj2z84pzgo","time":1607586950,"event":{"gold_per_floor":[115,115,115,115,129,163,163,188,488,488,488,58,73,73,73],"floor_reached":14,"playtime":562,"items_purged":["Doubt"],"score":242,"play_id":"40054782-28fa-42cb-b3e7-3cc5f23f268a","local_time":"20201210155550","is_ascension_mode":true,"campfire_choices":[{"data":"Offering","floor":7,"key":"SMITH"}],"neow_cost":"NONE","seed_source_timestamp":5781211150475,"circlet_count":0,"master_deck":["AscendersBane","Strike_R","Strike_R","Strike_R","Strike_R","Defend_R","Defend_R","Defend_R","Defend_R","Offering+1","Shrug It Off","Shrug It Off","Double Tap","Iron Wave"],"relics":["Burning Blood","REME_ComplimentaryCards","testmod-TestBox","testmod-Justice","NeowsBlessing","Letter Opener","Lantern","Replay:Baseball","Old Coin","StrikeDummy","testmod-Charity","Happy Flower"],"potions_floor_usage":[2,14],"damage_taken":[{"damage":0,"enemies":"Jaw Worm","floor":1,"turns":1},{"damage":0,"enemies":"2 Louse","floor":5,"turns":1},{"damage":0,"enemies":"Lagavulin","floor":6,"turns":1},{"damage":60,"enemies":"3 Sentries","floor":8,"turns":12},{"damage":0,"enemies":"Small Slimes","floor":13,"turns":3},{"damage":31,"enemies":"Gremlin Nob","floor":14,"turns":3}],"seed_played":"-346184044232442524","potions_obtained":[{"floor":1,"key":"testmod-SpacePotion"},{"floor":8,"key":"Adrenaline Potion"}],"is_trial":false,"path_per_floor":["M","?","?","?","M","E","R","E","T","PTL","PTL","$","M","E"],"character_chosen":"IRONCLAD","items_purchased":["StrikeDummy","testmod-Charity","Happy Flower"],"campfire_rested":0,"item_purchase_floors":[12,12,12],"current_hp_per_floor":[74,67,62,62,68,74,74,20,20,20,20,20,27,0,0],"gold":73,"neow_bonus":"THREE_ENEMY_KILL","is_prod":false,"is_daily":false,"chose_seed":false,"campfire_upgraded":1,"win_rate":0,"timestamp":1607586950,"path_taken":["M","?","?","?","?","E","R","E","T","PTL","PTL","$","M","E"],"build_version":"2020-11-30","purchased_purges":1,"victory":false,"max_hp_per_floor":[75,75,75,75,75,75,75,75,75,75,75,75,76,76,76],"card_choices":[{"not_picked":["Twin Strike","Shockwave"],"picked":"Shrug It Off","floor":1},{"not_picked":["True Grit","Headbutt"],"picked":"Shrug It Off","floor":5},{"not_picked":["Anger","Second Wind"],"picked":"Double Tap","floor":6},{"not_picked":["Clothesline","Sentinel"],"picked":"Iron Wave","floor":8},{"not_picked":["Iron Wave","Flex","Sword Boomerang"],"picked":"SKIP","floor":13}],"player_experience":111473,"relics_obtained":[{"floor":6,"key":"Lantern"},{"floor":8,"key":"Replay:Baseball"},{"floor":9,"key":"Old Coin"}],"event_choices":[{"cards_removed":["Strike_R"],"damage_healed":0,"gold_gain":0,"player_choice":"Card Removal","damage_taken":7,"max_hp_gain":0,"max_hp_loss":0,"event_name":"Golden Wing","floor":2,"gold_loss":0},{"damage_healed":0,"gold_gain":0,"player_choice":"Success","damage_taken":5,"relics_obtained":["Letter Opener"],"max_hp_gain":0,"max_hp_loss":0,"event_name":"Scrap Ooze","floor":3,"gold_loss":0},{"cards_removed":["Bash"],"damage_healed":0,"gold_gain":0,"player_choice":"Offered Basic","damage_taken":0,"max_hp_gain":0,"max_hp_loss":0,"event_name":"Bonfire Elementals","floor":4,"gold_loss":0}],"is_beta":false,"boss_relics":[],"items_purged_floors":[12],"is_endless":false,"potions_floor_spawned":[1,8],"killed_by":"Gremlin Nob","ascension_level":20}}