{"host":"ibfpjm2kz059o009","time":1607563171,"event":{"gold_per_floor":[114,114,114,114,129,159,9,9,9,0,15,15,34,53,53,178,178,197,197,216,241,241,241,260,260,335,354,72,72,110,129,129,263,290,309,56,0,9,28,28,37,37,46,46,46,46,46,93,93,93],"floor_reached":51,"playtime":2527,"items_purged":["Pain"],"score":814,"play_id":"012e0498-e437-4b8c-99d2-37b00a0a800b","local_time":"20201209201931","daily_mods":["Allstar","Vintage","Night Terrors"],"is_ascension_mode":false,"campfire_choices":[{"floor":8.0,"key":"REST"},{"data":"Apotheosis","floor":15.0,"key":"SMITH"},{"data":"Alpha","floor":23.0,"key":"SMITH"},{"data":"Shame","floor":29.0,"key":"PURGE"},{"data":"Master of Strategy","floor":32.0,"key":"PURGE"},{"data":"FollowUp","floor":40.0,"key":"SMITH"},{"data":"Mind Blast","floor":42.0,"key":"SMITH"},{"data":"Pain","floor":47.0,"key":"PURGE"},{"data":"Bandage Up","floor":49.0,"key":"PURGE"}],"neow_cost":"","seed_source_timestamp":0,"circlet_count":0,"master_deck":["Defend_P+1","Vigilance+1","The Bomb","Apotheosis+1","Secret Technique","Consecrate","Alpha+1","Bite","Bite","Bite","Bite","Bite","Pray","All For One","DeceiveReality+1","Protect+1","Wireheading+1","FollowUp+1","Halt","Mind Blast+1","Combust+1"],"special_seed":18606,"relics":["PureWater","Boot","Bronze Scales","GoldenEye","Toolbox","Darkstone Periapt","Smiling Mask","Golden Idol","Eternal Feather","Torii","Cursed Key","Frozen Egg 2","Ornamental Fan","Potion Belt","Peace Pipe","MutagenicStrength","Pantograph","Juzu Bracelet","PrismaticShard","CeramicFish","Meat on the Bone","Astrolabe","Bottled Flame","Centennial Puzzle","Red Mask","Gremlin Horn","StrikeDummy","Pen Nib"],"potions_floor_usage":[50,50,50,50],"damage_taken":[{"damage":0.0,"enemies":"Cultist","floor":1.0,"turns":3.0},{"damage":14.0,"enemies":"2 Louse","floor":5.0,"turns":3.0},{"damage":0.0,"enemies":"Lagavulin","floor":6.0,"turns":6.0},{"damage":3.0,"enemies":"Jaw Worm","floor":11.0,"turns":4.0},{"damage":0.0,"enemies":"Blue Slaver","floor":13.0,"turns":4.0},{"damage":8.0,"enemies":"Large Slime","floor":14.0,"turns":4.0},{"damage":44.0,"enemies":"The Guardian","floor":16.0,"turns":6.0},{"damage":0.0,"enemies":"Chosen","floor":18.0,"turns":3.0},{"damage":1.0,"enemies":"Shell Parasite","floor":20.0,"turns":3.0},{"damage":9.0,"enemies":"Shelled Parasite and Fungi","floor":24.0,"turns":4.0},{"damage":9.0,"enemies":"Snake Plant","floor":27.0,"turns":3.0},{"damage":30.0,"enemies":"Slavers","floor":30.0,"turns":3.0},{"damage":23.0,"enemies":"Snecko","floor":31.0,"turns":4.0},{"damage":22.0,"enemies":"Automaton","floor":33.0,"turns":5.0},{"damage":36.0,"enemies":"Orb Walker","floor":35.0,"turns":4.0},{"damage":7.0,"enemies":"3 Darklings","floor":39.0,"turns":3.0},{"damage":44.0,"enemies":"Giant Head","floor":48.0,"turns":8.0},{"damage":73,"enemies":"Time Eater","floor":50,"turns":8}],"seed_played":"8996604888150855735","potions_obtained":[{"floor":1.0,"key":"EssenceOfSteel"},{"floor":5.0,"key":"StancePotion"},{"floor":11.0,"key":"FearPotion"},{"floor":14.0,"key":"SpeedPotion"},{"floor":31.0,"key":"Fire Potion"},{"floor":33.0,"key":"StancePotion"},{"floor":35.0,"key":"Swift Potion"},{"floor":44.0,"key":"GamblersBrew"},{"floor":44.0,"key":"Block Potion"},{"floor":44.0,"key":"LiquidMemories"},{"floor":48.0,"key":"Energy Potion"}],"is_trial":false,"path_per_floor":["M","?","?","?","M","E","$","R","T","?","M","?","M","M","R","B",null,"M","?","M","T","?","R","M","?","T","M","$","R","E","M","R","B",null,"M","$","?","?","M","R","?","R","T","?","?","?","R","E","R","B",null],"character_chosen":"WATCHER","items_purchased":["Toolbox","PrismaticShard","Pray","Centennial Puzzle","Wireheading+1","FollowUp"],"campfire_rested":1,"item_purchase_floors":[7,28,28,36,36,36],"current_hp_per_floor":[72,65,51,51,41,47,47,67,67,67,67,73,73,65,73,35,73,73,73,72,78,55,55,55,55,61,61,61,61,41,33,42,57,61,32,32,32,32,36,48,48,60,66,66,64,64,64,43,55,21],"gold":93,"neow_bonus":"","is_prod":false,"is_daily":true,"chose_seed":false,"campfire_upgraded":4,"win_rate":0,"timestamp":1607563171,"path_taken":["M","?","?","?","M","E","?","R","T","?","M","?","?","M","R","BOSS","M","?","M","?","?","R","M","?","T","M","$","R","E","M","R","BOSS","M","$","?","?","M","R","?","R","T","?","?","?","R","E","R","BOSS"],"build_version":"2020-11-30","purchased_purges":1,"victory":true,"max_hp_per_floor":[72,72,72,72,72,72,72,67,67,67,67,73,73,73,73,73,73,73,73,73,79,55,55,55,55,61,61,61,61,61,61,61,61,61,61,61,61,61,61,61,61,61,67,67,64,64,64,64,64,64],"card_choices":[{"not_picked":["FlurryOfBlows","Collect"],"picked":"Consecrate","floor":6.0},{"not_picked":["DeusExMachina","Judgement"],"picked":"Alpha","floor":16.0},{"not_picked":["Leap","Steam+1","Streamline"],"picked":"SKIP","floor":30.0},{"not_picked":["Sadistic Nature+1","Apotheosis"],"picked":"All For One","floor":33.0},{"not_picked":["Swift Strike","PanicButton"],"picked":"Mind Blast","floor":41.0},{"not_picked":["Streamline+1","Adaptation+1"],"picked":"Combust+1","floor":48.0}],"player_experience":569014,"relics_obtained":[{"floor":1.0,"key":"Boot"},{"floor":5.0,"key":"Bronze Scales"},{"floor":6.0,"key":"GoldenEye"},{"floor":9.0,"key":"Darkstone Periapt"},{"floor":11.0,"key":"Smiling Mask"},{"floor":13.0,"key":"Eternal Feather"},{"floor":14.0,"key":"Torii"},{"floor":18.0,"key":"Frozen Egg 2"},{"floor":20.0,"key":"Ornamental Fan"},{"floor":21.0,"key":"Potion Belt"},{"floor":24.0,"key":"Peace Pipe"},{"floor":26.0,"key":"Pantograph"},{"floor":27.0,"key":"Juzu Bracelet"},{"floor":30.0,"key":"CeramicFish"},{"floor":31.0,"key":"Meat on the Bone"},{"floor":35.0,"key":"Bottled Flame"},{"floor":39.0,"key":"Gremlin Horn"},{"floor":43.0,"key":"StrikeDummy"},{"floor":48.0,"key":"Pen Nib"}],"event_choices":[{"cards_removed":["Strike_P"],"damage_healed":0.0,"max_hp_gain":0.0,"max_hp_loss":0.0,"gold_gain":0.0,"event_name":"Golden Wing","player_choice":"Card Removal","floor":2.0,"gold_loss":0.0,"damage_taken":7.0},{"damage_healed":0.0,"max_hp_gain":0.0,"max_hp_loss":0.0,"gold_gain":0.0,"event_name":"Shining Light","player_choice":"Entered Light","floor":3.0,"gold_loss":0.0,"damage_taken":14.0,"cards_upgraded":["Vigilance","Defend_P"]},{"cards_removed":["Strike_P"],"damage_healed":0.0,"max_hp_gain":0.0,"max_hp_loss":0.0,"gold_gain":0.0,"event_name":"Living Wall","player_choice":"Forget","floor":4.0,"gold_loss":0.0,"damage_taken":0.0},{"damage_healed":0.0,"max_hp_gain":0.0,"max_hp_loss":0.0,"gold_gain":0.0,"event_name":"World of Goop","player_choice":"Left Gold","floor":10.0,"gold_loss":9.0,"damage_taken":0.0},{"damage_healed":0.0,"max_hp_gain":0.0,"max_hp_loss":0.0,"gold_gain":0.0,"event_name":"Golden Idol","player_choice":"Take Wound","floor":12.0,"gold_loss":0.0,"damage_taken":0.0,"relics_obtained":["Golden Idol"],"cards_obtained":["Injury"]},{"cards_removed":["Injury"],"damage_healed":0.0,"max_hp_gain":0.0,"max_hp_loss":0.0,"gold_gain":0.0,"event_name":"Back to Basics","player_choice":"Elegance","floor":19.0,"gold_loss":0.0,"damage_taken":0.0},{"damage_healed":0.0,"max_hp_gain":0.0,"max_hp_loss":24.0,"gold_gain":0.0,"event_name":"Vampires","player_choice":"Became a vampire","floor":22.0,"gold_loss":0.0,"damage_taken":0.0,"cards_obtained":["Bite","Bite","Bite","Bite","Bite"]},{"damage_healed":0.0,"max_hp_gain":0.0,"max_hp_loss":0.0,"gold_gain":0.0,"event_name":"Drug Dealer","player_choice":"Inject Mutagens","floor":25.0,"gold_loss":0.0,"damage_taken":0.0,"relics_obtained":["MutagenicStrength"]},{"damage_healed":0.0,"max_hp_gain":0.0,"max_hp_loss":0.0,"gold_gain":0.0,"event_name":"Tomb of Lord Red Mask","player_choice":"Paid","floor":37.0,"gold_loss":56.0,"damage_taken":0.0,"relics_obtained":["Red Mask"]},{"damage_healed":0.0,"max_hp_gain":0.0,"max_hp_loss":0.0,"gold_gain":0.0,"cards_transformed":["Eruption"],"event_name":"Transmorgrifier","player_choice":"Transformed","floor":38.0,"gold_loss":0.0,"damage_taken":0.0,"cards_obtained":["Halt"]},{"damage_healed":0.0,"max_hp_gain":0.0,"max_hp_loss":0.0,"gold_gain":0.0,"event_name":"SensoryStone","player_choice":"Memory 1","floor":41.0,"gold_loss":0.0,"damage_taken":0.0},{"damage_healed":0.0,"max_hp_gain":0.0,"max_hp_loss":0.0,"gold_gain":0.0,"event_name":"Lab","player_choice":"Got Potions","floor":44.0,"gold_loss":0.0,"damage_taken":0.0},{"damage_healed":0.0,"max_hp_gain":0.0,"max_hp_loss":3.0,"gold_gain":0.0,"event_name":"Winding Halls","player_choice":"Max HP","floor":45.0,"gold_loss":0.0,"damage_taken":0.0},{"cards_removed":["MentalFortress"],"damage_healed":0.0,"max_hp_gain":0.0,"max_hp_loss":0.0,"gold_gain":0.0,"event_name":"Bonfire Elementals","player_choice":"Offered Uncommon","floor":46.0,"gold_loss":0.0,"damage_taken":0.0}],"is_beta":false,"boss_relics":[{"not_picked":["Runic Dome","Black Star"],"picked":"Cursed Key"},{"not_picked":["VioletLotus","SacredBark"],"picked":"Astrolabe"}],"items_purged_floors":[28],"is_endless":false,"potions_floor_spawned":[1,5,11,14,18,31,33,35,48],"ascension_level":0}}