{"host":"0rxdudjy6rylha1k","time":1607559499,"event":{"gold_per_floor":[115,125,144,144,144,144,158,190,244,244,254,268,268,268,268,343,343,356,63,80,80,80,80,80,80,134,146,146],"floor_reached":27,"playtime":3562,"items_purged":["Pain"],"score":460,"play_id":"181527b4-1a9e-4805-8d89-ade42525e253","local_time":"20201209171819","is_ascension_mode":true,"campfire_choices":[{"data":"Strike_B","floor":6.0,"key":"SMITH"},{"data":"Go for the Eyes","floor":10.0,"key":"SMITH"},{"data":"Beam Cell","floor":15.0,"key":"SMITH"},{"floor":23,"key":"REST"},{"floor":25,"key":"REST"}],"neow_cost":"NONE","seed_source_timestamp":717848848311100,"circlet_count":0,"master_deck":["AscendersBane","Strike_B+1","Defend_B+1","Defend_B+1","Defend_B+1","Defend_B+1","Zap","Dualcast","Reprogram+1","Aggregate+1","Recycle+1","Conserve Battery","Hologram","Go for the Eyes+1","Beam Cell+1","Gash","Beam Cell","Buffer","Core Surge","Go for the Eyes"],"special_seed":0,"relics":["Astrolabe","hubris:Towel","Meat on the Bone","aspiration:ChemicalBlood","Toy Ornithopter","WarpedTongs","Nilry\u0027s Codex","MawBank"],"potions_floor_usage":[20,20,20,27,27,27],"damage_taken":[{"damage":0.0,"enemies":"2 Louse","floor":1.0,"turns":4.0},{"damage":9.0,"enemies":"Jaw Worm","floor":2.0,"turns":10.0},{"damage":18.0,"enemies":"Small Slimes","floor":3.0,"turns":15.0},{"damage":8.0,"enemies":"3 Louse","floor":7.0,"turns":8.0},{"damage":0.0,"enemies":"Lagavulin","floor":8.0,"turns":14.0},{"damage":16.0,"enemies":"Lots of Slimes","floor":11.0,"turns":9.0},{"damage":0.0,"enemies":"Exordium Wildlife","floor":12.0,"turns":6.0},{"damage":20.0,"enemies":"The Guardian","floor":16.0,"turns":16.0},{"damage":36.0,"enemies":"3 Byrds","floor":18.0,"turns":9.0},{"damage":23,"enemies":"2 Thieves","floor":20,"turns":5},{"damage":105,"enemies":"Gremlin Leader","floor":27,"turns":6}],"seed_played":"4444287832320759186","potions_obtained":[{"floor":7.0,"key":"DistilledChaos"},{"floor":8.0,"key":"Regen Potion"},{"floor":11.0,"key":"Block Potion"},{"floor":20,"key":"Weak Potion"},{"floor":27,"key":"EntropicBrew"}],"is_trial":false,"path_per_floor":["M","M","M","?","T","R","M","E","T","R","M","M","?","?","R","B",null,"M","$","M","?","?","R","?","R","T","E"],"character_chosen":"DEFECT","items_purchased":["Core Surge","Strength Potion"],"campfire_rested":2,"item_purchase_floors":[19,19],"current_hp_per_floor":[64,55,37,37,37,37,41,41,41,41,45,50,50,50,50,40,63,44,44,36,36,15,36,36,57,57,0,0],"gold":146,"neow_bonus":"BOSS_RELIC","is_prod":false,"is_daily":false,"chose_seed":false,"campfire_upgraded":3,"win_rate":0,"timestamp":1607559499,"path_taken":["M","M","M","?","?","R","?","E","T","R","M","M","?","?","R","BOSS","M","$","?","?","?","R","?","R","T","E"],"build_version":"2020-11-30","purchased_purges":1,"victory":false,"max_hp_per_floor":[71,71,71,71,71,71,71,71,71,71,71,71,71,71,71,71,71,71,71,71,71,71,71,71,71,71,71,71],"card_choices":[{"not_picked":["Go for the Eyes","Stack"],"picked":"Conserve Battery","floor":1.0},{"not_picked":["Auto Shields","Reprogram"],"picked":"Hologram","floor":2.0},{"not_picked":["Storm","Aggregate","Conserve Battery"],"picked":"SKIP","floor":3.0},{"not_picked":["Leap","Redo","Stack"],"picked":"SKIP","floor":7.0},{"not_picked":["Hologram","Skim"],"picked":"Go for the Eyes","floor":8.0},{"not_picked":["Cold Snap","Redo"],"picked":"Beam Cell","floor":11.0},{"not_picked":["Skim","Coolheaded"],"picked":"Gash","floor":12.0},{"not_picked":["hubris:Prefetch","Electrodynamics"],"picked":"Buffer","floor":16.0},{"not_picked":["Ball Lightning","Leap","Reprogram+1"],"picked":"SKIP","floor":18.0},{"not_picked":["Leap","Genetic Algorithm"],"picked":"Go for the Eyes","floor":20}],"player_experience":1636936,"relics_obtained":[{"floor":5.0,"key":"Meat on the Bone"},{"floor":8.0,"key":"aspiration:ChemicalBlood"},{"floor":9.0,"key":"Toy Ornithopter"},{"floor":22,"key":"Nilry\u0027s Codex"},{"floor":26,"key":"MawBank"}],"event_choices":[{"damage_healed":0.0,"max_hp_gain":0.0,"max_hp_loss":0.0,"gold_gain":0.0,"event_name":"Accursed Blacksmith","player_choice":"Rummage","floor":14.0,"gold_loss":0.0,"damage_taken":0.0,"relics_obtained":["WarpedTongs"],"cards_obtained":["Pain"]},{"damage_healed":0,"gold_gain":0,"player_choice":"Obtained Book","damage_taken":21,"max_hp_gain":0,"max_hp_loss":0,"event_name":"Cursed Tome","floor":22,"gold_loss":0},{"damage_healed":0,"gold_gain":0,"player_choice":"Simplicity","damage_taken":0,"max_hp_gain":0,"max_hp_loss":0,"event_name":"Back to Basics","floor":24,"gold_loss":0,"cards_upgraded":["Defend_B","Defend_B","Defend_B","Defend_B"]}],"is_beta":false,"boss_relics":[{"not_picked":["aspiration:FutureDiary","hubris:BlackHole","hubris:RunicObelisk"]}],"items_purged_floors":[19],"is_endless":false,"potions_floor_spawned":[7,8,11,20],"killed_by":"Gremlin Leader","ascension_level":19}}