{"host":"uwh382mre4waz4ff","time":1607578550,"event":{"gold_per_floor":[116,116,126,137,62,78,104,104,129,142,169,169,238,254,254,349,349,368,379,379,122,172,203,203,216,216,216,248,208,268,318,318,421,421,437,67,80,96,495,495,523,523,523,534,551,551,584,614,626,638,650,662,74,103,103],"floor_reached":56,"playtime":6848,"items_purged":["blazmod:Defend","blazmod:BlindingFlash"],"score":1532,"play_id":"f37490d7-02aa-4453-95a5-fc8d469d6de8","local_time":"20201210133549","is_ascension_mode":false,"campfire_choices":[{"data":"blazmod:RevolvingPhoenix","floor":8,"key":"SMITH"},{"data":"blazmod:StanceChange","floor":12,"key":"SMITH"},{"data":"blazmod:StanceChange","floor":15,"key":"SMITH"},{"data":"blazmod:MirrorImage","floor":24,"key":"SMITH"},{"data":"blazmod:SureOfHand","floor":27,"key":"SMITH"},{"data":"blazmod:Defend","floor":32,"key":"PURGE"},{"data":"blazmod:Defend+1","floor":40,"key":"PURGE"},{"data":"blazmod:Strike","floor":42,"key":"PURGE"},{"floor":46,"key":"RECALL"},{"data":"blazmod:Strike","floor":49,"key":"PURGE"},{"data":"blazmod:Strike","floor":52,"key":"PURGE"}],"neow_cost":"NONE","seed_source_timestamp":2386044815964000,"circlet_count":0,"master_deck":["blazmod:ButterflyEffect","blazmod:Kyokasuigetsu","blazmod:SureOfHand+1","blazmod:FlawlessDraw","blazmod:RevolvingPhoenix+1","blazmod:StanceChange+1","blazmod:StanceChange+1","blazmod:MirrorImage+1","blazmod:FleetOfFoot+1","blazmod:TenThousand","blazmod:CastAwayDew+1","blazmod:Observant+1","blazmod:Observant+1","blazmod:FleetOfFoot+1","blazmod:SureOfHand+1","blazmod:Swordstorm+1","blazmod:FocusThroughFalls+1","blazmod:Trasient+1","blazmod:RevolvingPhoenix+1","blazmod:Observant+1"],"relics":["blazmod:Venustas","Orichalcum","Anchor","Blood Vial","Toy Ornithopter","Coffee Dripper","SsserpentHead","blazmod:Raikiri","Peace Pipe","Toxic Egg 2","Molten Egg 2","Runic Dome","Sundial","Old Coin","Lantern","MawBank","DollysMirror","Bronze Scales","Ice Cream","Boot"],"potions_floor_usage":[7,16,16,16,23,23,28,33,45,45,55],"damage_taken":[{"damage":1,"enemies":"Jaw Worm","floor":1,"turns":6},{"damage":1,"enemies":"Cultist","floor":3,"turns":3},{"damage":1,"enemies":"Small Slimes","floor":4,"turns":4},{"damage":0,"enemies":"Exordium Wildlife","floor":6,"turns":4},{"damage":6,"enemies":"Gremlin Nob","floor":7,"turns":4},{"damage":7,"enemies":"3 Louse","floor":10,"turns":4},{"damage":37,"enemies":"Lagavulin","floor":11,"turns":7},{"damage":0,"enemies":"Looter","floor":14,"turns":2},{"damage":0,"enemies":"Hexaghost","floor":16,"turns":6},{"damage":0,"enemies":"Chosen","floor":18,"turns":3},{"damage":14,"enemies":"2 Thieves","floor":19,"turns":3},{"damage":8,"enemies":"Slavers","floor":23,"turns":3},{"damage":7,"enemies":"Snecko","floor":25,"turns":4},{"damage":37,"enemies":"Gremlin Leader","floor":28,"turns":3},{"damage":5,"enemies":"Centurion and Healer","floor":30,"turns":3},{"damage":4,"enemies":"Champ","floor":33,"turns":4},{"damage":5,"enemies":"3 Shapes","floor":35,"turns":3},{"damage":0,"enemies":"3 Darklings","floor":37,"turns":3},{"damage":0,"enemies":"Spire Growth","floor":38,"turns":2},{"damage":0,"enemies":"2 Orb Walkers","floor":39,"turns":2},{"damage":0,"enemies":"Reptomancer","floor":41,"turns":2},{"damage":0,"enemies":"4 Shapes","floor":44,"turns":1},{"damage":0,"enemies":"Transient","floor":45,"turns":2},{"damage":0,"enemies":"Giant Head","floor":47,"turns":2},{"damage":0,"enemies":"Sphere and 2 Shapes","floor":48,"turns":2},{"damage":0,"enemies":"Donu and Deca","floor":50,"turns":2},{"damage":0,"enemies":"Shield and Spear","floor":54,"turns":1},{"damage":0,"enemies":"The Heart","floor":55,"turns":3}],"seed_played":"-7399186783327479030","potions_obtained":[{"floor":1,"key":"LiquidMemories"},{"floor":3,"key":"BlessingOfTheForge"},{"floor":4,"key":"EntropicBrew"},{"floor":10,"key":"Ancient Potion"},{"floor":18,"key":"DistilledChaos"},{"floor":25,"key":"Block Potion"},{"floor":35,"key":"Strength Potion"},{"floor":37,"key":"Energy Potion"},{"floor":38,"key":"SteroidPotion"},{"floor":47,"key":"EntropicBrew"},{"floor":48,"key":"Regen Potion"}],"is_trial":false,"path_per_floor":["M","?","M","M","$","M","E","R","T","M","E","R","?","M","R","B",null,"M","M","?","$","?","E","R","M","T","R","E","?","M","?","R","B",null,"M","$","M","M","?","R","E","R","T","M","M","R","E","M","R","B",null,"R","$","E","B",null],"character_chosen":"THE_SWORDSWOMAN","items_purchased":["blazmod:Raikiri","blazmod:Observant+1","Sundial","blazmod:FleetOfFoot+1","DollysMirror","Bronze Scales","Ice Cream"],"campfire_rested":0,"item_purchase_floors":[21,36,36,36,53,53,53],"current_hp_per_floor":[43,43,42,41,41,41,35,35,35,40,5,5,5,7,7,24,54,54,40,40,40,40,44,44,39,39,39,9,9,6,6,6,9,54,49,49,51,53,54,54,54,54,54,54,54,54,54,54,54,54,54,54,54,54,54],"gold":103,"neow_bonus":"TEN_PERCENT_HP_BONUS","is_prod":false,"is_daily":false,"chose_seed":false,"campfire_upgraded":5,"win_rate":0.0,"timestamp":1607578549,"path_taken":["M","?","M","M","?","M","E","R","T","M","E","R","?","M","R","BOSS","M","M","?","$","?","E","R","M","T","R","E","?","?","?","R","BOSS","M","$","M","M","?","R","E","R","T","M","M","R","E","M","R","BOSS","R","$","E","BOSS"],"build_version":"2020-11-30","purchased_purges":2,"victory":true,"max_hp_per_floor":[44,44,44,44,44,44,44,44,44,54,54,54,54,54,54,54,54,54,54,54,54,54,54,54,54,54,54,54,54,54,54,54,54,54,54,54,54,54,54,54,54,54,54,54,54,54,54,54,54,54,54,54,54,54,54],"card_choices":[{"not_picked":["blazmod:HarmonyComplete","blazmod:SidewaySolace"],"picked":"blazmod:BlindingFlash","floor":1},{"not_picked":["blazmod:BoulderFlash","blazmod:StanceChange"],"picked":"blazmod:SureOfHand","floor":3},{"not_picked":["blazmod:ButterFlutter","blazmod:FlashRock"],"picked":"blazmod:FlawlessDraw","floor":4},{"not_picked":["blazmod:Observant","blazmod:StanceChange"],"picked":"blazmod:RevolvingPhoenix","floor":6},{"not_picked":["blazmod:StanceChange","blazmod:HarmonyComplete"],"picked":"blazmod:CrescentMoon","floor":7},{"not_picked":["blazmod:FortifiedVigor","blazmod:PhysicalEndurance"],"picked":"blazmod:StanceChange","floor":10},{"not_picked":["blazmod:Valiance","blazmod:DanceOfTheGods"],"picked":"blazmod:StanceChange","floor":11},{"not_picked":["blazmod:FortifiedVigor","blazmod:MentalFocus","blazmod:ButterFlutter"],"picked":"SKIP","floor":14},{"not_picked":["blazmod:EightLifePilgrimage","blazmod:TrueSelf"],"picked":"blazmod:MirrorImage","floor":16},{"not_picked":["blazmod:PhysicalEndurance","blazmod:BoulderFlash"],"picked":"blazmod:FleetOfFoot+1","floor":18},{"not_picked":["blazmod:SidewaySolace+1","blazmod:FleetOfFoot","blazmod:BoulderFlash"],"picked":"SKIP","floor":19},{"not_picked":["blazmod:SureOfHand","blazmod:Crosscut","blazmod:WildButterfly"],"picked":"SKIP","floor":23},{"not_picked":["blazmod:Swordstorm+1","blazmod:Crosscut+1"],"picked":"blazmod:TenThousand","floor":25},{"not_picked":["blazmod:DawnflutterDance+1","blazmod:MentalFocus+1","blazmod:PhysicalEndurance+1"],"picked":"SKIP","floor":28},{"not_picked":["blazmod:HarmonyComplete+1","blazmod:MindsEye+1"],"picked":"blazmod:CastAwayDew+1","floor":30},{"not_picked":["blazmod:PhysicalEndurance+1","blazmod:Trasient+1"],"picked":"blazmod:Observant+1","floor":35},{"not_picked":["blazmod:Crosscut+1","blazmod:KatanaStrike+1","blazmod:FortifiedVigor+1"],"picked":"SKIP","floor":37},{"not_picked":["blazmod:BoulderFlash+1","blazmod:Valiance+1"],"picked":"blazmod:SureOfHand+1","floor":38},{"not_picked":["blazmod:ApexLegends+1","blazmod:ButterFlutter+1","blazmod:QuickBlade+1"],"picked":"SKIP","floor":41},{"not_picked":["blazmod:KatanaStrike+1","blazmod:Trasient+1"],"picked":"blazmod:Swordstorm+1","floor":44},{"not_picked":["blazmod:KatanaStrike+1","blazmod:HarmonyComplete+1","blazmod:Trasient+1"],"picked":"SKIP","floor":45},{"not_picked":["blazmod:Lockswords+1","blazmod:BoulderFlash+1"],"picked":"blazmod:FocusThroughFalls+1","floor":47},{"not_picked":["blazmod:Crosscut+1","blazmod:FleetingDawn+1"],"picked":"blazmod:Trasient+1","floor":48},{"not_picked":["blazmod:PhysicalEndurance+1","blazmod:TenThousand+1"],"picked":"blazmod:Observant+1","floor":54}],"player_experience":25702,"relics_obtained":[{"floor":7,"key":"Anchor"},{"floor":9,"key":"Blood Vial"},{"floor":11,"key":"Toy Ornithopter"},{"floor":23,"key":"Peace Pipe"},{"floor":26,"key":"Toxic Egg 2"},{"floor":28,"key":"Molten Egg 2"},{"floor":39,"key":"Old Coin"},{"floor":41,"key":"Lantern"},{"floor":47,"key":"MawBank"},{"floor":54,"key":"Boot"}],"event_choices":[{"damage_healed":0,"gold_gain":0,"player_choice":"Gave Potion","damage_taken":0,"relics_obtained":["Orichalcum"],"max_hp_gain":0,"max_hp_loss":0,"event_name":"WeMeetAgain","floor":2,"gold_loss":0},{"damage_healed":0,"gold_gain":69,"player_choice":"Gained Gold","damage_taken":0,"max_hp_gain":0,"max_hp_loss":0,"event_name":"Golden Wing","floor":13,"gold_loss":0},{"damage_healed":0,"gold_gain":0,"player_choice":"Trade","damage_taken":0,"relics_obtained":["SsserpentHead"],"max_hp_gain":0,"max_hp_loss":0,"event_name":"FaceTrader","floor":20,"gold_loss":0},{"cards_removed":["blazmod:Defend"],"damage_healed":0,"gold_gain":0,"player_choice":"Give","damage_taken":0,"max_hp_gain":0,"max_hp_loss":0,"event_name":"betterNote:BetterNote","floor":22,"gold_loss":0,"cards_obtained":["Doubt"]},{"cards_removed":["blazmod:Strike"],"damage_healed":0,"gold_gain":0,"player_choice":"Upgrade and Remove","damage_taken":0,"max_hp_gain":0,"max_hp_loss":0,"event_name":"Designer","floor":29,"gold_loss":90,"cards_upgraded":["blazmod:Defend"]},{"cards_removed":["blazmod:Defend"],"damage_healed":0,"gold_gain":0,"player_choice":"Elegance","damage_taken":0,"max_hp_gain":0,"max_hp_loss":0,"event_name":"betterThird:BetterWriting","floor":31,"gold_loss":0},{"damage_healed":0,"gold_gain":0,"player_choice":"Fight","damage_taken":0,"max_hp_gain":0,"max_hp_loss":0,"event_name":"Mysterious Sphere","floor":39,"gold_loss":0}],"is_beta":false,"boss_relics":[{"not_picked":["Calling Bell","blazmod:SamuraiSword"],"picked":"Coffee Dripper"},{"not_picked":["Tiny House","SacredBark"],"picked":"Runic Dome"}],"items_purged_floors":[5,21],"is_endless":false,"potions_floor_spawned":[1,3,4,10,18,25,35,37,38,47,48],"ascension_level":0}}