{"host":"tyfpg4h531zkrrpn","time":1607588623,"event":{"gold_per_floor":[-1290,-1274,-1259,-1259,-1259,-1224,-1224,-1191,-1141,-1109,-1109,-1098,-1068,-1053,-1053,-952,-952,-932,18,18,18,18,46,46,72,97,97,111,130,130,140,140,240,240,267,294,306,318,330,370,382,421,480,516,555,567,608,63,63,63,63,63,25,58,58],"floor_reached":56,"playtime":1688,"items_purged":[],"score":2424,"play_id":"dfb246d6-5bdb-4b37-9315-229268eab4b4","local_time":"20201210002343","is_ascension_mode":true,"campfire_choices":[{"data":"White Noise","floor":11,"key":"SMITH"},{"floor":15,"key":"RECALL"},{"data":"White Noise","floor":24,"key":"SMITH"},{"data":"Self Repair","floor":30,"key":"SMITH"},{"data":"Tempest","floor":32,"key":"SMITH"},{"data":"Electrodynamics","floor":41,"key":"SMITH"},{"data":"Sweeping Beam","floor":46,"key":"SMITH"},{"data":"Dualcast","floor":49,"key":"SMITH"},{"data":"Zap","floor":52,"key":"SMITH"}],"neow_cost":"NONE","seed_source_timestamp":688907541300,"circlet_count":0,"master_deck":["Strike_B","Strike_B","Defend_B","Defend_B","Defend_B","Defend_B","Zap+1","Dualcast+1","Tempest+1","Sweeping Beam+1","White Noise+1","White Noise+1","MostiFishMod:GatherIntelligence+1","Coolheaded+1","Lockon+1","White Noise+1","Thunder Strike+1","Barrage+1","Leap+1","MostiFishMod:GatherIntelligence+1","Redo+1","Recycle+1","Steam Power+1","MostiFishMod:GatherIntelligence+1","Coolheaded+1","Self Repair+1","Coolheaded+1","Electrodynamics+1","Cold Snap+1","Madness+1","Madness+1","Panacea+1","Conserve Battery+1","Heatsinks+1","MostiFishMod:GatherIntelligence+1","MostiFishMod:FourSeasons+1"],"special_seed":0,"relics":["Cracked Core","DaveBox","SynthV:MejaisSoulstealer","NeowsBlessing","Question Card","Molten Egg 2","Bottled Lightning","MealTicket","PreservedInsect","Toxic Egg 2","Juzu Bracelet","ImportantClient","Black Star","Happy Flower","Art of War","Oddly Smooth Stone","Omamori","Calling Bell","MawBank","Mummified Hand","FossilizedHelix","StrikeDummy","Orichalcum","Regal Pillow","Anchor","CeramicFish","Pen Nib","Lantern","Ancient Tea Set","The Courier","Bag of Preparation","Bird Faced Urn","DollysMirror","Blood Vial","InkBottle","Bottled Flame"],"potions_floor_usage":[23,35,55,55],"damage_taken":[{"damage":0,"enemies":"Cultist","floor":1,"turns":1},{"damage":0,"enemies":"Jaw Worm","floor":2,"turns":1},{"damage":0,"enemies":"Small Slimes","floor":3,"turns":1},{"damage":13,"enemies":"3 Sentries","floor":6,"turns":4},{"damage":0,"enemies":"Gremlin Nob","floor":8,"turns":2},{"damage":0,"enemies":"Lagavulin","floor":10,"turns":4},{"damage":15,"enemies":"Gremlin Gang","floor":12,"turns":3},{"damage":0,"enemies":"Gremlin Nob","floor":13,"turns":2},{"damage":0,"enemies":"Blue Slaver","floor":14,"turns":1},{"damage":0,"enemies":"Slime Boss","floor":16,"turns":3},{"damage":0,"enemies":"Chosen","floor":18,"turns":3},{"damage":22,"enemies":"2 Thieves","floor":19,"turns":3},{"damage":0,"enemies":"Slavers","floor":23,"turns":3},{"damage":0,"enemies":"Gremlin Leader","floor":25,"turns":3},{"damage":0,"enemies":"Snecko","floor":28,"turns":2},{"damage":0,"enemies":"Centurion and Healer","floor":29,"turns":4},{"damage":0,"enemies":"Sentry and Sphere","floor":31,"turns":2},{"damage":0,"enemies":"Champ","floor":33,"turns":4},{"damage":0,"enemies":"3 Shapes","floor":35,"turns":2},{"damage":0,"enemies":"Orb Walker","floor":36,"turns":2},{"damage":0,"enemies":"Nemesis","floor":40,"turns":4},{"damage":0,"enemies":"Giant Head","floor":42,"turns":3},{"damage":0,"enemies":"Sphere and 2 Shapes","floor":44,"turns":2},{"damage":0,"enemies":"Nemesis","floor":45,"turns":3},{"damage":0,"enemies":"Giant Head","floor":47,"turns":5},{"damage":0,"enemies":"Donu and Deca","floor":50,"turns":2},{"damage":0,"enemies":"Shield and Spear","floor":54,"turns":2},{"damage":0,"enemies":"The Heart","floor":55,"turns":3}],"seed_played":"9091207887414213217","potions_obtained":[{"floor":3,"key":"EssenceOfSteel"},{"floor":6,"key":"Fire Potion"},{"floor":10,"key":"EssenceOfSteel"},{"floor":12,"key":"Swift Potion"},{"floor":23,"key":"Swift Potion"},{"floor":28,"key":"Block Potion"},{"floor":35,"key":"Regen Potion"},{"floor":44,"key":"DuplicationPotion"}],"is_trial":false,"path_per_floor":["M","M","M","?","T","E","?","E","T","E","R","M","E","M","R","B",null,"M","M","$","?","?","E","R","E","T","?","M","M","R","M","R","B",null,"M","M","?","?","?","E","R","E","T","M","E","R","E","$","R","B",null,"R","$","E","B",null],"character_chosen":"DEFECT","items_purchased":["Bag of Preparation","Bird Faced Urn","DollysMirror","Blood Vial","MostiFishMod:FourSeasons+1"],"campfire_rested":0,"item_purchase_floors":[48,48,48,48,53],"current_hp_per_floor":[68,68,68,68,68,55,55,55,55,55,55,40,40,40,40,40,66,66,44,59,59,59,59,59,59,59,59,59,59,59,59,59,69,74,75,75,75,66,66,75,75,75,75,75,75,75,75,75,75,75,75,75,75,75,75],"gold":58,"neow_bonus":"THREE_ENEMY_KILL","is_prod":false,"is_daily":false,"chose_seed":false,"campfire_upgraded":8,"win_rate":0,"timestamp":1607588623,"path_taken":["M","M","M","?","?","E","?","E","T","E","R","M","E","M","R","BOSS","M","M","$","?","?","E","R","E","T","?","M","M","R","M","R","BOSS","M","M","?","?","?","E","R","E","T","M","E","R","E","?","R","BOSS","R","$","E","BOSS"],"build_version":"2020-11-30","purchased_purges":0,"victory":true,"max_hp_per_floor":[75,75,75,75,75,75,75,75,75,75,75,75,75,75,75,75,75,75,75,75,75,75,75,75,75,75,75,75,75,75,75,75,75,75,75,75,75,75,75,75,75,75,75,75,75,75,75,75,75,75,75,75,75,75,75],"card_choices":[{"not_picked":["Stack","Hologram"],"picked":"Tempest","floor":1},{"not_picked":["Conserve Battery","Storm","Leap"],"picked":"Sweeping Beam","floor":2},{"not_picked":["Hologram","Beam Cell","Leap"],"picked":"White Noise","floor":3},{"not_picked":["Conserve Battery","Heatsinks","Creative AI"],"picked":"White Noise","floor":6},{"not_picked":["Darkness","Ball Lightning+1","Redo"],"picked":"Meteor Strike+1","floor":8},{"not_picked":["Redo+1","Streamline+1","Barrage+1"],"picked":"MostiFishMod:GatherIntelligence+1","floor":10},{"not_picked":["Double Energy+1","Recycle+1","Turbo+1"],"picked":"Coolheaded+1","floor":12},{"not_picked":["Genetic Algorithm+1","Force Field+1","Streamline+1"],"picked":"Lockon+1","floor":13},{"not_picked":["Streamline+1","Sweeping Beam+1","Redo+1"],"picked":"White Noise+1","floor":14},{"not_picked":["Rainbow+1","Biased Cognition","MostiFishMod:Culaccino+1"],"picked":"Thunder Strike+1","floor":16},{"not_picked":["Double Energy+1","Redo+1","Auto Shields+1"],"picked":"Barrage+1","floor":18},{"not_picked":["Turbo+1","Barrage+1","Streamline+1"],"picked":"Leap+1","floor":19},{"not_picked":["Conserve Battery+1","Thunder Strike+1","Heatsinks"],"picked":"Redo+1","floor":23},{"not_picked":["Conserve Battery+1","Barrage+1","Hologram+1"],"picked":"Recycle+1","floor":25},{"not_picked":["Redo+1","Chill+1","Defragment+1"],"picked":"Coolheaded+1","floor":28},{"not_picked":["Reinforced Body+1","Chill+1","Steam Power+1"],"picked":"Self Repair","floor":29},{"not_picked":["Turbo+1","Capacitor","Beam Cell+1"],"picked":"Coolheaded+1","floor":31},{"not_picked":["Echo Form","MostiFishMod:FluxCapactior+1","Rainbow+1"],"picked":"Electrodynamics","floor":33},{"not_picked":["Beam Cell+1","Turbo+1","Tempest+1"],"picked":"Cold Snap+1","floor":35},{"not_picked":["Double Energy+1","Turbo+1","Redo+1","Hello World+1"],"picked":"SKIP","floor":36},{"not_picked":["Sadistic Nature","Bandage Up+1","MostiFishMod:MusicBox"],"picked":"Panacea+1","floor":39},{"not_picked":["Double Energy+1","Tempest+1","Leap+1"],"picked":"Conserve Battery+1","floor":40},{"not_picked":["Hello World","Stack+1","Sweeping Beam+1","MostiFishMod:Distribution+1"],"picked":"SKIP","floor":42},{"not_picked":["Ball Lightning+1","Sweeping Beam+1","Blizzard+1"],"picked":"Heatsinks+1","floor":44},{"not_picked":["Hologram+1","Heatsinks","Leap+1","Ball Lightning+1"],"picked":"SKIP","floor":45},{"not_picked":["Ball Lightning+1","Barrage+1","MostiFishMod:SeaWaves","Stack+1"],"picked":"SKIP","floor":47},{"not_picked":["Cold Snap+1","MostiFishMod:SeaWaves","Recycle+1","Streamline+1"],"picked":"SKIP","floor":54}],"player_experience":554548,"relics_obtained":[{"floor":1,"key":"Question Card"},{"floor":5,"key":"Molten Egg 2"},{"floor":6,"key":"Bottled Lightning"},{"floor":8,"key":"MealTicket"},{"floor":9,"key":"PreservedInsect"},{"floor":10,"key":"Toxic Egg 2"},{"floor":13,"key":"Juzu Bracelet"},{"floor":16,"key":"ImportantClient"},{"floor":23,"key":"Happy Flower"},{"floor":23,"key":"Art of War"},{"floor":25,"key":"Oddly Smooth Stone"},{"floor":25,"key":"Omamori"},{"floor":34,"key":"MawBank"},{"floor":34,"key":"Mummified Hand"},{"floor":34,"key":"FossilizedHelix"},{"floor":40,"key":"StrikeDummy"},{"floor":40,"key":"Orichalcum"},{"floor":42,"key":"Regal Pillow"},{"floor":42,"key":"Anchor"},{"floor":43,"key":"CeramicFish"},{"floor":45,"key":"Pen Nib"},{"floor":45,"key":"Lantern"},{"floor":47,"key":"Ancient Tea Set"},{"floor":47,"key":"The Courier"},{"floor":54,"key":"InkBottle"},{"floor":54,"key":"Bottled Flame"}],"event_choices":[{"damage_healed":0,"gold_gain":0,"player_choice":"Ignored","damage_taken":0,"max_hp_gain":0,"max_hp_loss":0,"event_name":"Liars Game","floor":4,"gold_loss":0},{"damage_healed":0,"gold_gain":0,"player_choice":"Leave","damage_taken":0,"max_hp_gain":0,"max_hp_loss":0,"event_name":"FaceTrader","floor":7,"gold_loss":0},{"damage_healed":0,"gold_gain":0,"player_choice":"Ignored","damage_taken":0,"max_hp_gain":0,"max_hp_loss":0,"event_name":"Vampires","floor":21,"gold_loss":0},{"damage_healed":0,"gold_gain":0,"player_choice":"Copied","damage_taken":0,"max_hp_gain":0,"max_hp_loss":0,"event_name":"Duplicator","floor":22,"gold_loss":0,"cards_obtained":["MostiFishMod:GatherIntelligence"]},{"damage_healed":0,"gold_gain":0,"cards_transformed":["Strike_B","Strike_B"],"player_choice":"Became Test Subject","damage_taken":0,"max_hp_gain":0,"max_hp_loss":0,"event_name":"Drug Dealer","floor":27,"gold_loss":0,"cards_obtained":["Steam Power","MostiFishMod:GatherIntelligence"]},{"cards_removed":["Meteor Strike"],"damage_healed":0,"gold_gain":0,"player_choice":"Removed Attack","damage_taken":0,"max_hp_gain":0,"max_hp_loss":0,"event_name":"Falling","floor":37,"gold_loss":0},{"damage_healed":0,"gold_gain":0,"player_choice":"Embrace Madness","damage_taken":9,"max_hp_gain":0,"max_hp_loss":0,"event_name":"Winding Halls","floor":38,"gold_loss":0,"cards_obtained":["Madness","Madness"]},{"damage_healed":0,"gold_gain":0,"player_choice":"Memory 1","damage_taken":0,"max_hp_gain":0,"max_hp_loss":0,"event_name":"SensoryStone","floor":39,"gold_loss":0}],"is_beta":false,"boss_relics":[{"not_picked":["HaiYi:Twilight","FixedStarFall"],"picked":"Black Star"},{"not_picked":["Snecko Eye","MetatronsCube"],"picked":"Calling Bell"}],"items_purged_floors":[],"is_endless":false,"potions_floor_spawned":[3,6,10,12,16,23,25,28,33,35,40,42,44],"ascension_level":7}}