{"host":"jm9833yuloeli2yd","time":1607638367,"event":{"mods":["BaseMod","StSLib","AchievementEnabler","Colored Map","Minty Spire (QoL Compilation)","Permanent Neow","SuperFastMode","Better Note","Better Altar","Better Match","Better Sensory Stone","Better Skull","DeckTracker","Better Vampires","Colored Powertips","Quick Restart"],"gold_per_floor":[11,29,39,39,39,72,72,106,106,106,106,106,134,147,147,224,224,243,257,257,129,148,148,182,182,182,192,192,222,241,257,257,332,332,348,359,259,259,286,286,286],"floor_reached":40,"playtime":1505,"items_purged":["Parasite","Hello World"],"score":988,"play_id":"5e7eb44d-028f-41a6-bc1f-374b0966988d","local_time":"20201210171247","is_ascension_mode":true,"campfire_choices":[{"floor":7.0,"key":"REST"},{"floor":10.0,"key":"REST"},{"data":"Zap","floor":12.0,"key":"SMITH"},{"data":"Streamline","floor":15.0,"key":"SMITH"},{"floor":23.0,"key":"REST"},{"data":"Creative AI","floor":25.0,"key":"SMITH"},{"floor":28,"key":"REST"},{"data":"Consume","floor":32,"key":"SMITH"}],"circlet_count":0,"master_deck":["AscendersBane","Zap+1","Dualcast","Seek","FTL","Self Repair","Beam Cell","Cold Snap","Streamline+1","Glacier","Electrodynamics","Creative AI+1","Capacitor","Beam Cell","Heatsinks","FTL","Capacitor","BootSequence","Double Energy","Genetic Algorithm","Undo","Consume+1","Hologram","Self Repair","Reboot","Defragment","Lockon+1","Madness","Madness"],"special_seed":0,"relics":["Cracked Core","DataDisk","Bottled Lightning","Blood Vial","Regal Pillow","WarpedTongs","Lantern","Pandora\u0027s Box","Mummified Hand","Molten Egg 2","Ornamental Fan","Philosopher\u0027s Stone"],"acts_visited":["TheCity","TheBeyond"],"potions_floor_usage":[],"damage_taken":[{"damage":10.0,"enemies":"Small Slimes","floor":1.0,"turns":3.0},{"damage":0.0,"enemies":"Jaw Worm","floor":2.0,"turns":3.0},{"damage":1.0,"enemies":"2 Louse","floor":3.0,"turns":3.0},{"damage":40.0,"enemies":"3 Sentries","floor":6.0,"turns":6.0},{"damage":25.0,"enemies":"Lagavulin","floor":8.0,"turns":6.0},{"damage":25.0,"enemies":"3 Sentries","floor":13.0,"turns":8.0},{"damage":6.0,"enemies":"Exordium Thugs","floor":14.0,"turns":3.0},{"damage":14.0,"enemies":"Slime Boss","floor":16.0,"turns":7.0},{"damage":21.0,"enemies":"Chosen","floor":18.0,"turns":5.0},{"damage":0.0,"enemies":"Spheric Guardian","floor":19.0,"turns":2.0},{"damage":34.0,"enemies":"Shelled Parasite and Fungi","floor":22.0,"turns":6.0},{"damage":37.0,"enemies":"Slavers","floor":24.0,"turns":3.0},{"damage":22,"enemies":"Cultist and Chosen","floor":27,"turns":6},{"damage":30,"enemies":"Book of Stabbing","floor":29,"turns":4},{"damage":0,"enemies":"Chosen and Byrds","floor":30,"turns":6},{"damage":5,"enemies":"Centurion and Healer","floor":31,"turns":5},{"damage":0,"enemies":"Champ","floor":33,"turns":9},{"damage":4,"enemies":"Orb Walker","floor":35,"turns":3},{"damage":48,"enemies":"3 Darklings","floor":36,"turns":3},{"damage":22,"enemies":"Giant Head","floor":40,"turns":4}],"seed_played":"5855064837080116304","potions_obtained":[{"floor":1.0,"key":"FearPotion"},{"floor":3.0,"key":"Fire Potion"},{"floor":14.0,"key":"Dexterity Potion"},{"floor":24.0,"key":"SteroidPotion"}],"is_trial":false,"path_per_floor":["M","M","M","?","?","E","R","E","T","R","?","R","E","M","R","B",null,"M","M","?","$","M","R","E","R","T","M","R","E","M","M","R","B",null,"M","M","$","?","T","E"],"character_chosen":"DEFECT","items_purchased":["SkillPotion"],"campfire_rested":4,"item_purchase_floors":[21],"current_hp_per_floor":[54,54,60,49,42,9,30,12,12,48,48,48,32,28,28,26,60,48,50,50,50,25,60,32,32,32,19,54,33,42,46,46,68,68,68,27,27,15,15,0,0],"gold":286,"neow_bonus":"THREE_RARE_CARDS","is_daily":false,"chose_seed":false,"campfire_upgraded":4,"win_rate":0,"timestamp":1607638367,"path_taken":["M","M","M","?","?","E","R","E","T","R","?","R","E","M","R","BOSS","M","M","?","$","?","R","E","R","T","M","R","E","M","M","R","BOSS","M","M","$","?","?","E"],"build_version":"2020-11-30","purchased_purges":2,"victory":false,"max_hp_per_floor":[71,71,71,71,71,71,71,71,71,71,71,71,71,71,71,71,71,71,71,71,68,68,68,68,68,68,68,68,68,68,68,68,68,68,68,68,68,68,68,68,68],"card_choices":[{"not_picked":["Machine Learning","Rainbow"],"picked":"Seek","floor":0.0},{"not_picked":["Recycle","Compile Driver"],"picked":"FTL","floor":1.0},{"not_picked":["Conserve Battery","Genetic Algorithm"],"picked":"Self Repair","floor":2.0},{"not_picked":["Turbo","Fusion","Force Field"],"picked":"SKIP","floor":3.0},{"not_picked":["Static Discharge","Compile Driver"],"picked":"Beam Cell","floor":6.0},{"not_picked":["Beam Cell","Hologram"],"picked":"Cold Snap","floor":8.0},{"not_picked":["Go for the Eyes","Steam"],"picked":"Streamline","floor":13.0},{"not_picked":["Ball Lightning","Conserve Battery"],"picked":"Glacier","floor":14.0},{"not_picked":["Reboot","All For One"],"picked":"Electrodynamics","floor":16.0},{"not_picked":["Rebound","Coolheaded"],"picked":"BootSequence","floor":18.0},{"not_picked":["Capacitor","Storm","Stack"],"picked":"SKIP","floor":19.0},{"not_picked":["Rebound","Compile Driver"],"picked":"Double Energy","floor":22.0},{"not_picked":["Leap","Barrage"],"picked":"Genetic Algorithm","floor":24.0},{"not_picked":["White Noise","Lockon+1"],"picked":"Undo","floor":27},{"not_picked":["Stack","Darkness"],"picked":"Consume","floor":29},{"not_picked":["Lockon+1","Sweeping Beam+1"],"picked":"Hologram","floor":30},{"not_picked":["Ball Lightning+1","Blizzard+1"],"picked":"Self Repair","floor":31},{"not_picked":["Creative AI","Rainbow"],"picked":"Reboot","floor":33},{"not_picked":["Ball Lightning+1","Recycle"],"picked":"Defragment","floor":35},{"not_picked":["Turbo","Go for the Eyes+1"],"picked":"Lockon+1","floor":36}],"player_experience":1008869,"relics_obtained":[{"floor":6.0,"key":"Bottled Lightning"},{"floor":8.0,"key":"Blood Vial"},{"floor":9.0,"key":"Regal Pillow"},{"floor":13.0,"key":"Lantern"},{"floor":24.0,"key":"Mummified Hand"},{"floor":26.0,"key":"Molten Egg 2"},{"floor":29,"key":"Ornamental Fan"}],"event_choices":[{"damage_healed":0.0,"max_hp_gain":0.0,"max_hp_loss":0.0,"gold_gain":0.0,"event_name":"Scrap Ooze","player_choice":"Success","floor":4.0,"gold_loss":0.0,"damage_taken":11.0,"relics_obtained":["DataDisk"]},{"cards_removed":["Defend_B"],"damage_healed":0.0,"max_hp_gain":0.0,"max_hp_loss":0.0,"gold_gain":0.0,"event_name":"Golden Wing","player_choice":"Card Removal","floor":5.0,"gold_loss":0.0,"damage_taken":7.0},{"damage_healed":0.0,"max_hp_gain":0.0,"max_hp_loss":0.0,"gold_gain":0.0,"event_name":"Accursed Blacksmith","player_choice":"Rummage","floor":11.0,"gold_loss":0.0,"damage_taken":0.0,"relics_obtained":["WarpedTongs"],"cards_obtained":["Pain"]},{"damage_healed":0.0,"max_hp_gain":0.0,"max_hp_loss":0.0,"gold_gain":0.0,"cards_transformed":["Pain"],"event_name":"Transmorgrifier","player_choice":"Transformed","floor":20.0,"gold_loss":0.0,"damage_taken":0.0,"cards_obtained":["Parasite"]},{"damage_healed":0,"gold_gain":0,"player_choice":"Embrace Madness","damage_taken":12,"max_hp_gain":0,"max_hp_loss":0,"event_name":"Winding Halls","floor":38,"gold_loss":0,"cards_obtained":["Madness","Madness"]}],"is_beta":false,"boss_relics":[{"not_picked":["Nuclear Battery","SlaversCollar"],"picked":"Pandora\u0027s Box"},{"not_picked":["FrozenCore","Black Star"],"picked":"Philosopher\u0027s Stone"}],"items_purged_floors":[21,37],"is_endless":false,"potions_floor_spawned":[1,3,14,24,30,31,33,35],"killed_by":"Giant Head","ascension_level":20}}