{"host":"7pe9xwx78c6nlay8","time":1607629977,"event":{"mods":["BaseMod","Minty Spire (QoL Compilation)"],"gold_per_floor":[118,118,133,208,225,258,270,307,372,395,422,445,485,28,28,127,127,141,155,155,172,192,221,221,16,43,43,77,77,92,102,102,102,102],"floor_reached":33,"playtime":1404,"items_purged":["Strike_P","Strike_P"],"score":467,"play_id":"725271e8-5c2e-492f-a72d-242bd5d2703d","local_time":"20201211035257","is_ascension_mode":true,"campfire_choices":[{"data":"Eruption","floor":7.0,"key":"SMITH"},{"floor":15.0,"key":"REST"},{"floor":24.0,"key":"REST"},{"data":"Alpha","floor":27.0,"key":"SMITH"},{"floor":32.0,"key":"REST"}],"circlet_count":0,"master_deck":["Strike_P","Defend_P","Defend_P","Defend_P","Eruption+1","Vigilance","Prostrate","Study","PathToVictory","PathToVictory","JustLucky","JustLucky","Alpha+1","PathToVictory","DeusExMachina","JustLucky","CutThroughFate","Weave","BattleHymn","DevaForm","ForeignInfluence+1","ThirdEye"],"special_seed":0,"relics":["PureWater","CaptainsWheel","Mercury Hourglass","MawBank","Boot","Regal Pillow","Anchor","Letter Opener","DollysMirror","Empty Cage","Tiny Chest","Blood Vial","The Courier"],"acts_visited":["Exordium","TheCity"],"potions_floor_usage":[33],"damage_taken":[{"damage":0.0,"enemies":"Small Slimes","floor":1.0,"turns":2.0},{"damage":0.0,"enemies":"2 Louse","floor":3.0,"turns":1.0},{"damage":0.0,"enemies":"Cultist","floor":5.0,"turns":4.0},{"damage":5.0,"enemies":"Lagavulin","floor":6.0,"turns":6.0},{"damage":21.0,"enemies":"3 Sentries","floor":8.0,"turns":6.0},{"damage":4.0,"enemies":"3 Louse","floor":10.0,"turns":2.0},{"damage":0.0,"enemies":"Exordium Thugs","floor":11.0,"turns":4.0},{"damage":0.0,"enemies":"Gremlin Gang","floor":12.0,"turns":3.0},{"damage":2.0,"enemies":"Lagavulin","floor":13.0,"turns":5.0},{"damage":0.0,"enemies":"Slime Boss","floor":16.0,"turns":5.0},{"damage":0.0,"enemies":"3 Byrds","floor":18.0,"turns":3.0},{"damage":19.0,"enemies":"Shell Parasite","floor":19.0,"turns":5.0},{"damage":6.0,"enemies":"Snecko","floor":21.0,"turns":4.0},{"damage":0.0,"enemies":"Centurion and Healer","floor":22.0,"turns":5.0},{"damage":11.0,"enemies":"Book of Stabbing","floor":23.0,"turns":5.0},{"damage":39.0,"enemies":"Slavers","floor":28.0,"turns":4.0},{"damage":2.0,"enemies":"Cultist and Chosen","floor":30.0,"turns":4.0},{"damage":14.0,"enemies":"Snake Plant","floor":31.0,"turns":3.0},{"damage":53,"enemies":"Automaton","floor":33,"turns":6}],"seed_played":"6043540265166040739","potions_obtained":[{"floor":6.0,"key":"SteroidPotion"},{"floor":8.0,"key":"AttackPotion"},{"floor":10.0,"key":"LiquidMemories"},{"floor":13.0,"key":"DuplicationPotion"},{"floor":16.0,"key":"FearPotion"},{"floor":21.0,"key":"CultistPotion"},{"floor":22.0,"key":"Weak Potion"},{"floor":31.0,"key":"Fire Potion"}],"is_trial":false,"path_per_floor":["M","?","M","?","M","E","R","E","T","M","M","M","E","$","R","B",null,"M","M","?","M","M","E","R","$","T","R","E","?","M","M","R","B"],"character_chosen":"WATCHER","items_purchased":["Letter Opener","DollysMirror","Weave","BattleHymn"],"campfire_rested":3,"item_purchase_floors":[14,14,25,25],"current_hp_per_floor":[65,58,58,52,52,47,47,26,26,22,22,22,20,20,54,54,62,62,43,37,31,31,20,54,54,54,54,17,17,17,5,39,0,0],"gold":102,"neow_bonus":"ONE_RARE_RELIC","is_daily":false,"chose_seed":false,"campfire_upgraded":2,"win_rate":0,"timestamp":1607629977,"path_taken":["M","?","M","?","M","E","R","E","T","M","M","?","E","$","R","BOSS","M","M","?","M","M","E","R","?","T","R","E","?","M","M","R","BOSS"],"build_version":"2020-11-30","purchased_purges":2,"victory":false,"max_hp_per_floor":[65,65,65,65,65,65,65,65,65,65,65,65,65,65,65,65,65,65,65,65,65,65,65,65,65,65,65,65,65,65,65,65,65,65],"card_choices":[{"not_picked":["Halt","Consecrate"],"picked":"Prostrate","floor":1.0},{"not_picked":["Perseverance","FlyingSleeves"],"picked":"Study","floor":3.0},{"not_picked":["Pray","InnerPeace","FlyingSleeves"],"picked":"SKIP","floor":5.0},{"not_picked":["Meditate","FollowUp"],"picked":"PathToVictory","floor":6.0},{"not_picked":["Vault","FlyingSleeves","FollowUp"],"picked":"SKIP","floor":8.0},{"not_picked":["LikeWater","JustLucky"],"picked":"PathToVictory","floor":10.0},{"not_picked":["Vengeance","WheelKick"],"picked":"JustLucky","floor":11.0},{"not_picked":["Prostrate","Fasting2"],"picked":"JustLucky","floor":12.0},{"not_picked":["FollowUp","Halt"],"picked":"Alpha","floor":13.0},{"not_picked":["Establishment","Omniscience"],"picked":"DeusExMachina","floor":16.0},{"not_picked":["TalkToTheHand","Prostrate"],"picked":"JustLucky","floor":18.0},{"not_picked":["EmptyMind","Worship","Sanctity+1"],"picked":"SKIP","floor":19.0},{"not_picked":["FlyingSleeves+1","MentalFortress","Crescendo"],"picked":"SKIP","floor":21.0},{"not_picked":["EmptyFist+1","FlyingSleeves"],"picked":"CutThroughFate","floor":22.0},{"not_picked":["FollowUp","ClearTheMind","Sanctity"],"picked":"SKIP","floor":23.0},{"not_picked":["CarveReality","WheelKick+1"],"picked":"DevaForm","floor":28.0},{"not_picked":["EmptyFist","Tantrum"],"picked":"ForeignInfluence+1","floor":30.0},{"not_picked":["FlurryOfBlows","DeceiveReality+1"],"picked":"ThirdEye","floor":31.0}],"player_experience":1483786,"relics_obtained":[{"floor":6.0,"key":"MawBank"},{"floor":8.0,"key":"Boot"},{"floor":9.0,"key":"Regal Pillow"},{"floor":13.0,"key":"Anchor"},{"floor":23.0,"key":"Tiny Chest"},{"floor":26.0,"key":"Blood Vial"},{"floor":28.0,"key":"The Courier"}],"event_choices":[{"damage_healed":0.0,"max_hp_gain":0.0,"max_hp_loss":0.0,"gold_gain":0.0,"event_name":"Scrap Ooze","player_choice":"Success","floor":2.0,"gold_loss":0.0,"damage_taken":7.0,"relics_obtained":["Mercury Hourglass"]},{"damage_healed":0.0,"max_hp_gain":0.0,"max_hp_loss":0.0,"gold_gain":75.0,"event_name":"FaceTrader","player_choice":"Touch","floor":4.0,"gold_loss":0.0,"damage_taken":6.0},{"damage_healed":0.0,"max_hp_gain":0.0,"max_hp_loss":0.0,"gold_gain":0.0,"event_name":"Knowing Skull","player_choice":"","floor":20.0,"potions_obtained":[],"gold_loss":0.0,"damage_taken":6.0,"cards_obtained":[]},{"damage_healed":0.0,"max_hp_gain":0.0,"max_hp_loss":0.0,"gold_gain":0.0,"event_name":"Match and Keep!","player_choice":"0 cards matched","floor":29.0,"gold_loss":0.0,"damage_taken":0.0,"cards_obtained":[]}],"is_beta":false,"boss_relics":[{"not_picked":["Astrolabe","Philosopher\u0027s Stone"],"picked":"Empty Cage"}],"items_purged_floors":[14,25],"is_endless":false,"potions_floor_spawned":[6,8,10,13,16,21,22,31],"killed_by":"Automaton","ascension_level":6}}