{"host":"c96g4iucl6ju6ck4","time":1607560299,"event":{"gold_per_floor":[109,109,184,359,372,397,407,419,419,419,447,460,460,460],"floor_reached":13,"playtime":480,"items_purged":[],"score":120,"play_id":"bd37fa2c-247f-4e31-87e1-a5477469ac1c","local_time":"20201209193139","is_ascension_mode":false,"campfire_choices":[],"neow_cost":"NONE","seed_source_timestamp":315776286186500,"circlet_count":0,"master_deck":["Strike_P","Strike_P","Strike_P","Strike_P","Defend_P","Defend_P","Defend_P","Defend_P","Eruption+1","Vigilance","FlyingSleeves","Doubt","Consecrate","WindmillStrike","FollowUp","Halt","Prostrate+1","Consecrate"],"special_seed":0,"relics":["PureWater","NeowsBlessing","Bag of Marbles","Toxic Egg 2","FossilizedHelix"],"potions_floor_usage":[13,13],"damage_taken":[{"damage":0.0,"enemies":"Jaw Worm","floor":1.0,"turns":1.0},{"damage":0.0,"enemies":"2 Louse","floor":5.0,"turns":1.0},{"damage":0.0,"enemies":"Gremlin Nob","floor":6.0,"turns":1.0},{"damage":0.0,"enemies":"Small Slimes","floor":7.0,"turns":2.0},{"damage":0.0,"enemies":"3 Louse","floor":8.0,"turns":1.0},{"damage":19.0,"enemies":"3 Sentries","floor":11.0,"turns":8.0},{"damage":0.0,"enemies":"Gremlin Gang","floor":12.0,"turns":3.0},{"damage":82,"enemies":"Gremlin Nob","floor":13,"turns":4}],"seed_played":"-2589174227981959245","potions_obtained":[{"floor":6.0,"key":"Block Potion"},{"floor":8.0,"key":"SneckoOil"},{"floor":11.0,"key":"PowerPotion"},{"floor":12.0,"key":"Swift Potion"}],"is_trial":false,"path_per_floor":["M","?","?","?","M","E","M","M","T","?","E","M","E"],"character_chosen":"WATCHER","items_purchased":[],"campfire_rested":0,"item_purchase_floors":[],"current_hp_per_floor":[72,77,66,66,66,66,66,66,66,66,47,47,0,0],"gold":460,"neow_bonus":"THREE_ENEMY_KILL","is_prod":false,"is_daily":false,"chose_seed":false,"campfire_upgraded":0,"win_rate":0,"timestamp":1607560299,"path_taken":["M","?","?","?","M","E","M","M","T","?","E","M","E"],"build_version":"2020-11-30","purchased_purges":0,"victory":false,"max_hp_per_floor":[72,77,77,77,77,77,77,77,77,77,77,77,77,77],"card_choices":[{"not_picked":["ClearTheMind","Wireheading"],"picked":"FlyingSleeves","floor":1.0},{"not_picked":["EmptyFist","WindmillStrike"],"picked":"Consecrate","floor":5.0},{"not_picked":["Collect","EmptyFist"],"picked":"WindmillStrike","floor":6.0},{"not_picked":["Evaluate","TalkToTheHand"],"picked":"FollowUp","floor":7.0},{"not_picked":["ThirdEye","MentalFortress"],"picked":"Halt","floor":8.0},{"not_picked":["Ragnarok","JustLucky"],"picked":"Prostrate+1","floor":11.0},{"not_picked":["SashWhip","ThirdEye+1"],"picked":"Consecrate","floor":12.0}],"player_experience":336963,"relics_obtained":[{"floor":6.0,"key":"Bag of Marbles"},{"floor":9.0,"key":"Toxic Egg 2"},{"floor":11.0,"key":"FossilizedHelix"}],"event_choices":[{"damage_healed":0.0,"max_hp_gain":5.0,"max_hp_loss":0.0,"gold_gain":0.0,"event_name":"Big Fish","player_choice":"Donut","floor":2.0,"gold_loss":0.0,"damage_taken":0.0},{"damage_healed":0.0,"max_hp_gain":0.0,"max_hp_loss":0.0,"gold_gain":75.0,"event_name":"World of Goop","player_choice":"Gather Gold","floor":3.0,"gold_loss":0.0,"damage_taken":11.0},{"damage_healed":0.0,"max_hp_gain":0.0,"max_hp_loss":0.0,"gold_gain":175.0,"event_name":"Liars Game","player_choice":"AGREE","floor":4.0,"gold_loss":0.0,"damage_taken":0.0,"cards_obtained":["Doubt"]},{"damage_healed":0.0,"max_hp_gain":0.0,"max_hp_loss":0.0,"gold_gain":0.0,"event_name":"Living Wall","player_choice":"Grow","floor":10.0,"gold_loss":0.0,"damage_taken":0.0,"cards_upgraded":["Eruption"]}],"is_beta":false,"boss_relics":[],"items_purged_floors":[],"is_endless":false,"potions_floor_spawned":[6,8,11,12],"killed_by":"Gremlin Nob","ascension_level":0}}