{"host":"usewcu4ohw2wtmxk","time":1607632514,"event":{"mods":["BaseMod","AchievementEnabler","Colored Powertips","Minty Spire (QoL Compilation)","Permanent Neow","Quick Restart","Relic Sorter","Relic Stats","Shop Mod","StSLib","BetterRewards","UnlockEverythingMod"],"gold_per_floor":[419,29,29,42,42,75,75,89,89,89,108,143,14,27,27,27,27],"floor_reached":16,"playtime":462,"items_purged":["Strike_G","Strike_G"],"score":245,"play_id":"75c986ba-ec41-4fb2-9828-89ab53410927","local_time":"20201211043514","is_ascension_mode":true,"campfire_choices":[{"data":"Die Die Die","floor":7.0,"key":"SMITH"},{"data":"Blade Dance","floor":10.0,"key":"SMITH"},{"floor":15,"key":"REST"}],"circlet_count":0,"master_deck":["AscendersBane","Strike_G","Strike_G","Strike_G","Defend_G","Defend_G","Defend_G","Defend_G","Defend_G","Survivor","Neutralize","Blade Dance+1","Dagger Spray","Concentrate","Acrobatics","Die Die Die+1","Reflex","Blade Dance+1","Blade Dance+1","Blade Dance+1"],"special_seed":0,"relics":["Ring of the Snake","Old Coin","Orrery","CultistMask","Toxic Egg 2","Gremlin Horn"],"acts_visited":["Exordium"],"potions_floor_usage":[12,12],"damage_taken":[{"damage":7.0,"enemies":"Jaw Worm","floor":1.0,"turns":5.0},{"damage":8.0,"enemies":"Cultist","floor":4.0,"turns":4.0},{"damage":12.0,"enemies":"3 Sentries","floor":6.0,"turns":3.0},{"damage":0.0,"enemies":"Small Slimes","floor":8.0,"turns":1.0},{"damage":3.0,"enemies":"3 Louse","floor":11.0,"turns":2.0},{"damage":25,"enemies":"Lagavulin","floor":12,"turns":7},{"damage":0,"enemies":"Exordium Wildlife","floor":14,"turns":3},{"damage":15,"enemies":"Slime Boss","floor":16,"turns":7}],"seed_played":"5749480029540586869","potions_obtained":[{"floor":1.0,"key":"Strength Potion"},{"floor":8.0,"key":"SkillPotion"},{"floor":11.0,"key":"Weak Potion"},{"floor":12,"key":"BlessingOfTheForge"}],"is_trial":false,"path_per_floor":["M","$","?","M","$","E","R","M","T","R","M","E","$","M","R","B"],"character_chosen":"THE_SILENT","items_purchased":["Orrery","Die Die Die","Blade Dance+1"],"campfire_rested":1,"item_purchase_floors":[2,2,13],"current_hp_per_floor":[52,52,52,44,44,32,32,32,32,32,29,4,4,4,22,7,7],"gold":27,"neow_bonus":"ONE_RARE_RELIC","is_daily":false,"chose_seed":false,"campfire_upgraded":2,"win_rate":0,"timestamp":1607632514,"path_taken":["M","$","?","M","?","E","R","M","T","R","M","E","$","M","R","BOSS"],"build_version":"2020-11-30","purchased_purges":2,"victory":false,"max_hp_per_floor":[60,60,60,60,60,60,60,60,60,60,60,60,60,60,60,60,60],"relic_stats":{"Gremlin Horn":[1,1],"counters":[8,32],"obtain_stats":[{"Gremlin Horn":12,"Orrery":2,"CultistMask":3,"Toxic Egg 2":6,"Ring of the Snake":0,"Old Coin":0},{"Gremlin Horn":6,"Orrery":1,"CultistMask":1,"Toxic Egg 2":3,"Ring of the Snake":0,"Old Coin":0},{"Gremlin Horn":22,"Orrery":5,"CultistMask":5,"Toxic Egg 2":12,"Ring of the Snake":0,"Old Coin":0}],"Ring of the Snake":[16]},"card_choices":[{"not_picked":["Concentrate","Backstab"],"picked":"Blade Dance","floor":1.0},{"not_picked":["Deflect","Night Terror"],"picked":"Dagger Spray","floor":2.0},{"not_picked":["Dagger Throw","Quick Slash"],"picked":"Concentrate","floor":2.0},{"not_picked":["Catalyst","Quick Slash"],"picked":"Acrobatics","floor":2.0},{"not_picked":["Dagger Spray","Acrobatics"],"picked":"Reflex","floor":4.0},{"not_picked":["Choke","Slice","Prepared+1"],"picked":"SKIP","floor":6.0},{"not_picked":["Dagger Throw","Bane","Leg Sweep+1"],"picked":"SKIP","floor":8.0},{"not_picked":["Dagger Throw","Prepared+1","Choke"],"picked":"SKIP","floor":11.0},{"not_picked":["A Thousand Cuts","Flying Knee"],"picked":"Blade Dance+1","floor":12},{"not_picked":["Well Laid Plans","Cloak And Dagger+1"],"picked":"Blade Dance+1","floor":14}],"player_experience":235401,"relics_obtained":[{"floor":6.0,"key":"Toxic Egg 2"},{"floor":12,"key":"Gremlin Horn"}],"event_choices":[{"damage_healed":0.0,"max_hp_gain":0.0,"max_hp_loss":0.0,"gold_gain":0.0,"event_name":"FaceTrader","player_choice":"Trade","floor":3.0,"gold_loss":0.0,"damage_taken":0.0,"relics_obtained":["CultistMask"]}],"is_beta":false,"boss_relics":[],"items_purged_floors":[2,13],"is_endless":false,"potions_floor_spawned":[1,8,11,12],"killed_by":"Slime Boss","ascension_level":20}}