{"host":"j0a1jfichhxu8b8p","time":1607569167,"event":{"gold_per_floor":[112,187,204,223,223,223,254,254,331,331,361,361,393,10,10,89,89,105,134,146,146,46,46,46,46,127,137,137,153,203,228,228,228,228],"floor_reached":33,"playtime":1244,"items_purged":["Strike_R","Decay"],"score":567,"play_id":"51f3ddcf-ab46-4ed4-9c25-4f0e4e8d56b6","local_time":"20201210115927","is_ascension_mode":true,"campfire_choices":[{"data":"Armaments","floor":6.0,"key":"SMITH"},{"data":"Barricade","floor":8.0,"key":"SMITH"},{"data":"Wild Strike","floor":10.0,"key":"SMITH"},{"data":"Body Slam","floor":15.0,"key":"SMITH"},{"floor":23.0,"key":"REST"},{"data":"Shrug It Off","floor":25.0,"key":"SMITH"},{"data":"Shrug It Off","floor":32,"key":"SMITH"}],"neow_cost":"NONE","seed_source_timestamp":15512984185700,"circlet_count":0,"master_deck":["AscendersBane","Defend_R","Defend_R","Defend_R","Defend_R","Bash","Armaments+1","Shrug It Off+1","Wild Strike+1","Barricade+1","Shrug It Off+1","Body Slam+1","Power Through","Spot Weakness","Offering","Body Slam+1","Thunderclap"],"special_seed":0,"relics":["Runic Dome","Toy Ornithopter","Bottled Flame","Blood Vial","Matryoshka","Oddly Smooth Stone","White Beast Statue","Empty Cage","Red Mask","Self Forming Clay","Question Card","Art of War"],"potions_floor_usage":[31,33,33],"damage_taken":[{"damage":9.0,"enemies":"Jaw Worm","floor":1.0,"turns":3.0},{"damage":1.0,"enemies":"2 Louse","floor":3.0,"turns":3.0},{"damage":0.0,"enemies":"Small Slimes","floor":4.0,"turns":4.0},{"damage":22.0,"enemies":"Lagavulin","floor":7.0,"turns":7.0},{"damage":0.0,"enemies":"3 Sentries","floor":11.0,"turns":7.0},{"damage":3.0,"enemies":"Lagavulin","floor":13.0,"turns":8.0},{"damage":20.0,"enemies":"Slime Boss","floor":16.0,"turns":6.0},{"damage":10.0,"enemies":"2 Thieves","floor":18.0,"turns":4.0},{"damage":33.0,"enemies":"Masked Bandits","floor":19.0,"turns":5.0},{"damage":14.0,"enemies":"Chosen","floor":20.0,"turns":7.0},{"damage":0.0,"enemies":"Slavers","floor":24.0,"turns":1.0},{"damage":0.0,"enemies":"Snecko","floor":27.0,"turns":8.0},{"damage":6.0,"enemies":"Sentry and Sphere","floor":29.0,"turns":12.0},{"damage":20,"enemies":"Gremlin Leader","floor":31,"turns":5},{"damage":86,"enemies":"Collector","floor":33,"turns":6}],"seed_played":"-2254637995545887276","potions_obtained":[{"floor":1.0,"key":"SpeedPotion"},{"floor":3.0,"key":"Fire Potion"},{"floor":16.0,"key":"SkillPotion"},{"floor":18.0,"key":"LiquidBronze"},{"floor":19.0,"key":"SmokeBomb"},{"floor":27.0,"key":"Weak Potion"},{"floor":29.0,"key":"EntropicBrew"},{"floor":31,"key":"BloodPotion"}],"is_trial":false,"path_per_floor":["M","?","M","M","?","R","E","R","T","R","E","T","E","$","R","B",null,"M","?","M","?","$","R","E","R","T","M","?","M","?","E","R","B"],"character_chosen":"IRONCLAD","items_purchased":["Body Slam","White Beast Statue"],"campfire_rested":1,"item_purchase_floors":[14,14],"current_hp_per_floor":[59,48,47,47,47,47,25,25,25,25,25,25,24,24,24,6,58,55,29,17,17,17,39,46,46,46,48,48,44,44,31,31,0,0],"gold":228,"neow_bonus":"BOSS_RELIC","is_prod":false,"is_daily":false,"chose_seed":false,"campfire_upgraded":6,"win_rate":0,"timestamp":1607569167,"path_taken":["M","?","M","M","?","R","E","R","T","R","E","?","E","$","R","BOSS","M","?","M","?","$","R","E","R","T","M","?","M","?","E","R","BOSS"],"build_version":"2020-11-30","purchased_purges":2,"victory":false,"max_hp_per_floor":[75,75,75,75,75,75,75,75,75,75,75,75,75,75,75,75,75,75,75,75,75,75,75,75,75,75,75,75,75,75,75,75,75,75],"card_choices":[{"not_picked":["Headbutt","Sword Boomerang"],"picked":"Armaments","floor":1.0},{"not_picked":["True Grit","Body Slam"],"picked":"Shrug It Off","floor":3.0},{"not_picked":["Perfected Strike","Burning Pact"],"picked":"Cleave","floor":4.0},{"not_picked":["Pommel Strike","Shockwave"],"picked":"Barricade","floor":7.0},{"not_picked":["True Grit","Seeing Red"],"picked":"Shrug It Off","floor":11.0},{"not_picked":["Infernal Blade","Burning Pact","True Grit"],"picked":"SKIP","floor":13.0},{"not_picked":["Thunderclap","Sword Boomerang+1","Carnage"],"picked":"SKIP","floor":18.0},{"not_picked":["Dark Embrace","Searing Blow","Seeing Red+1"],"picked":"SKIP","floor":20.0},{"not_picked":["Battle Trance","Combust","Anger"],"picked":"Power Through","floor":27.0},{"not_picked":["Battle Trance","Barricade","Flex+1"],"picked":"Body Slam+1","floor":29.0},{"not_picked":["Wild Strike","Cleave","Metallicize"],"picked":"Thunderclap","floor":31}],"player_experience":269096,"relics_obtained":[{"floor":7.0,"key":"Toy Ornithopter"},{"floor":9.0,"key":"Bottled Flame"},{"floor":11.0,"key":"Blood Vial"},{"floor":12.0,"key":"Matryoshka"},{"floor":13.0,"key":"Oddly Smooth Stone"},{"floor":19.0,"key":"Red Mask"},{"floor":26.0,"key":"Self Forming Clay"},{"floor":26.0,"key":"Question Card"},{"floor":31,"key":"Art of War"}],"event_choices":[{"damage_healed":0.0,"max_hp_gain":0.0,"max_hp_loss":0.0,"gold_gain":75.0,"event_name":"World of Goop","player_choice":"Gather Gold","floor":2.0,"gold_loss":0.0,"damage_taken":11.0},{"damage_healed":0.0,"max_hp_gain":0.0,"max_hp_loss":0.0,"gold_gain":0.0,"cards_transformed":["Strike_R"],"event_name":"Living Wall","player_choice":"Change","floor":5.0,"gold_loss":0.0,"damage_taken":0.0,"cards_obtained":["Wild Strike"]},{"damage_healed":0.0,"max_hp_gain":0.0,"max_hp_loss":0.0,"gold_gain":0.0,"event_name":"Masked Bandits","player_choice":"Fought Bandits","floor":19.0,"gold_loss":0.0,"damage_taken":0.0},{"damage_healed":0.0,"max_hp_gain":0.0,"max_hp_loss":0.0,"gold_gain":0.0,"event_name":"Forgotten Altar","player_choice":"Smashed Altar","floor":21.0,"gold_loss":0.0,"damage_taken":0.0,"cards_obtained":["Decay"]},{"damage_healed":0.0,"max_hp_gain":0.0,"max_hp_loss":0.0,"gold_gain":0.0,"cards_transformed":["Strike_R","Cleave"],"event_name":"Drug Dealer","player_choice":"Became Test Subject","floor":28.0,"gold_loss":0.0,"damage_taken":0.0,"cards_obtained":["Spot Weakness","Offering"]},{"damage_healed":0.0,"max_hp_gain":0.0,"max_hp_loss":0.0,"gold_gain":50.0,"event_name":"Nest","player_choice":"Stole From Cult","floor":30.0,"gold_loss":0.0,"damage_taken":0.0}],"is_beta":false,"boss_relics":[{"not_picked":["Runic Cube","SlaversCollar"],"picked":"Empty Cage"}],"items_purged_floors":[14,22],"is_endless":false,"potions_floor_spawned":[1,3,16,18,19,20,24,27,29,31],"killed_by":"Collector","ascension_level":15}}