{"host":"lxu17chzujqn8whl","time":1613094800,"event":{"mods":["BaseMod","Minty Spire (QoL Compilation)","Relic Stats","StSLib"],"gold_per_floor":[113,113,131,131,145,173,173,26,26,43,62,95,108,108,108,208,208,208,208],"floor_reached":18,"language":"ENG","playtime":546,"items_purged":[],"score":172,"play_id":"92c439f4-aa82-4efe-a586-7583720a3fd9","local_time":"20210211175320","is_ascension_mode":false,"campfire_choices":[{"data":"Hologram","floor":7,"key":"SMITH"},{"floor":15,"key":"REST"}],"circlet_count":0,"master_deck":["Strike_B","Strike_B","Strike_B","Strike_B","Defend_B","Defend_B","Defend_B","Defend_B","Zap","Dualcast","Blind+1","Cold Snap","Cold Snap","Hologram+1","Echo Form","Conserve Battery","Sweeping Beam","Leap","Coolheaded","Genetic Algorithm","Turbo","Biased Cognition"],"relics":["Cracked Core","Calipers","Vajra","Prayer Wheel","Turnip","Black Star"],"acts_visited":["Exordium","TheCity"],"potions_floor_usage":[6,12,12,14,16,16],"damage_taken":[{"damage":0,"enemies":"2 Louse","floor":1,"turns":2},{"damage":0,"enemies":"Cultist","floor":3,"turns":4},{"damage":0,"enemies":"Small Slimes","floor":5,"turns":3},{"damage":27,"enemies":"Lagavulin","floor":6,"turns":9},{"damage":0,"enemies":"Exordium Thugs","floor":10,"turns":4},{"damage":9,"enemies":"Looter","floor":11,"turns":3},{"damage":9,"enemies":"3 Sentries","floor":12,"turns":2},{"damage":2,"enemies":"Large Slime","floor":13,"turns":6},{"damage":4,"enemies":"The Guardian","floor":16,"turns":12},{"damage":8,"enemies":"Shell Parasite","floor":18,"turns":8}],"seed_played":"-2383090666054608315","potions_obtained":[{"floor":1,"key":"ColorlessPotion"},{"floor":3,"key":"SneckoOil"},{"floor":6,"key":"SkillPotion"},{"floor":12,"key":"Block Potion"},{"floor":13,"key":"Fire Potion"},{"floor":14,"key":"FairyPotion"},{"floor":14,"key":"Fruit Juice"},{"floor":14,"key":"AttackPotion"}],"is_trial":false,"path_per_floor":["M","?","M","?","M","E","R","$","T","M","M","E","M","?","R","B",null,"M"],"character_chosen":"DEFECT","items_purchased":["Vajra"],"campfire_rested":1,"item_purchase_floors":[8],"current_hp_per_floor":[82,82,82,82,82,55,55,55,55,55,46,37,35,40,66,62,87,79,79],"gold":208,"neow_bonus":"TEN_PERCENT_HP_BONUS","is_daily":false,"chose_seed":false,"campfire_upgraded":1,"win_rate":0.0,"timestamp":1613094800,"path_taken":["M","?","?","?","?","E","R","$","T","M","M","E","M","?","R","BOSS","M"],"items_purchased_type":["Relic"],"build_version":"2020-12-22","purchased_purges":0,"victory":false,"max_hp_per_floor":[82,82,82,82,82,82,82,82,82,82,82,82,82,87,87,87,87,87,87],"relic_stats":{"counters":[10,53],"Prayer Wheel":3,"Turnip":[2],"Black Star":0,"obtain_stats":[{"Calipers":6,"Vajra":8,"Prayer Wheel":9,"Turnip":12,"Black Star":17,"Cracked Core":0},{"Calipers":4,"Vajra":4,"Prayer Wheel":4,"Turnip":7,"Black Star":9,"Cracked Core":0},{"Calipers":18,"Vajra":18,"Prayer Wheel":18,"Turnip":27,"Black Star":45,"Cracked Core":0}]},"card_choices":[{"not_picked":["Undo","Recycle","Compile Driver"],"picked":"SKIP","floor":1},{"not_picked":["Steam Power","Steam"],"picked":"Cold Snap","floor":3},{"not_picked":["Aggregate","Static Discharge"],"picked":"Cold Snap","floor":5},{"not_picked":["Go for the Eyes","Heatsinks"],"picked":"Hologram","floor":6},{"not_picked":["Melter","Steam"],"picked":"Echo Form","floor":10},{"not_picked":["Auto Shields","Barrage"],"picked":"Conserve Battery","floor":10},{"not_picked":["Undo","Go for the Eyes"],"picked":"Sweeping Beam","floor":11},{"not_picked":["Sweeping Beam","Redo"],"picked":"Leap","floor":11},{"not_picked":["Hyperbeam","Multi-Cast"],"picked":"Coolheaded","floor":12},{"not_picked":["Hologram","Consume"],"picked":"Genetic Algorithm","floor":13},{"not_picked":["Beam Cell","Melter"],"picked":"Turbo","floor":13},{"not_picked":["Meteor Strike","Fission"],"picked":"Biased Cognition","floor":16}],"player_experience":667910,"relics_obtained":[{"floor":6,"key":"Calipers"},{"floor":9,"key":"Prayer Wheel"},{"floor":12,"key":"Turnip"}],"event_choices":[{"damage_healed":0,"gold_gain":0,"player_choice":"1 cards matched","damage_taken":0,"max_hp_gain":0,"max_hp_loss":0,"event_name":"Match and Keep!","floor":2,"gold_loss":0,"cards_obtained":["Blind"]},{"damage_healed":0,"gold_gain":0,"player_choice":"Upgraded","damage_taken":0,"max_hp_gain":0,"max_hp_loss":0,"event_name":"Upgrade Shrine","floor":4,"gold_loss":0,"cards_upgraded":["Blind"]},{"damage_healed":0,"gold_gain":0,"player_choice":"Got Potions","damage_taken":0,"max_hp_gain":0,"max_hp_loss":0,"event_name":"Lab","floor":14,"gold_loss":0}],"is_beta":false,"boss_relics":[{"not_picked":["FrozenCore","Ectoplasm"],"picked":"Black Star"}],"items_purged_floors":[],"is_endless":false,"potions_floor_spawned":[1,3,6,12,13],"killed_by":"Shell Parasite","ascension_level":0}}