{"host":"u8f6oqzdc7r6igag","time":1613104979,"event":{"mods":["BaseMod","Minty Spire (QoL Compilation)","Relic Stats"],"gold_per_floor":[118,131,131,149,162,195,195,221,245,245,280,136,136,154,154,253,253,270,26,26,39,39,39,64,77,77,77,77],"floor_reached":27,"language":"ENG","playtime":4953,"items_purged":["Clash"],"score":326,"play_id":"3b0f8a44-0124-4d2f-bec2-266907ff39cb","local_time":"20210211224259","is_ascension_mode":true,"campfire_choices":[{"data":"Rupture","floor":7,"key":"SMITH"},{"data":"Mayhem","floor":10,"key":"SMITH"},{"floor":15,"key":"REST"},{"data":"Fire Breathing","floor":23,"key":"SMITH"}],"circlet_count":0,"master_deck":["Strike_R","Strike_R","Strike_R","Strike_R","Defend_R","Defend_R","Defend_R","Defend_R","Bash","Mayhem+1","Power Through","Shrug It Off","Rupture+1","Thunderclap","Brutality","Offering","Shockwave","Spot Weakness","Swift Strike","Evolve","Feed","Fire Breathing+1","Fire Breathing","Shrug It Off","Fire Breathing","Battle Trance","Flame Barrier"],"relics":["Burning Blood","Happy Flower","MealTicket","Boot","Juzu Bracelet","Mark of Pain","DollysMirror","Molten Egg 2"],"acts_visited":["Exordium","TheCity"],"potions_floor_usage":[6,6,11,11,27,27,27],"damage_taken":[{"damage":5,"enemies":"Cultist","floor":1,"turns":5},{"damage":7,"enemies":"Jaw Worm","floor":2,"turns":4},{"damage":1,"enemies":"Small Slimes","floor":4,"turns":6},{"damage":8,"enemies":"Blue Slaver","floor":5,"turns":6},{"damage":37,"enemies":"3 Sentries","floor":6,"turns":7},{"damage":14,"enemies":"Lagavulin","floor":8,"turns":7},{"damage":24,"enemies":"Gremlin Nob","floor":11,"turns":4},{"damage":14,"enemies":"Large Slime","floor":14,"turns":6},{"damage":46,"enemies":"The Guardian","floor":16,"turns":8},{"damage":26,"enemies":"Spheric Guardian","floor":18,"turns":4},{"damage":36,"enemies":"3 Byrds","floor":21,"turns":5},{"damage":33,"enemies":"Gremlin Leader","floor":24,"turns":6},{"damage":7,"enemies":"3 Cultists","floor":25,"turns":5},{"damage":20,"enemies":"Shelled Parasite and Fungi","floor":27,"turns":5}],"seed_played":"-8431234416437660249","potions_obtained":[{"floor":1,"key":"Regen Potion"},{"floor":2,"key":"PowerPotion"},{"floor":6,"key":"PowerPotion"},{"floor":8,"key":"GamblersBrew"},{"floor":18,"key":"SteroidPotion"},{"floor":21,"key":"SteroidPotion"},{"floor":25,"key":"CultistPotion"}],"is_trial":false,"path_per_floor":["M","M","?","M","M","E","R","E","T","R","E","$","?","M","R","B",null,"M","$","?","M","$","R","E","M","T","M"],"character_chosen":"IRONCLAD","items_purchased":["Spot Weakness","Fire Breathing","DollysMirror","Shrug It Off"],"campfire_rested":1,"item_purchase_floors":[12,19,19,19],"current_hp_per_floor":[72,71,71,72,70,53,53,45,45,45,27,42,42,34,55,15,58,41,56,56,29,44,44,17,19,19,0,0],"gold":77,"neow_bonus":"RANDOM_COLORLESS_2","is_daily":false,"chose_seed":false,"campfire_upgraded":3,"win_rate":0.0,"timestamp":1613104979,"path_taken":["M","M","?","M","M","E","R","E","T","R","E","$","?","M","R","BOSS","M","$","?","M","?","R","E","M","T","M"],"items_purchased_type":["Card","Card","Relic","Card"],"build_version":"2020-12-22","purchased_purges":1,"victory":false,"max_hp_per_floor":[72,72,72,72,72,72,72,72,72,72,72,72,72,72,72,72,72,75,75,75,78,78,78,78,81,81,81,81],"relic_stats":{"Happy Flower":[16],"counters":[14,78],"MealTicket":45,"Juzu Bracelet":0,"Boot":[15],"obtain_stats":[{"Happy Flower":6,"DollysMirror":19,"MealTicket":8,"Molten Egg 2":24,"Mark of Pain":17,"Juzu Bracelet":11,"Boot":9,"Burning Blood":0},{"Happy Flower":5,"DollysMirror":10,"MealTicket":6,"Molten Egg 2":12,"Mark of Pain":9,"Juzu Bracelet":7,"Boot":6,"Burning Blood":0},{"Happy Flower":28,"DollysMirror":57,"MealTicket":35,"Molten Egg 2":68,"Mark of Pain":53,"Juzu Bracelet":39,"Boot":35,"Burning Blood":0}],"Burning Blood":73},"card_choices":[{"not_picked":["Secret Technique","Magnetism"],"picked":"Mayhem","floor":0},{"not_picked":["Heavy Blade","Seeing Red"],"picked":"Power Through","floor":1},{"not_picked":["True Grit","Clash"],"picked":"Shrug It Off","floor":2},{"not_picked":["Fire Breathing","Clash"],"picked":"Rupture","floor":4},{"not_picked":["Uppercut","Heavy Blade"],"picked":"Thunderclap","floor":5},{"not_picked":["True Grit","Iron Wave"],"picked":"Brutality","floor":6},{"not_picked":["Clash","True Grit"],"picked":"Offering","floor":8},{"not_picked":["Bloodletting","Thunderclap"],"picked":"Shockwave","floor":11},{"not_picked":["Twin Strike","Thunderclap"],"picked":"Evolve","floor":14},{"not_picked":["Brutality","Fiend Fire"],"picked":"Feed","floor":16},{"not_picked":["Ghostly Armor","Warcry","Uppercut+1"],"picked":"SKIP","floor":18},{"not_picked":["Clash","Metallicize+1","Flex"],"picked":"SKIP","floor":21},{"not_picked":["Clothesline+1","Burning Pact"],"picked":"Battle Trance","floor":24},{"not_picked":["Searing Blow+1","Wild Strike+1"],"picked":"Flame Barrier","floor":25}],"player_experience":156037,"relics_obtained":[{"floor":6,"key":"Happy Flower"},{"floor":8,"key":"MealTicket"},{"floor":9,"key":"Boot"},{"floor":11,"key":"Juzu Bracelet"},{"floor":24,"key":"Molten Egg 2"}],"event_choices":[{"damage_healed":0,"gold_gain":0,"cards_transformed":["Strike_R"],"player_choice":"Change","damage_taken":0,"max_hp_gain":0,"max_hp_loss":0,"event_name":"Living Wall","floor":3,"gold_loss":0,"cards_obtained":["Clash"]},{"damage_healed":0,"gold_gain":0,"player_choice":"1 cards matched","damage_taken":0,"max_hp_gain":0,"max_hp_loss":0,"event_name":"Match and Keep!","floor":13,"gold_loss":0,"cards_obtained":["Swift Strike"]},{"damage_healed":0,"gold_gain":0,"player_choice":"Read","damage_taken":0,"max_hp_gain":0,"max_hp_loss":0,"event_name":"The Library","floor":20,"gold_loss":0,"cards_obtained":["Fire Breathing"]}],"is_beta":false,"boss_relics":[{"not_picked":["Runic Dome","Fusion Hammer"],"picked":"Mark of Pain"}],"items_purged_floors":[12],"is_endless":false,"potions_floor_spawned":[1,2,6,8,18,21,25],"killed_by":"Shelled Parasite and Fungi","ascension_level":6}}