{"host":"r4aerl4ckfvw1dw3","time":1613097565,"event":{"mods":["BaseMod","BetterRewards","Minty Spire (QoL Compilation)","Quick Restart","StSLib"],"gold_per_floor":[212,229,249,33,44,70,70,70,70,85,85,98,130,143,143,248,248,259,174,184,195,120,120,148,160,213,54,54,54,72,72,72,72,72],"floor_reached":33,"language":"ENG","playtime":2154,"items_purged":[],"score":307,"play_id":"b88a48ec-6d79-4b9a-805a-4ba69dad0852","local_time":"20210211183925","is_ascension_mode":true,"campfire_choices":[{"data":"Loop","floor":8,"key":"SMITH"},{"data":"Redo","floor":11,"key":"SMITH"},{"data":"Zap","floor":15,"key":"SMITH"},{"data":"Lockon","floor":23,"key":"SMITH"},{"floor":28,"key":"REST"},{"data":"Fission","floor":32,"key":"SMITH"}],"circlet_count":0,"master_deck":["Strike_B","Strike_B","Strike_B+1","Defend_B","Defend_B","Defend_B","Defend_B","Zap+1","Dualcast","Melter","Go for the Eyes+1","Coolheaded","Loop+1","Chill","Redo+1","Cold Snap","Coolheaded","Storm","Fission+1","Turbo","Hologram","Lockon+1","Capacitor","Multi-Cast","Cold Snap","Darkness"],"relics":["Cracked Core","Orichalcum","Eternal Feather","White Beast Statue","Bottled Flame","Runic Pyramid","The Courier","Potion Belt","Juzu Bracelet"],"acts_visited":["Exordium","TheCity"],"potions_floor_usage":[6,16,18,20,24,25,25,33,33],"damage_taken":[{"damage":3,"enemies":"Small Slimes","floor":1,"turns":4},{"damage":7,"enemies":"Jaw Worm","floor":2,"turns":3},{"damage":0,"enemies":"2 Louse","floor":3,"turns":2},{"damage":10,"enemies":"Exordium Thugs","floor":5,"turns":5},{"damage":6,"enemies":"Lagavulin","floor":6,"turns":7},{"damage":4,"enemies":"Looter","floor":10,"turns":3},{"damage":8,"enemies":"Exordium Wildlife","floor":12,"turns":3},{"damage":2,"enemies":"3 Sentries","floor":13,"turns":9},{"damage":2,"enemies":"Blue Slaver","floor":14,"turns":3},{"damage":18,"enemies":"The Guardian","floor":16,"turns":14},{"damage":16,"enemies":"3 Byrds","floor":18,"turns":7},{"damage":11,"enemies":"2 Thieves","floor":20,"turns":4},{"damage":8,"enemies":"Centurion and Healer","floor":21,"turns":12},{"damage":51,"enemies":"Slavers","floor":24,"turns":10},{"damage":9,"enemies":"Snake Plant","floor":25,"turns":4},{"damage":0,"enemies":"Cultist and Chosen","floor":30,"turns":6},{"damage":14,"enemies":"Collector","floor":33,"turns":7}],"seed_played":"6436949551425102927","potions_obtained":[{"floor":1,"key":"DistilledChaos"},{"floor":3,"key":"FocusPotion"},{"floor":10,"key":"Block Potion"},{"floor":12,"key":"FairyPotion"},{"floor":14,"key":"Fire Potion"},{"floor":16,"key":"DuplicationPotion"},{"floor":18,"key":"DistilledChaos"},{"floor":20,"key":"LiquidBronze"},{"floor":24,"key":"EssenceOfSteel"},{"floor":25,"key":"SteroidPotion"},{"floor":30,"key":"PowerPotion"}],"is_trial":false,"path_per_floor":["M","M","M","$","M","E","?","R","T","M","R","M","E","M","R","B",null,"M","?","M","M","?","R","E","M","T","$","R","?","M","?","R","B"],"character_chosen":"DEFECT","items_purchased":["Loop","Orichalcum","Block Potion","Multi-Cast"],"campfire_rested":1,"item_purchase_floors":[4,4,27,27],"current_hp_per_floor":[72,65,65,65,55,49,34,43,43,39,48,40,38,36,45,27,75,59,59,48,40,40,52,1,16,16,16,50,50,50,50,65,51,51],"gold":72,"neow_bonus":"HUNDRED_GOLD","is_daily":false,"chose_seed":false,"campfire_upgraded":5,"win_rate":0.0,"timestamp":1613097565,"path_taken":["M","M","M","$","M","E","?","R","T","M","R","M","E","M","R","BOSS","M","?","M","M","?","R","E","M","T","$","R","?","M","?","R","BOSS"],"items_purchased_type":["Card","Relic","Potion","Card"],"build_version":"2020-12-22","purchased_purges":0,"victory":false,"max_hp_per_floor":[75,75,75,75,75,75,75,75,75,75,75,75,75,75,75,75,75,75,75,75,75,75,75,75,75,75,75,75,75,75,75,75,75,75],"card_choices":[{"not_picked":["Self Repair","Streamline"],"picked":"Melter","floor":1},{"not_picked":["Hologram","Glacier"],"picked":"Go for the Eyes","floor":2},{"not_picked":["Recycle","Force Field"],"picked":"Coolheaded","floor":3},{"not_picked":["Ball Lightning","Beam Cell"],"picked":"Chill","floor":5},{"not_picked":["Rainbow","Melter"],"picked":"Redo","floor":6},{"not_picked":["Leap","Hologram"],"picked":"Cold Snap","floor":10},{"not_picked":["Steam","Rebound"],"picked":"Coolheaded","floor":12},{"not_picked":["Beam Cell","Hologram"],"picked":"Storm","floor":13},{"not_picked":["Compile Driver","Melter","Aggregate"],"picked":"SKIP","floor":14},{"not_picked":["Reboot","Biased Cognition"],"picked":"Fission","floor":16},{"not_picked":["Streamline","Go for the Eyes"],"picked":"Turbo","floor":18},{"not_picked":["Tempest","Storm"],"picked":"Hologram","floor":20},{"not_picked":["Compile Driver","Reprogram"],"picked":"Lockon","floor":21},{"not_picked":["Stack","Gash"],"picked":"Capacitor","floor":24},{"not_picked":["Coolheaded+1","Rebound","Steam"],"picked":"SKIP","floor":25},{"not_picked":["FTL","BootSequence"],"picked":"Darkness","floor":30}],"player_experience":580633,"relics_obtained":[{"floor":6,"key":"Eternal Feather"},{"floor":9,"key":"White Beast Statue"},{"floor":13,"key":"Bottled Flame"},{"floor":24,"key":"Potion Belt"},{"floor":26,"key":"Juzu Bracelet"}],"event_choices":[{"damage_healed":0,"gold_gain":0,"player_choice":"Entered Light","damage_taken":15,"max_hp_gain":0,"max_hp_loss":0,"event_name":"Shining Light","floor":7,"gold_loss":0,"cards_upgraded":["Go for the Eyes","Strike_B"]},{"damage_healed":0,"gold_gain":0,"player_choice":"Obtained Relic","damage_taken":0,"relics_obtained":["The Courier"],"max_hp_gain":0,"max_hp_loss":0,"event_name":"Addict","floor":19,"gold_loss":85},{"cards_removed":["Strike_B"],"damage_healed":0,"gold_gain":0,"player_choice":"Gave Gold","damage_taken":0,"max_hp_gain":0,"max_hp_loss":0,"event_name":"Beggar","floor":22,"gold_loss":75},{"damage_healed":0,"gold_gain":0,"player_choice":"Copied","damage_taken":0,"max_hp_gain":0,"max_hp_loss":0,"event_name":"Duplicator","floor":29,"gold_loss":0,"cards_obtained":["Cold Snap"]},{"damage_healed":0,"gold_gain":0,"player_choice":"Ignored","damage_taken":0,"max_hp_gain":0,"max_hp_loss":0,"event_name":"Vampires","floor":31,"gold_loss":0}],"is_beta":false,"boss_relics":[{"not_picked":["Fusion Hammer","Calling Bell"],"picked":"Runic Pyramid"}],"items_purged_floors":[],"is_endless":false,"potions_floor_spawned":[1,3,10,12,13,14,16,18,20,21,24,25,30],"killed_by":"Collector","ascension_level":2}}