{"host":"ziko4uwynam20dv9","time":1613143807,"event":{"mods":["Aspiration","BaseMod","BetterRewards","Downfall","Hubris","Infinite Spire","Minty Spire (QoL Compilation)","Remilia??????","Replay The Spire","Shop Mod","StSLib","The Animator","The Jungle"],"gold_per_floor":[126,194,194,216,243,303,303,303,328,354,418,438,455,539,539,625,725,737,737,787,801,820,939,939,958,1006,1006,1006,1020,1071,1090,1090,1172,1197,1216,818,818,818,843,843,868,868,920,920,1048,1073,1073],"floor_reached":46,"language":"FRA","playtime":2566,"items_purged":[],"score":1168,"play_id":"c782bc5a-afdd-4ac6-aefe-d67e1c2b546d","local_time":"20210212163007","is_ascension_mode":true,"campfire_choices":[{"floor":7,"key":"REST"},{"floor":15,"key":"REST"},{"floor":24,"key":"REST"},{"floor":27,"key":"REST"},{"floor":32,"key":"REST"},{"data":"infinitespire:SevenWalls","floor":40,"key":"SMITH"},{"data":"animator:Saber","floor":42,"key":"SMITH"},{"data":"animator:Gilgamesh+18","floor":44,"key":"SMITH"}],"circlet_count":0,"master_deck":["AscendersBane","animator:Strike_Konosuba+1","animator:Defend_Konosuba","animator:Strike","animator:Strike+1","animator:Strike+1","animator:Defend","animator:Defend","animator:Defend","animator:Kazuma","animator:Gilgamesh+20","animator:Megumin+15","animator:Chris","animator:Nanami","animator:AcuraAkari","animator:Vesta","animator:Assassin","animator:Aqua","animator:YunYun","animator:IzunaHatsuse","animator:Wiz","animator:Saber+1","animator:EmiyaShirou","animator:Mitsurugi","infinitespire:SevenWalls+1","animator:Kaijin+1"],"relics":["animator:LivingPicture","animator:TheMissingPiece","Bronze Scales","ReplayFunnel","Snack Pack","Iron Hammer","Whetstone","Replay:Ancient Bell","Bag of Marbles","Gremlin Horn","hubris:MedicalManual","animator:CursedBlade","aspiration:Nostalgia","Guardian:ModeShifter","hubris:MobiusCoin","hubris:TenFootPole","Eternal Feather","Mark of Pain","animator:OldCoffin","Frozen Eye","infinitespire:Lucky Rock","ScarletDevilRocket","hubris:TerracottaHorce"],"acts_visited":["Exordium","TheCity","TheBeyond","Exordium"],"potions_floor_usage":[6,11,13,33,33,45,45],"damage_taken":[{"damage":3,"enemies":"2 Louse","floor":1,"turns":3},{"damage":4,"enemies":"Jaw Worm","floor":4,"turns":5},{"damage":4,"enemies":"Cultist","floor":5,"turns":4},{"damage":19,"enemies":"Gremlin Nob","floor":6,"turns":3},{"damage":0,"enemies":"2 Fungi Beasts","floor":10,"turns":2},{"damage":10,"enemies":"3 Sentries","floor":11,"turns":5},{"damage":0,"enemies":"Red Slaver","floor":12,"turns":3},{"damage":1,"enemies":"Exordium Thugs","floor":13,"turns":4},{"damage":6,"enemies":"Lagavulin","floor":14,"turns":5},{"damage":13,"enemies":"The Guardian","floor":16,"turns":9},{"damage":0,"enemies":"2 Thieves","floor":18,"turns":1},{"damage":0,"enemies":"Spheric Guardian","floor":21,"turns":3},{"damage":10,"enemies":"Snake Plant","floor":22,"turns":3},{"damage":58,"enemies":"Nightmare","floor":23,"turns":10},{"damage":4,"enemies":"Snecko","floor":25,"turns":3},{"damage":21,"enemies":"Sentry and Sphere","floor":29,"turns":3},{"damage":0,"enemies":"Slavers","floor":30,"turns":1},{"damage":11,"enemies":"Centurion and Healer","floor":31,"turns":2},{"damage":63,"enemies":"hubris:MusketHawk","floor":33,"turns":10},{"damage":0,"enemies":"Orb Walker","floor":35,"turns":2},{"damage":0,"enemies":"3 Shapes","floor":41,"turns":2},{"damage":76,"enemies":"Replay:Hell Engine","floor":45,"turns":10}],"seed_played":"1987306806554617008","potions_obtained":[{"floor":2,"key":"Fire Potion"},{"floor":2,"key":"Death Potion"},{"floor":6,"key":"Dexterity Potion"},{"floor":11,"key":"DuplicationPotion"},{"floor":14,"key":"DuplicationPotion"},{"floor":16,"key":"bronze:BurnAndBuffPotion"},{"floor":33,"key":"Explosive Potion"},{"floor":35,"key":"DuplicationPotion"}],"is_trial":false,"path_per_floor":["M","?","?","M","M","E","R","?","T","M","E","M","M","E","R","B",null,"M","?","AVR","M","M","NM","R","M","T","R","?","M","E","M","R","B",null,"M","$","?","?","AVR","R","M","R","T","R","B",null],"character_chosen":"THE_ANIMATOR","items_purchased":["animator:Gilgamesh","animator:Megumin","animator:OldCoffin","Frozen Eye"],"campfire_rested":5,"item_purchase_floors":[0,0,36,36],"current_hp_per_floor":[44,44,44,40,36,18,36,36,36,38,30,36,38,39,57,50,59,61,61,61,62,52,9,28,24,24,43,43,28,31,24,58,9,50,54,54,57,57,57,67,67,67,67,67,1,51,51],"gold":1073,"neow_bonus":"","is_daily":false,"chose_seed":false,"campfire_upgraded":3,"win_rate":0.0,"timestamp":1613143807,"path_taken":["M","?","?","M","?","E","R","?","T","M","E","?","M","E","R","BOSS","M","?","AVR","M","M","NM","R","M","T","R","?","M","E","?","R","BOSS","M","$","?","?","AVR","R","M","R","T","R","BOSS"],"items_purchased_type":["Card","Card","Relic","Relic"],"build_version":"2020-12-22","purchased_purges":0,"victory":false,"max_hp_per_floor":[60,60,60,60,60,61,61,61,61,61,61,61,62,62,62,62,62,62,62,62,62,62,64,64,64,64,64,64,64,64,64,64,64,64,64,64,67,67,67,67,67,67,67,67,67,67,67],"card_choices":[{"not_picked":["animator:NagisaMomoe","animator:Rider"],"picked":"animator:Chris","floor":1},{"not_picked":["animator:YuiTsuruno","animator:ZankiKiguchi"],"picked":"animator:Nanami","floor":2},{"not_picked":["animator:Emonzaemon","animator:YachiyoNanami"],"picked":"animator:Vesta","floor":4},{"not_picked":["animator:RinTohsaka","animator:KyokoSakura"],"picked":"animator:Assassin","floor":5},{"not_picked":["animator:Kazuma","animator:Darkness"],"picked":"animator:Aqua","floor":6},{"not_picked":["animator:YuiTsuruno","animator:Emonzaemon"],"picked":"animator:YunYun","floor":10},{"not_picked":["animator:Caster","animator:IrohaTamaki","animator:Emonzaemon"],"picked":"SKIP","floor":11},{"not_picked":["animator:AcuraAkari","animator:Hitei"],"picked":"animator:IzunaHatsuse","floor":12},{"not_picked":["animator:YunYun","animator:Verdia"],"picked":"animator:Eris","floor":13},{"not_picked":["animator:Shichika","animator:NagisaMomoe"],"picked":"animator:Wiz","floor":14},{"not_picked":["animator:Shiro","animator:HomuraAkemi"],"picked":"animator:Saber","floor":16},{"not_picked":["Shame","downfall:Malfunctioning"],"picked":"CommonCold","floor":17},{"not_picked":["Delirium","Regret"],"picked":"CommonCold","floor":17},{"not_picked":["hubris:Gluttony","Looming Evil"],"picked":"hubris:Despair","floor":17},{"not_picked":["animator:Assassin","animator:Guy","animator:DolaSchwi"],"picked":"SKIP","floor":18},{"not_picked":["animator:AcuraTooru","animator:MamiTomoe","animator:Shion+1"],"picked":"SKIP","floor":21},{"not_picked":["animator:Rider","animator:RinTohsaka"],"picked":"animator:EmiyaShirou","floor":22},{"not_picked":["animator:Berserker","animator:Konayuki"],"picked":"animator:Mitsurugi","floor":23},{"not_picked":["animator:Vanir+1","animator:Berserker","animator:TsurugaMeisai+1"],"picked":"SKIP","floor":25},{"not_picked":["animator:Archer","animator:Illya","animator:ZankiKiguchi"],"picked":"SKIP","floor":29},{"not_picked":["animator:GazelDwargon+1","animator:SakuraMatou","animator:Verdia"],"picked":"SKIP","floor":31},{"not_picked":["animator:ChaikaTrabant","animator:HomuraAkemi"],"picked":"animator:Gilgamesh","floor":33},{"not_picked":["animator:Fredrika+1","animator:Shuna","animator:Alexander"],"picked":"SKIP","floor":35},{"not_picked":["animator:TsurugaMeisai+1","animator:YachiyoNanami"],"picked":"animator:Kaijin+1","floor":41}],"player_experience":1004114,"relics_obtained":[{"floor":2,"key":"Bronze Scales"},{"floor":6,"key":"ReplayFunnel"},{"floor":9,"key":"Snack Pack"},{"floor":11,"key":"Iron Hammer"},{"floor":14,"key":"Whetstone"},{"floor":23,"key":"hubris:MobiusCoin"},{"floor":26,"key":"hubris:TenFootPole"},{"floor":30,"key":"Eternal Feather"},{"floor":43,"key":"ScarletDevilRocket"}],"event_choices":[{"damage_healed":0,"gold_gain":0,"cards_transformed":["animator:Aqua"],"player_choice":"Transformed","damage_taken":0,"max_hp_gain":0,"max_hp_loss":0,"event_name":"Transmorgrifier","floor":3,"gold_loss":0,"cards_obtained":["animator:AcuraAkari"]},{"damage_healed":0,"gold_gain":0,"player_choice":"1 cards matched","damage_taken":0,"max_hp_gain":0,"max_hp_loss":0,"event_name":"Match and Keep!","floor":8,"gold_loss":0,"cards_obtained":["animator:Megumin"]},{"cards_removed":["hubris:Despair"],"damage_healed":0,"gold_gain":0,"player_choice":"Removed","damage_taken":0,"max_hp_gain":0,"max_hp_loss":0,"event_name":"The Cursed Forest","floor":19,"gold_loss":0},{"cards_removed":["CommonCold"],"damage_healed":0,"gold_gain":0,"player_choice":"Removed","damage_taken":0,"max_hp_gain":0,"max_hp_loss":0,"event_name":"The Cursed Forest","floor":19,"gold_loss":0},{"cards_removed":["CommonCold"],"damage_healed":0,"gold_gain":0,"player_choice":"Card Removal","damage_taken":0,"max_hp_gain":0,"max_hp_loss":0,"event_name":"Wheel of Change","floor":28,"gold_loss":0},{"damage_healed":0,"gold_gain":0,"player_choice":"Ignored","damage_taken":0,"max_hp_gain":0,"max_hp_loss":0,"event_name":"Tomb of Lord Red Mask","floor":38,"gold_loss":0}],"is_beta":false,"boss_relics":[{"not_picked":["aspiration:SilentSkillbook","Empty Cage"],"picked":"Replay:Ancient Bell"},{"not_picked":["infinitespire:Beetle Shell","animator:Buoy"],"picked":"Bag of Marbles"},{"not_picked":["Singing Bowl","Garlic"],"picked":"Gremlin Horn"},{"not_picked":["hubris:AstralHammer","Unceasing Top"],"picked":"hubris:MedicalManual"},{"not_picked":["Honey Jar","infinitespire:Cupcake"],"picked":"Mark of Pain"},{"not_picked":["Velvet Choker","hubris:RunicObelisk"],"picked":"hubris:TerracottaHorce"}],"items_purged_floors":[],"is_endless":true,"potions_floor_spawned":[5,6,11,14,16,18,22,29,31,33,35],"ascension_level":15}}