{"host":"syozzdlzcqop4jia","time":1613090167,"event":{"mods":["AchievementEnabler","BaseMod","Colored Map","Colored Powertips","Minty Spire (QoL Compilation)","Quick Restart"],"gold_per_floor":[118,193,210,225,225,225,259,269,269,242,255,255,267,277,277,375,375,393,12,27,45,45,45,45],"floor_reached":23,"language":"ENG","playtime":2263,"items_purged":[],"score":222,"play_id":"b1a1411e-b698-40e3-99bb-f589457770c2","local_time":"20210212013607","is_ascension_mode":false,"campfire_choices":[{"floor":6,"key":"RECALL"},{"floor":12,"key":"REST"},{"floor":15,"key":"REST"}],"circlet_count":0,"master_deck":["Defend_B","Defend_B","Defend_B","Zap","Dualcast","Capacitor","Glacier","Capacitor","Defragment","Steam","Rebound","Rip and Tear","Rainbow","Thunder Strike","BootSequence","Self Repair","White Noise","Steam","Bite","Bite","Bite","Bite","Bite"],"relics":["Cracked Core","CaptainsWheel","Busted Crown","TungstenRod"],"acts_visited":["Exordium","TheCity"],"potions_floor_usage":[8],"damage_taken":[{"damage":0,"enemies":"Small Slimes","floor":1,"turns":3},{"damage":1,"enemies":"Cultist","floor":3,"turns":3},{"damage":1,"enemies":"Jaw Worm","floor":4,"turns":4},{"damage":36,"enemies":"3 Sentries","floor":7,"turns":12},{"damage":6,"enemies":"Large Slime","floor":8,"turns":7},{"damage":8,"enemies":"Exordium Thugs","floor":10,"turns":5},{"damage":14,"enemies":"Gremlin Gang","floor":11,"turns":6},{"damage":0,"enemies":"Blue Slaver","floor":13,"turns":4},{"damage":0,"enemies":"Exordium Wildlife","floor":14,"turns":7},{"damage":40,"enemies":"Hexaghost","floor":16,"turns":11},{"damage":7,"enemies":"3 Byrds","floor":18,"turns":6},{"damage":17,"enemies":"2 Thieves","floor":20,"turns":5},{"damage":30,"enemies":"Chosen and Byrds","floor":21,"turns":9},{"damage":62,"enemies":"Gremlin Leader","floor":23,"turns":7}],"seed_played":"5603222412173909289","potions_obtained":[{"floor":3,"key":"Swift Potion"},{"floor":4,"key":"EssenceOfDarkness"},{"floor":7,"key":"LiquidMemories"},{"floor":11,"key":"LiquidMemories"},{"floor":18,"key":"DuplicationPotion"},{"floor":20,"key":"Block Potion"}],"is_trial":false,"path_per_floor":["M","?","M","M","?","R","E","M","T","M","M","R","M","M","R","B",null,"M","$","M","M","?","E"],"character_chosen":"DEFECT","items_purchased":["Self Repair","TungstenRod"],"campfire_rested":2,"item_purchase_floors":[19,19],"current_hp_per_floor":[82,71,70,69,69,69,33,27,27,19,5,29,29,29,53,13,82,75,75,65,42,42,0,0],"gold":45,"neow_bonus":"TEN_PERCENT_HP_BONUS","is_daily":false,"chose_seed":false,"campfire_upgraded":0,"win_rate":0.0,"timestamp":1613090167,"path_taken":["M","?","M","M","?","R","E","M","T","?","M","R","M","M","R","BOSS","M","$","M","M","?","E"],"items_purchased_type":["Card","Relic"],"build_version":"2020-12-22","purchased_purges":0,"victory":false,"max_hp_per_floor":[82,82,82,82,82,82,82,82,82,82,82,82,82,82,82,82,82,82,82,82,82,57,57,57],"card_choices":[{"not_picked":["Turbo","Storm"],"picked":"Capacitor","floor":1},{"not_picked":["Scrape","Beam Cell"],"picked":"Glacier","floor":3},{"not_picked":["Rebound","Turbo"],"picked":"Capacitor","floor":4},{"not_picked":["Hologram","Sweeping Beam"],"picked":"Defragment","floor":7},{"not_picked":["Gash","Coolheaded"],"picked":"Steam","floor":8},{"not_picked":["Stack","Leap"],"picked":"Rebound","floor":10},{"not_picked":["Force Field","Hologram"],"picked":"Rip and Tear","floor":11},{"not_picked":["Sweeping Beam","Hologram","Turbo"],"picked":"SKIP","floor":13},{"not_picked":["Beam Cell","Streamline"],"picked":"Rainbow","floor":14},{"not_picked":["Core Surge","Multi-Cast"],"picked":"Thunder Strike","floor":16},{"not_picked":[],"picked":"BootSequence","floor":18},{"not_picked":[],"picked":"White Noise","floor":20},{"not_picked":[],"picked":"Steam","floor":21}],"player_experience":690454,"relics_obtained":[{"floor":7,"key":"CaptainsWheel"}],"event_choices":[{"damage_healed":0,"gold_gain":75,"player_choice":"Gather Gold","damage_taken":11,"max_hp_gain":0,"max_hp_loss":0,"event_name":"World of Goop","floor":2,"gold_loss":0},{"cards_removed":["Defend_B"],"damage_healed":0,"gold_gain":0,"player_choice":"Card Removal","damage_taken":0,"max_hp_gain":0,"max_hp_loss":0,"event_name":"Wheel of Change","floor":5,"gold_loss":0},{"damage_healed":0,"gold_gain":0,"player_choice":"Became a vampire","damage_taken":0,"max_hp_gain":0,"max_hp_loss":25,"event_name":"Vampires","floor":22,"gold_loss":0,"cards_obtained":["Bite","Bite","Bite","Bite","Bite"]}],"is_beta":false,"boss_relics":[{"not_picked":["Sozu","Ectoplasm"],"picked":"Busted Crown"}],"items_purged_floors":[],"is_endless":false,"potions_floor_spawned":[3,4,7,11,18,20,21],"killed_by":"Gremlin Leader","ascension_level":0}}