{"host":"8vqkh0x3c7vpgzzm","time":1613172589,"event":{"mods":["AchievementEnabler","BaseMod","Colored Map","Colored Powertips","Curses Come First","DeckTracker","Highlight Path","Minty Spire (QoL Compilation)","Permanent Neow","Quick Restart","Random Character Mod","Rare Cards Sparkle","Relic Sorter","Relic Stats","StSLib","SuperFastMode","Unceasing Turn Reminder","egg","everything is the same but u backflip on backflip"],"gold_per_floor":[119,119,131,144,161,161,71,71,96,96,128,53,53,107,107,206,206,225,225,70,93,113,113,148,160,247,259,286,317,353,365,377,483,495,525,551,16,40,64,105,105,105,105,128,128,159,194,217,217,217],"floor_reached":51,"language":"ENG","playtime":2242,"items_purged":["Strike_R","Strike_R+1"],"score":1688,"play_id":"a3cc9ce0-06c5-4802-86bc-9af9eb5688f9","local_time":"20210213002949","is_ascension_mode":true,"campfire_choices":[{"data":"Uppercut","floor":6,"key":"SMITH"},{"data":"Flame Barrier","floor":8,"key":"SMITH"},{"data":"Hemokinesis","floor":10,"key":"SMITH"},{"data":"Barricade","floor":15,"key":"SMITH"},{"data":"Bash","floor":23,"key":"SMITH"},{"data":"Demon Form","floor":25,"key":"SMITH"},{"data":"Shrug It Off","floor":27,"key":"SMITH"},{"data":"Evolve","floor":32,"key":"SMITH"},{"data":"Impervious","floor":41,"key":"SMITH"},{"data":"Battle Trance","floor":45,"key":"SMITH"},{"data":"Disarm","floor":49,"key":"SMITH"}],"circlet_count":0,"master_deck":["AscendersBane","Strike_R+1","Strike_R+1","Defend_R+1","Defend_R+1","Defend_R+1","Defend_R+1","Bash+1","Impervious","Uppercut+1","Shrug It Off+1","Hemokinesis+1","Flame Barrier+1","Barricade+1","Immolate+1","Fire Breathing","Corruption","Demon Form+1","Body Slam","Evolve+1","Impervious+1","Disarm+1","Entrench","Entrench+1","Battle Trance+1","Shrug It Off","Headbutt+1"],"relics":["Burning Blood","Omamori","Lantern","Golden Idol","Toy Ornithopter","Snecko Eye","MawBank","InkBottle","Cursed Key","OrangePellets","Regal Pillow","Strawberry","CaptainsWheel","Molten Egg 2"],"acts_visited":["Exordium","TheCity","TheBeyond"],"potions_floor_usage":[16,16,16,24,28,50],"damage_taken":[{"damage":6,"enemies":"Cultist","floor":1,"turns":3},{"damage":3,"enemies":"2 Louse","floor":3,"turns":4},{"damage":5,"enemies":"Small Slimes","floor":4,"turns":4},{"damage":11,"enemies":"Looter","floor":5,"turns":3},{"damage":18,"enemies":"Gremlin Nob","floor":11,"turns":5},{"damage":56,"enemies":"Hexaghost","floor":16,"turns":13},{"damage":2,"enemies":"Chosen","floor":18,"turns":3},{"damage":0,"enemies":"Shell Parasite","floor":21,"turns":4},{"damage":11,"enemies":"Snake Plant","floor":22,"turns":5},{"damage":14,"enemies":"Gremlin Leader","floor":24,"turns":5},{"damage":0,"enemies":"Snecko","floor":28,"turns":5},{"damage":2,"enemies":"Cultist and Chosen","floor":29,"turns":3},{"damage":2,"enemies":"Centurion and Healer","floor":30,"turns":5},{"damage":4,"enemies":"Champ","floor":33,"turns":7},{"damage":0,"enemies":"Orb Walker","floor":35,"turns":4},{"damage":0,"enemies":"3 Shapes","floor":36,"turns":4},{"damage":2,"enemies":"Jaw Worm Horde","floor":38,"turns":3},{"damage":0,"enemies":"Writhing Mass","floor":39,"turns":4},{"damage":2,"enemies":"Giant Head","floor":40,"turns":4},{"damage":1,"enemies":"4 Shapes","floor":44,"turns":4},{"damage":0,"enemies":"Mind Bloom Boss Battle","floor":46,"turns":5},{"damage":7,"enemies":"Nemesis","floor":47,"turns":5},{"damage":0,"enemies":"Spire Growth","floor":48,"turns":2},{"damage":2,"enemies":"Awakened One","floor":50,"turns":5}],"seed_played":"-7221829233840597578","potions_obtained":[{"floor":3,"key":"EntropicBrew"},{"floor":5,"key":"Block Potion"},{"floor":21,"key":"PowerPotion"},{"floor":24,"key":"SpeedPotion"},{"floor":28,"key":"Fruit Juice"}],"is_trial":false,"path_per_floor":["M","?","M","M","M","R","$","R","T","R","E","?","?","T","R","B",null,"M","?","$","M","M","R","E","R","T","R","M","M","M","?","R","B",null,"M","M","$","M","M","E","R","?","T","M","R","?","E","M","R","B",null],"character_chosen":"IRONCLAD","items_purchased":["Flame Barrier","Corruption","OrangePellets","DuplicationPotion","Disarm","Regal Pillow"],"campfire_rested":0,"item_purchase_floors":[7,20,37,37,37,37],"current_hp_per_floor":[68,68,71,72,67,67,67,67,67,67,55,55,55,55,55,20,56,60,60,60,66,61,61,58,58,58,58,73,73,73,73,73,73,73,73,73,73,73,73,80,80,70,70,75,75,80,79,80,80,80],"gold":217,"neow_bonus":"ONE_RANDOM_RARE_CARD","is_daily":false,"chose_seed":false,"campfire_upgraded":11,"win_rate":0.0,"timestamp":1613172589,"path_taken":["M","?","M","M","M","R","$","R","T","R","E","?","?","?","R","BOSS","M","?","$","M","M","R","E","R","T","R","M","M","?","?","R","BOSS","M","M","$","M","M","E","R","?","T","M","R","?","E","M","R","BOSS"],"items_purchased_type":["Card","Card","Relic","Potion","Card","Relic"],"build_version":"2020-12-22","purchased_purges":2,"victory":true,"max_hp_per_floor":[75,75,75,75,75,75,75,75,75,75,75,75,68,68,68,68,68,68,68,68,68,68,68,68,68,68,68,73,73,73,73,73,73,73,73,73,73,73,73,80,80,80,80,80,80,80,80,80,80,80],"relic_stats":{"OrangePellets":[12],"Regal Pillow":0,"counters":[24,109],"Golden Idol":137,"Snecko Eye":[119,110,96,108],"MawBank":156,"Cursed Key":0,"obtain_stats":[{"Lantern":11,"Regal Pillow":37,"Golden Idol":13,"Omamori":9,"MawBank":24,"Cursed Key":34,"Burning Blood":0,"OrangePellets":37,"CaptainsWheel":46,"Strawberry":40,"Snecko Eye":17,"Molten Egg 2":47,"Toy Ornithopter":14,"InkBottle":26},{"Lantern":5,"Regal Pillow":16,"Golden Idol":5,"Omamori":4,"MawBank":10,"Cursed Key":14,"Burning Blood":0,"OrangePellets":16,"CaptainsWheel":21,"Strawberry":19,"Snecko Eye":6,"Molten Egg 2":22,"Toy Ornithopter":5,"InkBottle":10},{"Lantern":19,"Regal Pillow":77,"Golden Idol":19,"Omamori":14,"MawBank":49,"Cursed Key":69,"Burning Blood":0,"OrangePellets":77,"CaptainsWheel":97,"Strawberry":88,"Snecko Eye":32,"Molten Egg 2":102,"Toy Ornithopter":19,"InkBottle":49}],"Burning Blood":96,"Toy Ornithopter":26,"InkBottle":[19]},"card_choices":[{"not_picked":["Havoc","Twin Strike"],"picked":"Uppercut","floor":1},{"not_picked":["Inflame","Cleave"],"picked":"Shrug It Off","floor":3},{"not_picked":["Dropkick","Infernal Blade","Sword Boomerang"],"picked":"SKIP","floor":4},{"not_picked":["Combust","Thunderclap"],"picked":"Hemokinesis","floor":5},{"not_picked":["Body Slam","Twin Strike"],"picked":"Barricade","floor":11},{"not_picked":["Barricade","Fiend Fire"],"picked":"Immolate","floor":16},{"not_picked":["Dropkick","Feel No Pain"],"picked":"Fire Breathing","floor":18},{"not_picked":["Iron Wave","Wild Strike","True Grit"],"picked":"SKIP","floor":21},{"not_picked":["Thunderclap","Clash+1","Searing Blow"],"picked":"SKIP","floor":22},{"not_picked":["Rampage","Body Slam"],"picked":"Demon Form","floor":24},{"not_picked":["Rage","Metallicize"],"picked":"Body Slam","floor":28},{"not_picked":["Armaments","Anger","Combust"],"picked":"SKIP","floor":29},{"not_picked":["Flex","Thunderclap"],"picked":"Evolve","floor":30},{"not_picked":["Brutality","Barricade"],"picked":"Impervious","floor":33},{"not_picked":["Rampage","Wild Strike","Havoc+1"],"picked":"SKIP","floor":35},{"not_picked":["Twin Strike","Dual Wield","True Grit"],"picked":"SKIP","floor":36},{"not_picked":["Heavy Blade","Pummel"],"picked":"Entrench","floor":38},{"not_picked":["Sever Soul","Inflame"],"picked":"Entrench+1","floor":39},{"not_picked":["Twin Strike+1","Searing Blow"],"picked":"Battle Trance","floor":40},{"not_picked":["Clothesline","Whirlwind","Intimidate+1"],"picked":"SKIP","floor":44},{"not_picked":["Clash","Infernal Blade+1"],"picked":"Shrug It Off","floor":46},{"not_picked":["Dual Wield+1","Metallicize+1","Flex"],"picked":"SKIP","floor":47},{"not_picked":["Anger+1","Thunderclap+1","Headbutt+1"],"picked":"SKIP","floor":48},{"not_picked":["Anger+1","Thunderclap+1"],"picked":"Headbutt+1","floor":48}],"player_experience":531745,"relics_obtained":[{"floor":9,"key":"Omamori"},{"floor":11,"key":"Lantern"},{"floor":14,"key":"Toy Ornithopter"},{"floor":24,"key":"MawBank"},{"floor":26,"key":"InkBottle"},{"floor":40,"key":"Strawberry"},{"floor":46,"key":"CaptainsWheel"},{"floor":47,"key":"Molten Egg 2"}],"event_choices":[{"damage_healed":0,"gold_gain":0,"player_choice":"Ignored","damage_taken":0,"max_hp_gain":0,"max_hp_loss":0,"event_name":"Liars Game","floor":2,"gold_loss":0},{"cards_removed":["Strike_R"],"damage_healed":0,"gold_gain":0,"player_choice":"Card Removal","damage_taken":0,"max_hp_gain":0,"max_hp_loss":0,"event_name":"The Cleric","floor":12,"gold_loss":75},{"damage_healed":0,"gold_gain":0,"player_choice":"Lose Max HP","damage_taken":0,"relics_obtained":["Golden Idol"],"max_hp_gain":0,"max_hp_loss":7,"event_name":"Golden Idol","floor":13,"gold_loss":0},{"damage_healed":0,"gold_gain":0,"player_choice":"Forge","damage_taken":0,"max_hp_gain":0,"max_hp_loss":0,"event_name":"Accursed Blacksmith","floor":19,"gold_loss":0,"cards_upgraded":["Immolate"]},{"damage_healed":0,"gold_gain":0,"player_choice":"Simplicity","damage_taken":0,"max_hp_gain":0,"max_hp_loss":0,"event_name":"Back to Basics","floor":31,"gold_loss":0,"cards_upgraded":["Strike_R","Strike_R","Strike_R","Defend_R","Defend_R","Defend_R","Defend_R"]},{"damage_healed":0,"gold_gain":0,"player_choice":"Memory 3","damage_taken":10,"max_hp_gain":0,"max_hp_loss":0,"event_name":"SensoryStone","floor":42,"gold_loss":0},{"damage_healed":0,"gold_gain":0,"player_choice":"Fight","damage_taken":0,"max_hp_gain":0,"max_hp_loss":0,"event_name":"MindBloom","floor":46,"gold_loss":0}],"is_beta":false,"boss_relics":[{"not_picked":["Empty Cage","Runic Pyramid"],"picked":"Snecko Eye"},{"not_picked":["Runic Cube","SacredBark"],"picked":"Cursed Key"}],"items_purged_floors":[20,37],"is_endless":false,"potions_floor_spawned":[3,5,11,21,24,28,38,40,44,47],"ascension_level":19}}