{"host":"owox7x4ngjt9htcc","time":1613115469,"event":{"mods":["BaseMod","Colored Map","DeckTracker","Keyboard Shortcuts","Minty Spire (QoL Compilation)","SuperFastMode"],"gold_per_floor":[114,129,144,144,72,72,102,117,192,192,207,237,252,267,267,367,367,382,397,397,412,427,427,442,442,442],"floor_reached":25,"language":"KOR","playtime":837,"items_purged":[],"score":219,"play_id":"fd2bfcf2-4d1d-4d8c-a3ab-45fe89dbc0a1","local_time":"20210212163749","daily_mods":["Chimera","Purple Cards","DeadlyEvents"],"is_ascension_mode":false,"campfire_choices":[{"data":"Neutralize","floor":6,"key":"SMITH"},{"data":"Dodge and Roll","floor":10,"key":"SMITH"},{"floor":15,"key":"REST"},{"floor":23,"key":"REST"}],"circlet_count":0,"master_deck":["Bash","Survivor","Strike_R","Strike_G","Strike_B","Defend_R","Defend_G","Defend_P","Quick Slash","CrushJoints","ThirdEye","Neutralize+1","Impatience","Footwork","Poisoned Stab","Dodge and Roll+1","Slice","Setup","PathToVictory","Leg Sweep","DeusExMachina","All Out Attack","Distraction"],"relics":["Ring of the Snake","Unceasing Top","Sundial","Frozen Egg 2","Empty Cage"],"acts_visited":["Exordium","TheCity"],"potions_floor_usage":[14,24],"damage_taken":[{"damage":2,"enemies":"Small Slimes","floor":1,"turns":4},{"damage":4,"enemies":"Cultist","floor":2,"turns":4},{"damage":0,"enemies":"2 Louse","floor":3,"turns":2},{"damage":19,"enemies":"Lagavulin","floor":7,"turns":7},{"damage":7,"enemies":"Exordium Wildlife","floor":8,"turns":5},{"damage":6,"enemies":"3 Louse","floor":11,"turns":4},{"damage":13,"enemies":"3 Sentries","floor":12,"turns":10},{"damage":10,"enemies":"Blue Slaver","floor":13,"turns":4},{"damage":5,"enemies":"Red Slaver","floor":14,"turns":2},{"damage":21,"enemies":"Hexaghost","floor":16,"turns":10},{"damage":0,"enemies":"Shell Parasite","floor":18,"turns":9},{"damage":6,"enemies":"Chosen","floor":19,"turns":6},{"damage":21,"enemies":"Centurion and Healer","floor":21,"turns":8},{"damage":11,"enemies":"Snake Plant","floor":22,"turns":6},{"damage":33,"enemies":"3 Cultists","floor":24,"turns":5},{"damage":0,"enemies":"Slavers","floor":25,"turns":1}],"seed_played":"-8399458303924539785","potions_obtained":[{"floor":2,"key":"EssenceOfSteel"},{"floor":7,"key":"ColorlessPotion"},{"floor":11,"key":"Explosive Potion"},{"floor":12,"key":"PowerPotion"},{"floor":21,"key":"CunningPotion"}],"is_trial":false,"path_per_floor":["M","M","M","?","$","R","E","M","T","R","M","E","M","M","R","B",null,"M","M","?","M","M","R","M","E"],"character_chosen":"THE_SILENT","items_purchased":["Footwork"],"campfire_rested":2,"item_purchase_floors":[5],"current_hp_per_floor":[68,64,64,64,64,64,45,38,38,38,32,19,9,4,25,4,70,70,64,51,30,19,41,8,8,8],"gold":442,"neow_bonus":"","is_daily":true,"chose_seed":false,"campfire_upgraded":2,"win_rate":0.0,"timestamp":1613115469,"path_taken":["M","M","M","?","$","R","E","M","T","R","M","E","?","M","R","BOSS","M","M","?","?","M","R","M","E"],"items_purchased_type":["Card"],"build_version":"2020-12-22","purchased_purges":0,"victory":false,"max_hp_per_floor":[70,70,70,70,70,70,70,70,70,70,70,70,70,70,70,70,70,70,70,75,75,75,75,75,75,75],"card_choices":[{"not_picked":["PiercingWail","Outmaneuver"],"picked":"Quick Slash","floor":1},{"not_picked":["Collect","CutThroughFate"],"picked":"CrushJoints","floor":2},{"not_picked":["Judgement","Sucker Punch"],"picked":"ThirdEye","floor":3},{"not_picked":["Accuracy","DeceiveReality"],"picked":"Poisoned Stab","floor":7},{"not_picked":["Evaluate","ClearTheMind"],"picked":"Dodge and Roll","floor":8},{"not_picked":["ThirdEye","JustLucky"],"picked":"Slice","floor":11},{"not_picked":["CrushJoints","Setup","Predator"],"picked":"SKIP","floor":12},{"not_picked":["CrushJoints","Predator"],"picked":"Setup","floor":12},{"not_picked":["Acrobatics","Halt"],"picked":"PathToVictory","floor":13},{"not_picked":["CrushJoints","Vengeance"],"picked":"Leg Sweep","floor":14},{"not_picked":["Brilliance","Establishment+1"],"picked":"DeusExMachina","floor":16},{"not_picked":["Underhanded Strike","Distraction","CrushJoints"],"picked":"SKIP","floor":18},{"not_picked":["ReachHeaven","Quick Slash","EmptyMind"],"picked":"SKIP","floor":19},{"not_picked":["ThirdEye","SashWhip+1"],"picked":"All Out Attack","floor":21},{"not_picked":["SashWhip+1","Dagger Spray"],"picked":"Distraction","floor":22},{"not_picked":["Bouncing Flask+1","Dagger Throw","LikeWater+1"],"picked":"SKIP","floor":24}],"player_experience":924493,"relics_obtained":[{"floor":7,"key":"Unceasing Top"},{"floor":9,"key":"Sundial"},{"floor":12,"key":"Frozen Egg 2"}],"event_choices":[{"damage_healed":0,"gold_gain":0,"player_choice":"2 cards matched","damage_taken":0,"max_hp_gain":0,"max_hp_loss":0,"event_name":"Match and Keep!","floor":4,"gold_loss":0,"cards_obtained":["Neutralize","Impatience"]},{"damage_healed":0,"gold_gain":0,"player_choice":"Shed Blood","damage_taken":18,"max_hp_gain":5,"max_hp_loss":0,"event_name":"Forgotten Altar","floor":20,"gold_loss":0}],"is_beta":false,"boss_relics":[{"not_picked":["Philosopher\u0027s Stone","Black Star"],"picked":"Empty Cage"}],"items_purged_floors":[],"is_endless":false,"potions_floor_spawned":[2,7,11,12,21,22],"killed_by":"Slavers","ascension_level":0}}