{"host":"aapp7ew3jk5k1bvd","time":1613143193,"event":{"mods":["AchievementEnabler","BaseMod","Colored Map","Custom Start","Keyboard Shortcuts","Minty Spire (QoL Compilation)","Permanent Neow","Quick Restart","StSLib","SuperFastMode"],"gold_per_floor":[19,30,30,42,62,62,91,91,173,191,263,203,203,218,218,348,348,369,369,191,212,227,227,227,152,152,251,251,270,270,295,295,393,393,406,100,100,114,114,114],"floor_reached":39,"language":"KOR","playtime":1149,"items_purged":["Strike_P","Strike_P","Strike_P"],"score":559,"play_id":"99ee38c2-5099-4711-b8db-34574a7de666","local_time":"20210213001953","is_ascension_mode":true,"campfire_choices":[{"data":"Eruption","floor":6.0,"key":"SMITH"},{"floor":8.0,"key":"REST"},{"floor":15.0,"key":"REST"},{"data":"Halt","floor":23.0,"key":"SMITH"},{"data":"Halt","floor":28.0,"key":"SMITH"},{"data":"Scrawl","floor":30.0,"key":"SMITH"},{"data":"ReachHeaven","floor":32,"key":"SMITH"}],"circlet_count":0,"master_deck":["Defend_P","Defend_P","Defend_P","Eruption+1","Vigilance","Tantrum","ReachHeaven+1","EmptyBody","Halt+1","Devotion","CarveReality","Scrawl+1","EmptyBody","FlurryOfBlows","FearNoEvil","Halt+1","MasterReality"],"relics":["HolyWater","CaptainsWheel","WingedGreaves","The Courier","Bloody Idol","Gambling Chip","Orichalcum","Pantograph"],"acts_visited":["Exordium","TheCity","TheBeyond"],"potions_floor_usage":[31,33,33,39],"damage_taken":[{"damage":0.0,"enemies":"Cultist","floor":1.0,"turns":2.0},{"damage":0.0,"enemies":"Jaw Worm","floor":2.0,"turns":3.0},{"damage":3.0,"enemies":"Small Slimes","floor":4.0,"turns":5.0},{"damage":4.0,"enemies":"Looter","floor":5.0,"turns":4.0},{"damage":32.0,"enemies":"3 Sentries","floor":7.0,"turns":5.0},{"damage":15.0,"enemies":"Gremlin Gang","floor":10.0,"turns":3.0},{"damage":0.0,"enemies":"Exordium Wildlife","floor":14.0,"turns":2.0},{"damage":2.0,"enemies":"Slime Boss","floor":16.0,"turns":6.0},{"damage":12.0,"enemies":"Spheric Guardian","floor":18.0,"turns":3.0},{"damage":0.0,"enemies":"Chosen","floor":21.0,"turns":3.0},{"damage":0.0,"enemies":"Centurion and Healer","floor":22.0,"turns":3.0},{"damage":0.0,"enemies":"Snecko","floor":29.0,"turns":2.0},{"damage":8,"enemies":"Book of Stabbing","floor":31,"turns":3},{"damage":39,"enemies":"Collector","floor":33,"turns":7},{"damage":9,"enemies":"3 Darklings","floor":35,"turns":3},{"damage":0,"enemies":"Orb Walker","floor":38,"turns":2},{"damage":50,"enemies":"Writhing Mass","floor":39,"turns":6}],"seed_played":"-6959217804560023313","potions_obtained":[{"floor":10.0,"key":"DistilledChaos"},{"floor":14.0,"key":"GamblersBrew"},{"floor":16.0,"key":"Fire Potion"},{"floor":21.0,"key":"Weak Potion"},{"floor":22.0,"key":"Fire Potion"},{"floor":35,"key":"ColorlessPotion"}],"is_trial":false,"path_per_floor":["M","M","$","M","M","R","E","R","T","M","?","$","?","M","R","B",null,"M","?","$","M","M","R","?","?","T","?","R","M","R","E","R","B",null,"M","$","?","M","M"],"character_chosen":"WATCHER","items_purchased":["FlurryOfBlows","FearNoEvil","Pantograph"],"campfire_rested":2,"item_purchase_floors":[20,20,36],"current_hp_per_floor":[65,65,65,62,58,58,26,47,47,32,32,32,32,32,52,50,63,51,51,51,51,51,51,51,51,51,56,56,61,61,58,58,24,56,52,52,52,57,7,7],"gold":114,"neow_bonus":"ONE_RARE_RELIC","is_daily":false,"chose_seed":false,"campfire_upgraded":5,"win_rate":0.0,"timestamp":1613143193,"path_taken":["M","M","?","M","?","R","E","R","T","M","?","$","?","M","R","BOSS","M","?","$","M","?","R","?","?","T","?","R","M","R","E","R","BOSS","M","$","?","M","M"],"items_purchased_type":["Card","Card","Relic"],"build_version":"2020-12-22","purchased_purges":3,"victory":false,"max_hp_per_floor":[72,72,72,72,72,72,72,72,72,72,72,72,67,67,67,67,67,67,67,67,67,67,67,67,67,67,67,67,67,67,67,67,67,67,67,67,67,67,67,67],"card_choices":[{"not_picked":["EmptyFist","Conclude","Protect"],"picked":"SKIP","floor":1.0},{"not_picked":["SashWhip","FlyingSleeves","Evaluate"],"picked":"SKIP","floor":2.0},{"not_picked":["Crescendo","CarveReality","FlyingSleeves"],"picked":"SKIP","floor":4.0},{"not_picked":["BowlingBash","Pray"],"picked":"Tantrum","floor":5.0},{"not_picked":["BattleHymn","Wireheading"],"picked":"ReachHeaven","floor":7.0},{"not_picked":["FollowUp","ClearTheMind"],"picked":"EmptyBody","floor":10.0},{"not_picked":["CrushJoints","BattleHymn"],"picked":"Halt","floor":14.0},{"not_picked":["LessonLearned","Vault"],"picked":"Devotion","floor":16.0},{"not_picked":["ThirdEye+1","Fasting2+1","EmptyBody+1"],"picked":"SKIP","floor":18.0},{"not_picked":["Conclude","SashWhip"],"picked":"Halt","floor":21.0},{"not_picked":["JustLucky+1","Evaluate","DeceiveReality"],"picked":"SKIP","floor":22.0},{"not_picked":["FollowUp","FearNoEvil","TalkToTheHand"],"picked":"SKIP","floor":29.0},{"not_picked":["Protect+1","BowlingBash+1","SpiritShield"],"picked":"SKIP","floor":31},{"not_picked":["ConjureBlade","Wish"],"picked":"MasterReality","floor":33},{"not_picked":["Indignation","SashWhip+1","Collect+1"],"picked":"SKIP","floor":35},{"not_picked":["JustLucky","Indignation","Meditate"],"picked":"SKIP","floor":38}],"player_experience":1358786,"relics_obtained":[{"floor":7.0,"key":"WingedGreaves"},{"floor":9.0,"key":"The Courier"},{"floor":26.0,"key":"Gambling Chip"},{"floor":31,"key":"Orichalcum"}],"event_choices":[{"damage_healed":0.0,"max_hp_gain":0.0,"max_hp_loss":0.0,"gold_gain":72.0,"event_name":"Golden Wing","player_choice":"Gained Gold","floor":11.0,"gold_loss":0.0,"damage_taken":0.0},{"damage_healed":0.0,"max_hp_gain":0.0,"max_hp_loss":5.0,"gold_gain":0.0,"event_name":"Golden Idol","player_choice":"Lose Max HP","floor":13.0,"gold_loss":0.0,"damage_taken":0.0,"relics_obtained":["Golden Idol"]},{"damage_healed":0.0,"max_hp_gain":0.0,"max_hp_loss":0.0,"gold_gain":0.0,"event_name":"Match and Keep!","player_choice":"3 cards matched","floor":19.0,"gold_loss":0.0,"damage_taken":0.0,"cards_obtained":["CarveReality","Scrawl","EmptyBody"]},{"damage_healed":0.0,"max_hp_gain":0.0,"max_hp_loss":0.0,"gold_gain":0.0,"event_name":"Forgotten Altar","player_choice":"Gave Idol","floor":24.0,"relics_lost":["Golden Idol"],"gold_loss":0.0,"damage_taken":0.0,"relics_obtained":["Bloody Idol"]},{"cards_removed":["Strike_P"],"damage_healed":0.0,"max_hp_gain":0.0,"max_hp_loss":0.0,"gold_gain":0.0,"event_name":"Beggar","player_choice":"Gave Gold","floor":25.0,"gold_loss":75.0,"damage_taken":0.0},{"damage_healed":0.0,"max_hp_gain":0.0,"max_hp_loss":0.0,"gold_gain":99.0,"event_name":"Nest","player_choice":"Stole From Cult","floor":27.0,"gold_loss":0.0,"damage_taken":0.0},{"cards_removed":["Defend_P"],"damage_healed":0,"gold_gain":0,"player_choice":"Removed Skill","damage_taken":0,"max_hp_gain":0,"max_hp_loss":0,"event_name":"Falling","floor":37,"gold_loss":0}],"is_beta":false,"boss_relics":[{"not_picked":["SlaversCollar","Philosopher\u0027s Stone"],"picked":"HolyWater"},{"not_picked":["Cursed Key","Coffee Dripper","Runic Pyramid"]}],"items_purged_floors":[12,20,36],"is_endless":false,"potions_floor_spawned":[10,14,16,21,22,35],"killed_by":"Writhing Mass","ascension_level":8}}