{"host":"g2yp6paluzgljz05","time":1613144923,"event":{"mods":["BaseMod","Bestiary","Colored Powertips","DeckTracker","Highlight Path","Minty Spire (QoL Compilation)","Quick Restart"],"gold_per_floor":[113,128,128,138,17,17,52,1,50,61,79,89,99,99,99,197,197,208,123,138,28,0,0,0,0],"floor_reached":24,"language":"ENG","playtime":919,"items_purged":["Strike_B"],"score":238,"play_id":"a4e57091-3c11-4e13-a7b3-1f0d4d54eec6","local_time":"20210213024843","is_ascension_mode":true,"campfire_choices":[{"data":"Doom and Gloom","floor":6,"key":"SMITH"},{"data":"Fission","floor":15,"key":"SMITH"},{"data":"Zap","floor":23,"key":"SMITH"}],"circlet_count":0,"master_deck":["Strike_B","Defend_B","Defend_B","Defend_B","Defend_B","Zap+1","Dualcast","Chill+1","Capacitor","Doom and Gloom+1","Fission+1","BootSequence","Echo Form","Loop"],"relics":["Cracked Core","NeowsBlessing","Juzu Bracelet","Art of War","Empty Cage","Toy Ornithopter"],"acts_visited":["Exordium","TheCity"],"potions_floor_usage":[16,16],"damage_taken":[{"damage":0,"enemies":"2 Louse","floor":1,"turns":1},{"damage":0,"enemies":"Cultist","floor":2,"turns":1},{"damage":0,"enemies":"Small Slimes","floor":4,"turns":1},{"damage":30,"enemies":"Lagavulin","floor":7,"turns":5},{"damage":0,"enemies":"3 Louse","floor":10,"turns":2},{"damage":8,"enemies":"Blue Slaver","floor":11,"turns":4},{"damage":0,"enemies":"2 Fungi Beasts","floor":12,"turns":2},{"damage":4,"enemies":"Looter","floor":13,"turns":2},{"damage":50,"enemies":"Hexaghost","floor":16,"turns":9},{"damage":16,"enemies":"2 Thieves","floor":18,"turns":4},{"damage":26,"enemies":"Spheric Guardian","floor":20,"turns":5},{"damage":39,"enemies":"Cultist and Chosen","floor":24,"turns":4}],"seed_played":"8766026227101046226","potions_obtained":[{"floor":7,"key":"Weak Potion"},{"floor":11,"key":"Swift Potion"},{"floor":13,"key":"Fire Potion"},{"floor":16,"key":"DistilledChaos"}],"is_trial":false,"path_per_floor":["M","M","?","M","$","R","E","$","T","M","M","M","M","?","R","B",null,"M","?","M","$","?","R","M"],"character_chosen":"DEFECT","items_purchased":["Capacitor","Doom and Gloom","FocusPotion","Loop"],"campfire_rested":0,"item_purchase_floors":[5,5,8,21],"current_hp_per_floor":[75,75,75,75,75,75,45,45,45,45,37,37,33,58,58,8,75,59,59,33,33,33,33,0,0],"gold":0,"neow_bonus":"THREE_ENEMY_KILL","is_daily":false,"chose_seed":false,"campfire_upgraded":3,"win_rate":0.0,"timestamp":1613144923,"path_taken":["M","M","?","?","?","R","E","$","T","M","M","M","M","?","R","BOSS","M","?","M","$","?","R","M"],"items_purchased_type":["Card","Card","Potion","Card"],"build_version":"2020-12-22","purchased_purges":1,"victory":false,"max_hp_per_floor":[75,75,75,75,75,75,75,75,75,75,75,75,75,75,75,75,75,75,75,75,75,75,75,75,75],"card_choices":[{"not_picked":["Redo","Cold Snap","Sweeping Beam"],"picked":"SKIP","floor":1},{"not_picked":["Force Field","Ball Lightning"],"picked":"Chill","floor":2},{"not_picked":["Steam","Barrage","Hologram"],"picked":"SKIP","floor":4},{"not_picked":["Steam","Barrage","Hologram"],"picked":"SKIP","floor":4},{"not_picked":["Rip and Tear","Hologram"],"picked":"Fission","floor":7},{"not_picked":["Darkness","Redo","Steam"],"picked":"SKIP","floor":10},{"not_picked":["Genetic Algorithm","Rebound","Double Energy"],"picked":"SKIP","floor":11},{"not_picked":["Compile Driver","Streamline","Static Discharge"],"picked":"SKIP","floor":12},{"not_picked":["Chill","Undo"],"picked":"BootSequence","floor":13},{"not_picked":["Buffer","Thunder Strike"],"picked":"Echo Form","floor":16},{"not_picked":["Go for the Eyes","Streamline","Auto Shields"],"picked":"SKIP","floor":18},{"not_picked":["Go for the Eyes","BootSequence","Leap"],"picked":"SKIP","floor":20}],"player_experience":364311,"relics_obtained":[{"floor":7,"key":"Juzu Bracelet"},{"floor":9,"key":"Art of War"}],"event_choices":[{"damage_healed":0,"gold_gain":0,"player_choice":"Upgraded","damage_taken":0,"max_hp_gain":0,"max_hp_loss":0,"event_name":"Upgrade Shrine","floor":3,"gold_loss":0,"cards_upgraded":["Chill"]},{"damage_healed":25,"gold_gain":0,"player_choice":"Banana","damage_taken":0,"max_hp_gain":0,"max_hp_loss":0,"event_name":"Big Fish","floor":14,"gold_loss":0},{"damage_healed":0,"gold_gain":0,"player_choice":"Obtained Relic","damage_taken":0,"relics_obtained":["Toy Ornithopter"],"max_hp_gain":0,"max_hp_loss":0,"event_name":"Addict","floor":19,"gold_loss":85},{"damage_healed":0,"gold_gain":0,"player_choice":"Paid Fearfully","damage_taken":0,"max_hp_gain":0,"max_hp_loss":0,"event_name":"Masked Bandits","floor":22,"gold_loss":28}],"is_beta":false,"boss_relics":[{"not_picked":["Black Star","Inserter"],"picked":"Empty Cage"}],"items_purged_floors":[21],"is_endless":false,"potions_floor_spawned":[7,11,13,16],"killed_by":"Cultist and Chosen","ascension_level":4}}