{"host":"w4b7hmige5bnqipq","time":1613099571,"event":{"mods":["2.2 Compatiblity","BaseMod","Colored Map","DeckTracker","Keyboard Shortcuts","Minty Spire (QoL Compilation)","Permanent Neow","Rare Cards Sparkle","SuperFastMode","everything is the same but u backflip on backflip","slay the spire mod where everything is the same but ironclad has a cowboy hat"],"gold_per_floor":[16,16,34,53,68,68,101,114,114,146,158,158,212,212,212,284,284,294,39,39,56,75,75,100,119,119,119,138,138,55,55,55,128,128,140,157,173,48,58,58,77,77,77,77,77,91,111,111,111],"floor_reached":48,"language":"KOR","playtime":1443,"items_purged":["Writhe"],"score":839,"play_id":"a0c5e519-f449-4260-8a44-36b52d17249b","local_time":"20210212111251","is_ascension_mode":true,"campfire_choices":[{"data":"Defragment","floor":6.0,"key":"SMITH"},{"data":"Go for the Eyes","floor":12.0,"key":"SMITH"},{"data":"Defragment","floor":15.0,"key":"SMITH"},{"floor":23.0,"key":"REST"},{"floor":27.0,"key":"REST"},{"data":"Glacier","floor":32.0,"key":"SMITH"},{"floor":40.0,"key":"REST"},{"data":"Machine Learning","floor":42,"key":"SMITH"}],"circlet_count":0,"master_deck":["AscendersBane","Defend_B","Defend_B","Defend_B","Zap+1","Ball Lightning","Machine Learning+1","Turbo","Defragment+1","Defragment+1","Go for the Eyes+1","Aggregate","Core Surge","Ball Lightning+1","Stack+1","Self Repair+1","Rebound","Steam Power","Leap","Conserve Battery","Tempest","Compile Driver","Glacier+1","Lockon","Conserve Battery","Thunder Strike","Panacea","Double Energy","Storm"],"relics":["Cracked Core","Potion Belt","Lizard Tail","Girya","Anchor","Astrolabe","Membership Card","DataDisk","TungstenRod","The Courier","Happy Flower","Busted Crown","TheAbacus","Pear","Bag of Preparation"],"acts_visited":["Exordium","TheCity","TheBeyond"],"potions_floor_usage":[41,48],"damage_taken":[{"damage":7.0,"enemies":"2 Louse","floor":1.0,"turns":3.0},{"damage":2.0,"enemies":"Jaw Worm","floor":3.0,"turns":3.0},{"damage":0.0,"enemies":"Small Slimes","floor":4.0,"turns":3.0},{"damage":9.0,"enemies":"Red Slaver","floor":5.0,"turns":3.0},{"damage":20.0,"enemies":"Lagavulin","floor":7.0,"turns":5.0},{"damage":2.0,"enemies":"Looter","floor":8.0,"turns":3.0},{"damage":20.0,"enemies":"3 Sentries","floor":10.0,"turns":4.0},{"damage":10.0,"enemies":"2 Fungi Beasts","floor":11.0,"turns":3.0},{"damage":33.0,"enemies":"The Guardian","floor":16.0,"turns":9.0},{"damage":26.0,"enemies":"3 Byrds","floor":18.0,"turns":4.0},{"damage":7.0,"enemies":"Shell Parasite","floor":21.0,"turns":5.0},{"damage":38.0,"enemies":"Sentry and Sphere","floor":22.0,"turns":4.0},{"damage":28.0,"enemies":"Slavers","floor":24.0,"turns":6.0},{"damage":12.0,"enemies":"Snake Plant","floor":25.0,"turns":4.0},{"damage":15.0,"enemies":"Cultist and Chosen","floor":28.0,"turns":5.0},{"damage":7.0,"enemies":"Collector","floor":33.0,"turns":7.0},{"damage":0.0,"enemies":"3 Shapes","floor":35.0,"turns":5.0},{"damage":21.0,"enemies":"3 Darklings","floor":36.0,"turns":6.0},{"damage":16.0,"enemies":"Writhing Mass","floor":37.0,"turns":5.0},{"damage":42.0,"enemies":"Jaw Worm Horde","floor":39.0,"turns":5.0},{"damage":25,"enemies":"Spire Growth","floor":41,"turns":6},{"damage":26,"enemies":"Writhing Mass","floor":46,"turns":4},{"damage":9,"enemies":"Sphere and 2 Shapes","floor":47,"turns":6},{"damage":55,"enemies":"Reptomancer","floor":48,"turns":5}],"seed_played":"-4847136613806223874","potions_obtained":[{"floor":3.0,"key":"DistilledChaos"},{"floor":7.0,"key":"FocusPotion"},{"floor":8.0,"key":"Swift Potion"},{"floor":22.0,"key":"DistilledChaos"},{"floor":24.0,"key":"PotionOfCapacity"},{"floor":25.0,"key":"LiquidBronze"},{"floor":28.0,"key":"SkillPotion"},{"floor":31.0,"key":"ColorlessPotion"},{"floor":31.0,"key":"EssenceOfDarkness"},{"floor":36.0,"key":"CultistPotion"},{"floor":37.0,"key":"Ancient Potion"},{"floor":47,"key":"DistilledChaos"}],"is_trial":false,"path_per_floor":["M","?","M","M","M","R","E","M","T","E","M","R","T","?","R","B",null,"M","$","?","M","M","R","E","M","T","R","M","?","$","?","R","B",null,"M","M","M","$","M","R","M","R","T","T","?","M","M","E"],"character_chosen":"DEFECT","items_purchased":["Membership Card","DataDisk","Lockon","Conserve Battery","Panacea","Double Energy","TheAbacus"],"campfire_rested":3,"item_purchase_floors":[19,19,30,30,38,38,38],"current_hp_per_floor":[57,57,55,55,46,46,26,24,24,4,35,35,35,71,71,38,63,37,37,37,40,12,33,15,13,13,34,29,29,29,29,29,32,61,71,60,44,44,12,33,18,18,28,28,66,50,51,0,0],"gold":111,"neow_bonus":"TRANSFORM_TWO_CARDS","is_daily":false,"chose_seed":false,"campfire_upgraded":5,"win_rate":0.0,"timestamp":1613099571,"path_taken":["M","?","M","M","M","R","E","M","T","E","M","R","?","?","R","BOSS","M","$","?","M","M","R","E","M","T","R","M","?","$","?","R","BOSS","M","M","M","$","M","R","M","R","T","?","?","M","M","E"],"items_purchased_type":["Relic","Relic","Card","Card","Card","Card","Relic"],"build_version":"2020-12-22","purchased_purges":1,"victory":false,"max_hp_per_floor":[71,71,71,71,71,71,71,71,71,71,71,71,71,71,71,71,71,71,71,71,71,71,71,71,71,71,71,71,71,71,71,71,71,71,71,71,71,71,71,71,71,71,81,81,66,66,66,66,66],"card_choices":[{"not_picked":["Sweeping Beam","Turbo","Ball Lightning"],"picked":"SKIP","floor":1.0},{"not_picked":["Sweeping Beam","Ball Lightning"],"picked":"Turbo","floor":1.0},{"not_picked":["Stack","Double Energy"],"picked":"Rip and Tear","floor":3.0},{"not_picked":["Redo","Rebound"],"picked":"Defragment","floor":4.0},{"not_picked":["Turbo","Leap","Darkness"],"picked":"SKIP","floor":5.0},{"not_picked":["Stack","Rebound"],"picked":"Defragment","floor":7.0},{"not_picked":["Darkness","Machine Learning"],"picked":"Go for the Eyes","floor":8.0},{"not_picked":["Beam Cell","Leap","Streamline"],"picked":"SKIP","floor":10.0},{"not_picked":["Lockon","Steam"],"picked":"Aggregate","floor":11.0},{"not_picked":["Multi-Cast","Rainbow"],"picked":"Core Surge","floor":16.0},{"not_picked":["Beam Cell","Stack"],"picked":"Rebound","floor":18.0},{"not_picked":["Ball Lightning","Defragment","Hello World+1"],"picked":"SKIP","floor":21.0},{"not_picked":["Sunder","Cold Snap"],"picked":"Conserve Battery","floor":22.0},{"not_picked":["Sweeping Beam","Beam Cell"],"picked":"Tempest","floor":24.0},{"not_picked":["Barrage","Sweeping Beam"],"picked":"Compile Driver","floor":25.0},{"not_picked":["Compile Driver","Double Energy"],"picked":"Glacier","floor":28.0},{"not_picked":["Amplify","Core Surge"],"picked":"Thunder Strike","floor":33.0},{"not_picked":["Turbo"],"picked":"SKIP","floor":35.0},{"not_picked":["Sweeping Beam+1"],"picked":"SKIP","floor":36.0},{"not_picked":["Darkness"],"picked":"SKIP","floor":37.0},{"not_picked":[],"picked":"Storm","floor":39.0},{"not_picked":["Lockon"],"picked":"SKIP","floor":41},{"not_picked":["Compile Driver"],"picked":"SKIP","floor":46},{"not_picked":["Barrage"],"picked":"SKIP","floor":47}],"player_experience":737476,"relics_obtained":[{"floor":7.0,"key":"Potion Belt"},{"floor":9.0,"key":"Lizard Tail"},{"floor":10.0,"key":"Girya"},{"floor":13.0,"key":"Anchor"},{"floor":24.0,"key":"TungstenRod"},{"floor":26.0,"key":"The Courier"},{"floor":43,"key":"Pear"},{"floor":44,"key":"Bag of Preparation"}],"event_choices":[{"damage_healed":0.0,"max_hp_gain":0.0,"max_hp_loss":0.0,"gold_gain":0.0,"event_name":"Living Wall","player_choice":"Grow","floor":2.0,"gold_loss":0.0,"damage_taken":0.0,"cards_upgraded":["Zap"]},{"damage_healed":36.0,"max_hp_gain":0.0,"max_hp_loss":0.0,"gold_gain":0.0,"event_name":"Wheel of Change","player_choice":"Full Heal","floor":14.0,"gold_loss":0.0,"damage_taken":0.0},{"damage_healed":0.0,"max_hp_gain":0.0,"max_hp_loss":0.0,"gold_gain":0.0,"cards_transformed":["Rip and Tear","Dualcast"],"event_name":"Drug Dealer","player_choice":"Became Test Subject","floor":20.0,"gold_loss":0.0,"damage_taken":0.0,"cards_obtained":["Steam Power","Leap"]},{"damage_healed":0.0,"max_hp_gain":0.0,"max_hp_loss":0.0,"gold_gain":0.0,"event_name":"The Mausoleum","player_choice":"Opened","floor":29.0,"gold_loss":0.0,"damage_taken":0.0,"relics_obtained":["Happy Flower"],"cards_obtained":["Writhe"]},{"damage_healed":0.0,"max_hp_gain":0.0,"max_hp_loss":0.0,"gold_gain":0.0,"event_name":"Lab","player_choice":"Got Potions","floor":31.0,"gold_loss":0.0,"damage_taken":0.0},{"damage_healed":66,"gold_gain":0,"player_choice":"Heal","damage_taken":0,"max_hp_gain":0,"max_hp_loss":15,"event_name":"The Moai Head","floor":45,"gold_loss":0}],"is_beta":false,"boss_relics":[{"not_picked":["Empty Cage","Snecko Eye"],"picked":"Astrolabe"},{"not_picked":["Velvet Choker","FrozenCore"],"picked":"Busted Crown"}],"items_purged_floors":[30],"is_endless":false,"potions_floor_spawned":[3,7,8,22,24,25,28,36,37,47],"killed_by":"Reptomancer","ascension_level":16}}