{"host":"d0btaf6p0msba79e","time":1613152132,"event":{"mods":["BaseMod","BetterRewards","Minty Spire (QoL Compilation)"],"gold_per_floor":[111,111,111,122,122,122,133,158,158,158,170,20,36,46,46,141,141,125,0,0,0,20,20,33,33,57,83,110,129,129,0,0,96,96,114,114,114,162,177,177,211,230,256,256,276,309,319,319,319],"floor_reached":48,"language":"ENG","playtime":3502,"items_purged":["Shame"],"score":589,"play_id":"6cd3ac13-3979-4480-9813-6ae53cd18314","local_time":"20210213044852","is_ascension_mode":true,"campfire_choices":[{"data":"Conclude","floor":6,"key":"SMITH"},{"data":"Brilliance","floor":10,"key":"SMITH"},{"floor":15,"key":"REST"},{"data":"Wish","floor":23,"key":"SMITH"},{"floor":25,"key":"REST"},{"floor":32,"key":"REST"},{"floor":40,"key":"REST"},{"data":"MasterReality","floor":44,"key":"SMITH"}],"circlet_count":0,"master_deck":["Defend_P","Eruption+1","Vigilance","EmptyFist","Conclude+1","Brilliance+1","Prostrate","EmptyBody","TalkToTheHand+1","Wish+1","MentalFortress+1","DeusExMachina+1","DeusExMachina+1","FollowUp+1","Tantrum+1","Wireheading","FollowUp+1","FlurryOfBlows+1","TalkToTheHand+1","Evaluate+1","Protect+1","MasterReality+1","Perseverance+1","Madness+1","Madness+1","BattleHymn","ConjureBlade+1","Prostrate+1"],"relics":["PureWater","StoneCalendar","Sundial","Molten Egg 2","Medical Kit","Astrolabe","Bag of Marbles","Toxic Egg 2","Art of War","Meat on the Bone","VioletLotus","Eternal Feather","Oddly Smooth Stone","Peace Pipe"],"acts_visited":["Exordium","TheCity","TheBeyond"],"potions_floor_usage":[8,16,22,39,41,41],"damage_taken":[{"damage":4,"enemies":"2 Louse","floor":1,"turns":4},{"damage":0,"enemies":"Small Slimes","floor":4,"turns":3},{"damage":0,"enemies":"Cultist","floor":7,"turns":2},{"damage":14,"enemies":"Lagavulin","floor":8,"turns":4},{"damage":0,"enemies":"Lots of Slimes","floor":11,"turns":1},{"damage":1,"enemies":"Looter","floor":13,"turns":2},{"damage":1,"enemies":"Exordium Wildlife","floor":14,"turns":3},{"damage":23,"enemies":"Hexaghost","floor":16,"turns":7},{"damage":21,"enemies":"2 Thieves","floor":18,"turns":4},{"damage":10,"enemies":"Shell Parasite","floor":22,"turns":5},{"damage":9,"enemies":"Sentry and Sphere","floor":24,"turns":4},{"damage":23,"enemies":"Book of Stabbing","floor":27,"turns":4},{"damage":12,"enemies":"Centurion and Healer","floor":29,"turns":5},{"damage":28,"enemies":"Champ","floor":33,"turns":9},{"damage":6,"enemies":"Orb Walker","floor":35,"turns":4},{"damage":24,"enemies":"3 Shapes","floor":38,"turns":5},{"damage":22,"enemies":"3 Darklings","floor":39,"turns":7},{"damage":0,"enemies":"Giant Head","floor":41,"turns":6},{"damage":4,"enemies":"Maw","floor":42,"turns":5},{"damage":26,"enemies":"Spire Growth","floor":45,"turns":4},{"damage":28,"enemies":"Nemesis","floor":46,"turns":7},{"damage":19,"enemies":"4 Shapes","floor":47,"turns":7},{"damage":30,"enemies":"Mind Bloom Boss Battle","floor":48,"turns":3}],"seed_played":"1228324318681658619","potions_obtained":[{"floor":1,"key":"AttackPotion"},{"floor":7,"key":"LiquidBronze"},{"floor":11,"key":"FearPotion"},{"floor":16,"key":"Ancient Potion"},{"floor":18,"key":"Fruit Juice"},{"floor":33,"key":"BottledMiracle"},{"floor":39,"key":"SkillPotion"},{"floor":47,"key":"ColorlessPotion"}],"is_trial":false,"path_per_floor":["M","?","?","M","?","R","M","E","T","R","M","$","M","M","R","B",null,"M","?","?","?","M","R","M","R","T","E","T","M","T","$","R","B",null,"M","?","?","M","M","R","E","M","T","R","M","E","M","?"],"character_chosen":"WATCHER","items_purchased":["Medical Kit","Protect+1"],"campfire_rested":4,"item_purchase_floors":[12,31],"current_hp_per_floor":[68,61,61,61,61,61,61,47,47,47,47,47,46,45,66,43,72,51,51,51,51,46,46,37,60,60,37,37,25,25,25,48,32,77,71,61,61,49,39,62,62,58,58,73,47,31,24,0,0],"gold":319,"neow_bonus":"ONE_RARE_RELIC","is_daily":false,"chose_seed":false,"campfire_upgraded":4,"win_rate":0.0,"timestamp":1613152132,"path_taken":["M","?","?","M","?","R","M","E","T","R","?","?","M","M","R","BOSS","M","?","?","?","?","R","M","R","T","E","?","M","?","?","R","BOSS","M","?","?","M","?","R","E","M","T","R","?","E","?","?"],"items_purchased_type":["Relic","Card"],"build_version":"2020-12-22","purchased_purges":1,"victory":false,"max_hp_per_floor":[72,72,72,72,72,72,72,72,72,72,72,72,72,72,72,72,72,72,72,72,72,77,77,77,77,77,77,77,77,77,77,77,77,77,77,77,77,77,77,77,77,77,77,77,77,77,77,77,77],"card_choices":[{"not_picked":["JustLucky","BowlingBash"],"picked":"EmptyFist","floor":1},{"not_picked":["PathToVictory","FlurryOfBlows"],"picked":"Conclude","floor":4},{"not_picked":["CrushJoints","FlyingSleeves","Tantrum"],"picked":"SKIP","floor":7},{"not_picked":["Conclude","WaveOfTheHand"],"picked":"Brilliance","floor":8},{"not_picked":["Indignation","Crescendo"],"picked":"Prostrate","floor":11},{"not_picked":["LikeWater","SandsOfTime+1"],"picked":"EmptyBody","floor":13},{"not_picked":["Swivel","FollowUp+1"],"picked":"TalkToTheHand+1","floor":14},{"not_picked":["Blasphemy","Ragnarok+1"],"picked":"Wish","floor":16},{"not_picked":["Prostrate+1","CutThroughFate+1"],"picked":"FollowUp+1","floor":18},{"not_picked":["CrushJoints+1","PathToVictory"],"picked":"FollowUp+1","floor":22},{"not_picked":["EmptyMind","CrushJoints+1"],"picked":"FlurryOfBlows+1","floor":24},{"not_picked":["CutThroughFate+1","ThirdEye+1"],"picked":"TalkToTheHand+1","floor":27},{"not_picked":["WheelKick+1","ClearTheMind+1"],"picked":"Evaluate+1","floor":29},{"not_picked":["Scrawl+1","Wish+1"],"picked":"MasterReality","floor":33},{"not_picked":["Crescendo+1","LikeWater+1"],"picked":"Perseverance+1","floor":35},{"not_picked":["Consecrate+1","PathToVictory+1","Halt+1"],"picked":"SKIP","floor":38},{"not_picked":["PathToVictory+1","SashWhip+1","Blasphemy+1"],"picked":"SKIP","floor":39},{"not_picked":["Wireheading","BowlingBash+1"],"picked":"ConjureBlade+1","floor":41},{"not_picked":["JustLucky+1","WaveOfTheHand+1","BowlingBash+1"],"picked":"SKIP","floor":42},{"not_picked":["ClearTheMind+1","Adaptation","Tantrum+1"],"picked":"SKIP","floor":45},{"not_picked":["ThirdEye+1","CrushJoints+1","EmptyFist+1"],"picked":"SKIP","floor":46},{"not_picked":["MentalFortress+1","Protect+1"],"picked":"Prostrate+1","floor":47}],"player_experience":990567,"relics_obtained":[{"floor":8,"key":"Sundial"},{"floor":9,"key":"Molten Egg 2"},{"floor":26,"key":"Bag of Marbles"},{"floor":27,"key":"Toxic Egg 2"},{"floor":28,"key":"Art of War"},{"floor":30,"key":"Meat on the Bone"},{"floor":41,"key":"Eternal Feather"},{"floor":43,"key":"Oddly Smooth Stone"},{"floor":46,"key":"Peace Pipe"}],"event_choices":[{"cards_removed":["Strike_P"],"damage_healed":0,"gold_gain":0,"player_choice":"Card Removal","damage_taken":7,"max_hp_gain":0,"max_hp_loss":0,"event_name":"Golden Wing","floor":2,"gold_loss":0},{"damage_healed":0,"gold_gain":0,"player_choice":"Grow","damage_taken":0,"max_hp_gain":0,"max_hp_loss":0,"event_name":"Living Wall","floor":3,"gold_loss":0,"cards_upgraded":["Eruption"]},{"damage_healed":0,"gold_gain":0,"player_choice":"0 cards matched","damage_taken":0,"max_hp_gain":0,"max_hp_loss":0,"event_name":"Match and Keep!","floor":5,"gold_loss":0,"cards_obtained":[]},{"damage_healed":0,"gold_gain":0,"player_choice":"Paid Fearfully","damage_taken":0,"max_hp_gain":0,"max_hp_loss":0,"event_name":"Masked Bandits","floor":19,"gold_loss":125},{"damage_healed":0,"gold_gain":0,"cards_transformed":["Defend_P","Defend_P"],"player_choice":"Became Test Subject","damage_taken":0,"max_hp_gain":0,"max_hp_loss":0,"event_name":"Drug Dealer","floor":20,"gold_loss":0,"cards_obtained":["Tantrum","Wireheading"]},{"damage_healed":0,"gold_gain":0,"player_choice":"Embrace Madness","damage_taken":10,"max_hp_gain":0,"max_hp_loss":0,"event_name":"Winding Halls","floor":36,"gold_loss":0,"cards_obtained":["Madness","Madness"]},{"damage_healed":0,"gold_gain":0,"cards_transformed":["Defend_P"],"player_choice":"Transformed","damage_taken":0,"max_hp_gain":0,"max_hp_loss":0,"event_name":"Transmorgrifier","floor":37,"gold_loss":0,"cards_obtained":["BattleHymn"]},{"damage_healed":0,"gold_gain":0,"player_choice":"Fight","damage_taken":0,"max_hp_gain":0,"max_hp_loss":0,"event_name":"MindBloom","floor":48,"gold_loss":0}],"is_beta":false,"boss_relics":[{"not_picked":["Tiny House","Velvet Choker"],"picked":"Astrolabe"},{"not_picked":["Coffee Dripper","Busted Crown"],"picked":"VioletLotus"}],"items_purged_floors":[31],"is_endless":false,"potions_floor_spawned":[1,7,11,16,18,33,38,39,47],"killed_by":"Mind Bloom Boss Battle","ascension_level":1}}