{"host":"v9yiptmoyyuggqjj","time":1613117305,"event":{"mods":["AchievementEnabler","BaseMod","BetterRewards","Card Forge","Colored Map","Colored Powertips","DeckTracker","Highlight Path","Infinite Spire","Minty Spire (QoL Compilation)","Quick Restart","Shop Mod","StSLib","Swap Starting Deck Mod"],"gold_per_floor":[113,113,113,113,130,156,169,203,228,259,259,295,295,315,315,429,429,454,466,478,487,487,487,519,444,444,479,479,507,560,577,577,672,672,689,698,698,718,734,734,762,762,762,797,797,824,605,621,621,667],"floor_reached":51,"language":"ENG","playtime":3585,"items_purged":["Poisoned Stab"],"score":1074,"play_id":"3a191371-c4e1-419d-b145-dc5000499412","local_time":"20210212010825","daily_mods":["SealedDeck","Heirloom","Elite Swarm"],"is_ascension_mode":true,"campfire_choices":[{"floor":13,"key":"REST"},{"data":"Accuracy","floor":15,"key":"SMITH"},{"data":"Blade Dance","floor":23,"key":"SMITH"},{"floor":28,"key":"REST"},{"data":"infinitespire:Neurotoxin","floor":32,"key":"SMITH"},{"data":"Adrenaline","floor":40,"key":"SMITH"},{"floor":42,"key":"DIG"},{"floor":45,"key":"REST"},{"data":"Cloak And Dagger","floor":45,"key":"SMITH"},{"floor":49,"key":"DIG"}],"circlet_count":0,"master_deck":["Deflect","Cloak And Dagger","Cloak And Dagger+1","Accuracy+1","Accuracy+1","Deadly Poison","Backstab","infinitespire:Neurotoxin+1","Blade Dance+1","Adrenaline+1","Accuracy+1","Leg Sweep","infinitespire:Menacing","Adrenaline"],"relics":["Ring of the Snake","Hammer of Thor","Seething Fire","Anvil of the Gods","Prayer Wheel","Anchor","CeramicFish","Akabeko","Unceasing Top","infinitespire:Lucky Rock","Bronze Scales","Busted Crown","White Beast Statue","Blue Candle","Mercury Hourglass","Dead Branch","Strawberry","WristBlade","Shovel","Nunchaku","Toy Ornithopter","infinitespire:Magic Flask","infinitespire:Midas Blood","Bag of Preparation","Torii"],"acts_visited":["Exordium","TheCity","TheBeyond"],"potions_floor_usage":[10,10,19,35],"damage_taken":[{"damage":0,"enemies":"Small Slimes","floor":1,"turns":3},{"damage":0,"enemies":"2 Louse","floor":5,"turns":3},{"damage":15,"enemies":"Lagavulin","floor":6,"turns":4},{"damage":0,"enemies":"Cultist","floor":7,"turns":3},{"damage":10,"enemies":"3 Sentries","floor":8,"turns":5},{"damage":12,"enemies":"Gremlin Nob","floor":10,"turns":3},{"damage":15,"enemies":"Lagavulin","floor":12,"turns":4},{"damage":0,"enemies":"Large Slime","floor":14,"turns":4},{"damage":14,"enemies":"Hexaghost","floor":16,"turns":5},{"damage":0,"enemies":"Shell Parasite","floor":18,"turns":2},{"damage":3,"enemies":"3 Byrds","floor":19,"turns":3},{"damage":9,"enemies":"Snecko","floor":20,"turns":3},{"damage":3,"enemies":"Book of Stabbing","floor":24,"turns":3},{"damage":39,"enemies":"Gremlin Leader","floor":27,"turns":3},{"damage":3,"enemies":"Book of Stabbing","floor":29,"turns":3},{"damage":0,"enemies":"3 Cultists","floor":31,"turns":2},{"damage":20,"enemies":"Champ","floor":33,"turns":4},{"damage":0,"enemies":"3 Darklings","floor":35,"turns":2},{"damage":1,"enemies":"Orb Walker","floor":38,"turns":2},{"damage":0,"enemies":"Spire Growth","floor":39,"turns":2},{"damage":0,"enemies":"Nemesis","floor":41,"turns":3},{"damage":0,"enemies":"Giant Head","floor":44,"turns":3},{"damage":0,"enemies":"Reptomancer","floor":46,"turns":3},{"damage":0,"enemies":"Jaw Worm Horde","floor":48,"turns":1},{"damage":69,"enemies":"infinitespire:MassOfShapes","floor":50,"turns":1}],"seed_played":"-8490560598110080169","potions_obtained":[{"floor":6,"key":"LiquidMemories"},{"floor":7,"key":"FearPotion"},{"floor":8,"key":"ColorlessPotion"},{"floor":12,"key":"LiquidBronze"},{"floor":18,"key":"Fire Potion"},{"floor":27,"key":"Fire Potion"},{"floor":29,"key":"infinitespire:BlackPotion"},{"floor":31,"key":"CunningPotion"},{"floor":35,"key":"Block Potion"}],"is_trial":true,"path_per_floor":["M","?","?","?","M","E","M","E","T","E","?","E","R","M","R","B",null,"M","M","M","?","?","R","E","?","T","E","R","E","T","M","R","B",null,"M","?","?","M","M","R","E","R","T","E","R","E","$","M","R","B",null],"character_chosen":"THE_SILENT","items_purchased":["Bag of Preparation"],"campfire_rested":3,"item_purchase_floors":[47],"current_hp_per_floor":[70,70,63,63,63,48,48,38,38,26,26,11,32,32,32,18,70,70,67,58,58,45,45,42,42,42,3,25,22,29,29,29,9,82,82,62,67,66,66,66,66,66,66,66,82,82,82,82,82,13],"gold":667,"neow_bonus":"","is_daily":false,"chose_seed":false,"campfire_upgraded":5,"win_rate":0.0,"timestamp":1613117305,"path_taken":["M","?","?","?","M","E","M","E","T","E","?","E","R","M","R","BOSS","M","M","?","?","?","R","E","?","T","E","R","E","?","?","R","BOSS","M","?","?","M","M","R","E","R","T","E","R","E","$","?","R","BOSS"],"items_purchased_type":["Relic"],"build_version":"2020-12-22","purchased_purges":1,"victory":true,"max_hp_per_floor":[70,70,70,70,70,70,70,70,70,70,70,70,70,70,70,70,70,70,70,70,70,75,75,75,75,75,75,75,75,82,82,82,82,82,82,82,82,82,82,82,82,82,82,82,82,82,82,82,82,82],"card_choices":[{"not_picked":["Expertise","Dodge and Roll"],"picked":"Deadly Poison","floor":1},{"not_picked":["Slice","Terror","Well Laid Plans"],"picked":"SKIP","floor":1},{"not_picked":["Skewer","Underhanded Strike","PiercingWail"],"picked":"SKIP","floor":5},{"not_picked":["All Out Attack","Dagger Throw","Dash"],"picked":"SKIP","floor":5},{"not_picked":["Glass Knife","Tools of the Trade","After Image"],"picked":"SKIP","floor":6},{"not_picked":["Backflip","Dagger Throw"],"picked":"Backstab","floor":7},{"not_picked":["Dagger Spray","Backflip","Deflect"],"picked":"SKIP","floor":7},{"not_picked":["Unload","Wraith Form v2","Doppelganger"],"picked":"SKIP","floor":8},{"not_picked":["Burst","Doppelganger","Night Terror"],"picked":"SKIP","floor":10},{"not_picked":["Doppelganger","Corpse Explosion"],"picked":"infinitespire:Neurotoxin","floor":12},{"not_picked":["Acrobatics","Dagger Spray"],"picked":"Blade Dance","floor":14},{"not_picked":["Bane","Dagger Spray","Acrobatics"],"picked":"SKIP","floor":14},{"not_picked":["Wraith Form v2","Die Die Die"],"picked":"Adrenaline","floor":16},{"not_picked":[],"picked":"Accuracy+1","floor":18},{"not_picked":["Dodge and Roll"],"picked":"SKIP","floor":18},{"not_picked":["Well Laid Plans+1"],"picked":"SKIP","floor":19},{"not_picked":["Dash+1"],"picked":"SKIP","floor":19},{"not_picked":["Flying Knee"],"picked":"SKIP","floor":20},{"not_picked":["PiercingWail+1"],"picked":"SKIP","floor":20},{"not_picked":["Malaise"],"picked":"SKIP","floor":24},{"not_picked":["Doppelganger"],"picked":"SKIP","floor":27},{"not_picked":["Unload"],"picked":"SKIP","floor":29},{"not_picked":["Skewer+1"],"picked":"SKIP","floor":31},{"not_picked":["Masterful Stab"],"picked":"SKIP","floor":31},{"not_picked":["Poisoned Stab+1"],"picked":"SKIP","floor":35},{"not_picked":["Bane"],"picked":"SKIP","floor":35},{"not_picked":["infinitespire:DeathsTouch","infinitespire:SealOfDarkness+"],"picked":"infinitespire:Menacing","floor":36},{"not_picked":["Eviscerate+1"],"picked":"SKIP","floor":38},{"not_picked":["Acrobatics+1"],"picked":"SKIP","floor":38},{"not_picked":["Crippling Poison+1"],"picked":"SKIP","floor":39},{"not_picked":["Dagger Throw"],"picked":"SKIP","floor":39},{"not_picked":["Tools of the Trade"],"picked":"SKIP","floor":41},{"not_picked":[],"picked":"Adrenaline","floor":44},{"not_picked":["Venomology"],"picked":"SKIP","floor":46},{"not_picked":["Prepared+1"],"picked":"SKIP","floor":48},{"not_picked":["Dash"],"picked":"SKIP","floor":48}],"player_experience":578377,"relics_obtained":[{"floor":6,"key":"Anchor"},{"floor":8,"key":"CeramicFish"},{"floor":9,"key":"Akabeko"},{"floor":10,"key":"Unceasing Top"},{"floor":12,"key":"Bronze Scales"},{"floor":24,"key":"White Beast Statue"},{"floor":26,"key":"Blue Candle"},{"floor":27,"key":"Mercury Hourglass"},{"floor":29,"key":"Dead Branch"},{"floor":30,"key":"Strawberry"},{"floor":41,"key":"Shovel"},{"floor":42,"key":"Nunchaku"},{"floor":43,"key":"Toy Ornithopter"},{"floor":44,"key":"infinitespire:Magic Flask"},{"floor":46,"key":"infinitespire:Midas Blood"},{"floor":49,"key":"Torii"}],"event_choices":[{"cards_removed":["Cloak And Dagger"],"damage_healed":0,"gold_gain":0,"player_choice":"Card Removal","damage_taken":7,"max_hp_gain":0,"max_hp_loss":0,"event_name":"Golden Wing","floor":3,"gold_loss":0},{"damage_healed":0,"gold_gain":0,"player_choice":"Gave Potion","damage_taken":0,"relics_obtained":["infinitespire:Lucky Rock"],"max_hp_gain":0,"max_hp_loss":0,"event_name":"WeMeetAgain","floor":11,"gold_loss":0},{"damage_healed":0,"gold_gain":0,"player_choice":"Read","damage_taken":0,"max_hp_gain":0,"max_hp_loss":0,"event_name":"The Library","floor":21,"gold_loss":0,"cards_obtained":["Leg Sweep"]},{"damage_healed":0,"gold_gain":0,"player_choice":"Shed Blood","damage_taken":18,"max_hp_gain":5,"max_hp_loss":0,"event_name":"Forgotten Altar","floor":22,"gold_loss":0},{"cards_removed":["Well Laid Plans"],"damage_healed":0,"gold_gain":0,"player_choice":"Gave Gold","damage_taken":0,"max_hp_gain":0,"max_hp_loss":0,"event_name":"Beggar","floor":25,"gold_loss":75},{"cards_removed":["Backflip"],"damage_healed":5,"gold_gain":0,"player_choice":"Offered Common","damage_taken":0,"max_hp_gain":0,"max_hp_loss":0,"event_name":"Bonfire Elementals","floor":37,"gold_loss":0},{"cards_removed":["Backflip"],"damage_healed":5,"gold_gain":0,"player_choice":"Offered Special","damage_taken":0,"max_hp_gain":0,"max_hp_loss":0,"event_name":"Bonfire Elementals","floor":37,"gold_loss":0}],"is_beta":false,"boss_relics":[{"not_picked":["Runic Pyramid","Tiny House"],"picked":"Busted Crown"},{"not_picked":["Fusion Hammer","Philosopher\u0027s Stone"],"picked":"WristBlade"}],"items_purged_floors":[47],"is_endless":false,"potions_floor_spawned":[6,7,8,12,18,27,29,31,33,35,38,39,41,44,46,48],"ascension_level":3}}