{"host":"6s56i2m8qxa2yngo","time":1613103740,"event":{"mods":["100% Spire Juice","2.2 Compatiblity","Act Like it!","AlwaysNeverKeys","Aspiration","BaseMod","Better Altar","Better Match","Better Note","Better Sensory Stone","Better Skull","Better Third Choice","Better Vampires","CapriCore","Card Forge","Challenge The Spire","Conspire","DeckTracker","Energized Spire","Faster Ascension Climbing","Friendly Minions","Gold Saver","Halation","Hubris","Minty Spire (QoL Compilation)","Permanent Neow","Prisma Mod","Quarter Circle Forward PUNCH!","Railgun Mod","Relic Filter","Remilia??????","Remove Card Discount Mod","Replay The Spire","Shop Mod","Small Relic Pack","StSLib","SuperFastMode","The Alterego","The Animator","The Death Knight","The Edgeheg","The Immortal","The Kombatant","The Marked","TheSurvivalist","Uncapped","Wandering Minibosses"],"gold_per_floor":[569,569,582,600,600,625,643,669,694,694,694,721,741,760,760,839,839,851,868,883,883,883,917,917,933,933,342,352,352,297,331,331,405,405,420,438,167,177,187,219,219,250,297,322,344,344,382,395,395,395,395,395,395,38,70,70],"floor_reached":57,"language":"ENG","playtime":4058,"items_purged":[],"score":3693,"play_id":"bb6d6a34-7312-47cf-8532-baee083fe757","local_time":"20210211222220","is_ascension_mode":true,"campfire_choices":[{"floor":11.0,"key":"REST"},{"floor":15.0,"key":"REST"},{"floor":29.0,"key":"REST"},{"floor":32.0,"key":"REST"},{"floor":46.0,"key":"REST"},{"floor":49.0,"key":"REST"},{"floor":53,"key":"REST"}],"circlet_count":0,"master_deck":["theEdgeheg:StarterDodgeSkill+1","theEdgeheg:StarterDodgeSkill+1","theEdgeheg:StarterDodgeSkill+1","theEdgeheg:BloodyKatana+1","theEdgeheg:ChaosControlSkill+1","theEdgeheg:ChaosWhip+1","theEdgeheg:ChaosControlSkill+1","theEdgeheg:Sniper+1","theEdgeheg:DashKatana+1","theEdgeheg:MasterEmerald+1","theEdgeheg:ChaosGrenade+1","theEdgeheg:HappiestTimmy","theEdgeheg:BetterDodge+1","Insight+1","theEdgeheg:Knives+1","theEdgeheg:BadassArsenal+1","theEdgeheg:RollAndShoot+1","theEdgeheg:MachineGun+1","TheRailgun:Pull+1","TheRailgun:Level_6+1","TheRailgun:Biribiri+1","TheRailgun:Battery_Pack+1","TheRailgun:Level_6+1"],"relics":["theEdgeheg:UltimateLifeformRelic","theEdgeheg:GreenEmeraldRelic","Seething Fire","Anvil of the Gods","aspiration:Nostalgia","ScarletHat","Bottled Lightning","conspire:BottledYoYo","theEdgeheg:BlueEmeraldRelic","Boot","StrikeDummy","Replay:Rubber Ducky","wanderingMiniBosses:OtherGremlinHorn","energizedSpire:OgreHead","Potion Belt","Letter Opener","MerchantsRug","Vajra","hubris:EmptyBottle","energizedSpire:NeverEndingSparkler","hubris:MysteriousPyramids","Pen Nib","The Courier","theEdgeheg:YellowEmeraldRelic","TungstenRod","Bird Faced Urn","Happy Flower"],"acts_visited":["Exordium","TheCity","TheBeyond","TheEnding"],"potions_floor_usage":[56,56],"damage_taken":[{"damage":0.0,"enemies":"Cultist","floor":1.0,"turns":3.0},{"damage":0.0,"enemies":"Jaw Worm","floor":3.0,"turns":3.0},{"damage":0.0,"enemies":"2 Louse","floor":4.0,"turns":2.0},{"damage":1.0,"enemies":"Replay:BlueRogue","floor":6.0,"turns":6.0},{"damage":2.0,"enemies":"Gremlin Gang","floor":7.0,"turns":11.0},{"damage":2.0,"enemies":"3 Sentries","floor":8.0,"turns":11.0},{"damage":0.0,"enemies":"Lagavulin","floor":12.0,"turns":5.0},{"damage":0.0,"enemies":"Looter","floor":13.0,"turns":5.0},{"damage":2.0,"enemies":"conspire:2 RoseBushes","floor":14.0,"turns":15.0},{"damage":0.0,"enemies":"Hexaghost","floor":16.0,"turns":9.0},{"damage":1.0,"enemies":"Spheric Guardian","floor":18.0,"turns":5.0},{"damage":0.0,"enemies":"conspire:FuzzyDice","floor":19.0,"turns":5.0},{"damage":0.0,"enemies":"3 Cultists","floor":20.0,"turns":6.0},{"damage":0.0,"enemies":"conspire:Head Lice","floor":23.0,"turns":10.0},{"damage":1.0,"enemies":"Chosen and Byrds","floor":25.0,"turns":9.0},{"damage":0.0,"enemies":"Snecko","floor":28.0,"turns":4.0},{"damage":0.0,"enemies":"Gremlin Leader","floor":31.0,"turns":5.0},{"damage":0.0,"enemies":"Collector","floor":33.0,"turns":4.0},{"damage":0.0,"enemies":"Orb Walker","floor":35.0,"turns":1.0},{"damage":0.0,"enemies":"3 Darklings","floor":36.0,"turns":2.0},{"damage":0.0,"enemies":"Transient","floor":38.0,"turns":6.0},{"damage":0.0,"enemies":"4 Shapes","floor":39.0,"turns":3.0},{"damage":0.0,"enemies":"Giant Head","floor":40.0,"turns":4.0},{"damage":0.0,"enemies":"R_Hoarder","floor":42.0,"turns":6.0},{"damage":0.0,"enemies":"Giant Head","floor":44.0,"turns":4.0},{"damage":0.0,"enemies":"Sphere and 2 Shapes","floor":45.0,"turns":2.0},{"damage":0.0,"enemies":"Reptomancer","floor":47.0,"turns":4.0},{"damage":0.0,"enemies":"Spire Growth","floor":48.0,"turns":2.0},{"damage":0.0,"enemies":"Time Eater","floor":50.0,"turns":2.0},{"damage":0.0,"enemies":"Donu and Deca","floor":51.0,"turns":2.0},{"damage":0,"enemies":"Shield and Spear","floor":55,"turns":4},{"damage":11,"enemies":"The Heart","floor":56,"turns":7}],"seed_played":"-3241387969558715594","potions_obtained":[{"floor":7.0,"key":"SkillPotion"},{"floor":12.0,"key":"AttackPotion"},{"floor":13.0,"key":"LifebloodPotion"},{"floor":14.0,"key":"Regen Potion"},{"floor":24.0,"key":"SteroidPotion"},{"floor":24.0,"key":"GamblersBrew"},{"floor":33.0,"key":"Fire Potion"},{"floor":39.0,"key":"LifebloodPotion"}],"is_trial":false,"path_per_floor":["M","T","M","M","?","E","M","E","T","?","R","E","M","M","R","B",null,"M","M","M","?","?","E","?","M","T","$","M","R","$","E","R","B",null,"M","M","$","M","M","E","?","E","T","E","M","R","E","M","R","B","B",null,"R","$","E","B",null],"character_chosen":"THE_DEFAULT","items_purchased":["MerchantsRug","Vajra","theEdgeheg:Knives","theEdgeheg:BadassArsenal","theEdgeheg:RollAndShoot","hubris:EmptyBottle","TheRailgun:Pull","Lee\u0027s Waffle","FairyPotion","theEdgeheg:YellowEmeraldRelic","TungstenRod","Bird Faced Urn"],"campfire_rested":7,"item_purchase_floors":[27,27,27,27,27,27,30,37,37,54,54,54],"current_hp_per_floor":[4,4,5,5,5,4,3,3,3,3,4,5,5,4,5,5,5,4,5,5,5,5,5,5,4,4,4,5,5,5,5,5,5,5,5,5,12,12,12,12,12,12,12,12,12,12,12,12,12,12,12,12,12,12,12,12],"gold":70,"neow_bonus":"NOSTALGIA","is_daily":false,"chose_seed":false,"campfire_upgraded":0,"win_rate":0.0,"timestamp":1613103740,"path_taken":["M","?","?","M","?","E","M","E","T","?","R","E","M","M","R","BOSS","M","?","M","?","?","E","?","M","T","$","M","R","$","E","R","BOSS","M","M","$","M","?","E","?","E","T","E","M","R","E","M","R","BOSS","BOSS","R","$","E","BOSS"],"items_purchased_type":["Relic","Relic","Card","Card","Card","Relic","Card","Relic","Potion","Relic","Relic","Relic"],"build_version":"2020-12-22","purchased_purges":0,"victory":true,"max_hp_per_floor":[5,5,5,5,5,5,5,5,5,5,5,5,5,5,5,5,5,5,5,5,5,5,5,5,5,5,5,5,5,5,5,5,5,5,5,5,12,12,12,12,12,12,12,12,12,12,12,12,12,12,12,12,12,12,12,12],"card_choices":[{"not_picked":["theEdgeheg:Grr","theEdgeheg:Glare"],"picked":"theEdgeheg:ChaosWhip","floor":1.0},{"not_picked":["theEdgeheg:BloodyKatana","theEdgeheg:MachineGun"],"picked":"theEdgeheg:UnplayableBomb","floor":3.0},{"not_picked":["theEdgeheg:BetterDodge","theEdgeheg:BlackKatana"],"picked":"theEdgeheg:ChaosControlSkill","floor":4.0},{"not_picked":["theEdgeheg:BetterShoot","theEdgeheg:DieDieDie"],"picked":"theEdgeheg:Sniper","floor":6.0},{"not_picked":["theEdgeheg:SelfHarmIsNotCool","theEdgeheg:ChaosControlSkill"],"picked":"theEdgeheg:DashKatana","floor":7.0},{"not_picked":["theEdgeheg:CrazyGirlfriend","theEdgeheg:RandomChaosCard"],"picked":"theEdgeheg:Reload","floor":8.0},{"not_picked":["theEdgeheg:Butt","theEdgeheg:TimmyBackflip"],"picked":"theEdgeheg:MasterEmerald","floor":12.0},{"not_picked":["theEdgeheg:Glare","theEdgeheg:PlayRandomCard"],"picked":"theEdgeheg:ChaosGrenade","floor":13.0},{"not_picked":["theEdgeheg:BetterDodge","theEdgeheg:ChaosCards"],"picked":"theEdgeheg:GunFu","floor":14.0},{"not_picked":["theEdgeheg:RocketLauncher","theEdgeheg:DoubleStun"],"picked":"theEdgeheg:BulletStorm","floor":16.0},{"not_picked":["theEdgeheg:MachineGun","theEdgeheg:GunSteal"],"picked":"theEdgeheg:Fastness","floor":18.0},{"not_picked":["theEdgeheg:Shotgun","theEdgeheg:Fastness"],"picked":"theEdgeheg:HappiestTimmy","floor":19.0},{"not_picked":["theEdgeheg:PlayRandomCard","theEdgeheg:Butt","theEdgeheg:ChaosControlSkill"],"picked":"SKIP","floor":20.0},{"not_picked":["theEdgeheg:MachineGun","theEdgeheg:BetterShoot"],"picked":"theEdgeheg:BetterDodge","floor":21.0},{"not_picked":["theEdgeheg:Sniper","theEdgeheg:SupersonicSpeed"],"picked":"theEdgeheg:Tsk","floor":21.0},{"not_picked":["theEdgeheg:EmeraldGirlfriend","theEdgeheg:Reload"],"picked":"theEdgeheg:Shotgun","floor":23.0},{"not_picked":["theEdgeheg:Shotgun","theEdgeheg:DualPistols+1","theEdgeheg:Fastness"],"picked":"SKIP","floor":25.0},{"not_picked":["theEdgeheg:Shotgun","theEdgeheg:Heh"],"picked":"theEdgeheg:MachineGun","floor":28.0},{"not_picked":["TheRailgun:Pull","TheRailgun:Sister_Noise"],"picked":"TheRailgun:Level_6","floor":31.0},{"not_picked":["TheRailgun:Push","TheRailgun:Electrical_Fire"],"picked":"TheRailgun:Biribiri","floor":35.0},{"not_picked":["TheRailgun:Sister_Network","TheRailgun:Hypercharge","TheRailgun:Thunderjolt"],"picked":"SKIP","floor":36.0},{"not_picked":["TheRailgun:Iron_Dust_Sword","TheRailgun:Stun_Shock","TheRailgun:Spark"],"picked":"SKIP","floor":38.0},{"not_picked":["TheRailgun:Crackle","TheRailgun:Token_Collection","TheRailgun:Electrical_Storm"],"picked":"SKIP","floor":39.0},{"not_picked":["TheRailgun:Recharge","TheRailgun:Magnetic_Flight","TheRailgun:Spark"],"picked":"SKIP","floor":40.0},{"not_picked":["TheRailgun:Thunderbolt","TheRailgun:Stun_Shock","TheRailgun:Crackle"],"picked":"SKIP","floor":42.0},{"not_picked":["TheRailgun:Crack+1","TheRailgun:Magnetic_Movement","TheRailgun:Electric_Fence"],"picked":"SKIP","floor":44.0},{"not_picked":["TheRailgun:Zip","TheRailgun:Magnetic_Movement"],"picked":"TheRailgun:Battery_Pack+1","floor":45.0},{"not_picked":["TheRailgun:Thunder","TheRailgun:Battery_Pack"],"picked":"TheRailgun:Level_6","floor":47.0},{"not_picked":["TheRailgun:Heroinism+1","TheRailgun:Negative_Field","TheRailgun:Thunderbolt"],"picked":"SKIP","floor":48.0},{"not_picked":["TheRailgun:Thunderjolt","TheRailgun:Spark","TheRailgun:Hypercharge"],"picked":"SKIP","floor":55}],"player_experience":186672,"relics_obtained":[{"floor":2.0,"key":"Bottled Lightning"},{"floor":6.0,"key":"conspire:BottledYoYo"},{"floor":8.0,"key":"theEdgeheg:BlueEmeraldRelic"},{"floor":9.0,"key":"Boot"},{"floor":12.0,"key":"Replay:Rubber Ducky"},{"floor":14.0,"key":"wanderingMiniBosses:OtherGremlinHorn"},{"floor":23.0,"key":"Potion Belt"},{"floor":26.0,"key":"Letter Opener"},{"floor":31.0,"key":"InkBottle"},{"floor":40.0,"key":"hubris:MysteriousPyramids"},{"floor":42.0,"key":"aspiration:ChemicalBlood"},{"floor":43.0,"key":"CeramicFish"},{"floor":44.0,"key":"Pen Nib"},{"floor":47.0,"key":"The Courier"},{"floor":55,"key":"Happy Flower"}],"event_choices":[{"damage_healed":0.0,"max_hp_gain":0.0,"max_hp_loss":0.0,"gold_gain":0.0,"event_name":"WeMeetAgain","player_choice":"Gave Potion","floor":10.0,"gold_loss":0.0,"damage_taken":0.0,"relics_obtained":["StrikeDummy"]},{"damage_healed":0.0,"max_hp_gain":0.0,"max_hp_loss":0.0,"gold_gain":0.0,"event_name":"betterMatch:BetterMatch","player_choice":"1","floor":21.0,"gold_loss":0.0,"damage_taken":0.0,"cards_obtained":["betterMatch:ColorlessUncommonCard","betterMatch:CommonCard","betterMatch:UncommonCard"]},{"damage_healed":0.0,"max_hp_gain":0.0,"max_hp_loss":0.0,"gold_gain":0.0,"event_name":"betterThird:BetterWriting","player_choice":"Insight","floor":22.0,"gold_loss":0.0,"damage_taken":0.0,"cards_obtained":["Insight"]},{"damage_healed":0.0,"max_hp_gain":0.0,"max_hp_loss":0.0,"gold_gain":0.0,"event_name":"Lab","player_choice":"Got Potions","floor":24.0,"gold_loss":0.0,"damage_taken":0.0},{"cards_removed":["theEdgeheg:GatherChaos"],"damage_healed":0.0,"max_hp_gain":0.0,"max_hp_loss":0.0,"gold_gain":0.0,"event_name":"Falling","player_choice":"Removed Skill","floor":41.0,"gold_loss":0.0,"damage_taken":0.0}],"is_beta":false,"boss_relics":[{"not_picked":["energizedSpire:DeadBattery","energizedSpire:CursedPentagram"],"picked":"energizedSpire:OgreHead"},{"not_picked":["aspiration:IroncladSkillbook","energizedSpire:MagnifyingGlass"],"picked":"energizedSpire:NeverEndingSparkler"}],"items_purged_floors":[],"is_endless":false,"potions_floor_spawned":[7,12,13,14,16,18,19,33,39,40,45,48,55],"ascension_level":20}}