{"host":"91blwi3hgehj6ch9","time":1613130305,"event":{"mods":["2.2 Compatiblity","AchievementEnabler","BaseMod","Colored Map","DeckTracker","Keyboard Shortcuts","Minty Spire (QoL Compilation)","Permanent Neow","Quick Restart","StSLib","SuperFastMode","everything is the same but u backflip on backflip"],"gold_per_floor":[111,111,10,25,38,38,63,80,80,107,126,126,26,38,38,141,141,66,66,81,81,100,130,130,158,240,165,193,204,235,246,246,344,344,361,361,381,392,441,474,487,513,538,548,548,563,563,596,596,596],"floor_reached":51,"language":"KOR","playtime":3010,"items_purged":["Strike_R","Strike_R"],"score":1243,"play_id":"8cf4a4b4-e88a-4e36-9872-ab37da04acd1","local_time":"20210212204505","is_ascension_mode":true,"campfire_choices":[{"data":"Uppercut","floor":6.0,"key":"SMITH"},{"data":"Dark Embrace","floor":15.0,"key":"SMITH"},{"floor":24,"key":"REST"},{"data":"Evolve","floor":32,"key":"SMITH"},{"data":"Offering","floor":45,"key":"SMITH"},{"floor":47,"key":"REST"},{"data":"Seeing Red","floor":49,"key":"SMITH"}],"circlet_count":0,"master_deck":["Strike_R","Defend_R","Defend_R","Defend_R","Defend_R","Bash","Cleave","Shrug It Off","Uppercut+1","Barricade+1","Dark Embrace+1","Power Through","Second Wind","Impervious","Body Slam+1","Seeing Red+1","Impervious","Intimidate+1","Evolve+1","Power Through","Entrench+1","Offering+1","Second Wind+1","Shrug It Off+1"],"relics":["Burning Blood","Bronze Scales","Eternal Feather","StrikeDummy","Question Card","Sozu","Dream Catcher","Singing Bowl","Matryoshka","Self Forming Clay","Boot","Philosopher\u0027s Stone","Pocketwatch","Bottled Flame","Kunai","Art of War","Magic Flower"],"acts_visited":["Exordium","TheCity","TheBeyond"],"potions_floor_usage":[],"damage_taken":[{"damage":7.0,"enemies":"Jaw Worm","floor":1.0,"turns":3.0},{"damage":6.0,"enemies":"Cultist","floor":4.0,"turns":4.0},{"damage":0.0,"enemies":"Small Slimes","floor":5.0,"turns":3.0},{"damage":44.0,"enemies":"3 Sentries","floor":7.0,"turns":7.0},{"damage":3.0,"enemies":"Looter","floor":8.0,"turns":4.0},{"damage":27.0,"enemies":"Lagavulin","floor":10.0,"turns":4.0},{"damage":5.0,"enemies":"Blue Slaver","floor":11.0,"turns":3.0},{"damage":8.0,"enemies":"Exordium Wildlife","floor":14.0,"turns":4.0},{"damage":24.0,"enemies":"The Guardian","floor":16.0,"turns":16.0},{"damage":4.0,"enemies":"2 Thieves","floor":18.0,"turns":5.0},{"damage":19,"enemies":"Spheric Guardian","floor":20,"turns":5},{"damage":10,"enemies":"Centurion and Healer","floor":22,"turns":5},{"damage":66,"enemies":"Slavers","floor":23,"turns":9},{"damage":6,"enemies":"Gremlin Leader","floor":25,"turns":8},{"damage":0,"enemies":"Book of Stabbing","floor":28,"turns":7},{"damage":7,"enemies":"Chosen and Byrds","floor":29,"turns":6},{"damage":16,"enemies":"Slavers","floor":30,"turns":7},{"damage":0,"enemies":"Snecko","floor":31,"turns":7},{"damage":1,"enemies":"Automaton","floor":33,"turns":8},{"damage":0,"enemies":"Orb Walker","floor":35,"turns":5},{"damage":6,"enemies":"3 Shapes","floor":37,"turns":4},{"damage":33,"enemies":"Jaw Worm Horde","floor":38,"turns":5},{"damage":14,"enemies":"2 Orb Walkers","floor":39,"turns":4},{"damage":0,"enemies":"Giant Head","floor":40,"turns":7},{"damage":6,"enemies":"Transient","floor":41,"turns":5},{"damage":45,"enemies":"Reptomancer","floor":42,"turns":6},{"damage":14,"enemies":"Spire Growth","floor":44,"turns":6},{"damage":0,"enemies":"3 Darklings","floor":46,"turns":5},{"damage":9,"enemies":"Nemesis","floor":48,"turns":5},{"damage":23,"enemies":"Donu and Deca","floor":50,"turns":4}],"seed_played":"-4289556672755413450","potions_obtained":[{"floor":2.0,"key":"CultistPotion"},{"floor":2.0,"key":"Block Potion"},{"floor":2.0,"key":"GamblersBrew"},{"floor":8.0,"key":"FairyPotion"},{"floor":10.0,"key":"Ancient Potion"},{"floor":14.0,"key":"AttackPotion"}],"is_trial":false,"path_per_floor":["M","?","$","M","M","R","E","M","T","E","M","?","$","M","R","B",null,"M","$","M","?","M","E","R","E","T","?","E","M","E","M","R","B",null,"M","?","M","M","?","E","M","E","T","M","R","M","R","E","R","B",null],"character_chosen":"IRONCLAD","items_purchased":["Shrug It Off"],"campfire_rested":2,"item_purchase_floors":[3],"current_hp_per_floor":[71,71,71,71,77,77,39,42,42,21,22,22,22,20,29,11,63,65,65,52,52,48,14,47,49,49,49,55,54,44,52,64,69,80,84,84,84,59,53,59,61,24,24,18,30,38,80,79,91,77],"gold":596,"neow_bonus":"RANDOM_COMMON_RELIC","is_daily":false,"chose_seed":false,"campfire_upgraded":5,"win_rate":0.0,"timestamp":1613130305,"path_taken":["M","?","$","M","M","R","E","?","T","E","M","?","$","M","R","BOSS","M","$","M","?","M","E","R","E","T","?","E","?","E","M","R","BOSS","M","?","?","M","?","E","M","E","T","M","R","M","R","E","R","BOSS"],"items_purchased_type":["Card"],"build_version":"2020-12-22","purchased_purges":2,"victory":true,"max_hp_per_floor":[80,80,80,80,80,80,80,80,80,80,80,80,80,80,80,80,80,80,80,80,80,80,80,80,82,82,82,82,82,82,84,84,84,84,84,84,84,86,88,88,90,92,92,94,94,96,98,100,100,100],"card_choices":[{"not_picked":["Thunderclap","Battle Trance"],"picked":"Cleave","floor":1.0},{"not_picked":["Iron Wave","Clothesline","Clash"],"picked":"SKIP","floor":4.0},{"not_picked":["Power Through","Headbutt"],"picked":"Uppercut","floor":5.0},{"not_picked":["Fire Breathing","Heavy Blade"],"picked":"Barricade","floor":7.0},{"not_picked":["Havoc","Heavy Blade"],"picked":"Dark Embrace","floor":8.0},{"not_picked":["Feel No Pain","Uppercut"],"picked":"Power Through","floor":10.0},{"not_picked":["Headbutt","Iron Wave","Hemokinesis"],"picked":"Second Wind","floor":11.0},{"not_picked":["Clothesline","Reckless Charge","Searing Blow","Corruption"],"picked":"SKIP","floor":14.0},{"not_picked":["Bludgeon","Barricade","Berserk"],"picked":"Impervious","floor":16.0},{"not_picked":["Clash","Heavy Blade","Dropkick+1"],"picked":"Body Slam+1","floor":18},{"not_picked":["Body Slam","Searing Blow+1","Clothesline"],"picked":"Seeing Red","floor":20},{"not_picked":["Heavy Blade","Havoc","Body Slam"],"picked":"Impervious","floor":22},{"not_picked":["Dual Wield","Anger","Iron Wave+1"],"picked":"Intimidate+1","floor":23},{"not_picked":["Double Tap","Clothesline","Havoc","Shockwave+1"],"picked":"Singing Bowl","floor":25},{"not_picked":["Combust","True Grit","Clothesline+1"],"picked":"Evolve","floor":28},{"not_picked":["Perfected Strike","Clash","Body Slam"],"picked":"Power Through","floor":29},{"not_picked":["Dark Embrace","Sword Boomerang","Metallicize"],"picked":"Entrench+1","floor":30},{"not_picked":["Body Slam","Armaments+1","Wild Strike","Whirlwind"],"picked":"Singing Bowl","floor":31},{"not_picked":["Limit Break","Berserk","Barricade"],"picked":"Offering","floor":33},{"not_picked":["Heavy Blade+1","Headbutt+1","Shockwave"],"picked":"Second Wind+1","floor":35},{"not_picked":["Pommel Strike","Headbutt+1","Clash"],"picked":"Shrug It Off+1","floor":37},{"not_picked":["Anger","Clash+1","Rage+1","Body Slam"],"picked":"Singing Bowl","floor":38},{"not_picked":["Perfected Strike","Cleave+1","Clash","Whirlwind"],"picked":"Singing Bowl","floor":39},{"not_picked":["Uppercut+1","Burning Pact","Havoc+1","Dual Wield"],"picked":"SKIP","floor":40},{"not_picked":["Pommel Strike","Second Wind","Uppercut+1","Inflame+1"],"picked":"Singing Bowl","floor":41},{"not_picked":["Combust","Cleave","Spot Weakness","Brutality"],"picked":"Singing Bowl","floor":42},{"not_picked":["Inflame","Metallicize+1","Headbutt+1","Flex"],"picked":"Singing Bowl","floor":44},{"not_picked":["Cleave+1","Uppercut","Fire Breathing","Whirlwind+1"],"picked":"Singing Bowl","floor":46},{"not_picked":["Whirlwind","Bloodletting+1","Fire Breathing+1","Cleave"],"picked":"Singing Bowl","floor":47},{"not_picked":["Thunderclap","Metallicize","Inflame+1","Headbutt+1"],"picked":"Singing Bowl","floor":48}],"player_experience":223231,"relics_obtained":[{"floor":7.0,"key":"Eternal Feather"},{"floor":9.0,"key":"StrikeDummy"},{"floor":10.0,"key":"Question Card"},{"floor":23,"key":"Dream Catcher"},{"floor":25,"key":"Singing Bowl"},{"floor":26,"key":"Matryoshka"},{"floor":28,"key":"Self Forming Clay"},{"floor":30,"key":"Boot"},{"floor":39,"key":"Pocketwatch"},{"floor":40,"key":"Bottled Flame"},{"floor":42,"key":"Kunai"},{"floor":43,"key":"Art of War"},{"floor":48,"key":"Magic Flower"}],"event_choices":[{"damage_healed":0.0,"max_hp_gain":0.0,"max_hp_loss":0.0,"gold_gain":0.0,"event_name":"Lab","player_choice":"Got Potions","floor":2.0,"gold_loss":0.0,"damage_taken":0.0},{"damage_healed":0.0,"max_hp_gain":0.0,"max_hp_loss":0.0,"gold_gain":0.0,"event_name":"Living Wall","player_choice":"Grow","floor":12.0,"gold_loss":0.0,"damage_taken":0.0,"cards_upgraded":["Barricade"]},{"cards_removed":["Strike_R"],"damage_healed":0,"gold_gain":0,"player_choice":"Elegance","damage_taken":0,"max_hp_gain":0,"max_hp_loss":0,"event_name":"Back to Basics","floor":21,"gold_loss":0},{"cards_removed":["Strike_R"],"damage_healed":0,"gold_gain":0,"player_choice":"Gave Gold","damage_taken":0,"max_hp_gain":0,"max_hp_loss":0,"event_name":"Beggar","floor":27,"gold_loss":75},{"damage_healed":0,"gold_gain":0,"player_choice":"Bought 0 Potions","damage_taken":0,"max_hp_gain":0,"max_hp_loss":0,"event_name":"The Woman in Blue","floor":36,"gold_loss":0},{"damage_healed":0,"gold_gain":0,"player_choice":"Fight","damage_taken":0,"max_hp_gain":0,"max_hp_loss":0,"event_name":"Mysterious Sphere","floor":39,"gold_loss":0}],"is_beta":false,"boss_relics":[{"not_picked":["Ectoplasm","Busted Crown"],"picked":"Sozu"},{"not_picked":["Snecko Eye","Runic Cube"],"picked":"Philosopher\u0027s Stone"}],"items_purged_floors":[3,13],"is_endless":false,"potions_floor_spawned":[5,8,10,14,22,29,30,31,33,35,38,40,44,48],"ascension_level":8}}