{"host":"qlznacst95ifd6w5","time":1613106557,"event":{"mods":["2.2 Compatiblity","AchievementEnabler","BaseMod","Bestiary","Block Reminder","Colored Map","Curses Come First","DeckTracker","Highlight Path","Minty Spire (QoL Compilation)","Permanent Neow","Relic Sorter","Relic Stats","StSLib","Together in Spire"],"gold_per_floor":[110,75,75,92,92,92,109,109,163,173,191,226,243,268,268,363,363,366,382,382,136,152,182,182,200,200,200,217,242,342,441,441,538,538,550,550,122,133,133,133,166,166,216,216,20,20,45,93,93,93],"floor_reached":51,"language":"ENG","playtime":1447,"items_purged":["Strike_B","Strike_B","Strike_B"],"score":626,"play_id":"a93a3af4-fc19-43d6-9471-999c56d05c67","local_time":"20210212000917","is_ascension_mode":false,"campfire_choices":[{"data":"Sweeping Beam","floor":6,"key":"SMITH"},{"data":"Genetic Algorithm","floor":8,"key":"SMITH"},{"data":"Rainbow","floor":15,"key":"SMITH"},{"data":"Electrodynamics","floor":24,"key":"SMITH"},{"data":"Coolheaded","floor":27,"key":"SMITH"},{"floor":32,"key":"REST"},{"floor":40,"key":"REST"},{"floor":42,"key":"REST"},{"floor":46,"key":"REST"},{"floor":49,"key":"REST"}],"circlet_count":0,"master_deck":["Strike_B+1","Defend_B","Defend_B+1","Defend_B","Defend_B","Zap","Dualcast+1","Cold Snap","Coolheaded+1","Sweeping Beam+1","Genetic Algorithm+1","Ball Lightning+1","Rainbow+1","Ball Lightning+1","Doom and Gloom+1","Cold Snap+1","Electrodynamics+1","Compile Driver+1","Blizzard+1","Auto Shields","Go for the Eyes+1","Hello World+1","Reboot","Stack+1","Multi-Cast","Glacier","Biased Cognition","Madness","Master of Strategy","Ball Lightning+1","Madness","Madness","Doom and Gloom+1","Multi-Cast","Cold Snap+1"],"relics":["Cracked Core","War Paint","Bag of Marbles","Molten Egg 2","Potion Belt","Inserter","Matryoshka","MealTicket","Dream Catcher","Thread and Needle","Unceasing Top","Pear","Fusion Hammer","Whetstone","Centennial Puzzle","Toy Ornithopter","Letter Opener","Ice Cream"],"acts_visited":["Exordium","TheCity","TheBeyond"],"potions_floor_usage":[16,29,30,30,33,33,50,50,50],"damage_taken":[{"damage":4,"enemies":"Jaw Worm","floor":1,"turns":2},{"damage":0,"enemies":"Small Slimes","floor":4,"turns":1},{"damage":0,"enemies":"2 Louse","floor":7,"turns":1},{"damage":0,"enemies":"2 Fungi Beasts","floor":10,"turns":1},{"damage":0,"enemies":"Looter","floor":11,"turns":1},{"damage":0,"enemies":"Lagavulin","floor":12,"turns":2},{"damage":0,"enemies":"Large Slime","floor":13,"turns":1},{"damage":0,"enemies":"Gremlin Nob","floor":14,"turns":2},{"damage":1,"enemies":"The Guardian","floor":16,"turns":4},{"damage":0,"enemies":"2 Thieves","floor":18,"turns":2},{"damage":0,"enemies":"Spheric Guardian","floor":19,"turns":1},{"damage":0,"enemies":"3 Cultists","floor":22,"turns":2},{"damage":0,"enemies":"Gremlin Leader","floor":23,"turns":1},{"damage":19,"enemies":"Snake Plant","floor":25,"turns":2},{"damage":0,"enemies":"Snecko","floor":28,"turns":2},{"damage":0,"enemies":"Slavers","floor":29,"turns":2},{"damage":21,"enemies":"Colosseum Slavers","floor":30,"turns":2},{"damage":9,"enemies":"Colosseum Nobs","floor":30,"turns":3},{"damage":3,"enemies":"Collector","floor":33,"turns":3},{"damage":0,"enemies":"Orb Walker","floor":35,"turns":1},{"damage":0,"enemies":"3 Shapes","floor":38,"turns":1},{"damage":3,"enemies":"Giant Head","floor":41,"turns":3},{"damage":0,"enemies":"Nemesis","floor":47,"turns":1},{"damage":16,"enemies":"2 Orb Walkers","floor":48,"turns":6},{"damage":16,"enemies":"Donu and Deca","floor":50,"turns":3}],"seed_played":"-2405585511484680734","potions_obtained":[{"floor":7,"key":"DuplicationPotion"},{"floor":10,"key":"BlessingOfTheForge"},{"floor":12,"key":"SteroidPotion"},{"floor":16,"key":"ColorlessPotion"},{"floor":23,"key":"SteroidPotion"},{"floor":25,"key":"FocusPotion"},{"floor":29,"key":"PowerPotion"},{"floor":30,"key":"FearPotion"},{"floor":38,"key":"Strength Potion"},{"floor":41,"key":"Weak Potion"},{"floor":47,"key":"Regen Potion"}],"is_trial":false,"path_per_floor":["M","?","?","M","?","R","M","R","T","M","M","E","M","E","R","B",null,"M","M","?","$","M","E","R","M","T","R","M","E","?","?","R","B",null,"M","?","$","M","?","R","E","R","T","?","$","R","E","?","R","B",null],"character_chosen":"DEFECT","items_purchased":["Blizzard+1","Auto Shields","Go for the Eyes+1","Glacier","Biased Cognition","Madness","Doom and Gloom+1"],"campfire_rested":5,"item_purchase_floors":[21,21,21,37,37,37,45],"current_hp_per_floor":[71,75,80,80,73,73,73,73,73,73,73,73,73,73,73,72,80,80,80,80,80,80,80,80,61,61,61,61,61,41,41,68,65,90,90,90,90,90,90,90,87,90,90,79,90,90,90,74,90,89],"gold":93,"neow_bonus":"THREE_CARDS","is_daily":false,"chose_seed":false,"campfire_upgraded":5,"win_rate":0.0,"timestamp":1613106557,"path_taken":["M","?","?","M","?","R","M","R","T","M","M","E","M","E","R","BOSS","M","M","?","$","M","E","R","M","T","R","M","E","?","?","R","BOSS","M","?","$","M","?","R","E","R","T","?","?","R","E","?","R","BOSS"],"items_purchased_type":["Card","Card","Card","Card","Card","Card","Card"],"build_version":"2020-12-22","purchased_purges":3,"victory":true,"max_hp_per_floor":[75,75,80,80,80,80,80,80,80,80,80,80,80,80,80,80,80,80,80,80,80,80,80,80,80,80,80,80,80,90,90,90,90,90,90,90,90,90,90,90,90,90,90,90,90,90,90,90,90,90],"relic_stats":{"Dream Catcher":5,"Centennial Puzzle":[6],"Inserter":[17],"counters":[25,49],"MealTicket":11,"Whetstone":["Strike_B","Ball Lightning"],"Letter Opener":[10],"War Paint":["Dualcast","Defend_B"],"obtain_stats":[{"Potion Belt":14,"Ice Cream":48,"Inserter":17,"Pear":30,"Thread and Needle":29,"Whetstone":41,"Letter Opener":47,"War Paint":5,"Dream Catcher":26,"Centennial Puzzle":43,"Matryoshka":23,"Molten Egg 2":12,"MealTicket":26,"Fusion Hammer":34,"Bag of Marbles":9,"Cracked Core":0,"Unceasing Top":30,"Toy Ornithopter":43},{"Potion Belt":8,"Ice Cream":24,"Inserter":9,"Pear":18,"Thread and Needle":16,"Whetstone":22,"Letter Opener":23,"War Paint":2,"Dream Catcher":14,"Centennial Puzzle":22,"Matryoshka":13,"Molten Egg 2":6,"MealTicket":14,"Fusion Hammer":19,"Bag of Marbles":3,"Cracked Core":0,"Unceasing Top":18,"Toy Ornithopter":22},{"Potion Belt":11,"Ice Cream":46,"Inserter":15,"Pear":31,"Thread and Needle":26,"Whetstone":39,"Letter Opener":40,"War Paint":3,"Dream Catcher":22,"Centennial Puzzle":39,"Matryoshka":20,"Molten Egg 2":8,"MealTicket":22,"Fusion Hammer":34,"Bag of Marbles":4,"Cracked Core":0,"Unceasing Top":31,"Toy Ornithopter":39}],"Unceasing Top":[2],"Toy Ornithopter":10},"card_choices":[{"not_picked":["Redo","Gash"],"picked":"Cold Snap","floor":0},{"not_picked":["Reinforced Body","Auto Shields"],"picked":"Coolheaded","floor":1},{"not_picked":["Gash","Skim"],"picked":"Sweeping Beam","floor":4},{"not_picked":["Self Repair","Beam Cell"],"picked":"Genetic Algorithm","floor":7},{"not_picked":["Aggregate","Sweeping Beam"],"picked":"Ball Lightning","floor":10},{"not_picked":["Go for the Eyes","Leap"],"picked":"Rainbow","floor":11},{"not_picked":["Beam Cell+1","Redo"],"picked":"Ball Lightning+1","floor":12},{"not_picked":["Conserve Battery","Chaos"],"picked":"Doom and Gloom+1","floor":13},{"not_picked":["Loop","Sweeping Beam+1"],"picked":"Cold Snap+1","floor":14},{"not_picked":["Machine Learning","All For One+1"],"picked":"Electrodynamics","floor":16},{"not_picked":["Gash+1","Steam","Go for the Eyes+1"],"picked":"SKIP","floor":18},{"not_picked":["Heatsinks","Static Discharge+1","White Noise"],"picked":"SKIP","floor":19},{"not_picked":["Compile Driver+1","Beam Cell+1"],"picked":"Hello World+1","floor":22},{"not_picked":["Chill","Streamline+1","Hello World"],"picked":"SKIP","floor":23},{"not_picked":["Gash+1","Conserve Battery+1","Heatsinks"],"picked":"SKIP","floor":25},{"not_picked":["Beam Cell+1","Coolheaded"],"picked":"Reboot","floor":28},{"not_picked":["Go for the Eyes+1","Streamline+1"],"picked":"Seek","floor":29},{"not_picked":["Sweeping Beam+1","Beam Cell+1"],"picked":"Stack+1","floor":30},{"not_picked":["Creative AI","Fission"],"picked":"Multi-Cast","floor":33},{"not_picked":["Streamline+1","Storm","Redo"],"picked":"SKIP","floor":35},{"not_picked":["Auto Shields","Stack","Aggregate+1"],"picked":"SKIP","floor":38},{"not_picked":["Magnetism","Deep Breath"],"picked":"Master of Strategy","floor":39},{"not_picked":["Compile Driver+1","Skim+1"],"picked":"Ball Lightning+1","floor":40},{"not_picked":["Capacitor","Redo+1","Stack+1"],"picked":"SKIP","floor":41},{"not_picked":["Rip and Tear+1","Go for the Eyes+1"],"picked":"Multi-Cast","floor":46},{"not_picked":["Scrape+1","Loop+1","Redo+1"],"picked":"SKIP","floor":47},{"not_picked":["Beam Cell+1","Steam+1"],"picked":"Cold Snap+1","floor":49}],"player_experience":5681,"relics_obtained":[{"floor":9,"key":"Bag of Marbles"},{"floor":12,"key":"Molten Egg 2"},{"floor":14,"key":"Potion Belt"},{"floor":23,"key":"Matryoshka"},{"floor":26,"key":"MealTicket"},{"floor":26,"key":"Dream Catcher"},{"floor":29,"key":"Thread and Needle"},{"floor":30,"key":"Unceasing Top"},{"floor":30,"key":"Pear"},{"floor":41,"key":"Whetstone"},{"floor":43,"key":"Centennial Puzzle"},{"floor":43,"key":"Toy Ornithopter"},{"floor":47,"key":"Letter Opener"},{"floor":48,"key":"Ice Cream"}],"event_choices":[{"damage_healed":18,"gold_gain":0,"player_choice":"Healed","damage_taken":0,"max_hp_gain":0,"max_hp_loss":0,"event_name":"The Cleric","floor":2,"gold_loss":35},{"damage_healed":0,"gold_gain":0,"player_choice":"Donut","damage_taken":0,"max_hp_gain":5,"max_hp_loss":0,"event_name":"Big Fish","floor":3,"gold_loss":0},{"damage_healed":0,"gold_gain":0,"player_choice":"Success","damage_taken":7,"relics_obtained":["War Paint"],"max_hp_gain":0,"max_hp_loss":0,"event_name":"Scrap Ooze","floor":5,"gold_loss":0},{"damage_healed":0,"gold_gain":0,"player_choice":"Read","damage_taken":0,"max_hp_gain":0,"max_hp_loss":0,"event_name":"The Library","floor":20,"gold_loss":0,"cards_obtained":["Compile Driver"]},{"damage_healed":0,"gold_gain":0,"player_choice":"Fight","damage_taken":0,"max_hp_gain":0,"max_hp_loss":0,"event_name":"Colosseum","floor":30,"gold_loss":0},{"damage_healed":0,"gold_gain":0,"player_choice":"Fought Nobs","damage_taken":0,"max_hp_gain":0,"max_hp_loss":0,"event_name":"Colosseum","floor":30,"gold_loss":0},{"damage_healed":0,"gold_gain":99,"player_choice":"Stole From Cult","damage_taken":0,"max_hp_gain":0,"max_hp_loss":0,"event_name":"Nest","floor":31,"gold_loss":0},{"cards_removed":["Seek"],"damage_healed":0,"gold_gain":0,"player_choice":"Removed Skill","damage_taken":0,"max_hp_gain":0,"max_hp_loss":0,"event_name":"Falling","floor":36,"gold_loss":0},{"damage_healed":0,"gold_gain":0,"player_choice":"Memory 1","damage_taken":0,"max_hp_gain":0,"max_hp_loss":0,"event_name":"SensoryStone","floor":39,"gold_loss":0},{"damage_healed":0,"gold_gain":0,"player_choice":"Embrace Madness","damage_taken":11,"max_hp_gain":0,"max_hp_loss":0,"event_name":"Winding Halls","floor":44,"gold_loss":0,"cards_obtained":["Madness","Madness"]},{"damage_healed":0,"gold_gain":0,"player_choice":"Fight","damage_taken":0,"max_hp_gain":0,"max_hp_loss":0,"event_name":"Mysterious Sphere","floor":48,"gold_loss":0}],"is_beta":false,"boss_relics":[{"not_picked":["Snecko Eye","Cursed Key"],"picked":"Inserter"},{"not_picked":["Philosopher\u0027s Stone","Empty Cage"],"picked":"Fusion Hammer"}],"items_purged_floors":[21,37,45],"is_endless":false,"potions_floor_spawned":[7,10,12,13,16,23,25,29,30,30,38,41,47],"ascension_level":0}}