{"host":"xi9hztp74zq5zdao","time":1613092462,"event":{"mods":["2.2 Compatiblity","BaseMod","Colored Map","Googly Eyes","Minty Spire (QoL Compilation)","Relic Sorter","StSLib","The Gatherer","everything is the same but u backflip on backflip"],"gold_per_floor":[112,130,130,83,158,158,158,185,185,218,237,237,254,268,268,372,372,387,387,34,53,67,67,79,99,124,143,171,26,26,37,37,132,132,148,148,158,208,47,47,47,74,74,100,100,120,120,131,131,131],"floor_reached":51,"language":"ENG","playtime":3236,"items_purged":["Writhe"],"score":796,"play_id":"ab6800bb-884f-49d1-b612-871d34058cc9","local_time":"20210211201422","is_ascension_mode":true,"metric_token":593,"campfire_choices":[{"data":"Gatherer:FlowerWhip+1","floor":6,"key":"SMITH"},{"data":"Gatherer:EchoOfNature","floor":12,"key":"SMITH"},{"data":"Gatherer:StoneFence","floor":15,"key":"SMITH"},{"data":"Gatherer:PoisonMastery","floor":23,"key":"SMITH"},{"floor":30,"key":"REST"},{"data":"Gatherer:AcidicSpray","floor":32,"key":"SMITH"},{"data":"Gatherer:Pollute","floor":40,"key":"SMITH"},{"data":"Gatherer:Centralize","floor":45,"key":"SMITH"},{"floor":47,"key":"REST"},{"floor":49,"key":"REST"}],"circlet_count":0,"master_deck":["Gatherer:Strike_Gatherer","Gatherer:Strike_Gatherer","Gatherer:Strike_Gatherer","Gatherer:Defend_Gatherer","Gatherer:Defend_Gatherer","Gatherer:Defend_Gatherer","Gatherer:Defend_Gatherer+1","Gatherer:Defend_Gatherer","Gatherer:Centralize+1","Gatherer:FlowerWhip+2","Gatherer:AcidicSpray+1","Gatherer:EchoOfNature+1","Gatherer:Snatch","Gatherer:Pollute+1","Gatherer:StoneFence+1","Gatherer:PoisonMastery+1","Gatherer:Pollute+1","Gatherer:MiningStrike","Gatherer:FruitForce","Gatherer:TreeGrowth+1","Gatherer:RecoveryHerb+1","Gatherer:QuickSynthesis+1","Deep Breath+1","Good Instincts+1"],"relics":["Gatherer:AlchemyBag","Shuriken","Strawberry","Singing Bowl","Gambling Chip","Empty Cage","Toxic Egg 2","Blood Vial","Gatherer:MistGenerator","Regal Pillow","Busted Crown","StoneCalendar","Du-Vu Doll","Blue Candle","War Paint"],"acts_visited":["Exordium","TheCity","TheBeyond"],"potions_floor_usage":[18,28,28,35,35,44,46,50,50],"damage_taken":[{"damage":1,"enemies":"Jaw Worm","floor":1,"turns":2},{"damage":1,"enemies":"Cultist","floor":2,"turns":3},{"damage":15,"enemies":"3 Sentries","floor":8,"turns":7},{"damage":10,"enemies":"Lagavulin","floor":10,"turns":7},{"damage":0,"enemies":"2 Louse","floor":11,"turns":1},{"damage":0,"enemies":"Blue Slaver","floor":13,"turns":2},{"damage":0,"enemies":"Exordium Wildlife","floor":14,"turns":3},{"damage":13,"enemies":"The Guardian","floor":16,"turns":7},{"damage":15,"enemies":"Spheric Guardian","floor":18,"turns":4},{"damage":4,"enemies":"3 Byrds","floor":21,"turns":3},{"damage":11,"enemies":"Centurion and Healer","floor":22,"turns":7},{"damage":2,"enemies":"3 Cultists","floor":24,"turns":4},{"damage":35,"enemies":"Snake Plant","floor":25,"turns":5},{"damage":21,"enemies":"Centurion and Healer","floor":27,"turns":6},{"damage":9,"enemies":"Gremlin Leader","floor":28,"turns":6},{"damage":6,"enemies":"Cultist and Chosen","floor":31,"turns":6},{"damage":49,"enemies":"Collector","floor":33,"turns":8},{"damage":25,"enemies":"3 Darklings","floor":35,"turns":4},{"damage":3,"enemies":"3 Shapes","floor":37,"turns":5},{"damage":2,"enemies":"Mind Bloom Boss Battle","floor":38,"turns":7},{"damage":42,"enemies":"Giant Head","floor":42,"turns":8},{"damage":39,"enemies":"Reptomancer","floor":44,"turns":6},{"damage":9,"enemies":"Spire Growth","floor":46,"turns":3},{"damage":23,"enemies":"Sphere and 2 Shapes","floor":48,"turns":5},{"damage":69,"enemies":"Time Eater","floor":50,"turns":14}],"seed_played":"-284952982559854186","potions_obtained":[{"floor":1,"key":"BottledMiracle"},{"floor":3,"key":"GamblersBrew"},{"floor":3,"key":"AttackPotion"},{"floor":25,"key":"Fire Potion"},{"floor":31,"key":"Energy Potion"},{"floor":33,"key":"Explosive Potion"},{"floor":38,"key":"LiquidMemories"},{"floor":44,"key":"Energy Potion"},{"floor":48,"key":"Explosive Potion"}],"is_trial":false,"path_per_floor":["M","M","?","$","?","R","T","E","T","E","M","R","M","M","R","B",null,"M","?","$","M","M","R","M","M","T","M","E","$","R","M","R","B",null,"M","?","M","?","$","R","?","E","T","E","R","M","R","M","R","B",null],"character_chosen":"THE_GATHERER","items_purchased":["Gatherer:Snatch","Gatherer:MiningStrike","Gatherer:FruitForce","Toxic Egg 2","Regal Pillow","Deep Breath+1"],"campfire_rested":3,"item_purchase_floors":[4,20,20,20,29,39],"current_hp_per_floor":[71,70,70,70,59,59,59,51,51,41,43,43,43,45,45,32,83,70,70,74,72,63,63,63,28,28,11,4,4,48,51,51,14,101,79,101,101,104,104,104,104,65,65,30,30,33,81,65,113,47],"gold":131,"neow_bonus":"UPGRADE_CARD","is_daily":false,"chose_seed":false,"campfire_upgraded":7,"win_rate":0.0,"timestamp":1613092462,"path_taken":["M","M","?","?","?","R","?","E","T","E","M","R","?","M","R","BOSS","M","?","$","M","M","R","M","M","T","M","E","?","R","M","R","BOSS","M","?","M","?","$","R","?","E","T","E","R","M","R","M","R","BOSS"],"items_purchased_type":["Card","Card","Card","Relic","Relic","Card"],"build_version":"2020-12-22","purchased_purges":1,"victory":true,"max_hp_per_floor":[72,72,72,72,72,72,72,79,79,79,81,81,81,83,83,83,83,85,85,89,91,93,93,95,95,95,97,97,97,97,99,99,101,101,101,101,103,105,105,105,105,107,107,109,109,111,111,113,113,113],"card_choices":[{"not_picked":["Gatherer:FragileHammer","Gatherer:Solidify"],"picked":"Gatherer:AcidicSpray","floor":1},{"not_picked":["Gatherer:WitheringStrike","Gatherer:FlowerBeam"],"picked":"Gatherer:EchoOfNature","floor":2},{"not_picked":["Gatherer:SaveValuables","Gatherer:GatherMaterial","Gatherer:FragileHammer"],"picked":"SKIP","floor":8},{"not_picked":["Gatherer:RottenStipe","Gatherer:WitheringStrike"],"picked":"Gatherer:Pollute","floor":10},{"not_picked":["Gatherer:BambuSword","Gatherer:PotentialSlash","Gatherer:EnergyBasket"],"picked":"Singing Bowl","floor":11},{"not_picked":["Gatherer:EnergyBasket","Gatherer:Snatch"],"picked":"Gatherer:StoneFence","floor":13},{"not_picked":["Gatherer:SaveValuables","Gatherer:Uplift","Gatherer:CollectorsShot"],"picked":"Singing Bowl","floor":14},{"not_picked":["Gatherer:HeartToFruit","Gatherer:FinishingStrike"],"picked":"Gatherer:PoisonMastery","floor":16},{"not_picked":["Gatherer:UpgradeBag","Gatherer:BigPouch+1","Gatherer:Uplift"],"picked":"Singing Bowl","floor":18},{"not_picked":["Gatherer:ScherryThrow","Gatherer:FlowerBeam+1","Gatherer:Duplicator+1"],"picked":"Singing Bowl","floor":21},{"not_picked":["Gatherer:OddSpoils","Gatherer:CarefulStrike","Gatherer:Frenzy"],"picked":"Singing Bowl","floor":22},{"not_picked":["Gatherer:AromaProtection+1","Gatherer:BambuSword","Gatherer:CollectorsShot"],"picked":"Singing Bowl","floor":24},{"not_picked":["Gatherer:GatherMaterial+1","Gatherer:DrugPower+1"],"picked":"Gatherer:TreeGrowth+1","floor":25},{"not_picked":["Gatherer:BambuSword","Gatherer:TacticalStrike+1","Gatherer:ScherryThrow"],"picked":"Singing Bowl","floor":27},{"not_picked":["Gatherer:FlowerPower","Gatherer:ScrollOfPurity+1"],"picked":"Gatherer:RecoveryHerb+1","floor":28},{"not_picked":["Gatherer:Snatch+1","Gatherer:FeelingFine","Gatherer:CollectorsShot"],"picked":"Singing Bowl","floor":31},{"not_picked":["Gatherer:FlamingBottle","Gatherer:Examine+1","Gatherer:Photoscythe"],"picked":"Singing Bowl","floor":33},{"not_picked":[],"picked":"Gatherer:QuickSynthesis+1","floor":35},{"not_picked":["Gatherer:Duplicator+1"],"picked":"Singing Bowl","floor":37},{"not_picked":["Gatherer:FlowerFalling+1"],"picked":"Singing Bowl","floor":38},{"not_picked":[],"picked":"Good Instincts+1","floor":41},{"not_picked":["Gatherer:BalancedGrowth"],"picked":"Singing Bowl","floor":42},{"not_picked":["Gatherer:RecipeChange+1"],"picked":"Singing Bowl","floor":44},{"not_picked":["Gatherer:Herbalism+1"],"picked":"Singing Bowl","floor":46},{"not_picked":["Gatherer:Liquidism"],"picked":"Singing Bowl","floor":48}],"player_experience":1246504,"relics_obtained":[{"floor":7,"key":"Shuriken"},{"floor":8,"key":"Strawberry"},{"floor":9,"key":"Singing Bowl"},{"floor":10,"key":"Gambling Chip"},{"floor":26,"key":"Blood Vial"},{"floor":28,"key":"Gatherer:MistGenerator"},{"floor":38,"key":"StoneCalendar"},{"floor":42,"key":"Du-Vu Doll"},{"floor":43,"key":"Blue Candle"},{"floor":44,"key":"War Paint"}],"event_choices":[{"damage_healed":0,"gold_gain":0,"player_choice":"Got Potions","damage_taken":0,"max_hp_gain":0,"max_hp_loss":0,"event_name":"Lab","floor":3,"gold_loss":0},{"damage_healed":0,"gold_gain":75,"player_choice":"Gather Gold","damage_taken":11,"max_hp_gain":0,"max_hp_loss":0,"event_name":"World of Goop","floor":5,"gold_loss":0},{"damage_healed":0,"gold_gain":0,"player_choice":"Copied","damage_taken":0,"max_hp_gain":0,"max_hp_loss":0,"event_name":"Duplicator","floor":19,"gold_loss":0,"cards_obtained":["Gatherer:Pollute"]},{"damage_healed":25,"gold_gain":0,"player_choice":"Writhe","damage_taken":0,"max_hp_gain":0,"max_hp_loss":0,"event_name":"Winding Halls","floor":36,"gold_loss":0,"cards_obtained":["Writhe"]},{"damage_healed":0,"gold_gain":0,"player_choice":"Fight","damage_taken":0,"max_hp_gain":0,"max_hp_loss":0,"event_name":"MindBloom","floor":38,"gold_loss":0},{"damage_healed":0,"gold_gain":0,"player_choice":"Memory 1","damage_taken":0,"max_hp_gain":0,"max_hp_loss":0,"event_name":"SensoryStone","floor":41,"gold_loss":0}],"is_beta":false,"boss_relics":[{"not_picked":["Runic Dome","Snecko Eye"],"picked":"Empty Cage"},{"not_picked":["Tiny House","Astrolabe"],"picked":"Busted Crown"}],"items_purged_floors":[39],"is_endless":false,"potions_floor_spawned":[1,14,16,25,27,31,33,38,44,48],"ascension_level":1}}