{"host":"ue7jlgf7uv134an9","time":1613101793,"event":{"mods":["BaseMod","Better Third Choice","Colored Map","Defuse TimeMaze Blight","Minty Spire (QoL Compilation)","Quick Restart","Rare Cards Sparkle","Relic Stats","StSLib","UnlockEverythingMod"],"gold_per_floor":[117,0,11,11,29,29,29,29,79,91,103,103,138,151,151,225,225,236,250,266,20,20,45,45,61,112,112,112,129,129,54,54,54,54],"floor_reached":33,"language":"ENG","playtime":1058,"items_purged":["Strike_G"],"score":559,"play_id":"a40231ee-bd80-4866-84fa-00f1db69de9c","local_time":"20210211224953","is_ascension_mode":true,"campfire_choices":[{"data":"Judgement","floor":6.0,"key":"SMITH"},{"floor":12.0,"key":"REST"},{"floor":15,"key":"REST"},{"data":"J.A.X.","floor":24,"key":"SMITH"},{"floor":27,"key":"REST"},{"floor":30,"key":"REST"},{"floor":32,"key":"RECALL"}],"circlet_count":0,"master_deck":["AscendersBane","Strike_G","Strike_G","Strike_G","Defend_G","Defend_G","Defend_G","Defend_G","Defend_G","Survivor","Neutralize+1","Backstab","Sucker Punch","Crippling Poison+1","Predator","Judgement+1","Blur","Cloak And Dagger","Terror","Corpse Explosion","Escape Plan","Cloak And Dagger","J.A.X.+1"],"relics":["Ring of the Snake","NeowsBlessing","Strawberry","Pen Nib","Busted Crown","Lee\u0027s Waffle","Potion Belt","Anchor"],"acts_visited":["Exordium","TheCity"],"potions_floor_usage":[13,16,16,18,23,25,33],"damage_taken":[{"damage":0.0,"enemies":"2 Louse","floor":1.0,"turns":1.0},{"damage":0.0,"enemies":"Small Slimes","floor":3.0,"turns":1.0},{"damage":0.0,"enemies":"Jaw Worm","floor":5.0,"turns":1.0},{"damage":0.0,"enemies":"2 Fungi Beasts","floor":10.0,"turns":2.0},{"damage":0.0,"enemies":"Blue Slaver","floor":11.0,"turns":2.0},{"damage":33,"enemies":"Gremlin Nob","floor":13,"turns":4},{"damage":0,"enemies":"Looter","floor":14,"turns":1},{"damage":27,"enemies":"Slime Boss","floor":16,"turns":9},{"damage":0,"enemies":"Chosen","floor":18,"turns":5},{"damage":17,"enemies":"Shell Parasite","floor":19,"turns":6},{"damage":29,"enemies":"Snecko","floor":20,"turns":7},{"damage":11,"enemies":"Slavers","floor":23,"turns":3},{"damage":16,"enemies":"Cultist and Chosen","floor":25,"turns":7},{"damage":14,"enemies":"Centurion and Healer","floor":29,"turns":5},{"damage":74,"enemies":"Automaton","floor":33,"turns":6}],"seed_played":"-8603750148769734090","potions_obtained":[{"floor":1.0,"key":"PowerPotion"},{"floor":5.0,"key":"Explosive Potion"},{"floor":14,"key":"SkillPotion"},{"floor":16,"key":"AttackPotion"},{"floor":18,"key":"Weak Potion"},{"floor":19,"key":"EssenceOfSteel"},{"floor":20,"key":"LiquidMemories"},{"floor":25,"key":"EssenceOfSteel"}],"is_trial":false,"path_per_floor":["M","$","M","?","M","R","$","?","T","M","M","R","E","M","R","B",null,"M","M","M","$","?","E","R","M","T","R","?","M","R","?","R","B"],"character_chosen":"THE_SILENT","items_purchased":["Sucker Punch","Crippling Poison","Lee\u0027s Waffle"],"campfire_rested":4,"item_purchase_floors":[2,2,21],"current_hp_per_floor":[59,59,59,58,58,58,58,36,36,36,36,57,24,24,45,18,59,59,42,13,80,80,69,69,53,53,77,54,40,65,65,65,0,0],"gold":54,"neow_bonus":"THREE_ENEMY_KILL","is_daily":false,"chose_seed":false,"campfire_upgraded":2,"win_rate":0.0,"timestamp":1613101793,"path_taken":["M","$","M","?","M","R","$","?","T","M","M","R","E","M","R","BOSS","M","M","M","$","?","E","R","M","T","R","?","M","R","?","R","BOSS"],"items_purchased_type":["Card","Card","Relic"],"build_version":"2020-12-22","purchased_purges":1,"victory":false,"max_hp_per_floor":[66,66,66,73,73,73,73,73,73,73,73,73,73,73,73,73,73,73,73,73,80,80,80,80,80,80,80,85,85,85,85,85,85,85],"relic_stats":{"Lee\u0027s Waffle":67,"Busted Crown":12,"counters":[15,60],"Pen Nib":[7],"obtain_stats":[{"Potion Belt":23,"Lee\u0027s Waffle":21,"Anchor":26,"Busted Crown":17,"NeowsBlessing":0,"Strawberry":4,"Pen Nib":13,"Ring of the Snake":0},{"Potion Belt":12,"Lee\u0027s Waffle":11,"Anchor":13,"Busted Crown":8,"NeowsBlessing":0,"Strawberry":2,"Pen Nib":6,"Ring of the Snake":0},{"Potion Belt":42,"Lee\u0027s Waffle":39,"Anchor":49,"Busted Crown":21,"NeowsBlessing":0,"Strawberry":2,"Pen Nib":11,"Ring of the Snake":0}],"Ring of the Snake":[30]},"card_choices":[{"not_picked":["Bane","Catalyst"],"picked":"Backstab","floor":1.0},{"not_picked":["Outmaneuver","Poisoned Stab"],"picked":"Predator","floor":3.0},{"not_picked":["Calculated Gamble","Doppelganger","Deadly Poison"],"picked":"SKIP","floor":5.0},{"not_picked":["Acrobatics","Well Laid Plans"],"picked":"Blur","floor":10.0},{"not_picked":["Dodge and Roll","Adrenaline"],"picked":"Cloak And Dagger","floor":11.0},{"not_picked":["Slice","Bane"],"picked":"Terror","floor":13},{"not_picked":["Slice","Acrobatics","Dagger Throw"],"picked":"SKIP","floor":14},{"not_picked":["Die Die Die","Doppelganger"],"picked":"Corpse Explosion","floor":16},{"not_picked":[],"picked":"Escape Plan","floor":18},{"not_picked":[],"picked":"Cloak And Dagger","floor":19},{"not_picked":["Acrobatics+1"],"picked":"SKIP","floor":20},{"not_picked":["Flying Knee"],"picked":"SKIP","floor":23},{"not_picked":["Bane"],"picked":"SKIP","floor":25},{"not_picked":["Quick Slash"],"picked":"SKIP","floor":29}],"player_experience":68652,"relics_obtained":[{"floor":13,"key":"Pen Nib"},{"floor":23,"key":"Potion Belt"},{"floor":26,"key":"Anchor"}],"event_choices":[{"damage_healed":58.0,"max_hp_gain":0.0,"max_hp_loss":73.0,"gold_gain":0.0,"event_name":"betterThird:BetterShining","player_choice":"Upgrade","floor":8.0,"gold_loss":0.0,"damage_taken":22.0,"cards_upgraded":["Crippling Poison","Neutralize"]},{"damage_healed":0,"gold_gain":0,"player_choice":"Obtain J.A.X.","damage_taken":0,"max_hp_gain":0,"max_hp_loss":0,"event_name":"Drug Dealer","floor":22,"gold_loss":0,"cards_obtained":["J.A.X."]},{"damage_healed":0,"gold_gain":0,"player_choice":"Shed Blood","damage_taken":28,"max_hp_gain":5,"max_hp_loss":0,"event_name":"Forgotten Altar","floor":28,"gold_loss":0},{"cards_removed":["Strike_G"],"damage_healed":0,"gold_gain":0,"player_choice":"Gave Gold","damage_taken":0,"max_hp_gain":0,"max_hp_loss":0,"event_name":"Beggar","floor":31,"gold_loss":75}],"is_beta":false,"boss_relics":[{"not_picked":["Coffee Dripper","HoveringKite"],"picked":"Busted Crown"}],"items_purged_floors":[21],"is_endless":false,"potions_floor_spawned":[1,5,14,16,18,19,20,25],"killed_by":"Automaton","ascension_level":20}}