{"host":"takgv9cv6xf64vhq","time":1613157157,"event":{"mods":["BaseMod","Colored Powertips","Conspire","Decade(王小明)","Downfall","Energized Spire","Hermit","Hubris","LagranYue(拉格朗・月)","Marisa（F雨　魔理沙）","Minty Spire (QoL Compilation)","Replay The Spire","StSLib","The Cursed","The Hierophant","The Jungle","The Servant 0.9.4","TheHeartMod"],"gold_per_floor":[115,115,115,115,115,143,161,261,261,279,294,294,294],"floor_reached":12,"language":"ZHS","playtime":837,"items_purged":[],"score":109,"play_id":"708a8894-fb22-43dc-a746-eeef468202b0","local_time":"20210213031237","is_ascension_mode":true,"campfire_choices":[],"circlet_count":0,"master_deck":["Strike_B","Strike_B","Strike_B","Defend_B","Defend_B","Defend_B","Defend_B","Auto Shields+1","Delirium","Panic Button","Gash","ReplayTheSpireMod:Reroute Power","ReplayTheSpireMod:Reroute Power"],"relics":["Replay:Drink Me","Ring of Shattering","Ring of Peace","Omamori","Dream Catcher"],"acts_visited":["Exordium"],"potions_floor_usage":[12,12],"damage_taken":[{"damage":5.0,"enemies":"Jaw Worm","floor":1.0,"turns":7.0},{"damage":32.0,"enemies":"3 Sentries","floor":6.0,"turns":29.0},{"damage":0.0,"enemies":"2 Louse","floor":7.0,"turns":6.0},{"damage":0.0,"enemies":"Small Slimes","floor":10.0,"turns":9.0},{"damage":0.0,"enemies":"3 Louse","floor":11.0,"turns":7.0},{"damage":30,"enemies":"Gremlin Nob","floor":12,"turns":4}],"seed_played":"-4623645873261370943","potions_obtained":[{"floor":6.0,"key":"Venom Potion"},{"floor":7.0,"key":"Fire Potion"},{"floor":10.0,"key":"Strength Potion"}],"is_trial":false,"path_per_floor":["M","?","?","?","T","E","M","?","T","M","M","E"],"character_chosen":"DEFECT","items_purchased":[],"campfire_rested":0,"item_purchase_floors":[],"current_hp_per_floor":[52,52,52,52,52,20,20,20,20,20,20,0,0],"gold":294,"neow_bonus":"BOSS_RELIC","is_daily":false,"chose_seed":false,"campfire_upgraded":0,"win_rate":0.0,"timestamp":1613157157,"path_taken":["M","?","?","?","?","E","M","?","T","M","?","E"],"items_purchased_type":[],"build_version":"2020-12-22","purchased_purges":0,"victory":false,"max_hp_per_floor":[57,57,57,57,57,57,57,57,57,57,57,57,57],"card_choices":[{"not_picked":["Redo","Rebound"],"picked":"Auto Shields","floor":1.0},{"not_picked":["Scrape","Steam Power"],"picked":"Panic Button","floor":6.0},{"not_picked":["Streamline","Chaos"],"picked":"Gash","floor":7.0},{"not_picked":["Compile Driver","Conserve Battery"],"picked":"ReplayTheSpireMod:Reroute Power","floor":10.0},{"not_picked":["Scrape","Streamline"],"picked":"ReplayTheSpireMod:Reroute Power","floor":11.0}],"player_experience":507091,"relics_obtained":[{"floor":2.0,"key":"Ring of Shattering"},{"floor":2.0,"key":"Ring of Peace"},{"floor":5.0,"key":"Omamori"},{"floor":6.0,"key":"Dream Catcher"}],"event_choices":[{"damage_healed":0.0,"max_hp_gain":0.0,"max_hp_loss":0.0,"gold_gain":0.0,"event_name":"conspire:Investor","player_choice":"Leave","floor":4.0,"gold_loss":0.0,"damage_taken":0.0},{"damage_healed":0.0,"max_hp_gain":0.0,"max_hp_loss":0.0,"gold_gain":100.0,"event_name":"Golden Shrine","player_choice":"Pray","floor":8.0,"gold_loss":0.0,"damage_taken":0.0}],"is_beta":false,"boss_relics":[],"items_purged_floors":[],"is_endless":false,"potions_floor_spawned":[6,7,10],"killed_by":"Gremlin Nob","ascension_level":8}}