{"host":"2ttsipbxjlhedj1t","time":1613171614,"event":{"mods":["2.2 Compatiblity","Act Like it!","BaseMod","Colored Map","Colored Powertips","Curses Come First","Highlight Path","Minty Spire (QoL Compilation)","Quick Restart","StSLib"],"gold_per_floor":[111,125,300,300,145,145,170,170,170,170,170,181,181,191,191,293,293,307,307,307,307,112,112,62,62,140,45,78,78,93,111,111,111,111],"floor_reached":33,"language":"ENG","playtime":982,"items_purged":["Strike_R","Strike_R+1","Carnage+1"],"score":311,"play_id":"f5260201-3077-4f77-ba61-243f6549b612","local_time":"20210212181334","is_ascension_mode":false,"campfire_choices":[{"data":"Carnage","floor":6,"key":"SMITH"},{"data":"Bash","floor":8,"key":"SMITH"},{"data":"Bloodletting","floor":13,"key":"SMITH"},{"data":"Defend_R","floor":15,"key":"SMITH"},{"data":"Searing Blow","floor":23,"key":"SMITH"},{"data":"Searing Blow+1","floor":25,"key":"SMITH"},{"floor":32,"key":"REST"}],"circlet_count":0,"master_deck":["Strike_R+1","Strike_R+1","Strike_R+1","Defend_R+1","Defend_R+1","Defend_R+1","Defend_R+1","Bash+1","Bloodletting+1","Brutality","CurseOfTheBell","Searing Blow+2","Bandage Up","Offering","Shrug It Off"],"relics":["Burning Blood","NeowsBlessing","Du-Vu Doll","Matryoshka","Calling Bell","Smiling Mask","Ornamental Fan","Shovel","Vajra","Darkstone Periapt","Sundial","Pear","Bronze Scales","Torii"],"acts_visited":["Exordium","TheCity"],"potions_floor_usage":[19,28,31],"damage_taken":[{"damage":0,"enemies":"Small Slimes","floor":1,"turns":1},{"damage":0,"enemies":"2 Louse","floor":2,"turns":1},{"damage":0,"enemies":"Lagavulin","floor":7,"turns":1},{"damage":0,"enemies":"Cultist","floor":12,"turns":2},{"damage":3,"enemies":"Large Slime","floor":14,"turns":1},{"damage":46,"enemies":"The Guardian","floor":16,"turns":9},{"damage":21,"enemies":"3 Byrds","floor":18,"turns":6},{"damage":0,"enemies":"2 Thieves","floor":19,"turns":1},{"damage":62,"enemies":"Book of Stabbing","floor":28,"turns":5},{"damage":24,"enemies":"Centurion and Healer","floor":30,"turns":5},{"damage":1,"enemies":"Chosen and Byrds","floor":31,"turns":4},{"damage":90,"enemies":"Champ","floor":33,"turns":11}],"seed_played":"8947138933767952889","potions_obtained":[{"floor":1,"key":"FairyPotion"},{"floor":14,"key":"SmokeBomb"},{"floor":18,"key":"LiquidBronze"},{"floor":30,"key":"Fire Potion"}],"is_trial":false,"path_per_floor":["M","M","?","?","$","R","E","R","T","?","?","M","R","M","R","B",null,"M","M","?","?","$","R","$","R","T","$","E","T","M","M","R","B"],"character_chosen":"IRONCLAD","items_purchased":["Carnage","Vajra","Bandage Up"],"campfire_rested":1,"item_purchase_floors":[5,22,27],"current_hp_per_floor":[80,80,80,80,80,80,80,80,80,85,85,85,85,85,85,45,85,70,76,76,76,76,76,76,76,76,76,34,34,20,29,57,22,22],"gold":111,"neow_bonus":"THREE_ENEMY_KILL","is_daily":false,"chose_seed":false,"campfire_upgraded":6,"win_rate":0.0,"timestamp":1613171614,"path_taken":["M","M","?","?","$","R","E","R","T","?","?","M","R","M","R","BOSS","M","?","?","?","$","R","$","R","T","$","E","?","?","M","R","BOSS"],"items_purchased_type":["Card","Relic","Card"],"build_version":"2020-12-22","purchased_purges":3,"victory":false,"max_hp_per_floor":[80,80,80,80,80,80,80,80,80,85,85,85,85,85,85,85,85,85,85,85,85,85,85,85,85,85,85,95,95,95,95,95,95,95],"card_choices":[{"not_picked":["Hemokinesis","Body Slam","Headbutt"],"picked":"SKIP","floor":1},{"not_picked":["Warcry","Sword Boomerang","Cleave"],"picked":"SKIP","floor":2},{"not_picked":["Burning Pact","Sword Boomerang","True Grit"],"picked":"SKIP","floor":7},{"not_picked":["Anger","Perfected Strike"],"picked":"Bloodletting","floor":12},{"not_picked":["Body Slam","Clothesline","Headbutt"],"picked":"SKIP","floor":14},{"not_picked":["Demon Form","Corruption"],"picked":"Brutality","floor":16},{"not_picked":["Sword Boomerang+1","Flex+1","Iron Wave"],"picked":"SKIP","floor":18},{"not_picked":["True Grit","Heavy Blade"],"picked":"Offering","floor":28},{"not_picked":["Anger","Clothesline"],"picked":"Shrug It Off","floor":30},{"not_picked":["Armaments","Feel No Pain+1","Perfected Strike+1"],"picked":"SKIP","floor":31}],"player_experience":365508,"relics_obtained":[{"floor":7,"key":"Du-Vu Doll"},{"floor":9,"key":"Matryoshka"},{"floor":17,"key":"Smiling Mask"},{"floor":17,"key":"Ornamental Fan"},{"floor":17,"key":"Shovel"},{"floor":26,"key":"Darkstone Periapt"},{"floor":26,"key":"Sundial"},{"floor":28,"key":"Pear"},{"floor":29,"key":"Bronze Scales"},{"floor":29,"key":"Torii"}],"event_choices":[{"damage_healed":0,"gold_gain":175,"player_choice":"AGREE","damage_taken":0,"max_hp_gain":0,"max_hp_loss":0,"event_name":"Liars Game","floor":3,"gold_loss":0,"cards_obtained":["Doubt"]},{"cards_removed":["Doubt"],"damage_healed":0,"gold_gain":0,"player_choice":"Forget","damage_taken":0,"max_hp_gain":0,"max_hp_loss":0,"event_name":"Living Wall","floor":4,"gold_loss":0},{"damage_healed":0,"gold_gain":0,"player_choice":"Donut","damage_taken":0,"max_hp_gain":5,"max_hp_loss":0,"event_name":"Big Fish","floor":10,"gold_loss":0},{"damage_healed":0,"gold_gain":0,"player_choice":"Forge","damage_taken":0,"max_hp_gain":0,"max_hp_loss":0,"event_name":"Accursed Blacksmith","floor":11,"gold_loss":0,"cards_upgraded":["Defend_R"]},{"damage_healed":0,"gold_gain":0,"player_choice":"Simplicity","damage_taken":0,"max_hp_gain":0,"max_hp_loss":0,"event_name":"Back to Basics","floor":20,"gold_loss":0,"cards_upgraded":["Strike_R","Strike_R","Strike_R","Strike_R","Defend_R","Defend_R"]},{"damage_healed":0,"gold_gain":0,"player_choice":"Read","damage_taken":0,"max_hp_gain":0,"max_hp_loss":0,"event_name":"The Library","floor":21,"gold_loss":0,"cards_obtained":["Searing Blow"]}],"is_beta":false,"boss_relics":[{"not_picked":["Astrolabe","Philosopher\u0027s Stone"],"picked":"Calling Bell"}],"items_purged_floors":[5,22,24],"is_endless":false,"potions_floor_spawned":[1,14,18,30],"killed_by":"Champ","ascension_level":0}}