{"host":"ex9ev9v5sog028vn","time":1613125096,"event":{"mods":["Act Like it!","BaseMod","Block Reminder","Hallownest","Minty Spire (QoL Compilation)","Quick Restart","Relic Stats","StSLib","The Bug Knight"],"gold_per_floor":[167,167,183,196,196,196,226,226,249,249,263,263,263,295,295,295,295],"floor_reached":16,"language":"ENG","playtime":884,"items_purged":[],"score":126,"play_id":"5761a362-9f7c-460e-9ea7-9e638f930f37","local_time":"20210212071816","is_ascension_mode":true,"campfire_choices":[{"data":"HollowMod:AbyssShriek","floor":6.0,"key":"SMITH"},{"data":"HollowMod:DescendingDark","floor":8.0,"key":"SMITH"},{"floor":15,"key":"REST"}],"circlet_count":1,"master_deck":["HollowMod:NailStrikeStart+1","HollowMod:QuickDashStart","HollowMod:QuickDashStart","HollowMod:QuickDashStart","HollowMod:QuickDashStart","HollowMod:PogoStrike","HollowMod:AbyssShriek+1","HollowMod:DescendingDark+1","HollowMod:SiblingsSouls","HollowMod:GoodIntentions","HollowMod:MantisMark","HollowMod:VengefulVoid","HollowMod:FallenFury"],"relics":["Tiny House","Pen Nib","Dream Catcher","Hallownest:DreamNailRelic","Circlet","InkBottle"],"acts_visited":["Exordium"],"potions_floor_usage":[16,16],"damage_taken":[{"damage":5.0,"enemies":"Hallownest:monsterHuskWarrior","floor":1.0,"turns":3.0},{"damage":0.0,"enemies":"Hallownest:monsterHuskGuard","floor":3.0,"turns":4.0},{"damage":13.0,"enemies":"2_ Uuma","floor":4.0,"turns":2.0},{"damage":10.0,"enemies":"Hallownest:eliteVengeflyKing","floor":7.0,"turns":7.0},{"damage":8.0,"enemies":"Hallownest:monsterMarmu","floor":10.0,"turns":7.0},{"damage":0.0,"enemies":"Hallownest:monsterFoolEater","floor":11.0,"turns":3.0},{"damage":21,"enemies":"Hallownest:eliteMossKnight","floor":14,"turns":10},{"damage":47,"enemies":"Hallownest:BossHornet","floor":16,"turns":5}],"seed_played":"5711032249755447236","potions_obtained":[{"floor":0.0,"key":"LiquidMemories"},{"floor":1.0,"key":"LiquidMemories"},{"floor":3.0,"key":"Energy Potion"}],"is_trial":false,"path_per_floor":["M","?","M","M","?","R","E","R","T","?","M","?","?","E","R","B"],"character_chosen":"THE_BUGKNIGHT","items_purchased":[],"campfire_rested":1,"item_purchase_floors":[],"current_hp_per_floor":[75,75,75,62,62,62,52,52,52,44,44,44,44,23,47,0,0],"gold":295,"neow_bonus":"BOSS_RELIC","is_daily":false,"chose_seed":false,"campfire_upgraded":2,"win_rate":0.0,"timestamp":1613125096,"path_taken":["M","?","M","M","?","R","E","R","T","?","M","?","?","E","R","BOSS"],"items_purchased_type":[],"build_version":"2020-12-22","purchased_purges":0,"victory":false,"max_hp_per_floor":[80,80,80,80,80,80,80,80,80,80,80,80,80,80,80,80,80],"relic_stats":{"Dream Catcher":1,"counters":[8,41],"Pen Nib":[3],"obtain_stats":[{"Dream Catcher":9,"Tiny House":0,"Circlet":13,"HollowMod:VesselMask":0,"Pen Nib":7,"Hallownest:DreamNailRelic":12,"InkBottle":14},{"Dream Catcher":4,"Tiny House":0,"Circlet":6,"HollowMod:VesselMask":0,"Pen Nib":4,"Hallownest:DreamNailRelic":6,"InkBottle":7},{"Dream Catcher":16,"Tiny House":0,"Circlet":26,"HollowMod:VesselMask":0,"Pen Nib":16,"Hallownest:DreamNailRelic":26,"InkBottle":36}],"InkBottle":[1]},"card_choices":[{"not_picked":["HollowMod:BlackTendrils","HollowMod:DungDefenderAura"],"picked":"HollowMod:AbyssShriek","floor":0.0},{"not_picked":["HollowMod:QuirrelsAssistance","HollowMod:CycloneSlash"],"picked":"HollowMod:DescendingDark","floor":1.0},{"not_picked":["HollowMod:SoulVessel","HollowMod:SoulSplash","HollowMod:CornifersMapStart"],"picked":"SKIP","floor":3.0},{"not_picked":["HollowMod:CornifersMapStart","HollowMod:DoubleDash"],"picked":"HollowMod:GoodIntentions","floor":4.0},{"not_picked":["HollowMod:HowlingWraiths","HollowMod:SoulStrike"],"picked":"HollowMod:MantisMark","floor":7.0},{"not_picked":["HollowMod:Grubsong","HollowMod:HeavyBlow"],"picked":"HollowMod:VengefulVoid","floor":11.0},{"not_picked":["HollowMod:ChannelNail","HollowMod:SharpenedNail"],"picked":"HollowMod:FallenFury","floor":14}],"player_experience":733184,"relics_obtained":[{"floor":7.0,"key":"Pen Nib"},{"floor":9.0,"key":"Dream Catcher"},{"floor":14,"key":"InkBottle"}],"event_choices":[],"is_beta":false,"boss_relics":[],"items_purged_floors":[],"is_endless":false,"potions_floor_spawned":[1,3,10],"killed_by":"Hallownest:BossHornet","ascension_level":4}}