{"host":"nwd160me4iqdtr8u","time":1613155336,"event":{"mods":["AchievementEnabler","Act Like it!","BaseMod","Colored Map","DeckTracker","Keyboard Shortcuts","Minty Spire (QoL Compilation)","Quick Restart","Rare Cards Sparkle","Smile Girya","StSLib","SuperFastMode","everything is the same but u backflip on backflip"],"gold_per_floor":[114,126,136,211,226,226,261,261,261,291,291,316,316,341,341,461,461,484,583,606,606,63,63,63],"floor_reached":23,"language":"KOR","playtime":1140,"items_purged":["Strike_R"],"score":374,"play_id":"20256cd5-b83e-4512-b43c-c1bcd9e429be","local_time":"20210213034216","is_ascension_mode":true,"campfire_choices":[{"data":"Armaments","floor":6,"key":"SMITH"},{"floor":8,"key":"REST"},{"data":"Fiend Fire","floor":15,"key":"SMITH"}],"circlet_count":0,"master_deck":["Strike_R","Strike_R","Strike_R","Defend_R","Defend_R","Defend_R","Defend_R","Bash","Armaments+1","Pommel Strike+1","Whirlwind+1","Shrug It Off","Fiend Fire+1","Offering","Dropkick","Flame Barrier"],"relics":["Black Blood","Whetstone","Singing Bowl","Shuriken","Bloody Idol","Odd Mushroom","Thread and Needle"],"acts_visited":["Exordium","TheCity"],"potions_floor_usage":[5,7,10,16,16,20,23,23],"damage_taken":[{"damage":10.0,"enemies":"2 Louse","floor":1.0,"turns":3.0},{"damage":0.0,"enemies":"Small Slimes","floor":2.0,"turns":3.0},{"damage":6.0,"enemies":"Cultist","floor":3.0,"turns":5.0},{"damage":12,"enemies":"Exordium Thugs","floor":5,"turns":3},{"damage":47,"enemies":"Lagavulin","floor":7,"turns":9},{"damage":25,"enemies":"Gremlin Nob","floor":10,"turns":4},{"damage":18,"enemies":"The Mushroom Lair","floor":12,"turns":3},{"damage":0,"enemies":"3 Louse","floor":14,"turns":1},{"damage":48,"enemies":"Hexaghost","floor":16,"turns":15},{"damage":12,"enemies":"Spheric Guardian","floor":18,"turns":3},{"damage":15,"enemies":"2 Thieves","floor":20,"turns":3},{"damage":77,"enemies":"Book of Stabbing","floor":23,"turns":8}],"seed_played":"-512400762151583114","potions_obtained":[{"floor":1.0,"key":"SteroidPotion"},{"floor":3.0,"key":"LiquidBronze"},{"floor":5,"key":"DuplicationPotion"},{"floor":10,"key":"FearPotion"},{"floor":14,"key":"Dexterity Potion"},{"floor":18,"key":"DistilledChaos"}],"is_trial":false,"path_per_floor":["M","M","M","?","M","R","E","R","T","E","?","?","?","M","R","B",null,"M","?","M","?","$","E"],"character_chosen":"IRONCLAD","items_purchased":["Flame Barrier","Thread and Needle","PowerPotion","BloodPotion"],"campfire_rested":1,"item_purchase_floors":[22,22,22,22],"current_hp_per_floor":[76,80,80,69,63,63,22,46,46,27,27,17,42,50,50,8,61,63,63,60,60,60,0,0],"gold":63,"neow_bonus":"REMOVE_CARD","is_daily":false,"chose_seed":false,"campfire_upgraded":2,"win_rate":0.0,"timestamp":1613155336,"path_taken":["M","M","M","?","M","R","E","R","T","E","?","?","?","M","R","BOSS","M","?","M","?","$","E"],"items_purchased_type":["Card","Relic","Potion","Potion"],"build_version":"2020-12-22","purchased_purges":1,"victory":false,"max_hp_per_floor":[80,80,80,80,80,80,80,80,80,80,74,76,76,78,78,78,78,80,80,80,80,80,80,80],"card_choices":[{"not_picked":["Ghostly Armor","Anger"],"picked":"Armaments","floor":1.0},{"not_picked":["Feel No Pain","Clash"],"picked":"Pommel Strike","floor":2.0},{"not_picked":["Inflame","Wild Strike"],"picked":"Whirlwind","floor":3.0},{"not_picked":["Warcry","Thunderclap"],"picked":"Shrug It Off","floor":5},{"not_picked":["Dual Wield","Havoc","Cleave"],"picked":"SKIP","floor":7},{"not_picked":["Anger","Bloodletting"],"picked":"Fiend Fire","floor":10},{"not_picked":["Flex","Havoc","Inflame"],"picked":"Singing Bowl","floor":12},{"not_picked":["Feel No Pain","Perfected Strike","Inflame"],"picked":"Singing Bowl","floor":14},{"not_picked":["Reaper","Exhume"],"picked":"Offering","floor":16},{"not_picked":["Heavy Blade+1","Infernal Blade","Rage"],"picked":"Singing Bowl","floor":18},{"not_picked":["Twin Strike+1","Iron Wave"],"picked":"Dropkick","floor":20}],"player_experience":414281,"relics_obtained":[{"floor":7,"key":"Whetstone"},{"floor":9,"key":"Singing Bowl"},{"floor":10,"key":"Shuriken"},{"floor":12,"key":"Odd Mushroom"}],"event_choices":[{"damage_healed":0.0,"max_hp_gain":0.0,"max_hp_loss":0.0,"gold_gain":75.0,"event_name":"World of Goop","player_choice":"Gather Gold","floor":4.0,"gold_loss":0.0,"damage_taken":11.0},{"damage_healed":0,"gold_gain":0,"player_choice":"Lose Max HP","damage_taken":0,"relics_obtained":["Golden Idol"],"max_hp_gain":0,"max_hp_loss":6,"event_name":"Golden Idol","floor":11,"gold_loss":0},{"damage_healed":0,"gold_gain":0,"player_choice":"Fought Mushrooms","damage_taken":0,"max_hp_gain":0,"max_hp_loss":0,"event_name":"Mushrooms","floor":12,"gold_loss":0},{"damage_healed":25,"gold_gain":0,"player_choice":"Banana","damage_taken":0,"max_hp_gain":0,"max_hp_loss":0,"event_name":"Big Fish","floor":13,"gold_loss":0},{"damage_healed":0,"gold_gain":99,"player_choice":"Stole From Cult","damage_taken":0,"max_hp_gain":0,"max_hp_loss":0,"event_name":"Nest","floor":19,"gold_loss":0},{"damage_healed":0,"gold_gain":0,"player_choice":"Gave Idol","damage_taken":0,"relics_obtained":["Bloody Idol"],"max_hp_gain":0,"max_hp_loss":0,"event_name":"Forgotten Altar","floor":21,"relics_lost":["Golden Idol"],"gold_loss":0}],"is_beta":false,"boss_relics":[{"not_picked":["Runic Dome","Mark of Pain"],"picked":"Black Blood"}],"items_purged_floors":[22],"is_endless":false,"potions_floor_spawned":[1,3,5,10,14,18],"killed_by":"Book of Stabbing","ascension_level":5}}