{"host":"3pyrf848gr42tovh","time":1613149596,"event":{"mods":["Act Like it!","Arknights","Aspiration","BaseMod","Better Altar","Better Match","Better Note","Better Sensory Stone","Better Skull","Better Third Choice","BetterRewards","Colored Map","Conspire","Curses Come First","Displayed Cursed Tome","Hubris","Infinite Spire","Marisa????????","Minty Spire (QoL Compilation)","Quick Restart","Relic Sorter","Relic Stats","Remilia??????","Replay The Spire","Spire Arcade","StSLib","Td1madao Mod","The Administrix","The Animator","The Cursed","The Hierophant","The Jungle","The Necromancer","The Servant 0.9.4"],"gold_per_floor":[113,113,78,98,98,127,138,156,156,0,0,14,14,29,29,132,132,148,123,173,173,173],"floor_reached":21,"language":"ENG","playtime":787,"items_purged":["ats:Defend"],"score":179,"play_id":"f8b8bacd-cccd-4d30-9ebc-651dfd710ede","local_time":"20210212190636","is_ascension_mode":false,"campfire_choices":[{"floor":13,"key":"REST"},{"floor":15,"key":"REST"}],"circlet_count":0,"master_deck":["ats:Strike C+1","ats:Strike G","ats:Strike S","ats:Strike V","ats:Armor Crushing Shot","ats:Defend","ats:Defend","ats:Defend","ats:Emotion Absorption+1","Looming Evil","ats:Ignite","ats:Consecutive Shot Auto","ats:Apocalypse","ats:Healing Drone","ats:True Silver Slash","ats:Revitalization","ats:Flexible Camouflage+1"],"relics":["ats:Sanity","infinitespire:Golems Mask","hubris:Towel","ats:Originium","Tiny Chest","ats:Ability Aura","SsserpentHead","conspire:SlowCooker"],"acts_visited":["Exordium","TheCity"],"potions_floor_usage":[8,12,16],"damage_taken":[{"damage":10,"enemies":"Small Slimes","floor":1,"turns":4},{"damage":4,"enemies":"2 Louse","floor":4,"turns":3},{"damage":27,"enemies":"Gremlin Nob","floor":6,"turns":5},{"damage":25,"enemies":"Jaw Worm","floor":7,"turns":4},{"damage":13,"enemies":"Exordium Wildlife","floor":8,"turns":3},{"damage":11,"enemies":"Red Slaver","floor":12,"turns":3},{"damage":19,"enemies":"3 Louse","floor":14,"turns":4},{"damage":60,"enemies":"Fading Forest","floor":16,"turns":11},{"damage":59,"enemies":"Shell Parasite","floor":18,"turns":7},{"damage":55,"enemies":"3 Byrds","floor":21,"turns":5}],"seed_played":"-5481015200215310012","potions_obtained":[{"floor":1,"key":"Energy Potion"},{"floor":4,"key":"Energy Potion"},{"floor":12,"key":"ats:Burn Small Potion"}],"is_trial":false,"path_per_floor":["M","?","?","M","?","E","M","M","T","$","?","M","R","M","R","B",null,"M","?","T","M"],"character_chosen":"DOCTOR_CLASS","items_purchased":["ats:True Silver Slash"],"campfire_rested":2,"item_purchase_floors":[10],"current_hp_per_floor":[62,48,66,62,62,35,18,5,5,5,5,4,25,18,39,24,72,35,35,35,0,0],"gold":173,"neow_bonus":"ONE_RARE_RELIC","is_daily":false,"chose_seed":false,"campfire_upgraded":0,"win_rate":0.0,"timestamp":1613149596,"path_taken":["M","?","?","M","?","E","?","M","T","$","?","M","R","M","R","BOSS","M","?","?","M"],"items_purchased_type":["Card"],"build_version":"2020-12-22","purchased_purges":1,"victory":false,"max_hp_per_floor":[72,72,72,72,72,72,72,72,72,72,72,72,72,72,72,72,72,72,72,72,72,72],"relic_stats":{"SsserpentHead":100,"counters":[748,3014],"Tiny Chest":1,"obtain_stats":[{"Replay:Accelerometer":29,"ScarletDevilRocket":6,"Spirit Poop":43,"aspiration:PoetsPen_weak":34,"Sling":0,"Ring of Searing":31,"Blood Vial":33,"vexMod:InvisibilityCloak":0,"conspire:GlowingRock":23,"infinitespire:ShieldingShard":0,"theJungle:BirthdayCakeSlice":24,"hubris:AstralHammer":0,"Fusion Hammer":17,"HandDrill":0,"Replay:Bottled Flurry":52,"aspiration:DSix":0,"Replay:Bottled Steam":42,"hubris:MobiusCoin":0,"Eternal Feather":0,"Pen Nib":54,"ReplayTheSpireMod:SealedPack":17,"infinitespire:Magic Flask":0,"infinitespire:EvilPickle":33,"infinitespire:Lychee Nut":0,"infinitespire:Broken Mirror":0,"Bird Faced Urn":37,"CultistMask":31,"Unceasing Top":0,"vexMod:ImprovementManual":17,"vexMod:PlasmaPancake":6,"Regal Pillow":25,"Torii":49,"animator:TheMissingPiece":0,"GremlinMask":11,"hubris:EmptyBottle":39,"Ancient Tea Set":7,"Pet Ghost":23,"conspire:InfiniteJournal":0,"RedBat":20,"hubris:Backtick":28,"infinitespire:Bottled Soul":26,"vexMod:RedPlottingStone":9,"aspiration:AnachronicSnailShell":0,"AntiCross":54,"hubris:CuriousFeather":0,"Chemical X":0,"infinitespire:Eraser":18,"Replay:Bottled Eggs":25,"InkBottle":0,"aspiration:ChemicalBlood":54,"Potion Belt":6,"vexMod:GildedClover":0,"Lee\u0027s Waffle":11,"Replay:Fungal Core":34,"hubris:64BitClover":6,"Golden Idol":2,"Circlet":0,"vexMod:BerryBomb":36,"PreservedInsect":32,"infinitespire:Lucky Rock":43,"hubris:Towel":2,"Replay:Arrowhead":0,"APieceOfRedMist":17,"ats:Originium":6,"Ornamental Fan":11,"hubris:Spice":44,"Ring of Misfortune":5,"betterThird:SlimedRelic":2,"Ectoplasm":17,"Garlic":29,"Durian":0,"Apod":31,"conspire:DeflatedDodgeball":29,"infinitespire:Midas Blood":0,"hubris:BottledRain":24,"Ice Cream":0,"Calipers":40,"Gremlin Horn":17,"aspiration:Stabinomicon":23,"Sozu":17,"Centennial Puzzle":0,"Prayer Wheel":23,"Iron Hammer":31,"Girya":0,"hubris:Teleporter":43,"hubris:DuctTape":26,"hubris:FruitBowl":28,"vexMod:PaidLearning":0,"aspiration:HiddenCompartment":43,"Gungnir":25,"hubris:Zylophone":0,"OrangePellets":0,"conspire:GiftBox":26,"hierophant:DonationBoxRelic":28,"hubris:PeanutButter":0,"Onion Ring":38,"infinitespire:EmpoweringShard":14,"aspiration:HatOfInfinitePower":0,"Mirror":0,"Pocketwatch":0,"NlothsMask":19,"Melange":31,"Yang":28,"aspiration:TomeofQuesting":6,"Sizzling Blood":0,"Juzu Bracelet":26,"Replay:Mystery Machine":20,"Empty Cage":17,"vexMod:Spyglass":0,"conspire:TopHat":9,"aspiration:StickyExplosives_weak":0,"Dream Catcher":26,"Nunchaku":0,"hubris:Icosahedron":3,"Chameleon Ring":13,"TheAbacus":0,"test447":31,"m_TsuchinokoRing":28,"hubris:Stopwatch":28,"Red Mask":27,"Guide Book":0,"infinitespire:FocusingShard":7,"hubris:MedicalManual":31,"Replay:WaspNest":0,"theJungle:SpiritDisease":28,"vexMod:FocusSash":53,"Medical Kit":0,"Mercury Hourglass":26,"vexMod:Dragonfruit":0,"Calling Bell":17,"Cauldron":0,"Strange Spoon":0,"ShroomBag":31,"Pondfish Scales":0,"vexMod:BarristanHead":17,"infinitespire:Satchel":27,"aspiration:KaomsHeart":45,"hubris:BundleOfHerbs":0,"Bag of Marbles":0,"Membership Card":11,"theJungle:ParSnip":28,"hubris:OldNail":9,"FossilizedHelix":0,"Golden Egg":6,"infinitespire:BottledMercury":9,"vexMod:MemoryStick":0,"Whetstone":0,"Ginger":47,"vexMod:TanglingVine":34,"Bottled Tornado":42,"Boot":0,"Replay:Ringing Soul":20,"vexMod:CardConverter":0,"Sundial":47,"MealTicket":12,"infinitespire:Golems Mask":0,"hubris:DeckOfHolding":0,"ats:Emergency Defibrillator":8,"Kunai":0,"Replay:Wax Seal":48,"conspire:TreasureMap":53,"Pear":27,"Counterbalance":29,"ats:Assault":0,"aspiration:FrozenJewel":20,"SlaversCollar":34,"Runic Dome":17,"hubris:TenFootPole":9,"infinitespire:PuzzleCube":0,"infinitespire:Cupcake":34,"conspire:Flyswatter":0,"Lantern":8,"hubris:Metronome":0,"hierophant:PropheticMaskRelic":0,"StoneCalendar":28,"Blue Doll":0,"Bag of Preparation":42,"Replay:Multitool":0,"Cursed Key":17,"ScarletHat":0,"Replay:Rubber Ducky":0,"Shovel":28,"Matryoshka":0,"Ring of Peace":21,"hubris:ScarierMask":34,"Replay:Lucky Slots":0,"hubris:FunFungus":0,"WingedGreaves":0,"hubris:GlazedTorus":0,"Damaru":28,"Thread and Needle":0,"infinitespire:Joker Card":0,"Omamori":0,"infinitespire:CheckeredPen":0,"Frozen Egg 2":23,"MawBank":8,"Busted Crown":34,"Bloody Idol":22,"Orrery":19,"animator:LivingPicture":0,"Bottled Lightning":29,"ReplayTheSpireMod:Lightbulb":53,"Toy Ornithopter":40,"hubris:CrystalStatue":53,"Vajra":13,"Lizard Tail":41,"theJungle:SneckoAutograph":19,"HornCleat":26,"FaceOfCleric":21,"DollysMirror":46,"Strawberry":9,"conspire:DecoderRing":25,"Toxic Egg 2":21,"vexMod:RetaliationKit":0,"conspire:Dentures":28,"Happy Flower":6,"aspiration:Nostalgia":0,"vexMod:ScavengeHelm":26,"Oddly Smooth Stone":54,"vexMod:TimeEaterHat":0,"conspire:SlowCooker":17,"infinitespire:Beetle Shell":0,"conspire:Boomerang":0,"Letter Opener":0,"aspiration:SeaSaltIceCream":0,"Replay:Kaleidoscope":37,"War Paint":44,"Question Card":42,"Replay:Baseball":31,"Bottled Flame":38,"ReplayTheSpireMod:Shallot":54,"Shuriken":8,"Bronze Scales":10,"Molten Egg 2":43,"Simple Rune":15,"ReplayTheSpireMod:TigerMarble":23,"Nloth\u0027s Gift":24,"hubris:ToyBattleship":0,"Black Star":17,"CatCart":46,"Grinning Jar":23,"Meat on the Bone":48,"ReplayFunnel":53,"Darkstone Periapt":27,"ats:Ability Aura":9,"Replay:PocketPolymizer":0,"SacredBark":21,"conspire:SpecialSausage":34,"FairyMaid":43,"Mango":37,"hubris:SlimyHat":28,"Incense Burner":27,"theJungle:PaperFaux":20,"ClockworkSouvenir":37,"SsserpentHead":4,"Replay:Bandana":45,"Mummified Hand":9,"Gambling Chip":23,"Pantograph":0,"Tiny Chest":5,"infinitespire:Chaos":28,"Gremlin Food":0,"hubris:DisguiseKit":8,"BargainBundle":42,"TypeBBloodRedTea":0,"ReplayTheSpireMod:Ninjato":6,"Replay:Towering Pillar of Hats":0,"infinitespire:CursedDice":0,"aspiration:FetidBarrel":0,"Quantum Egg":0,"infinitespire:EmptyRelic":28,"aspiration:HummingbirdHeart":52,"ScarletEmblem":34,"Orichalcum":13,"White Beast Statue":0,"Peace Pipe":44,"CaptainsWheel":0,"Anchor":26,"vexMod:HeadHunter":36,"Ring of Fury":28,"Coffee Dripper":17,"Snack Pack":46,"hubris:Potato":17,"TungstenRod":0},{"Replay:Accelerometer":272,"ScarletDevilRocket":233,"Spirit Poop":251,"aspiration:PoetsPen_weak":724,"Sling":470,"Ring of Searing":595,"Blood Vial":385,"vexMod:InvisibilityCloak":499,"conspire:GlowingRock":242,"infinitespire:ShieldingShard":258,"theJungle:BirthdayCakeSlice":456,"hubris:AstralHammer":470,"Fusion Hammer":177,"HandDrill":499,"Replay:Bottled Flurry":657,"aspiration:DSix":311,"Replay:Bottled Steam":679,"hubris:MobiusCoin":499,"Eternal Feather":499,"Pen Nib":193,"ReplayTheSpireMod:SealedPack":717,"infinitespire:Magic Flask":370,"infinitespire:EvilPickle":649,"infinitespire:Lychee Nut":499,"infinitespire:Broken Mirror":499,"Bird Faced Urn":226,"CultistMask":595,"Unceasing Top":499,"vexMod:ImprovementManual":535,"vexMod:PlasmaPancake":400,"Regal Pillow":180,"Torii":255,"animator:TheMissingPiece":0,"GremlinMask":734,"hubris:EmptyBottle":388,"Ancient Tea Set":415,"Pet Ghost":325,"conspire:InfiniteJournal":194,"RedBat":322,"hubris:Backtick":243,"infinitespire:Bottled Soul":208,"vexMod:RedPlottingStone":198,"aspiration:AnachronicSnailShell":470,"AntiCross":257,"hubris:CuriousFeather":340,"Chemical X":499,"infinitespire:Eraser":353,"Replay:Bottled Eggs":697,"InkBottle":499,"aspiration:ChemicalBlood":282,"Potion Belt":213,"vexMod:GildedClover":499,"Lee\u0027s Waffle":199,"Replay:Fungal Core":247,"hubris:64BitClover":345,"Golden Idol":398,"Circlet":525,"vexMod:BerryBomb":302,"PreservedInsect":246,"infinitespire:Lucky Rock":390,"hubris:Towel":211,"Replay:Arrowhead":283,"APieceOfRedMist":266,"ats:Originium":713,"Ornamental Fan":376,"hubris:Spice":602,"Ring of Misfortune":414,"betterThird:SlimedRelic":635,"Ectoplasm":481,"Garlic":244,"Durian":499,"Apod":595,"conspire:DeflatedDodgeball":328,"infinitespire:Midas Blood":499,"hubris:BottledRain":696,"Ice Cream":499,"Calipers":305,"Gremlin Horn":202,"aspiration:Stabinomicon":298,"Sozu":217,"Centennial Puzzle":499,"Prayer Wheel":720,"Iron Hammer":428,"Girya":499,"hubris:Teleporter":364,"hubris:DuctTape":180,"hubris:FruitBowl":243,"vexMod:PaidLearning":499,"aspiration:HiddenCompartment":278,"Gungnir":357,"hubris:Zylophone":441,"OrangePellets":499,"conspire:GiftBox":456,"hierophant:DonationBoxRelic":243,"hubris:PeanutButter":499,"Onion Ring":652,"infinitespire:EmpoweringShard":404,"aspiration:HatOfInfinitePower":499,"Mirror":499,"Pocketwatch":499,"NlothsMask":589,"Melange":595,"Yang":243,"aspiration:TomeofQuesting":261,"Sizzling Blood":283,"Juzu Bracelet":565,"Replay:Mystery Machine":240,"Empty Cage":452,"vexMod:Spyglass":499,"conspire:TopHat":289,"aspiration:StickyExplosives_weak":441,"Dream Catcher":298,"Nunchaku":499,"hubris:Icosahedron":398,"Chameleon Ring":450,"TheAbacus":499,"test447":595,"m_TsuchinokoRing":243,"hubris:Stopwatch":243,"Red Mask":646,"Guide Book":499,"infinitespire:FocusingShard":198,"hubris:MedicalManual":300,"Replay:WaspNest":499,"theJungle:SpiritDisease":243,"vexMod:FocusSash":192,"Medical Kit":194,"Mercury Hourglass":221,"vexMod:Dragonfruit":194,"Calling Bell":202,"Cauldron":499,"Strange Spoon":499,"ShroomBag":595,"Pondfish Scales":499,"vexMod:BarristanHead":202,"infinitespire:Satchel":243,"aspiration:KaomsHeart":306,"hubris:BundleOfHerbs":499,"Bag of Marbles":499,"Membership Card":235,"theJungle:ParSnip":243,"hubris:OldNail":261,"FossilizedHelix":340,"Golden Egg":374,"infinitespire:BottledMercury":584,"vexMod:MemoryStick":499,"Whetstone":311,"Ginger":367,"vexMod:TanglingVine":541,"Bottled Tornado":627,"Boot":499,"Replay:Ringing Soul":407,"vexMod:CardConverter":499,"Sundial":495,"MealTicket":214,"infinitespire:Golems Mask":499,"hubris:DeckOfHolding":499,"ats:Emergency Defibrillator":714,"Kunai":499,"Replay:Wax Seal":191,"conspire:TreasureMap":368,"Pear":209,"Counterbalance":458,"ats:Assault":711,"aspiration:FrozenJewel":219,"SlaversCollar":183,"Runic Dome":294,"hubris:TenFootPole":213,"infinitespire:PuzzleCube":499,"infinitespire:Cupcake":274,"conspire:Flyswatter":605,"Lantern":213,"hubris:Metronome":499,"hierophant:PropheticMaskRelic":0,"StoneCalendar":243,"Blue Doll":499,"Bag of Preparation":390,"Replay:Multitool":499,"Cursed Key":378,"ScarletHat":0,"Replay:Rubber Ducky":499,"Shovel":243,"Matryoshka":283,"Ring of Peace":561,"hubris:ScarierMask":331,"Replay:Lucky Slots":499,"hubris:FunFungus":499,"WingedGreaves":499,"hubris:GlazedTorus":499,"Damaru":243,"Thread and Needle":229,"infinitespire:Joker Card":499,"Omamori":548,"infinitespire:CheckeredPen":499,"Frozen Egg 2":485,"MawBank":317,"Busted Crown":301,"Bloody Idol":178,"Orrery":178,"animator:LivingPicture":0,"Bottled Lightning":358,"ReplayTheSpireMod:Lightbulb":368,"Toy Ornithopter":335,"hubris:CrystalStatue":256,"Vajra":292,"Lizard Tail":187,"theJungle:SneckoAutograph":353,"HornCleat":423,"FaceOfCleric":718,"DollysMirror":466,"Strawberry":174,"conspire:DecoderRing":486,"Toxic Egg 2":269,"vexMod:RetaliationKit":283,"conspire:Dentures":243,"Happy Flower":288,"aspiration:Nostalgia":283,"vexMod:ScavengeHelm":357,"Oddly Smooth Stone":369,"vexMod:TimeEaterHat":499,"conspire:SlowCooker":419,"infinitespire:Beetle Shell":499,"conspire:Boomerang":470,"Letter Opener":499,"aspiration:SeaSaltIceCream":499,"Replay:Kaleidoscope":675,"War Paint":188,"Question Card":705,"Replay:Baseball":359,"Bottled Flame":598,"ReplayTheSpireMod:Shallot":440,"Shuriken":235,"Bronze Scales":199,"Molten Egg 2":187,"Simple Rune":320,"ReplayTheSpireMod:TigerMarble":270,"Nloth\u0027s Gift":325,"hubris:ToyBattleship":499,"Black Star":692,"CatCart":189,"Grinning Jar":356,"Meat on the Bone":496,"ReplayFunnel":368,"Darkstone Periapt":424,"ats:Ability Aura":743,"Replay:PocketPolymizer":499,"SacredBark":269,"conspire:SpecialSausage":225,"FairyMaid":306,"Mango":490,"hubris:SlimyHat":180,"Incense Burner":272,"theJungle:PaperFaux":420,"ClockworkSouvenir":431,"SsserpentHead":231,"Replay:Bandana":466,"Mummified Hand":289,"Gambling Chip":179,"Pantograph":499,"Tiny Chest":635,"infinitespire:Chaos":243,"Gremlin Food":311,"hubris:DisguiseKit":198,"BargainBundle":251,"TypeBBloodRedTea":340,"ReplayTheSpireMod:Ninjato":315,"Replay:Towering Pillar of Hats":311,"infinitespire:CursedDice":441,"aspiration:FetidBarrel":499,"Quantum Egg":499,"infinitespire:EmptyRelic":243,"aspiration:HummingbirdHeart":256,"ScarletEmblem":460,"Orichalcum":319,"White Beast Statue":499,"Peace Pipe":391,"CaptainsWheel":229,"Anchor":456,"vexMod:HeadHunter":276,"Ring of Fury":243,"Coffee Dripper":238,"Snack Pack":366,"hubris:Potato":202,"TungstenRod":258},{"Replay:Accelerometer":1244,"ScarletDevilRocket":1051,"Spirit Poop":1144,"aspiration:PoetsPen_weak":2902,"Sling":1971,"Ring of Searing":2327,"Blood Vial":1659,"vexMod:InvisibilityCloak":2076,"conspire:GlowingRock":1095,"infinitespire:ShieldingShard":1189,"theJungle:BirthdayCakeSlice":1921,"hubris:AstralHammer":1971,"Fusion Hammer":784,"HandDrill":2076,"Replay:Bottled Flurry":2604,"aspiration:DSix":1374,"Replay:Bottled Steam":2703,"hubris:MobiusCoin":2076,"Eternal Feather":2076,"Pen Nib":840,"ReplayTheSpireMod:SealedPack":2847,"infinitespire:Magic Flask":1602,"infinitespire:EvilPickle":2570,"infinitespire:Lychee Nut":2076,"infinitespire:Broken Mirror":2076,"Bird Faced Urn":1022,"CultistMask":2327,"Unceasing Top":2076,"vexMod:ImprovementManual":2157,"vexMod:PlasmaPancake":1731,"Regal Pillow":796,"Torii":1165,"animator:TheMissingPiece":0,"GremlinMask":2948,"hubris:EmptyBottle":1674,"Ancient Tea Set":1786,"Pet Ghost":1420,"conspire:InfiniteJournal":847,"RedBat":1412,"hubris:Backtick":1100,"infinitespire:Bottled Soul":912,"vexMod:RedPlottingStone":865,"aspiration:AnachronicSnailShell":1971,"AntiCross":1180,"hubris:CuriousFeather":1472,"Chemical X":2076,"infinitespire:Eraser":1536,"Replay:Bottled Eggs":2760,"InkBottle":2076,"aspiration:ChemicalBlood":1282,"Potion Belt":940,"vexMod:GildedClover":2076,"Lee\u0027s Waffle":871,"Replay:Fungal Core":1126,"hubris:64BitClover":1501,"Golden Idol":1724,"Circlet":2127,"vexMod:BerryBomb":1350,"PreservedInsect":1117,"infinitespire:Lucky Rock":1688,"hubris:Towel":930,"Replay:Arrowhead":1288,"APieceOfRedMist":1219,"ats:Originium":2825,"Ornamental Fan":1624,"hubris:Spice":2357,"Ring of Misfortune":1783,"betterThird:SlimedRelic":2498,"Ectoplasm":2003,"Garlic":1107,"Durian":2076,"Apod":2327,"conspire:DeflatedDodgeball":1432,"infinitespire:Midas Blood":2076,"hubris:BottledRain":2757,"Ice Cream":2076,"Calipers":1356,"Gremlin Horn":888,"aspiration:Stabinomicon":1341,"Sozu":961,"Centennial Puzzle":2076,"Prayer Wheel":2867,"Iron Hammer":1833,"Girya":2076,"hubris:Teleporter":1572,"hubris:DuctTape":796,"hubris:FruitBowl":1100,"vexMod:PaidLearning":2076,"aspiration:HiddenCompartment":1270,"Gungnir":1549,"hubris:Zylophone":1877,"OrangePellets":2076,"conspire:GiftBox":1921,"hierophant:DonationBoxRelic":1100,"hubris:PeanutButter":2076,"Onion Ring":2578,"infinitespire:EmpoweringShard":1743,"aspiration:HatOfInfinitePower":2076,"Mirror":2076,"Pocketwatch":2076,"NlothsMask":2313,"Melange":2327,"Yang":1100,"aspiration:TomeofQuesting":1203,"Sizzling Blood":1288,"Juzu Bracelet":2235,"Replay:Mystery Machine":1084,"Empty Cage":1910,"vexMod:Spyglass":2076,"conspire:TopHat":1305,"aspiration:StickyExplosives_weak":1877,"Dream Catcher":1341,"Nunchaku":2076,"hubris:Icosahedron":1724,"Chameleon Ring":1901,"TheAbacus":2076,"test447":2327,"m_TsuchinokoRing":1100,"hubris:Stopwatch":1100,"Red Mask":2551,"Guide Book":2076,"infinitespire:FocusingShard":865,"hubris:MedicalManual":1343,"Replay:WaspNest":2076,"theJungle:SpiritDisease":1100,"vexMod:FocusSash":837,"Medical Kit":847,"Mercury Hourglass":991,"vexMod:Dragonfruit":847,"Calling Bell":888,"Cauldron":2076,"Strange Spoon":2076,"ShroomBag":2327,"Pondfish Scales":2076,"vexMod:BarristanHead":888,"infinitespire:Satchel":1100,"aspiration:KaomsHeart":1358,"hubris:BundleOfHerbs":2076,"Bag of Marbles":2076,"Membership Card":1059,"theJungle:ParSnip":1100,"hubris:OldNail":1203,"FossilizedHelix":1472,"Golden Egg":1615,"infinitespire:BottledMercury":2301,"vexMod:MemoryStick":2076,"Whetstone":1374,"Ginger":1584,"vexMod:TanglingVine":2180,"Bottled Tornado":2462,"Boot":2076,"Replay:Ringing Soul":1754,"vexMod:CardConverter":2076,"Sundial":2055,"MealTicket":944,"infinitespire:Golems Mask":2076,"hubris:DeckOfHolding":2076,"ats:Emergency Defibrillator":2829,"Kunai":2076,"Replay:Wax Seal":834,"conspire:TreasureMap":1593,"Pear":917,"Counterbalance":1931,"ats:Assault":2815,"aspiration:FrozenJewel":974,"SlaversCollar":807,"Runic Dome":1331,"hubris:TenFootPole":940,"infinitespire:PuzzleCube":2076,"infinitespire:Cupcake":1256,"conspire:Flyswatter":2372,"Lantern":940,"hubris:Metronome":2076,"hierophant:PropheticMaskRelic":0,"StoneCalendar":1100,"Blue Doll":2076,"Bag of Preparation":1688,"Replay:Multitool":2076,"Cursed Key":1636,"ScarletHat":0,"Replay:Rubber Ducky":2076,"Shovel":1100,"Matryoshka":1288,"Ring of Peace":2225,"hubris:ScarierMask":1443,"Replay:Lucky Slots":2076,"hubris:FunFungus":2076,"WingedGreaves":2076,"hubris:GlazedTorus":2076,"Damaru":1100,"Thread and Needle":1034,"infinitespire:Joker Card":2076,"Omamori":2190,"infinitespire:CheckeredPen":2076,"Frozen Egg 2":2015,"MawBank":1396,"Busted Crown":1348,"Bloody Idol":788,"Orrery":788,"animator:LivingPicture":0,"Bottled Lightning":1552,"ReplayTheSpireMod:Lightbulb":1593,"Toy Ornithopter":1458,"hubris:CrystalStatue":1175,"Vajra":1315,"Lizard Tail":819,"theJungle:SneckoAutograph":1536,"HornCleat":1817,"FaceOfCleric":2854,"DollysMirror":1953,"Strawberry":769,"conspire:DecoderRing":2019,"Toxic Egg 2":1225,"vexMod:RetaliationKit":1288,"conspire:Dentures":1100,"Happy Flower":1302,"aspiration:Nostalgia":1288,"vexMod:ScavengeHelm":1549,"Oddly Smooth Stone":1596,"vexMod:TimeEaterHat":2076,"conspire:SlowCooker":1798,"infinitespire:Beetle Shell":2076,"conspire:Boomerang":1971,"Letter Opener":2076,"aspiration:SeaSaltIceCream":2076,"Replay:Kaleidoscope":2685,"War Paint":822,"Question Card":2793,"Replay:Baseball":1556,"Bottled Flame":2340,"ReplayTheSpireMod:Shallot":1871,"Shuriken":1059,"Bronze Scales":871,"Molten Egg 2":819,"Simple Rune":1407,"ReplayTheSpireMod:TigerMarble":1233,"Nloth\u0027s Gift":1420,"hubris:ToyBattleship":2076,"Black Star":2745,"CatCart":824,"Grinning Jar":1545,"Meat on the Bone":2059,"ReplayFunnel":1593,"Darkstone Periapt":1821,"ats:Ability Aura":2984,"Replay:PocketPolymizer":2076,"SacredBark":1225,"conspire:SpecialSausage":1016,"FairyMaid":1358,"Mango":2033,"hubris:SlimyHat":796,"Incense Burner":1244,"theJungle:PaperFaux":1803,"ClockworkSouvenir":1840,"SsserpentHead":1040,"Replay:Bandana":1953,"Mummified Hand":1305,"Gambling Chip":792,"Pantograph":2076,"Tiny Chest":2498,"infinitespire:Chaos":1100,"Gremlin Food":1374,"hubris:DisguiseKit":865,"BargainBundle":1144,"TypeBBloodRedTea":1472,"ReplayTheSpireMod:Ninjato":1385,"Replay:Towering Pillar of Hats":1374,"infinitespire:CursedDice":1877,"aspiration:FetidBarrel":2076,"Quantum Egg":2076,"infinitespire:EmptyRelic":1100,"aspiration:HummingbirdHeart":1175,"ScarletEmblem":1939,"Orichalcum":1405,"White Beast Statue":2076,"Peace Pipe":1694,"CaptainsWheel":1034,"Anchor":1921,"vexMod:HeadHunter":1265,"Ring of Fury":1100,"Coffee Dripper":1074,"Snack Pack":1581,"hubris:Potato":888,"TungstenRod":1189}]},"card_choices":[{"not_picked":["ats:Powerful Strike","ats:Apocalypse"],"picked":"ats:Ignite","floor":1},{"not_picked":["ats:Apocalypse","ats:Curse Doll"],"picked":"ats:Consecutive Shot Auto","floor":4},{"not_picked":["ats:Explosion Area Strengthen","ats:Burning Ground"],"picked":"ats:Apocalypse","floor":6},{"not_picked":["ats:Directed Diagnosis","ats:Cat Scratch","ats:Phantom"],"picked":"SKIP","floor":7},{"not_picked":["ats:Ignite","ats:Rapid Magazine"],"picked":"ats:Healing Drone","floor":8},{"not_picked":["ats:Guard Mode","ats:Flexible Camouflage"],"picked":"ats:Revitalization","floor":12},{"not_picked":["ats:Leaping Hammer","ats:Shadow Assault","ats:Steam Pump"],"picked":"SKIP","floor":14},{"not_picked":["ats:Closed Bolt Burst Fire","ats:Support Order"],"picked":"ats:Flexible Camouflage+1","floor":18}],"player_experience":131793,"relics_obtained":[{"floor":6,"key":"ats:Originium"},{"floor":6,"key":"Tiny Chest"},{"floor":9,"key":"ats:Ability Aura"}],"event_choices":[{"damage_healed":62,"gold_gain":0,"player_choice":"Upgrade","damage_taken":14,"max_hp_gain":0,"max_hp_loss":72,"event_name":"betterThird:BetterShining","floor":2,"gold_loss":0,"cards_upgraded":["ats:Emotion Absorption","ats:Strike C"]},{"damage_healed":18,"gold_gain":0,"player_choice":"Healed","damage_taken":0,"max_hp_gain":0,"max_hp_loss":0,"event_name":"The Cleric","floor":3,"gold_loss":35},{"damage_healed":0,"gold_gain":0,"player_choice":"Trade","damage_taken":0,"relics_obtained":["SsserpentHead"],"max_hp_gain":0,"max_hp_loss":0,"event_name":"FaceTrader","floor":11,"gold_loss":0},{"damage_healed":0,"gold_gain":0,"player_choice":"3","damage_taken":0,"max_hp_gain":0,"max_hp_loss":0,"event_name":"betterMatch:BetterMatch","floor":19,"gold_loss":0,"cards_obtained":[]}],"is_beta":false,"boss_relics":[{"not_picked":["Replay:Grab Bag","Replay:Fungal Core"],"picked":"conspire:SlowCooker"}],"items_purged_floors":[10],"is_endless":false,"potions_floor_spawned":[1,4,12],"killed_by":"3 Byrds","ascension_level":0}}