{"host":"hry4lcefviisd2vw","time":1613118069,"event":{"mods":["BaseMod","Downfall","Highlight Path","Hubris","Minty Spire (QoL Compilation)","Permanent Neow","Replay The Spire","Shop Mod","StSLib"],"gold_per_floor":[99,110,210,227,240,274,328,357,357,28,28,39,39,339,359,454,454,454,474,488,504,522,522,522,164,178,191,191,223,234,234,252,356,356,356,376,389,397,414,314,338,338,371,371,271,306,206,220,237,237,237,271,23,23,23,23,23,23],"floor_reached":56,"language":"ENG","playtime":11110,"items_purged":["bronze:Strike","downfall:Icky","bronze:Strike"],"score":1012,"play_id":"cb43e14e-3c4d-4a65-85b5-db7a5c3ac011","local_time":"20210212002109","is_ascension_mode":true,"campfire_choices":[{"floor":1.0,"key":"DIG"},{"data":"bronze:Goto","floor":9.0,"key":"SMITH"},{"data":"bronze:Turbo","floor":11.0,"key":"SMITH"},{"data":"bronze:SpaghettiCode","floor":13.0,"key":"SMITH"},{"data":"bronze:Mutator","floor":28.0,"key":"SMITH"},{"floor":35.0,"key":"RECALL"},{"data":"expansioncontent:StudyTheSpire","floor":40.0,"key":"SMITH"},{"data":"bronze:BugBarrage","floor":45.0,"key":"SMITH"},{"data":"bronze:ShipIt","floor":47.0,"key":"SMITH"},{"data":"bronze:BuggyMess","floor":54.0,"key":"SMITH"}],"circlet_count":0,"master_deck":["bronze:Strike","bronze:Defend","bronze:Defend","bronze:Defend","bronze:Defend","bronze:Replicate","bronze:Goto+1","bronze:Repulsor+1","bronze:Turbo+1","bronze:Iterate","bronze:BuggyMess+1","bronze:Mutator+1","bronze:SpaghettiCode+1","bronze:ItsAFeature+1","expansioncontent:DashGenerateEvil+1","downfall:Icky","bronze:AlphaBuild","bronze:Turbo+1","bronze:BugBarrage+1","bronze:Optimize+1","bronze:Format","bronze:Return","bronze:MaxOutput","bronze:ChildClass+1","bronze:Turbo+1","bronze:ShipIt+1","bronze:MaxOutput","bronze:Allocate+1","expansioncontent:StudyTheSpire+1","bronze:BugBarrage+1","bronze:Overheat","bronze:Break","Trip","bronze:FindAndReplace"],"relics":["hubris:ScarierMask","Pet Ghost","Bronze Scales","Bag of Preparation","Juzu Bracelet","Sozu","Nilry\u0027s Codex","Thread and Needle","Mummified Hand","Pear","SlaversCollar","downfall:HeartBlessingRed","Singing Bowl","downfall:HeartBlessingBlue","Replay:Wax Seal","downfall:HeartBlessingGreen","Nunchaku"],"acts_visited":["Exordium","TheCity","TheBeyond","TheEnding"],"potions_floor_usage":[],"damage_taken":[{"damage":1.0,"enemies":"Jaw Worm","floor":2.0,"turns":5.0},{"damage":0.0,"enemies":"2 Louse","floor":4.0,"turns":1.0},{"damage":0.0,"enemies":"Small Slimes","floor":5.0,"turns":3.0},{"damage":29.0,"enemies":"Lagavulin","floor":6.0,"turns":9.0},{"damage":4.0,"enemies":"3 Sentries","floor":8.0,"turns":4.0},{"damage":0.0,"enemies":"downfall:FleeingMerchant","floor":10.0,"turns":4.0},{"damage":12.0,"enemies":"Blue Slaver","floor":12.0,"turns":2.0},{"damage":0.0,"enemies":"2 Fungi Beasts","floor":15.0,"turns":1.0},{"damage":14.0,"enemies":"IC_STATUS_ARCHETYPE","floor":16.0,"turns":6.0},{"damage":10.0,"enemies":"Spheric Guardian","floor":19.0,"turns":4.0},{"damage":0.0,"enemies":"Cultist and Chosen","floor":20.0,"turns":2.0},{"damage":12.0,"enemies":"Shelled Parasite and Fungi","floor":21.0,"turns":3.0},{"damage":0.0,"enemies":"3 Cultists","floor":22.0,"turns":3.0},{"damage":0.0,"enemies":"downfall:FleeingMerchant","floor":25.0,"turns":4.0},{"damage":12.0,"enemies":"Snake Plant","floor":26.0,"turns":2.0},{"damage":0.0,"enemies":"Centurion and Healer","floor":27.0,"turns":2.0},{"damage":0.0,"enemies":"Replay:Snechameleon","floor":29.0,"turns":3.0},{"damage":0.0,"enemies":"Snecko","floor":30.0,"turns":2.0},{"damage":0.0,"enemies":"Cultist and Chosen","floor":32.0,"turns":5.0},{"damage":0.0,"enemies":"DF_ARCHETYPE_CLAW","floor":33.0,"turns":5.0},{"damage":0.0,"enemies":"Orb Walker","floor":36.0,"turns":2.0},{"damage":0.0,"enemies":"3 Darklings","floor":37.0,"turns":2.0},{"damage":0.0,"enemies":"downfall:FleeingMerchant","floor":38.0,"turns":4.0},{"damage":10.0,"enemies":"Jaw Worm Horde","floor":39.0,"turns":2.0},{"damage":0.0,"enemies":"Reptomancer","floor":43.0,"turns":3.0},{"damage":0.0,"enemies":"Giant Head","floor":46.0,"turns":3.0},{"damage":0.0,"enemies":"Sphere and 2 Shapes","floor":48.0,"turns":1.0},{"damage":0.0,"enemies":"Transient","floor":49.0,"turns":4.0},{"damage":86.0,"enemies":"WA_ARCHETYPE_DIVINITY","floor":50.0,"turns":5.0},{"damage":0.0,"enemies":"downfall:CharBossMerchant","floor":52.0,"turns":5.0},{"damage":0.0,"enemies":"downfall:NeowBoss","floor":55.0,"turns":7.0},{"damage":173,"enemies":"downfall:NeowBossFinal","floor":56,"turns":5}],"seed_played":"-8843091234141875547","potions_obtained":[{"floor":2.0,"key":"DistilledChaos"},{"floor":5.0,"key":"Block Potion"},{"floor":6.0,"key":"Fire Potion"},{"floor":12.0,"key":"FairyPotion"},{"floor":15.0,"key":"bronze:FreeFunctionsPotion"}],"is_trial":false,"path_per_floor":["R","M","?","M","M","E","T","E","R","$","R","M","R","?","M","B",null,"R","M","M","M","M","?","T","$","M","M","R","E","M","?","M","B",null,"R","M","M","$","M","R","T","?","E","?","R","E","R","M","M","B",null,"E","$","R","B","B"],"character_chosen":"THE_AUTOMATON","items_purchased":["bronze:ItsAFeature+1","expansioncontent:DashGenerateEvil","Mummified Hand","expansioncontent:StudyTheSpire","Trip","bronze:FindAndReplace"],"campfire_rested":0,"item_purchase_floors":[10,10,25,38,53,53],"current_hp_per_floor":[70,69,69,69,69,40,40,36,36,36,36,24,24,24,24,10,70,70,60,60,48,48,32,32,32,20,20,20,30,30,30,30,30,80,80,80,80,80,70,70,70,70,72,72,82,84,84,86,88,2,98,98,98,98,98,0,0,0],"gold":23,"neow_bonus":"BOSS_RELIC","is_daily":false,"chose_seed":false,"campfire_upgraded":8,"win_rate":0.0,"timestamp":1613118069,"path_taken":["R","M","?","M","M","E","T","E","R","$","R","M","R","?","M","BOSS","R","M","M","M","M","?","T","$","M","M","R","E","M","?","M","BOSS","R","M","M","$","M","R","T","?","E","?","R","E","R","M","M","BOSS","E","$","R","BOSS","BOSS"],"items_purchased_type":["Card","Card","Relic","Card","Card","Card"],"build_version":"2020-12-22","purchased_purges":3,"victory":false,"max_hp_per_floor":[70,70,70,70,70,70,70,70,70,70,70,70,70,70,70,70,70,70,70,70,70,70,70,70,70,70,70,70,80,80,80,80,80,80,80,80,80,80,80,80,80,80,82,82,92,94,94,96,98,98,98,98,98,98,98,98,98,98],"card_choices":[{"not_picked":["bronze:CutThrough","bronze:Overheat"],"picked":"bronze:Repulsor","floor":2.0},{"not_picked":["bronze:ForceShield","bronze:FineTuning"],"picked":"bronze:Turbo","floor":4.0},{"not_picked":["bronze:BugBarrage","bronze:DarkDash"],"picked":"bronze:Iterate","floor":5.0},{"not_picked":["bronze:BitShift","bronze:Philosophize"],"picked":"bronze:BuggyMess","floor":6.0},{"not_picked":["bronze:CutThrough","bronze:Backtrace"],"picked":"bronze:Mutator","floor":8.0},{"not_picked":["bronze:Fortify","bronze:ChosenStrike"],"picked":"bronze:SpaghettiCode","floor":10.0},{"not_picked":["bronze:CutThrough","bronze:Shield","bronze:Overheat"],"picked":"SKIP","floor":12.0},{"not_picked":["bronze:Frontload","bronze:DelayedSlice","bronze:ForceShield"],"picked":"SKIP","floor":15.0},{"not_picked":["bronze:Verify","bronze:ThunderWave"],"picked":"bronze:AlphaBuild","floor":16.0},{"not_picked":["bronze:Separator","bronze:DelayedSlice"],"picked":"bronze:Turbo+1","floor":19.0},{"not_picked":["bronze:Allocate","bronze:Frontload"],"picked":"bronze:BugBarrage","floor":20.0},{"not_picked":["bronze:NullPointer+1","bronze:WhirlingStrike"],"picked":"bronze:Optimize+1","floor":21.0},{"not_picked":["bronze:Frontload","bronze:Separator+1","bronze:Turbo"],"picked":"SKIP","floor":22.0},{"not_picked":["bronze:CutThrough","bronze:WhirlingStrike"],"picked":"bronze:Format","floor":25.0},{"not_picked":["bronze:Frontload","bronze:Branch+1"],"picked":"bronze:Return","floor":26.0},{"not_picked":["bronze:BugBarrage","bronze:Separator"],"picked":"bronze:MaxOutput","floor":27.0},{"not_picked":["bronze:Mutator","bronze:Safeguard"],"picked":"bronze:ChildClass+1","floor":29.0},{"not_picked":["bronze:BugBarrage","bronze:ChildClass+1","bronze:ChosenStrike"],"picked":"SKIP","floor":30.0},{"not_picked":["bronze:Iterate","bronze:ForceShield"],"picked":"bronze:Turbo+1","floor":32.0},{"not_picked":["bronze:SpaghettiCode","bronze:CleanCode"],"picked":"bronze:ShipIt","floor":33.0},{"not_picked":["bronze:Safeguard+1","bronze:BugBarrage","bronze:Boost"],"picked":"SKIP","floor":36.0},{"not_picked":["bronze:ClassDefault+1","bronze:Shell+1"],"picked":"bronze:MaxOutput","floor":37.0},{"not_picked":["bronze:BitShift+1","bronze:CloningBeam"],"picked":"bronze:Allocate+1","floor":38.0},{"not_picked":["bronze:Frontload","bronze:WildBeam"],"picked":"bronze:BugBarrage+1","floor":39.0},{"not_picked":["bronze:ShipIt","bronze:CloningBeam+1","bronze:ForceShield+1"],"picked":"Singing Bowl","floor":43.0},{"not_picked":["bronze:Constructor+1","bronze:ClassDefault","bronze:NullPointer+1"],"picked":"Singing Bowl","floor":46.0},{"not_picked":["bronze:Invalidate","bronze:Flail","bronze:CutThrough+1"],"picked":"Singing Bowl","floor":48.0},{"not_picked":["bronze:CutThrough+1","bronze:BitShift+1","bronze:OilSpill+1"],"picked":"Singing Bowl","floor":49.0},{"not_picked":["bronze:Overheat","bronze:ChildClass+1"],"picked":"bronze:Break","floor":52.0}],"player_experience":498046,"relics_obtained":[{"floor":1.0,"key":"Pet Ghost"},{"floor":6.0,"key":"Bronze Scales"},{"floor":7.0,"key":"Bag of Preparation"},{"floor":8.0,"key":"Juzu Bracelet"},{"floor":23.0,"key":"Nilry\u0027s Codex"},{"floor":24.0,"key":"Thread and Needle"},{"floor":29.0,"key":"Pear"},{"floor":43.0,"key":"Singing Bowl"},{"floor":46.0,"key":"Replay:Wax Seal"},{"floor":52.0,"key":"Nunchaku"}],"event_choices":[{"damage_healed":0.0,"max_hp_gain":0.0,"max_hp_loss":0.0,"gold_gain":0.0,"event_name":"Ghosts","player_choice":"Ignored","floor":31.0,"gold_loss":0.0,"damage_taken":0.0}],"is_beta":false,"boss_relics":[{"not_picked":["Cursed Key","Runic Pyramid"],"picked":"Sozu"},{"not_picked":["Velvet Choker","Astrolabe"],"picked":"SlaversCollar"}],"items_purged_floors":[10,25,38],"is_endless":false,"potions_floor_spawned":[2,5,6,12,15,19,20,21,32,33,36,43,46,48],"killed_by":"downfall:NeowBossFinal","ascension_level":1}}