{"host":"lr7acyiv0v1uwuog","time":1613108138,"event":{"mods":["Act Like it!","Arknights","BaseMod","Marisa£®ÏF”Í°°ƒß¿Ì…≥£©","Minty Spire (QoL Compilation)","Spicy Shops","StSLib","UnlockEverythingMod","[IsaacMod]“‘»ˆº‚À˛","°æ“≈ŒÔø®≈∆°øREMEMod"],"gold_per_floor":[156,156,156,156,156,338,437,610,610,60,159,159,159,159,159,447,447,477,567,482,296,296,398,580,667,667,798,903,957,882,882,882,1176,1176,1236,1236,636,854,854,935,1019,1094,1140,1140,1440,1485,1485,956,956,963],"floor_reached":51,"language":"ZHS","playtime":2657,"items_purged":["Normality"],"score":1201,"play_id":"bfdb00d4-0d79-4ec9-9bfa-b3d6b2da1260","local_time":"20210212133538","daily_mods":["SealedDeck","Vintage","Heirloom","Time Dilation","Flight","Midas","Binary"],"is_ascension_mode":true,"campfire_choices":[{"floor":15.0,"key":"REST"},{"data":"1","floor":32.0,"key":"LIFT"},{"data":"2","floor":49.0,"key":"LIFT"}],"circlet_count":0,"master_deck":["REME_WheelOfFate","ats:Ignite","ats:Sashimi Platter+1","ats:Apocalypse+1","ats:Ignite+1","ats:Ignite+1","ats:Very Hot Blade","ats:Flexible Camouflage+1","ats:Flame Of Heaven+1","ats:Guardian Obelisk","ats:Sunburst","ats:Curse Doll","ats:Burning Ground","Master of Strategy"],"relics":["ats:Sanity","Busted Crown","HushsDoor","REME_ComplimentaryCards","PokeGo","Incense Burner","Juzu Bracelet","Bag of Preparation","ats:Originium","Bird Faced Urn","Ornamental Fan","Pocketwatch","Strange Spoon","Shuriken","StrikeDummy","Mercury Hourglass","Black Star","Whetstone","Red Mask","Girya","BookOfRevelations","ats:Spiritual Recovery","Kunai","White Beast Statue","Singing Bowl","Smiling Mask","UnicornStump","Tiny Chest","Darkstone Periapt","Bottled Flame","War Paint","REME_PuzzleBoxRelic","Coffee Dripper","Incubus","Dead Branch","HowToJump","DoctorsRemote","ats:Omniscience","BloodBag","ats:Hidden Killer","REME_HandOfSuture","SalivaCoin","Torii","Oddly Smooth Stone","Pantograph","Akabeko","Dream Catcher","ats:Lavender","SteamSale","PillsDrop","Potion Belt","Gremlin Horn","Strawberry"],"acts_visited":["Exordium","TheCity","TheBeyond"],"potions_floor_usage":[50],"damage_taken":[{"damage":0.0,"enemies":"ats:Genji","floor":1.0,"turns":1.0},{"damage":36.0,"enemies":"Lagavulin","floor":6.0,"turns":5.0},{"damage":0.0,"enemies":"3 Sentries","floor":7.0,"turns":3.0},{"damage":14.0,"enemies":"Lagavulin","floor":8.0,"turns":4.0},{"damage":10.0,"enemies":"Gremlin Nob","floor":11.0,"turns":3.0},{"damage":16.0,"enemies":"Slime Boss","floor":16.0,"turns":5.0},{"damage":20.0,"enemies":"2 Thieves","floor":18.0,"turns":2.0},{"damage":0.0,"enemies":"Masked Bandits","floor":19.0,"turns":1.0},{"damage":10.0,"enemies":"Slavers","floor":23.0,"turns":3.0},{"damage":0.0,"enemies":"Gremlin Leader","floor":24.0,"turns":3.0},{"damage":36.0,"enemies":"REME_1_Revenger","floor":25.0,"turns":3.0},{"damage":4.0,"enemies":"Shell Parasite","floor":27.0,"turns":3.0},{"damage":10.0,"enemies":"Slavers","floor":28.0,"turns":3.0},{"damage":23.0,"enemies":"Collector","floor":33.0,"turns":4.0},{"damage":2.0,"enemies":"3 Shapes","floor":35.0,"turns":2.0},{"damage":0.0,"enemies":"3 Darklings","floor":38.0,"turns":2.0},{"damage":0.0,"enemies":"Nemesis","floor":40.0,"turns":3.0},{"damage":0.0,"enemies":"Reptomancer","floor":41.0,"turns":2.0},{"damage":0.0,"enemies":"Nemesis","floor":42.0,"turns":3.0},{"damage":0.0,"enemies":"Maw","floor":46.0,"turns":3.0},{"damage":0,"enemies":"Awakened One","floor":50,"turns":5}],"seed_played":"4857714548554562880","potions_obtained":[{"floor":6.0,"key":"PowerPotion"},{"floor":8.0,"key":"BlessingOfTheForge"},{"floor":16.0,"key":"Explosive Potion"},{"floor":24.0,"key":"Ancient Potion"},{"floor":25.0,"key":"Energy Potion"},{"floor":33.0,"key":"DistilledChaos"},{"floor":38.0,"key":"Weak Potion"},{"floor":40.0,"key":"SneckoOil"},{"floor":42.0,"key":"DuplicationPotion"}],"is_trial":true,"path_per_floor":["M","?","?","?","?","E","E","E","T","$","E","?","?","T","R","B",null,"M","?","?","$","?","E","E","E","T","M","E","?","?","?","R","B",null,"M","T","$","M","?","E","E","E","T","?","?","M","T","$","R","B",null],"character_chosen":"DOCTOR_CLASS","items_purchased":["Strange Spoon","ats:Guardian Obelisk","ats:Wolf Pack","Shuriken","ats:Sunburst","BookOfRevelations","Incubus","DoctorsRemote","ats:Omniscience","ats:Curse Doll","SteamSale","PillsDrop","Potion Belt","Gremlin Horn","ats:Burning Ground","Master of Strategy"],"campfire_rested":1,"item_purchase_floors":[10,10,10,10,21,21,34,37,37,37,48,48,48,48,48,48],"current_hp_per_floor":[72,58,40,45,45,48,61,66,66,66,60,60,60,60,77,77,77,57,57,57,57,57,51,70,36,36,51,61,46,46,46,46,77,57,55,55,55,39,39,49,64,64,64,61,61,61,61,61,61,68],"gold":963,"neow_bonus":"","is_daily":false,"chose_seed":false,"campfire_upgraded":0,"win_rate":0.0,"timestamp":1613108138,"path_taken":["M","?","?","?","?","E","E","E","T","?","E","?","?","?","R","BOSS","M","?","?","$","?","E","E","E","T","M","E","?","?","?","R","BOSS","M","?","$","M","?","E","E","E","T","?","?","M","?","?","R","BOSS"],"items_purchased_type":["Relic","Card","Card","Relic","Card","Relic","Relic","Relic","Relic","Card","Relic","Relic","Relic","Relic","Card","Card"],"build_version":"2020-12-22","purchased_purges":1,"victory":true,"max_hp_per_floor":[72,72,72,77,77,77,77,77,77,77,77,77,77,77,77,77,77,77,77,77,77,77,77,77,77,77,77,77,77,77,77,77,77,57,57,57,57,64,64,64,64,64,64,61,61,61,61,61,61,68],"card_choices":[{"not_picked":[],"picked":"Bomb","floor":0.0}],"player_experience":54943,"relics_obtained":[{"floor":1.0,"key":"Juzu Bracelet"},{"floor":6.0,"key":"ats:Originium"},{"floor":6.0,"key":"Bird Faced Urn"},{"floor":7.0,"key":"ats:Originium"},{"floor":7.0,"key":"Ornamental Fan"},{"floor":8.0,"key":"ats:Originium"},{"floor":8.0,"key":"Pocketwatch"},{"floor":11.0,"key":"ats:Originium"},{"floor":11.0,"key":"StrikeDummy"},{"floor":14.0,"key":"Mercury Hourglass"},{"floor":18.0,"key":"Whetstone"},{"floor":19.0,"key":"Red Mask"},{"floor":23.0,"key":"ats:Spiritual Recovery"},{"floor":23.0,"key":"Kunai"},{"floor":24.0,"key":"White Beast Statue"},{"floor":24.0,"key":"Singing Bowl"},{"floor":25.0,"key":"UnicornStump"},{"floor":25.0,"key":"Tiny Chest"},{"floor":26.0,"key":"Darkstone Periapt"},{"floor":27.0,"key":"Bottled Flame"},{"floor":28.0,"key":"War Paint"},{"floor":28.0,"key":"REME_PuzzleBoxRelic"},{"floor":35.0,"key":"Dead Branch"},{"floor":36.0,"key":"HowToJump"},{"floor":38.0,"key":"BloodDonationMachine"},{"floor":40.0,"key":"ats:Hidden Killer"},{"floor":40.0,"key":"REME_HandOfSuture"},{"floor":41.0,"key":"SalivaCoin"},{"floor":41.0,"key":"Torii"},{"floor":42.0,"key":"Oddly Smooth Stone"},{"floor":42.0,"key":"Pantograph"},{"floor":43.0,"key":"Akabeko"},{"floor":46.0,"key":"Dream Catcher"},{"floor":47.0,"key":"ats:Lavender"}],"event_choices":[{"damage_healed":0.0,"max_hp_gain":0.0,"max_hp_loss":0.0,"gold_gain":0.0,"event_name":"Shining Light","player_choice":"Entered Light","floor":2.0,"gold_loss":0.0,"damage_taken":14.0,"cards_upgraded":["ats:Ignite","ats:Sashimi Platter"]},{"damage_healed":0.0,"max_hp_gain":0.0,"max_hp_loss":0.0,"gold_gain":0.0,"event_name":"Scrap Ooze","player_choice":"Success","floor":3.0,"gold_loss":0.0,"damage_taken":18.0,"relics_obtained":["Bag of Preparation"]},{"damage_healed":0.0,"max_hp_gain":5.0,"max_hp_loss":0.0,"gold_gain":0.0,"event_name":"Big Fish","player_choice":"Donut","floor":4.0,"gold_loss":0.0,"damage_taken":0.0},{"damage_healed":0.0,"max_hp_gain":0.0,"max_hp_loss":0.0,"gold_gain":0.0,"event_name":"The Cleric","player_choice":"Leave","floor":5.0,"gold_loss":0.0,"damage_taken":0.0},{"damage_healed":0.0,"max_hp_gain":0.0,"max_hp_loss":0.0,"gold_gain":0.0,"event_name":"Living Wall","player_choice":"Grow","floor":12.0,"gold_loss":0.0,"damage_taken":0.0,"cards_upgraded":["ats:Flame Of Heaven"]},{"damage_healed":0.0,"max_hp_gain":0.0,"max_hp_loss":0.0,"gold_gain":0.0,"event_name":"Golden Wing","player_choice":"Ignored","floor":13.0,"gold_loss":0.0,"damage_taken":0.0},{"damage_healed":0.0,"max_hp_gain":0.0,"max_hp_loss":0.0,"gold_gain":0.0,"event_name":"Masked Bandits","player_choice":"Fought Bandits","floor":19.0,"gold_loss":0.0,"damage_taken":0.0},{"damage_healed":0.0,"max_hp_gain":0.0,"max_hp_loss":0.0,"gold_gain":0.0,"event_name":"Addict","player_choice":"Obtained Relic","floor":20.0,"gold_loss":85.0,"damage_taken":0.0,"relics_obtained":["Girya"]},{"cards_removed":["ats:Healing Strengthening"],"damage_healed":0.0,"max_hp_gain":0.0,"max_hp_loss":0.0,"gold_gain":0.0,"event_name":"Back to Basics","player_choice":"Elegance","floor":22.0,"gold_loss":0.0,"damage_taken":0.0},{"cards_removed":["ats:Shadow Raid"],"damage_healed":0.0,"max_hp_gain":0.0,"max_hp_loss":0.0,"gold_gain":0.0,"event_name":"Beggar","player_choice":"Gave Gold","floor":30.0,"gold_loss":75.0,"damage_taken":0.0},{"damage_healed":0.0,"max_hp_gain":0.0,"max_hp_loss":0.0,"gold_gain":0.0,"event_name":"Match and Keep!","player_choice":"0 cards matched","floor":31.0,"gold_loss":0.0,"damage_taken":0.0,"cards_obtained":[]},{"cards_removed":["ats:Wolf Pack"],"damage_healed":0.0,"max_hp_gain":0.0,"max_hp_loss":0.0,"gold_gain":0.0,"event_name":"Falling","player_choice":"Removed Attack","floor":39.0,"gold_loss":0.0,"damage_taken":0.0},{"damage_healed":0.0,"max_hp_gain":0.0,"max_hp_loss":3.0,"gold_gain":0.0,"event_name":"Winding Halls","player_choice":"Max HP","floor":44.0,"gold_loss":0.0,"damage_taken":0.0}],"is_beta":false,"boss_relics":[{"not_picked":["Empty Cage","ats:Tactical Delivery"],"picked":"Black Star"},{"not_picked":[]},{"not_picked":["Sozu","Snecko Eye"],"picked":"Coffee Dripper"},{"not_picked":[]}],"items_purged_floors":[10],"is_endless":false,"potions_floor_spawned":[6,8,16,24,25,27,28,33,35,38,40,41,42,46],"ascension_level":1}}