{"host":"ix07nhfx4o3nf6kx","time":1613101332,"event":{"mods":["BaseMod","Hermit","Minty Spire (QoL Compilation)","StSLib","The Bug Knight","The Cursed","The Dragon Tamer","The Hierophant","The Jungle","The Runesmith"],"gold_per_floor":[362,362,123,141,151,169,181,193,193,204,232,289,308,318,318,318,318,318],"floor_reached":16,"language":"KOR","playtime":2248,"items_purged":[],"score":140,"play_id":"8af31d61-6602-432c-9b0d-3858e025921c","local_time":"20210212124212","is_ascension_mode":true,"metric_token":671,"campfire_choices":[{"floor":15,"key":"REST"}],"dtmod_dragon_data":[17,50,-1,-1,0,0],"circlet_count":0,"master_deck":["DTMod:Strike","DTMod:Strike","DTMod:Strike","DTMod:Strike","DTMod:DoubleHit","DTMod:TargetDefense","DTMod:TargetDefense","DTMod:TargetDefense","DTMod:TargetDefense","DTMod:SwitchingTactic","DTMod:ComboAttack","DTMod:BurningEnergy","Doubt","DTMod:Hide","DTMod:FlameSlash","DTMod:BlueScale","DTMod:BalancedStrike","DTMod:GearUp","DTMod:BlazingStrike","DTMod:Observe","DTMod:GhostSkin","DTMod:Hide","DTMod:Conduct"],"relics":["DTMod:PactStone","DTMod:AncientBone","Bottled Lightning","Letter Opener","Nunchaku"],"acts_visited":["Exordium"],"potions_floor_usage":[16,16,16],"damage_taken":[{"damage":0.0,"enemies":"2 Louse","floor":1.0,"turns":4.0},{"damage":0.0,"enemies":"Cultist","floor":4.0,"turns":4.0},{"damage":0.0,"enemies":"Small Slimes","floor":5.0,"turns":3.0},{"damage":0.0,"enemies":"3 Louse","floor":6.0,"turns":4.0},{"damage":0.0,"enemies":"2 Fungi Beasts","floor":7.0,"turns":4.0},{"damage":19.0,"enemies":"Red Slaver","floor":8.0,"turns":6.0},{"damage":0,"enemies":"Large Slime","floor":10,"turns":9},{"damage":0,"enemies":"Gremlin Nob","floor":11,"turns":5},{"damage":1,"enemies":"Lagavulin Event","floor":12,"turns":8},{"damage":0,"enemies":"Exordium Thugs","floor":13,"turns":4},{"damage":0,"enemies":"Gremlin Gang","floor":14,"turns":4},{"damage":34,"enemies":"The Guardian","floor":16,"turns":12}],"seed_played":"3941570722801352787","potions_obtained":[{"floor":5.0,"key":"Energy Potion"},{"floor":7.0,"key":"Energy Potion"},{"floor":12,"key":"LiquidMemories"},{"floor":13,"key":"Explosive Potion"},{"floor":14,"key":"Weak Potion"}],"is_trial":false,"path_per_floor":["M","?","$","M","M","M","M","M","T","M","E","?","M","M","R","B"],"character_chosen":"THE_DT","items_purchased":["DTMod:AncientBone"],"campfire_rested":1,"item_purchase_floors":[3],"current_hp_per_floor":[41,41,41,41,41,41,41,22,22,22,22,21,21,21,33,0,0,0],"gold":318,"neow_bonus":"TWO_FIFTY_GOLD","is_daily":false,"chose_seed":false,"campfire_upgraded":0,"win_rate":0.0,"timestamp":1613101332,"path_taken":["M","?","$","?","M","M","M","M","T","M","E","?","M","M","R","BOSS"],"items_purchased_type":["Relic"],"build_version":"2020-12-22","purchased_purges":0,"victory":false,"max_hp_per_floor":[41,41,41,41,41,41,41,41,41,41,41,41,41,41,41,41,41,41],"card_choices":[{"not_picked":["DTMod:Cover","DTMod:SneakAttack"],"picked":"DTMod:ComboAttack","floor":1.0},{"not_picked":["DTMod:CrossStep","DTMod:WarmUp"],"picked":"DTMod:Hide","floor":4.0},{"not_picked":["DTMod:RunningTactic","DTMod:BlazingStrike"],"picked":"DTMod:FlameSlash","floor":5.0},{"not_picked":["DTMod:ExcessFootwork","DTMod:MagicField"],"picked":"DTMod:BlueScale","floor":6.0},{"not_picked":["DTMod:Punisher","DTMod:Training"],"picked":"DTMod:BalancedStrike","floor":7.0},{"not_picked":["DTMod:BuildUp","DTMod:BurningEnergy"],"picked":"DTMod:GearUp","floor":8.0},{"not_picked":["DTMod:BreakAttack","DTMod:FlameSlash"],"picked":"DTMod:BlazingStrike","floor":10},{"not_picked":["DTMod:WarmUp","DTMod:RunningTactic"],"picked":"DTMod:Observe","floor":11},{"not_picked":["DTMod:LowKick","DTMod:Adaptation"],"picked":"DTMod:GhostSkin","floor":12},{"not_picked":["DTMod:BalancedStrike","DTMod:HeatWave"],"picked":"DTMod:Hide","floor":13},{"not_picked":["DTMod:Feint","DTMod:BuildUp"],"picked":"DTMod:Conduct","floor":14}],"player_experience":230351,"relics_obtained":[{"floor":9.0,"key":"Bottled Lightning"},{"floor":11,"key":"Letter Opener"},{"floor":12,"key":"Nunchaku"}],"event_choices":[{"damage_healed":0.0,"max_hp_gain":0.0,"max_hp_loss":0.0,"gold_gain":0.0,"event_name":"Match and Keep!","player_choice":"2 cards matched","floor":2.0,"gold_loss":0.0,"damage_taken":0.0,"cards_obtained":["DTMod:BurningEnergy","Doubt"]},{"damage_healed":0,"gold_gain":30,"player_choice":"Searched \u00272\u0027 times","damage_taken":0,"max_hp_gain":0,"max_hp_loss":0,"event_name":"Dead Adventurer","floor":12,"gold_loss":0}],"is_beta":false,"boss_relics":[],"items_purged_floors":[],"is_endless":false,"potions_floor_spawned":[5,7,12,13,14],"killed_by":"The Guardian","ascension_level":1}}