{"host":"x730sfaw5rd1mxd8","time":1613174138,"event":{"mods":["BaseMod","BetterRewards","Colored Powertips","Highlight Path","Minty Spire (QoL Compilation)","Relic Sorter","Relic Stats","Replay The Spire","StSLib"],"gold_per_floor":[110,110,134,159,175,216,216,225,225,263,180,213,213,236,236,330,330,350,373,396,396,414,450,450,494,494,513,526,545,545,588,588,677,677,697,716,716,735,735,768,806,841,841,874,897,933,958,974,974,974,974,974,974,238,269,269],"floor_reached":57,"language":"ENG","playtime":4318,"items_purged":["Strike_B","Strike_B","Strike_B","Strike_B","Parasite"],"score":4022,"play_id":"7c9069f5-29d8-43d0-a2d6-491c96647152","local_time":"20210212185538","is_ascension_mode":true,"campfire_choices":[{"data":"Redo","floor":13,"key":"SMITH"},{"data":"Coolheaded","floor":15,"key":"SMITH"},{"data":"Defend_B","floor":24,"key":"PURGE"},{"data":"Defragment","floor":30,"key":"SMITH"},{"data":"Decay","floor":32,"key":"PURGE"},{"floor":49,"key":"RECALL"},{"data":"Biased Cognition","floor":53,"key":"SMITH"}],"circlet_count":0,"master_deck":["AscendersBane","Defend_B+1","Zap","Dualcast","Coolheaded","Ball Lightning","Hologram","Loop+1","Self Repair","Cold Snap","Coolheaded+1","Doom and Gloom","Loop+1","Ball Lightning","Redo+1","Glacier","Creative AI","Coolheaded+1","Glacier","Defragment+1","Doom and Gloom+1","Biased Cognition+1","Meteor Strike+1","Static Discharge+1","Lockon+1","Amnesia","Go for the Eyes+1"],"relics":["Cracked Core","InkBottle","FossilizedHelix","Pocketwatch","OrangePellets","Eternal Feather","TungstenRod","Bronze Scales","Runic Capacitor","Sling","Golden Idol","Prayer Wheel","Peace Pipe","Replay:Bottled Eggs","WingedGreaves","Cursed Key","Molten Egg 2","Bag of Marbles","Meat on the Bone","Ginger","Painkiller Herb","Gambling Chip","Torii","Blue Candle","Unceasing Top","Calipers","Replay:Towering Pillar of Hats","Quantum Egg","Simple Rune"],"acts_visited":["Exordium","TheCity","TheBeyond","TheEnding"],"potions_floor_usage":[10,20,23,23,42,56,56],"damage_taken":[{"damage":0,"enemies":"Jaw Worm","floor":1,"turns":5},{"damage":0,"enemies":"Small Slimes","floor":3,"turns":3},{"damage":0,"enemies":"Cultist","floor":4,"turns":4},{"damage":5,"enemies":"Lots of Slimes","floor":5,"turns":2},{"damage":3,"enemies":"Lagavulin","floor":6,"turns":6},{"damage":15,"enemies":"Gremlin Nob","floor":10,"turns":4},{"damage":0,"enemies":"Lagavulin","floor":12,"turns":5},{"damage":0,"enemies":"2 Fungi Beasts","floor":14,"turns":2},{"damage":0,"enemies":"Slime Boss","floor":16,"turns":7},{"damage":0,"enemies":"3 Byrds","floor":18,"turns":2},{"damage":8,"enemies":"Shell Parasite","floor":19,"turns":4},{"damage":7,"enemies":"Snake Plant","floor":20,"turns":5},{"damage":0,"enemies":"Chosen and Byrds","floor":22,"turns":7},{"damage":10,"enemies":"Gremlin Leader","floor":23,"turns":6},{"damage":28,"enemies":"Slavers","floor":25,"turns":4},{"damage":0,"enemies":"Snecko","floor":27,"turns":5},{"damage":0,"enemies":"Cultist and Chosen","floor":28,"turns":4},{"damage":36,"enemies":"Snake Plant","floor":29,"turns":4},{"damage":2,"enemies":"Book of Stabbing","floor":31,"turns":6},{"damage":16,"enemies":"Automaton","floor":33,"turns":9},{"damage":0,"enemies":"3 Shapes","floor":35,"turns":4},{"damage":0,"enemies":"3 Darklings","floor":36,"turns":5},{"damage":0,"enemies":"Spire Growth","floor":38,"turns":4},{"damage":0,"enemies":"R_Hoarder","floor":40,"turns":6},{"damage":0,"enemies":"Nemesis","floor":41,"turns":7},{"damage":0,"enemies":"R_Hoarder","floor":42,"turns":5},{"damage":0,"enemies":"Giant Head","floor":44,"turns":6},{"damage":0,"enemies":"Writhing Mass","floor":45,"turns":6},{"damage":38,"enemies":"Reptomancer","floor":46,"turns":4},{"damage":0,"enemies":"Maw","floor":47,"turns":5},{"damage":28,"enemies":"4 Shapes","floor":48,"turns":5},{"damage":0,"enemies":"Time Eater","floor":50,"turns":10},{"damage":25,"enemies":"Donu and Deca","floor":51,"turns":9},{"damage":40,"enemies":"Shield and Spear","floor":55,"turns":8},{"damage":18,"enemies":"The Heart","floor":56,"turns":9}],"seed_played":"-1104466094889550196","potions_obtained":[{"floor":6,"key":"Languid Potion"},{"floor":10,"key":"Swift Potion"},{"floor":20,"key":"Fire Potion"},{"floor":23,"key":"SpeedPotion"},{"floor":28,"key":"GamblersBrew"},{"floor":29,"key":"Milkshake"},{"floor":44,"key":"Reflective Coating"}],"is_trial":false,"path_per_floor":["M","?","M","M","M","E","?","?","T","E","$","E","R","M","R","B",null,"M","M","M","$","M","E","R","E","T","M","M","M","R","E","R","B",null,"?","?","?","?","?","E","E","E","T","E","?","E","?","?","T","B","B",null,"T","T","E","B",null],"character_chosen":"DEFECT","items_purchased":["FossilizedHelix","Pocketwatch","Coolheaded","OrangePellets","Eternal Feather","Sweeping Beam","TungstenRod","Ball Lightning","Hologram","Bronze Scales","Loop","Self Repair","Cold Snap","Coolheaded","Doom and Gloom","Loop","Runic Capacitor","Sling","Elixir","Glacier","Quantum Egg","Simple Rune","PowerPotion","SpeedPotion"],"campfire_rested":0,"item_purchase_floors":[0,0,0,0,0,0,0,0,0,0,0,0,0,0,0,0,0,0,0,11,54,54,54,54],"current_hp_per_floor":[71,48,55,62,64,61,55,55,55,47,47,54,63,70,71,71,71,71,70,63,63,70,67,71,50,50,57,57,33,45,50,62,53,67,71,71,71,71,71,71,71,71,71,71,71,45,52,43,58,65,47,65,71,68,47,48],"gold":269,"neow_bonus":"","is_daily":false,"chose_seed":false,"campfire_upgraded":4,"win_rate":0.0,"timestamp":1613174138,"path_taken":["M","?","M","M","M","E","?","?","T","E","$","E","R","?","R","BOSS","M","M","M","$","M","E","R","E","T","M","M","M","R","E","R","BOSS","?","?","?","?","?","E","E","E","T","E","?","E","?","?","T","BOSS","BOSS","T","T","E","BOSS"],"items_purchased_type":["Relic","Relic","Card","Relic","Relic","Card","Relic","Card","Card","Relic","Card","Card","Card","Card","Card","Card","Relic","Relic","Potion","Card","Relic","Relic","Potion","Potion"],"build_version":"2020-12-22","purchased_purges":5,"victory":true,"max_hp_per_floor":[71,71,71,71,71,71,71,71,71,71,71,71,71,71,71,71,71,71,71,71,71,71,71,71,71,71,71,71,71,71,71,71,71,71,71,71,71,71,71,71,71,71,71,71,71,71,71,71,71,71,71,71,71,68,68,68],"relic_stats":{"Torii":45,"counters":[428,2043],"Golden Idol":259,"Blue Candle":[12],"Eternal Feather":134,"Ginger":[13],"Cursed Key":2,"Peace Pipe":2,"OrangePellets":[42],"Bronze Scales":[1799],"Gambling Chip":[34],"Prayer Wheel":38,"obtain_stats":[{"Golden Egg":26,"Replay:Accelerometer":30,"Vampiric Spirits":0,"Whetstone":55,"Ginger":43,"Boot":55,"Sling":55,"Blood Vial":20,"Replay:Wanted Poster":17,"Replay:Ringing Soul":0,"Sundial":29,"Replay:Bronze Core":17,"MealTicket":27,"Fusion Hammer":36,"Replay:Bottled Flurry":53,"Kunai":10,"Replay:Wax Seal":11,"Electric Blood":17,"Replay:Bottled Steam":43,"Pear":46,"Blue Candle":30,"Counterbalance":31,"Velvet Choker":17,"Tingsha":0,"Eternal Feather":0,"Pen Nib":23,"Paper Crane":8,"Akabeko":28,"Cables":54,"SlaversCollar":17,"Snecko Scales":34,"Bird Faced Urn":12,"ReplayTheSpireMod:Ring of Collecting":24,"Mark of Pain":0,"StrikeDummy":6,"Unceasing Top":50,"Regal Pillow":0,"Lantern":28,"Carrot":41,"Singing Bowl":10,"Torii":0,"Magic Flower":11,"Painkiller Herb":19,"Blue Doll":26,"Bag of Preparation":55,"Replay:Multitool":44,"Cursed Key":34,"Smiling Mask":6,"Burning Blood":0,"Pet Ghost":23,"Replay:Rubber Ducky":55,"BranchBurnRelic":32,"Matryoshka":0,"Shovel":47,"WingedGreaves":12,"Replay:Bottled Eggs":0,"InkBottle":27,"Inserter":17,"The Specimen":25,"Golden Idol":11,"Basket Of Snakes":39,"Circlet":0,"Thread and Needle":27,"The Courier":14,"PreservedInsect":22,"Geode":40,"Omamori":40,"Ring of Greed":26,"Frozen Egg 2":0,"MawBank":31,"Nuclear Battery":34,"Busted Crown":17,"Ornamental Fan":55,"Orrery":0,"Turnip":46,"Art of War":40,"Bottled Lightning":48,"ReplayTheSpireMod:Ring of Challenge":38,"ReplayTheSpireMod:Lightbulb":0,"Toy Ornithopter":55,"Ice Cream":14,"Divine Protection":22,"Calipers":29,"Gremlin Horn":9,"Nilry\u0027s Codex":23,"CeramicFish":26,"Vajra":28,"Runic Capacitor":53,"Sozu":34,"Centennial Puzzle":9,"Lizard Tail":10,"Replay:Frozen Program":48,"DollysMirror":36,"Strawberry":28,"Prayer Wheel":0,"Iron Hammer":7,"Byrd Skull":11,"Girya":25,"Happy Flower":55,"Dead Branch":25,"Oddly Smooth Stone":26,"Ring of Chaos":47,"Letter Opener":48,"Replay:Kaleidoscope":0,"War Paint":23,"Question Card":8,"Du-Vu Doll":7,"OrangePellets":0,"Bottled Flame":15,"Replay:Baseball":0,"Shuriken":24,"Bronze Scales":12,"Simple Rune":55,"Onion Ring":40,"Molten Egg 2":42,"ReplayTheSpireMod:TigerMarble":6,"Grinning Jar":11,"Mirror":26,"Pocketwatch":0,"Meat on the Bone":38,"Darkstone Periapt":5,"ReplayFunnel":55,"ReplayTheSpireMod:Ring of Exchange":31,"Mango":6,"Snake Skull":29,"Incense Burner":45,"Juzu Bracelet":39,"ClockworkSouvenir":21,"Dream Catcher":43,"Nunchaku":24,"Replay:Bandana":10,"Emotion Chip":0,"Chameleon Ring":53,"Pantograph":23,"Gambling Chip":24,"Replay:Antivirus Software":43,"Cracked Core":0,"Red Skull":6,"Gremlin Food":44,"ReplayTheSpireMod:Ninjato":0,"Replay:Towering Pillar of Hats":10,"Quantum Egg":46,"Guide Book":0,"Replay:WaspNest":0,"Orichalcum":56,"Odd Mushroom":7,"Medical Kit":42,"White Beast Statue":0,"Mercury Hourglass":0,"Peace Pipe":39,"Strange Spoon":0,"Anchor":11,"CaptainsWheel":43,"Pondfish Scales":55,"DataDisk":0,"Ring of Fury":43,"Snack Pack":8,"Bag of Marbles":31,"Membership Card":0,"FossilizedHelix":48,"TungstenRod":0},{"Golden Egg":166,"Replay:Accelerometer":380,"Vampiric Spirits":61,"Whetstone":91,"Ginger":327,"Boot":91,"Sling":91,"Blood Vial":26,"Replay:Wanted Poster":163,"Replay:Ringing Soul":237,"Sundial":254,"Replay:Bronze Core":134,"MealTicket":58,"Fusion Hammer":80,"Replay:Bottled Flurry":297,"Kunai":244,"Replay:Wax Seal":214,"Electric Blood":51,"Replay:Bottled Steam":119,"Pear":122,"Blue Candle":30,"Counterbalance":288,"Velvet Choker":216,"Tingsha":93,"Eternal Feather":393,"Pen Nib":282,"Paper Crane":66,"Akabeko":167,"Cables":153,"SlaversCollar":24,"Snecko Scales":115,"Bird Faced Urn":22,"ReplayTheSpireMod:Ring of Collecting":376,"Mark of Pain":0,"StrikeDummy":98,"Unceasing Top":327,"Regal Pillow":93,"Lantern":199,"Carrot":326,"Singing Bowl":21,"Torii":154,"Magic Flower":49,"Painkiller Herb":72,"Blue Doll":377,"Bag of Preparation":91,"Replay:Multitool":120,"Cursed Key":31,"Smiling Mask":335,"Burning Blood":0,"Pet Ghost":56,"Replay:Rubber Ducky":91,"BranchBurnRelic":320,"Matryoshka":61,"Shovel":179,"WingedGreaves":400,"Replay:Bottled Eggs":237,"InkBottle":141,"Inserter":193,"The Specimen":76,"Golden Idol":5,"Basket Of Snakes":82,"Circlet":0,"Thread and Needle":318,"The Courier":7,"PreservedInsect":11,"Geode":146,"Omamori":175,"Ring of Greed":377,"Frozen Egg 2":14,"MawBank":79,"Nuclear Battery":257,"Busted Crown":8,"Ornamental Fan":91,"Orrery":209,"Turnip":38,"Art of War":36,"Bottled Lightning":389,"ReplayTheSpireMod:Ring of Challenge":81,"ReplayTheSpireMod:Lightbulb":154,"Toy Ornithopter":363,"Ice Cream":23,"Divine Protection":164,"Calipers":320,"Gremlin Horn":20,"Nilry\u0027s Codex":75,"CeramicFish":198,"Vajra":77,"Runic Capacitor":180,"Sozu":170,"Centennial Puzzle":5,"Lizard Tail":213,"Replay:Frozen Program":234,"DollysMirror":350,"Strawberry":13,"Prayer Wheel":93,"Iron Hammer":212,"Byrd Skull":66,"Girya":283,"Happy Flower":91,"Dead Branch":317,"Oddly Smooth Stone":57,"Ring of Chaos":122,"Letter Opener":264,"Replay:Kaleidoscope":267,"War Paint":139,"Question Card":188,"Du-Vu Doll":305,"OrangePellets":93,"Bottled Flame":70,"Replay:Baseball":93,"Shuriken":252,"Bronze Scales":6,"Simple Rune":91,"Onion Ring":205,"Molten Egg 2":387,"ReplayTheSpireMod:TigerMarble":158,"Grinning Jar":337,"Mirror":252,"Pocketwatch":41,"Meat on the Bone":117,"Darkstone Periapt":18,"ReplayFunnel":91,"ReplayTheSpireMod:Ring of Exchange":320,"Mango":19,"Snake Skull":78,"Incense Burner":87,"Juzu Bracelet":204,"ClockworkSouvenir":342,"Dream Catcher":37,"Nunchaku":75,"Replay:Bandana":100,"Emotion Chip":330,"Chameleon Ring":235,"Pantograph":12,"Gambling Chip":27,"Replay:Antivirus Software":261,"Cracked Core":0,"Red Skull":47,"Gremlin Food":87,"ReplayTheSpireMod:Ninjato":237,"Replay:Towering Pillar of Hats":66,"Quantum Egg":87,"Guide Book":93,"Replay:WaspNest":61,"Orichalcum":92,"Odd Mushroom":336,"Medical Kit":119,"White Beast Statue":182,"Mercury Hourglass":61,"Peace Pipe":146,"Strange Spoon":209,"Anchor":66,"CaptainsWheel":86,"Pondfish Scales":91,"DataDisk":126,"Ring of Fury":387,"Snack Pack":48,"Bag of Marbles":225,"Membership Card":61,"FossilizedHelix":151,"TungstenRod":393},{"Golden Egg":701,"Replay:Accelerometer":1775,"Vampiric Spirits":244,"Whetstone":364,"Ginger":1466,"Boot":364,"Sling":364,"Blood Vial":107,"Replay:Wanted Poster":686,"Replay:Ringing Soul":1108,"Sundial":1165,"Replay:Bronze Core":537,"MealTicket":230,"Fusion Hammer":315,"Replay:Bottled Flurry":1342,"Kunai":1129,"Replay:Wax Seal":964,"Electric Blood":208,"Replay:Bottled Steam":471,"Pear":484,"Blue Candle":123,"Counterbalance":1304,"Velvet Choker":978,"Tingsha":376,"Eternal Feather":1859,"Pen Nib":1280,"Paper Crane":257,"Akabeko":708,"Cables":637,"SlaversCollar":100,"Snecko Scales":459,"Bird Faced Urn":86,"ReplayTheSpireMod:Ring of Collecting":1754,"Mark of Pain":0,"StrikeDummy":392,"Unceasing Top":1466,"Regal Pillow":376,"Lantern":864,"Carrot":1462,"Singing Bowl":82,"Torii":646,"Magic Flower":200,"Painkiller Herb":279,"Blue Doll":1758,"Bag of Preparation":364,"Replay:Multitool":475,"Cursed Key":130,"Smiling Mask":1517,"Burning Blood":0,"Pet Ghost":224,"Replay:Rubber Ducky":364,"BranchBurnRelic":1432,"Matryoshka":244,"Shovel":766,"WingedGreaves":1888,"Replay:Bottled Eggs":1108,"InkBottle":568,"Inserter":829,"The Specimen":292,"Golden Idol":17,"Basket Of Snakes":325,"Circlet":0,"Thread and Needle":1426,"The Courier":25,"PreservedInsect":40,"Geode":594,"Omamori":747,"Ring of Greed":1758,"Frozen Egg 2":51,"MawBank":304,"Nuclear Battery":1176,"Busted Crown":30,"Ornamental Fan":364,"Orrery":932,"Turnip":156,"Art of War":146,"Bottled Lightning":1829,"ReplayTheSpireMod:Ring of Challenge":318,"ReplayTheSpireMod:Lightbulb":646,"Toy Ornithopter":1691,"Ice Cream":93,"Divine Protection":690,"Calipers":1432,"Gremlin Horn":78,"Nilry\u0027s Codex":288,"CeramicFish":857,"Vajra":296,"Runic Capacitor":779,"Sozu":726,"Centennial Puzzle":17,"Lizard Tail":956,"Replay:Frozen Program":1086,"DollysMirror":1606,"Strawberry":48,"Prayer Wheel":376,"Iron Hammer":952,"Byrd Skull":257,"Girya":1284,"Happy Flower":364,"Dead Branch":1422,"Oddly Smooth Stone":226,"Ring of Chaos":484,"Letter Opener":1204,"Replay:Kaleidoscope":1226,"War Paint":559,"Question Card":811,"Du-Vu Doll":1373,"OrangePellets":376,"Bottled Flame":268,"Replay:Baseball":376,"Shuriken":1159,"Bronze Scales":20,"Simple Rune":364,"Onion Ring":895,"Molten Egg 2":1815,"ReplayTheSpireMod:TigerMarble":663,"Grinning Jar":1530,"Mirror":1159,"Pocketwatch":170,"Meat on the Bone":463,"Darkstone Periapt":65,"ReplayFunnel":364,"ReplayTheSpireMod:Ring of Exchange":1432,"Mango":73,"Snake Skull":300,"Incense Burner":344,"Juzu Bracelet":888,"ClockworkSouvenir":1559,"Dream Catcher":151,"Nunchaku":288,"Replay:Bandana":399,"Emotion Chip":1502,"Chameleon Ring":1093,"Pantograph":44,"Gambling Chip":111,"Replay:Antivirus Software":1192,"Cracked Core":0,"Red Skull":189,"Gremlin Food":344,"ReplayTheSpireMod:Ninjato":1108,"Replay:Towering Pillar of Hats":257,"Quantum Egg":344,"Guide Book":376,"Replay:WaspNest":244,"Orichalcum":369,"Odd Mushroom":1521,"Medical Kit":471,"White Beast Statue":795,"Mercury Hourglass":244,"Peace Pipe":594,"Strange Spoon":932,"Anchor":257,"CaptainsWheel":341,"Pondfish Scales":364,"DataDisk":505,"Ring of Fury":1815,"Snack Pack":196,"Bag of Marbles":1023,"Membership Card":244,"FossilizedHelix":621,"TungstenRod":1859}],"InkBottle":[4],"TungstenRod":312,"Unceasing Top":[11],"Pocketwatch":[240],"Meat on the Bone":120},"card_choices":[{"not_picked":["Turbo","Stack","FTL"],"picked":"SKIP","floor":1},{"not_picked":["Hello World","Barrage","Steam"],"picked":"SKIP","floor":3},{"not_picked":["Compile Driver","Steam","FTL"],"picked":"SKIP","floor":4},{"not_picked":["Genetic Algorithm","Go for the Eyes"],"picked":"Ball Lightning","floor":5},{"not_picked":["Lockon","Leap"],"picked":"Redo","floor":6},{"not_picked":["Melter","Beam Cell","Gash"],"picked":"SKIP","floor":10},{"not_picked":["Cold Snap","Lockon","ReplayTheSpireMod:Reroute Power"],"picked":"SKIP","floor":12},{"not_picked":["Rebound","Melter","Redo"],"picked":"SKIP","floor":14},{"not_picked":["Undo","BasicCrystalCard","Sweeping Beam"],"picked":"SKIP","floor":14},{"not_picked":["Amplify","Meteor Strike"],"picked":"Creative AI","floor":16},{"not_picked":["Auto Shields","Hologram"],"picked":"Coolheaded+1","floor":18},{"not_picked":["Steam+1","Reprogram","Barrage"],"picked":"SKIP","floor":18},{"not_picked":["BasicCrystalCard","Gash+1"],"picked":"Glacier","floor":19},{"not_picked":["Barrage","Reinforced Body","Force Field"],"picked":"SKIP","floor":19},{"not_picked":["Reprogram","Beam Cell","Cold Snap"],"picked":"SKIP","floor":20},{"not_picked":["BasicCrystalCard","Conserve Battery","Glacier"],"picked":"SKIP","floor":20},{"not_picked":["Aggregate","ReplayTheSpireMod:Reroute Power"],"picked":"Defragment","floor":22},{"not_picked":["Stack+1","Scrape","Rip and Tear"],"picked":"SKIP","floor":22},{"not_picked":["Fission","Sweeping Beam+1"],"picked":"Doom and Gloom+1","floor":23},{"not_picked":["Doom and Gloom+1","Tempest","Rip and Tear+1"],"picked":"SKIP","floor":25},{"not_picked":["BootSequence","Go for the Eyes+1","Storm"],"picked":"SKIP","floor":27},{"not_picked":["Steam","Go for the Eyes+1","Panic Button"],"picked":"SKIP","floor":27},{"not_picked":["Storm","Leap","Recycle"],"picked":"SKIP","floor":28},{"not_picked":["Ball Lightning+1","Gash+1","Sweeping Beam+1"],"picked":"SKIP","floor":28},{"not_picked":["Compile Driver+1","Coolheaded","Hologram"],"picked":"SKIP","floor":29},{"not_picked":["Chill","Reinforced Body","Stack+1"],"picked":"SKIP","floor":29},{"not_picked":["Force Field","Hologram","ReplayTheSpireMod:GoodbyeWorld"],"picked":"SKIP","floor":31},{"not_picked":["Electrodynamics","Amplify"],"picked":"Biased Cognition","floor":33},{"not_picked":["Skim","Cold Snap+1","BasicCrystalCard+1"],"picked":"SKIP","floor":35},{"not_picked":["Coolheaded","Blizzard+1","Scrape+1"],"picked":"SKIP","floor":35},{"not_picked":["ReplayTheSpireMod:Reroute Power","White Noise","Leap+1"],"picked":"SKIP","floor":36},{"not_picked":["ReplaySolidLightProjector","Steam","Ball Lightning+1"],"picked":"SKIP","floor":36},{"not_picked":["Rebound+1","Redo"],"picked":"Meteor Strike+1","floor":38},{"not_picked":["Cold Snap+1","Beam Cell+1","Conserve Battery"],"picked":"SKIP","floor":38},{"not_picked":["Self Repair","Streamline+1"],"picked":"Static Discharge+1","floor":40},{"not_picked":["Streamline+1","Panic Button","Beam Cell+1"],"picked":"SKIP","floor":41},{"not_picked":["Chaos","BasicCrystalCard+1","Lockon+1"],"picked":"SKIP","floor":42},{"not_picked":["Chaos","BasicCrystalCard+1"],"picked":"Lockon+1","floor":42},{"not_picked":["Ball Lightning+1","Aggregate","Steam"],"picked":"SKIP","floor":44},{"not_picked":["Rebound+1","Cold Snap+1","Stack+1"],"picked":"SKIP","floor":45},{"not_picked":["Hologram","Force Field","Turbo+1"],"picked":"SKIP","floor":45},{"not_picked":["Gash+1","Recycle","Tempest"],"picked":"SKIP","floor":46},{"not_picked":["Rip and Tear+1","Rebound+1","Leap"],"picked":"SKIP","floor":47},{"not_picked":["Undo","Panic Button","Sweeping Beam+1"],"picked":"SKIP","floor":47},{"not_picked":["Ball Lightning+1","ReplayTheSpireMod:Omega Cannon+1","ReplaySort"],"picked":"SKIP","floor":48},{"not_picked":["ReplaySolidLightProjector","Gash+1","BasicCrystalCard"],"picked":"SKIP","floor":48},{"not_picked":["Sweeping Beam+1","Stack"],"picked":"Go for the Eyes+1","floor":55}],"player_experience":4142068,"relics_obtained":[{"floor":6,"key":"Prayer Wheel"},{"floor":8,"key":"Peace Pipe"},{"floor":10,"key":"Replay:Bottled Eggs"},{"floor":12,"key":"WingedGreaves"},{"floor":23,"key":"Molten Egg 2"},{"floor":25,"key":"Bag of Marbles"},{"floor":26,"key":"Meat on the Bone"},{"floor":31,"key":"Ginger"},{"floor":40,"key":"Gambling Chip"},{"floor":41,"key":"Torii"},{"floor":42,"key":"Blue Candle"},{"floor":43,"key":"Unceasing Top"},{"floor":44,"key":"Calipers"},{"floor":46,"key":"Replay:Towering Pillar of Hats"},{"floor":55,"key":"InkBottle"}],"event_choices":[{"damage_healed":0,"gold_gain":0,"player_choice":"Take Damage","damage_taken":24,"relics_obtained":["Golden Idol"],"max_hp_gain":0,"max_hp_loss":0,"event_name":"Golden Idol","floor":2,"gold_loss":0},{"cards_removed":["Defend_B"],"damage_healed":0,"gold_gain":0,"player_choice":"Card Removal","damage_taken":7,"max_hp_gain":0,"max_hp_loss":0,"event_name":"Golden Wing","floor":7,"gold_loss":0},{"cards_removed":["Sweeping Beam"],"damage_healed":0,"gold_gain":0,"player_choice":"Removed Attack","damage_taken":0,"max_hp_gain":0,"max_hp_loss":0,"event_name":"Falling","floor":37,"gold_loss":0},{"cards_removed":["Defend_B"],"damage_healed":0,"gold_gain":0,"player_choice":"Purged","damage_taken":0,"max_hp_gain":0,"max_hp_loss":0,"event_name":"Purifier","floor":39,"gold_loss":0}],"is_beta":false,"boss_relics":[{"not_picked":["Philosopher\u0027s Stone","Ectoplasm"],"picked":"Cursed Key"},{"not_picked":["Runic Pyramid","Nuclear Battery"],"picked":"Painkiller Herb"}],"items_purged_floors":[0,0,0,0,54],"is_endless":false,"potions_floor_spawned":[6,10,14,16,20,23,28,29,31,35,38,44,45],"ascension_level":20}}