{"host":"adt9pv9dmmkchns7","time":1613131344,"event":{"mods":["AchievementEnabler","Aspiration","BaseMod","Beaked The Cultist","Better Third Choice","Curses Come First","Energized Spire","Minty Spire (QoL Compilation)","Permanent Neow","Potionbrewer","Quick Restart","Reliquary","Replay The Spire","Robot Space Explorer","Shade Mod","Spicy Shops","StSLib","The Blackbeard","The Cursed","The Forsaken","The Gatherer","The Necromancer","Wandering Minibosses"],"gold_per_floor":[109,125,139,156,172,172,201,201,225,254,281,281,281,331,331,371,371,371],"floor_reached":16,"language":"ENG","playtime":1140,"items_purged":[],"score":127,"play_id":"c099020c-6e92-42c6-a268-1aaed02e6963","local_time":"20210212130224","is_ascension_mode":true,"campfire_choices":[{"floor":6,"key":"RECALL"},{"floor":12,"key":"REST"},{"data":"Mayhem","floor":15,"key":"SMITH"}],"circlet_count":0,"master_deck":["blackbeard:BlackbeardStrike","blackbeard:BlackbeardStrike","blackbeard:BlackbeardStrike","blackbeard:BlackbeardStrike","blackbeard:IntimidatingStrike","blackbeard:BlackbeardDefend","blackbeard:BlackbeardDefend","blackbeard:BlackbeardDefend","blackbeard:Cutlass+1","Mayhem+1","blackbeard:DelayedPain","blackbeard:PowderKeg","blackbeard:JollyRoger","blackbeard:Spear+1","blackbeard:Sword","blackbeard:BuriedTreasure","Burn","blackbeard:PowerHungry","blackbeard:Bandana","blackbeard:FieryDefense","blackbeard:Sword"],"relics":["blackbeard:LoadTheCannons","reliquary:Buckler","aspiration:Lifesprig"],"acts_visited":["Exordium"],"potions_floor_usage":[4,10,11,14],"damage_taken":[{"damage":13,"enemies":"Jaw Worm","floor":1,"turns":5},{"damage":0,"enemies":"Cultist","floor":2,"turns":4},{"damage":0,"enemies":"Small Slimes","floor":3,"turns":3},{"damage":16,"enemies":"Blue Slaver","floor":4,"turns":8},{"damage":2,"enemies":"Exordium Wildlife","floor":5,"turns":4},{"damage":30,"enemies":"3 Sentries","floor":7,"turns":10},{"damage":0,"enemies":"2 Fungi Beasts","floor":10,"turns":3},{"damage":0,"enemies":"Blue Slaver","floor":11,"turns":3},{"damage":12,"enemies":"Exordium Wildlife","floor":14,"turns":2},{"damage":11,"enemies":"The Guardian","floor":16,"turns":6}],"seed_played":"3274193855022035716","potions_obtained":[{"floor":1,"key":"potionbrewer:FreezingPotion"},{"floor":2,"key":"blackbeard:OrangeJuicePotion"},{"floor":10,"key":"BlessingOfTheForge"},{"floor":11,"key":"BlessingOfTheForge"},{"floor":14,"key":"potionbrewer:BarricadePotion"}],"is_trial":false,"path_per_floor":["M","M","M","M","M","R","E","?","T","M","M","R","?","M","R","B"],"character_chosen":"BLACKBEARD_CLASS","items_purchased":[],"campfire_rested":1,"item_purchase_floors":[],"current_hp_per_floor":[41,41,41,33,31,31,1,1,1,1,1,23,23,11,11,0,0,0],"gold":371,"neow_bonus":"RANDOM_COLORLESS_2","is_daily":false,"chose_seed":false,"campfire_upgraded":1,"win_rate":0.0,"timestamp":1613131344,"path_taken":["M","M","M","M","M","R","E","?","T","M","M","R","?","M","R","BOSS"],"items_purchased_type":[],"build_version":"2020-12-22","purchased_purges":0,"victory":false,"max_hp_per_floor":[75,75,75,75,75,75,75,75,75,75,75,75,75,75,75,75,75,75],"card_choices":[{"not_picked":["Master of Strategy","Secret Weapon"],"picked":"Mayhem","floor":0},{"not_picked":["blackbeard:Spear","blackbeard:Anchor"],"picked":"blackbeard:DelayedPain","floor":1},{"not_picked":["blackbeard:Sharpening","blackbeard:Recklessness"],"picked":"blackbeard:PowderKeg","floor":2},{"not_picked":["blackbeard:Toast","blackbeard:WiseDefense"],"picked":"blackbeard:JollyRoger","floor":3},{"not_picked":["blackbeard:WiseDefense","blackbeard:CannonBarrage"],"picked":"blackbeard:Spear","floor":4},{"not_picked":["blackbeard:Fencing","blackbeard:GoldenDefense"],"picked":"blackbeard:Sword","floor":5},{"not_picked":["blackbeard:GoldenStrike","blackbeard:Shrapnel"],"picked":"blackbeard:BuriedTreasure","floor":7},{"not_picked":["blackbeard:BeatUp","blackbeard:RearmingStrike"],"picked":"blackbeard:PowerHungry","floor":10},{"not_picked":["blackbeard:TacticalRetreat","blackbeard:FishingNets"],"picked":"blackbeard:Bandana","floor":11},{"not_picked":["blackbeard:Toast","blackbeard:CatONineTails"],"picked":"blackbeard:Sword","floor":14}],"player_experience":913783,"relics_obtained":[{"floor":7,"key":"reliquary:Buckler"},{"floor":9,"key":"aspiration:Lifesprig"}],"event_choices":[{"damage_healed":1,"gold_gain":0,"player_choice":"Embrace Burn","damage_taken":0,"max_hp_gain":0,"max_hp_loss":75,"event_name":"betterThird:BetterShining","floor":8,"gold_loss":0},{"damage_healed":0,"gold_gain":0,"cards_transformed":["blackbeard:BlackbeardDefend"],"player_choice":"Transformed","damage_taken":0,"max_hp_gain":0,"max_hp_loss":0,"event_name":"Transmorgrifier","floor":13,"gold_loss":0,"cards_obtained":["blackbeard:FieryDefense"]}],"is_beta":false,"boss_relics":[],"items_purged_floors":[],"is_endless":false,"potions_floor_spawned":[1,2,10,11,14],"killed_by":"The Guardian","ascension_level":4}}