{"host":"mi0eibewekhugwl1","time":1613125437,"event":{"mods":["AchievementEnabler","BaseMod","Colored Map","Colored Powertips","DeckTracker","Keyboard Shortcuts","Minty Spire (QoL Compilation)","Quick Restart","Rare Cards Sparkle","Relic Stats","StSLib","SuperFastMode","everything is the same but u backflip on backflip"],"gold_per_floor":[115,131,131,143,155,155,192,203,226,272,284,296,308,320,332,344,344],"floor_reached":16,"language":"KOR","playtime":296,"items_purged":[],"score":220,"play_id":"820f92ce-985b-4fd3-965e-a02ee4b3a2e8","local_time":"20210212192357","is_ascension_mode":true,"campfire_choices":[{"data":"Dash","floor":6,"key":"SMITH"},{"floor":13,"key":"REST"},{"data":"Neutralize","floor":15,"key":"SMITH"}],"circlet_count":0,"master_deck":["AscendersBane","Strike_G","Strike_G","Strike_G","Strike_G","Strike_G","Defend_G","Defend_G","Defend_G","Defend_G","Defend_G","Survivor","Neutralize+1","Blade Dance+1","Deadly Poison+1","Masterful Stab","Dash+1","Escape Plan","Footwork"],"relics":["Ring of the Snake","CeramicFish","MawBank","Juzu Bracelet","Golden Idol"],"acts_visited":["Exordium"],"potions_floor_usage":[10,10],"damage_taken":[{"damage":4,"enemies":"Jaw Worm","floor":1,"turns":6},{"damage":1,"enemies":"Cultist","floor":2,"turns":3},{"damage":0,"enemies":"Small Slimes","floor":4,"turns":4},{"damage":0,"enemies":"3 Louse","floor":5,"turns":4},{"damage":17,"enemies":"Gremlin Nob","floor":7,"turns":4},{"damage":0,"enemies":"Large Slime","floor":8,"turns":5},{"damage":33,"enemies":"Lagavulin","floor":10,"turns":6},{"damage":31,"enemies":"Hexaghost","floor":16,"turns":9}],"seed_played":"-274319143835817080","potions_obtained":[{"floor":7,"key":"ColorlessPotion"},{"floor":8,"key":"DuplicationPotion"}],"is_trial":false,"path_per_floor":["M","M","?","M","M","R","E","M","T","E","?","?","R","?","R","B"],"character_chosen":"THE_SILENT","items_purchased":[],"campfire_rested":1,"item_purchase_floors":[],"current_hp_per_floor":[61,60,60,60,60,60,43,43,43,10,10,10,29,29,29,0,0],"gold":344,"neow_bonus":"TEN_PERCENT_HP_BONUS","is_daily":false,"chose_seed":false,"campfire_upgraded":2,"win_rate":0.0,"timestamp":1613125437,"path_taken":["M","M","?","?","M","R","E","M","T","E","?","?","R","?","R","BOSS"],"items_purchased_type":[],"build_version":"2020-12-22","purchased_purges":0,"victory":false,"max_hp_per_floor":[72,72,72,72,72,72,72,72,72,72,65,65,65,65,65,65,65],"relic_stats":{"counters":[8,41],"Golden Idol":0,"CeramicFish":18,"Juzu Bracelet":0,"MawBank":84,"obtain_stats":[{"Golden Idol":11,"CeramicFish":7,"Juzu Bracelet":10,"MawBank":9,"Ring of the Snake":0},{"Golden Idol":7,"CeramicFish":5,"Juzu Bracelet":7,"MawBank":6,"Ring of the Snake":0},{"Golden Idol":32,"CeramicFish":21,"Juzu Bracelet":32,"MawBank":26,"Ring of the Snake":0}],"Ring of the Snake":[16]},"card_choices":[{"not_picked":["Outmaneuver","Sucker Punch"],"picked":"Blade Dance","floor":1},{"not_picked":["Flying Knee","Eviscerate"],"picked":"Deadly Poison","floor":2},{"not_picked":["Blade Dance","Quick Slash"],"picked":"Masterful Stab","floor":4},{"not_picked":["Heel Hook","Sucker Punch"],"picked":"Dash","floor":5},{"not_picked":["Eviscerate","Storm of Steel"],"picked":"Escape Plan","floor":7},{"not_picked":["Underhanded Strike","PiercingWail","Concentrate"],"picked":"SKIP","floor":8},{"not_picked":["Acrobatics","Prepared"],"picked":"Footwork","floor":10}],"player_experience":1800287,"relics_obtained":[{"floor":7,"key":"CeramicFish"},{"floor":9,"key":"MawBank"},{"floor":10,"key":"Juzu Bracelet"}],"event_choices":[{"damage_healed":0,"gold_gain":0,"player_choice":"Upgraded","damage_taken":0,"max_hp_gain":0,"max_hp_loss":0,"event_name":"Upgrade Shrine","floor":3,"gold_loss":0,"cards_upgraded":["Blade Dance"]},{"damage_healed":0,"gold_gain":0,"player_choice":"Lose Max HP","damage_taken":0,"relics_obtained":["Golden Idol"],"max_hp_gain":0,"max_hp_loss":7,"event_name":"Golden Idol","floor":11,"gold_loss":0},{"damage_healed":0,"gold_gain":0,"player_choice":"Fled","damage_taken":0,"max_hp_gain":0,"max_hp_loss":0,"event_name":"Scrap Ooze","floor":12,"gold_loss":0},{"damage_healed":0,"gold_gain":0,"player_choice":"Grow","damage_taken":0,"max_hp_gain":0,"max_hp_loss":0,"event_name":"Living Wall","floor":14,"gold_loss":0,"cards_upgraded":["Deadly Poison"]}],"is_beta":false,"boss_relics":[],"items_purged_floors":[],"is_endless":false,"potions_floor_spawned":[7,8],"killed_by":"Hexaghost","ascension_level":20}}