{"host":"wuernuywc9gl215o","time":1613153017,"event":{"mods":["2.2 Compatiblity","AchievementEnabler","BaseMod","Bestiary","Block Reminder","Displayed Cursed Tome","Highlight Path","Key Reminder","Minty Spire (QoL Compilation)","Permanent Neow","Potion Indicator Mod","Quick Restart","Rare Cards Sparkle","Relic Stats","ojb\u0027s Info Mod"],"gold_per_floor":[117,130,140,154,174,174,200,214,214,240,240,304,324,70,70,170,170,188,207,234,254,266,266,285,285,285,313,324,324,324],"floor_reached":29,"language":"ENG","playtime":1672,"items_purged":["Strike_B"],"score":339,"play_id":"54dfbec2-ebff-425c-8077-01bd80aba1f4","local_time":"20210212180337","is_ascension_mode":true,"campfire_choices":[{"data":"Zap","floor":6.0,"key":"SMITH"},{"data":"Hyperbeam","floor":15,"key":"SMITH"},{"data":"Steam","floor":23,"key":"SMITH"},{"floor":25,"key":"REST"}],"circlet_count":0,"master_deck":["Strike_B","Defend_B","Defend_B","Defend_B","Zap+1","Dualcast","Ball Lightning","Redo","Conserve Battery","Leap","Gash","Hyperbeam+1","Gash","Melter","Go for the Eyes","Sweeping Beam","Buffer","All For One","Ball Lightning+1","Buffer+1","Recycle+1","Steam+1","Scrape+1","Static Discharge+1","Hologram+1","Defragment","Steam"],"relics":["Runic Dome","Tiny Chest","MealTicket","The Courier","Astrolabe","Lantern","Bottled Flame","Centennial Puzzle"],"acts_visited":["Exordium","TheCity"],"potions_floor_usage":[10,16,16,27],"damage_taken":[{"damage":9.0,"enemies":"Jaw Worm","floor":1.0,"turns":3.0},{"damage":0.0,"enemies":"2 Louse","floor":2.0,"turns":3.0},{"damage":1.0,"enemies":"Cultist","floor":3.0,"turns":3.0},{"damage":5.0,"enemies":"Gremlin Gang","floor":4.0,"turns":3.0},{"damage":1.0,"enemies":"Blue Slaver","floor":5.0,"turns":4.0},{"damage":23.0,"enemies":"Lagavulin","floor":7.0,"turns":7.0},{"damage":16.0,"enemies":"Large Slime","floor":8.0,"turns":6.0},{"damage":11,"enemies":"Gremlin Nob","floor":10,"turns":3},{"damage":0,"enemies":"3 Louse","floor":13,"turns":3},{"damage":36,"enemies":"Hexaghost","floor":16,"turns":11},{"damage":3,"enemies":"Chosen","floor":18,"turns":3},{"damage":0,"enemies":"Shell Parasite","floor":19,"turns":5},{"damage":6,"enemies":"Shelled Parasite and Fungi","floor":21,"turns":6},{"damage":0,"enemies":"3 Cultists","floor":22,"turns":3},{"damage":27,"enemies":"Snake Plant","floor":24,"turns":3},{"damage":17,"enemies":"Slavers","floor":27,"turns":5},{"damage":0,"enemies":"Centurion and Healer","floor":28,"turns":6},{"damage":34,"enemies":"Gremlin Leader","floor":29,"turns":5}],"seed_played":"-692244581455170111","potions_obtained":[{"floor":1.0,"key":"FearPotion"},{"floor":4.0,"key":"Regen Potion"},{"floor":10,"key":"ColorlessPotion"},{"floor":13,"key":"Weak Potion"},{"floor":16,"key":"Dexterity Potion"},{"floor":19,"key":"CultistPotion"},{"floor":22,"key":"Fire Potion"},{"floor":28,"key":"AttackPotion"}],"is_trial":false,"path_per_floor":["M","M","M","M","M","R","E","M","T","E","?","?","M","$","R","B",null,"M","M","T","M","M","R","M","R","T","E","M","E"],"character_chosen":"DEFECT","items_purchased":["Go for the Eyes","Sweeping Beam","Buffer"],"campfire_rested":1,"item_purchase_floors":[14,14,14],"current_hp_per_floor":[59,59,58,53,52,52,44,28,28,17,22,22,22,37,37,1,60,57,57,57,51,51,51,24,48,48,31,31,0,0],"gold":324,"neow_bonus":"BOSS_RELIC","is_daily":false,"chose_seed":false,"campfire_upgraded":3,"win_rate":0.0,"timestamp":1613153017,"path_taken":["M","M","M","M","M","R","E","M","T","E","?","?","?","$","R","BOSS","M","M","?","M","M","R","M","R","T","E","?","E"],"items_purchased_type":["Card","Card","Card"],"build_version":"2020-12-22","purchased_purges":1,"victory":false,"max_hp_per_floor":[75,75,75,75,75,75,75,75,75,75,80,80,80,80,80,80,80,80,80,80,80,80,80,80,80,80,80,80,80,80],"relic_stats":{"Centennial Puzzle":[3],"counters":[18,82],"Astrolabe":["Ball Lightning","Buffer","Recycle"],"Tiny Chest":1,"MealTicket":15,"obtain_stats":[{"Runic Dome":0,"Lantern":20,"Bottled Flame":26,"Centennial Puzzle":27,"Astrolabe":17,"Tiny Chest":7,"MealTicket":9,"The Courier":10,"Cracked Core":0},{"Runic Dome":0,"Lantern":12,"Bottled Flame":15,"Centennial Puzzle":16,"Astrolabe":10,"Tiny Chest":6,"MealTicket":7,"The Courier":8,"Cracked Core":0},{"Runic Dome":0,"Lantern":54,"Bottled Flame":66,"Centennial Puzzle":71,"Astrolabe":46,"Tiny Chest":23,"MealTicket":29,"The Courier":32,"Cracked Core":0}]},"card_choices":[{"not_picked":["Melter","Steam"],"picked":"Ball Lightning","floor":1.0},{"not_picked":["Beam Cell","Force Field"],"picked":"Redo","floor":2.0},{"not_picked":["Fusion","Storm"],"picked":"Conserve Battery","floor":3.0},{"not_picked":["Reprogram","Recycle"],"picked":"Leap","floor":4.0},{"not_picked":["Streamline","Double Energy"],"picked":"Gash","floor":5.0},{"not_picked":["Recycle","Go for the Eyes"],"picked":"Hyperbeam","floor":7.0},{"not_picked":["Turbo","Auto Shields","Capacitor"],"picked":"SKIP","floor":8.0},{"not_picked":["Hologram","Sweeping Beam"],"picked":"Gash","floor":10},{"not_picked":["Lockon","Sweeping Beam"],"picked":"Melter","floor":13},{"not_picked":["Buffer","Echo Form"],"picked":"All For One","floor":16},{"not_picked":["Compile Driver","Genetic Algorithm"],"picked":"Steam","floor":18},{"not_picked":["Blizzard+1","Force Field"],"picked":"Scrape+1","floor":19},{"not_picked":["Ball Lightning+1","Compile Driver"],"picked":"Static Discharge+1","floor":21},{"not_picked":["Rebound","Steam"],"picked":"Hologram+1","floor":22},{"not_picked":["Conserve Battery","Redo+1"],"picked":"Defragment","floor":24},{"not_picked":["Barrage","Buffer"],"picked":"Steam","floor":27},{"not_picked":["Darkness","Barrage","Leap"],"picked":"SKIP","floor":28}],"player_experience":931340,"relics_obtained":[{"floor":7.0,"key":"Tiny Chest"},{"floor":9.0,"key":"MealTicket"},{"floor":10,"key":"The Courier"},{"floor":20,"key":"Lantern"},{"floor":26,"key":"Bottled Flame"},{"floor":27,"key":"Centennial Puzzle"}],"event_choices":[{"damage_healed":0,"gold_gain":0,"player_choice":"Donut","damage_taken":0,"max_hp_gain":5,"max_hp_loss":0,"event_name":"Big Fish","floor":11,"gold_loss":0},{"damage_healed":0,"gold_gain":64,"player_choice":"Gained Gold","damage_taken":0,"max_hp_gain":0,"max_hp_loss":0,"event_name":"Golden Wing","floor":12,"gold_loss":0}],"is_beta":false,"boss_relics":[{"not_picked":["Velvet Choker","Busted Crown"],"picked":"Astrolabe"}],"items_purged_floors":[14],"is_endless":false,"potions_floor_spawned":[1,4,10,13,16,19,22,28],"killed_by":"Gremlin Leader","ascension_level":6}}