{"host":"zwb5naz29bygj01b","time":1613109753,"event":{"mods":["2.2 Compatiblity","AchievementEnabler","BaseMod","Bestiary","Better Altar","Better Match","Better Note","Better Sensory Stone","Better Skull","Better Third Choice","Better-Laid Plans","BetterRewards","Block Reminder","Card Forge","Colored Map","Colored Powertips","Custom Start","Dark Map","DeckTracker","Downfall","Filter the Spire","Hermit","Highlight Path","Minty Spire (QoL Compilation)","Practice Mode","Quick Restart","Random Character Button","Rare Cards Sparkle","Shade Mod","Spicy Shops","StSLib","The Bug Knight","The Cursed","The Disciple","The Hierophant","The IronCluck","Transform Curses"],"gold_per_floor":[113,113,131,96,96,96,113,139,139,157,157,169,188,49,49,144,144,158,158,169,187,187,212,232,262,262,276,289,22,22,40,40,137,137,147,160,179,0,51,78,89,119,119,119,119,28,39,55,55,55],"floor_reached":51,"language":"ENG","playtime":623,"items_purged":[],"score":1041,"play_id":"dedb8059-25a1-41b8-a3d9-ec4c315710e7","local_time":"20210212000233","is_ascension_mode":true,"campfire_choices":[{"data":"Omniscience","floor":6,"key":"SMITH"},{"data":"DevaForm","floor":11,"key":"SMITH"},{"data":"Collect","floor":15,"key":"SMITH"},{"data":"Crescendo","floor":30,"key":"SMITH"},{"floor":32,"key":"REST"},{"floor":49,"key":"REST"}],"circlet_count":0,"master_deck":["Strike_P","Strike_P","Strike_P","Strike_P","Defend_P","Defend_P","Defend_P","Defend_P","Eruption","Vigilance","Apotheosis","Ragnarok","Omniscience+1","JustLucky","DevaForm+1","EmptyFist","Nirvana","Prostrate","CrushJoints","Collect+1","Crescendo+1","Thinking Ahead","LessonLearned","CrushJoints","Eruption","ClearTheMind+1","Nirvana","downfall:Bewildered","WreathOfFlame","CutThroughFate","Nirvana","Adaptation","FlyingSleeves","Meditate","Fasting2","Crescendo","FollowUp+1","DeusExMachina","CutThroughFate+1","FollowUp+1","Halt","Protect+1","FlurryOfBlows","ClearTheMind","Madness","Madness","ForeignInfluence","Evaluate"],"relics":["HolyWater","Hammer of Thor","Seething Fire","Anvil of the Gods","Bird Faced Urn","Peace Pipe","Boot","Philosopher\u0027s Stone","sneckomod:BabySnecko","Pocketwatch","Happy Flower","FossilizedHelix","Red Mask","CaptainsWheel","Bottled Tornado","Gremlin Horn","Shuriken","GoldenEye"],"acts_visited":["Exordium","TheCity","TheBeyond"],"potions_floor_usage":[16,16,16,23,23,23,47,47,50,50],"damage_taken":[{"damage":16,"enemies":"2 Louse","floor":1,"turns":2},{"damage":0,"enemies":"Cultist","floor":3,"turns":1},{"damage":0,"enemies":"Jaw Worm","floor":7,"turns":1},{"damage":0,"enemies":"Lagavulin","floor":8,"turns":1},{"damage":0,"enemies":"Gremlin Gang","floor":10,"turns":1},{"damage":43,"enemies":"3 Louse","floor":12,"turns":3},{"damage":0,"enemies":"Blue Slaver","floor":13,"turns":1},{"damage":26,"enemies":"Hexaghost","floor":16,"turns":6},{"damage":0,"enemies":"3 Byrds","floor":18,"turns":1},{"damage":0,"enemies":"Spheric Guardian","floor":20,"turns":2},{"damage":0,"enemies":"Centurion and Healer","floor":21,"turns":1},{"damage":56,"enemies":"Book of Stabbing","floor":23,"turns":4},{"damage":0,"enemies":"Snecko","floor":24,"turns":2},{"damage":0,"enemies":"Slavers","floor":25,"turns":1},{"damage":0,"enemies":"Cultist and Chosen","floor":27,"turns":1},{"damage":0,"enemies":"Centurion and Healer","floor":28,"turns":1},{"damage":0,"enemies":"Snecko","floor":31,"turns":1},{"damage":0,"enemies":"Automaton","floor":33,"turns":1},{"damage":0,"enemies":"Orb Walker","floor":35,"turns":2},{"damage":0,"enemies":"3 Darklings","floor":36,"turns":1},{"damage":0,"enemies":"4 Shapes","floor":37,"turns":1},{"damage":0,"enemies":"2 Orb Walkers","floor":39,"turns":1},{"damage":0,"enemies":"Reptomancer","floor":40,"turns":1},{"damage":0,"enemies":"Sphere and 2 Shapes","floor":41,"turns":1},{"damage":0,"enemies":"Giant Head","floor":42,"turns":1},{"damage":19,"enemies":"Spire Growth","floor":47,"turns":3},{"damage":0,"enemies":"3 Darklings","floor":48,"turns":1},{"damage":67,"enemies":"Awakened One","floor":50,"turns":8}],"seed_played":"-8950011981913077643","potions_obtained":[{"floor":3,"key":"CultistPotion"},{"floor":8,"key":"Ancient Potion"},{"floor":12,"key":"BlessingOfTheForge"},{"floor":16,"key":"sneckomod:MuddlingPotion"},{"floor":18,"key":"Weak Potion"},{"floor":20,"key":"Block Potion"},{"floor":24,"key":"SneckoOil"},{"floor":25,"key":"Dexterity Potion"},{"floor":35,"key":"BottledMiracle"},{"floor":47,"key":"SpeedPotion"},{"floor":48,"key":"LiquidBronze"}],"is_trial":false,"path_per_floor":["M","?","M","?","?","R","M","E","T","M","R","M","M","$","R","B",null,"M","?","M","M","?","E","M","E","T","M","M","$","R","M","R","B",null,"M","M","M","?","?","E","M","E","T","?","?","$","M","M","R","B",null],"character_chosen":"WATCHER","items_purchased":["Boot","Crescendo","Thinking Ahead","Meditate","Fasting2","Crescendo","GoldenEye"],"campfire_rested":2,"item_purchase_floors":[14,14,14,29,29,29,46],"current_hp_per_floor":[56,72,72,72,72,72,72,72,72,72,72,31,31,31,31,9,72,72,72,72,72,72,20,20,20,20,20,20,20,20,20,41,41,72,72,72,72,72,72,72,72,72,72,72,63,63,48,52,72,9],"gold":55,"neow_bonus":"RANDOM_COLORLESS_2","is_daily":false,"chose_seed":false,"campfire_upgraded":4,"win_rate":0.0,"timestamp":1613109753,"path_taken":["M","?","M","?","?","R","M","E","T","?","R","M","M","$","R","BOSS","M","?","M","?","?","E","M","E","T","M","M","$","R","M","R","BOSS","M","M","M","?","?","E","M","E","T","?","?","$","?","M","R","BOSS"],"items_purchased_type":["Relic","Card","Card","Card","Card","Card","Relic"],"build_version":"2020-12-22","purchased_purges":0,"victory":true,"max_hp_per_floor":[72,72,72,72,72,72,72,72,72,72,72,72,72,72,72,72,72,72,72,72,72,72,72,72,72,72,72,72,72,72,72,72,72,72,72,72,72,72,72,72,72,72,72,72,72,72,72,72,72,72],"card_choices":[{"not_picked":["The Bomb","Violence"],"picked":"Apotheosis","floor":0},{"not_picked":["Halt","ThirdEye"],"picked":"JustLucky","floor":1},{"not_picked":["BowlingBash","Halt"],"picked":"DevaForm","floor":3},{"not_picked":["FlyingSleeves","WaveOfTheHand"],"picked":"EmptyFist","floor":7},{"not_picked":["CrushJoints","ReachHeaven"],"picked":"Nirvana","floor":8},{"not_picked":["BowlingBash","Judgement"],"picked":"Prostrate","floor":10},{"not_picked":["DeceiveReality","SashWhip"],"picked":"CrushJoints","floor":12},{"not_picked":["FlyingSleeves","SignatureMove"],"picked":"Collect","floor":13},{"not_picked":["MasterReality","DeusExMachina"],"picked":"LessonLearned","floor":16},{"not_picked":["CutThroughFate","SandsOfTime"],"picked":"CrushJoints","floor":18},{"not_picked":["BowlingBash","Prostrate"],"picked":"ClearTheMind+1","floor":20},{"not_picked":["Indignation","SpiritShield"],"picked":"Nirvana","floor":21},{"not_picked":["Sanctity","EmptyFist"],"picked":"WreathOfFlame","floor":23},{"not_picked":["Crescendo+1","ThirdEye"],"picked":"CutThroughFate","floor":24},{"not_picked":["BowlingBash","Halt"],"picked":"Nirvana","floor":25},{"not_picked":["Tantrum+1","FlurryOfBlows"],"picked":"Adaptation","floor":27},{"not_picked":["WreathOfFlame","PathToVictory"],"picked":"FlyingSleeves","floor":28},{"not_picked":["CrushJoints","Worship"],"picked":"FollowUp+1","floor":31},{"not_picked":["Brilliance","Devotion"],"picked":"DeusExMachina","floor":33},{"not_picked":["JustLucky+1","Evaluate"],"picked":"CutThroughFate+1","floor":35},{"not_picked":["ThirdEye+1","Weave+1"],"picked":"FollowUp+1","floor":36},{"not_picked":["Swivel+1","Sanctity+1"],"picked":"Halt","floor":37},{"not_picked":["JustLucky+1","EmptyMind"],"picked":"Protect+1","floor":39},{"not_picked":["Crescendo+1","Protect"],"picked":"FlurryOfBlows","floor":40},{"not_picked":["Crescendo","Collect+1"],"picked":"Adaptation","floor":41},{"not_picked":["CutThroughFate+1","DeceiveReality+1"],"picked":"ClearTheMind","floor":42},{"not_picked":["CrushJoints+1","Adaptation"],"picked":"ForeignInfluence","floor":47},{"not_picked":["Conclude+1","ClearTheMind+1"],"picked":"Evaluate","floor":48}],"player_experience":49996,"relics_obtained":[{"floor":8,"key":"Bird Faced Urn"},{"floor":9,"key":"Peace Pipe"},{"floor":23,"key":"Pocketwatch"},{"floor":25,"key":"Happy Flower"},{"floor":26,"key":"FossilizedHelix"},{"floor":39,"key":"CaptainsWheel"},{"floor":40,"key":"Bottled Tornado"},{"floor":42,"key":"Gremlin Horn"},{"floor":43,"key":"Shuriken"}],"event_choices":[{"damage_healed":24,"gold_gain":0,"player_choice":"Banana","damage_taken":0,"max_hp_gain":0,"max_hp_loss":0,"event_name":"Big Fish","floor":2,"gold_loss":0},{"damage_healed":18,"gold_gain":0,"player_choice":"Healed","damage_taken":0,"max_hp_gain":0,"max_hp_loss":0,"event_name":"The Cleric","floor":4,"gold_loss":35},{"cards_removed":["downfall:Aged"],"damage_healed":0,"gold_gain":0,"player_choice":"Removed Curses","damage_taken":0,"max_hp_gain":0,"max_hp_loss":0,"event_name":"Fountain of Cleansing","floor":5,"gold_loss":0},{"damage_healed":0,"gold_gain":0,"player_choice":"Copied","damage_taken":0,"max_hp_gain":0,"max_hp_loss":0,"event_name":"Duplicator","floor":19,"gold_loss":0,"cards_obtained":["Eruption"]},{"damage_healed":0,"gold_gain":0,"player_choice":"Paid","damage_taken":0,"relics_obtained":["Red Mask"],"max_hp_gain":0,"max_hp_loss":0,"event_name":"Tomb of Lord Red Mask","floor":38,"gold_loss":179},{"damage_healed":0,"gold_gain":0,"player_choice":"Fight","damage_taken":0,"max_hp_gain":0,"max_hp_loss":0,"event_name":"Mysterious Sphere","floor":39,"gold_loss":0},{"cards_removed":["Adaptation"],"damage_healed":0,"gold_gain":0,"player_choice":"Removed Power","damage_taken":0,"max_hp_gain":0,"max_hp_loss":0,"event_name":"Falling","floor":44,"gold_loss":0},{"damage_healed":0,"gold_gain":0,"player_choice":"Embrace Madness","damage_taken":9,"max_hp_gain":0,"max_hp_loss":0,"event_name":"Winding Halls","floor":45,"gold_loss":0,"cards_obtained":["Madness","Madness"]}],"is_beta":false,"boss_relics":[{"not_picked":["Runic Pyramid","Coffee Dripper"],"picked":"Philosopher\u0027s Stone"},{"not_picked":["Cursed Key","Velvet Choker"],"picked":"HolyWater"}],"items_purged_floors":[],"is_endless":false,"potions_floor_spawned":[3,8,12,13,16,18,20,24,25,35,40,41,47,48],"ascension_level":2}}