{"host":"no5f9c6q31porkj5","time":1613147609,"event":{"mods":["BaseMod","Marisa£¨Ùöéë¡¡Øª×âÞÞ£©","Minty Spire (QoL Compilation)","StSLib","Td1madao Mod","The Cursed","The Gatherer","The Runesmith"],"gold_per_floor":[116,116,116,28,49,49,69,88,143,161,161,194,217,240,240,240,240],"floor_reached":16,"language":"KOR","playtime":667,"items_purged":[],"score":104,"play_id":"074694cc-6f39-4a84-98cb-741e0e7b6f9e","local_time":"20210213013329","is_ascension_mode":false,"campfire_choices":[{"data":"Good Instincts","floor":6,"key":"SMITH"},{"data":"Entrench","floor":11,"key":"SMITH"},{"floor":15,"key":"REST"}],"circlet_count":0,"master_deck":["Strike_R","Strike_R","Strike_R","Strike_R","Strike_R","Defend_R","Defend_R","Defend_R","Defend_R","Bash","Good Instincts+1","Entrench+1","Body Slam","Shrug It Off"],"relics":["Burning Blood","Golden Idol","Bag of Marbles","Ancient Tea Set"],"acts_visited":["Exordium"],"potions_floor_usage":[12,14,16],"damage_taken":[{"damage":1,"enemies":"Cultist","floor":1,"turns":3},{"damage":3,"enemies":"Jaw Worm","floor":5,"turns":5},{"damage":0,"enemies":"Small Slimes","floor":7,"turns":4},{"damage":14,"enemies":"Exordium Thugs","floor":8,"turns":6},{"damage":11,"enemies":"Large Slime","floor":10,"turns":10},{"damage":54,"enemies":"Lagavulin","floor":12,"turns":12},{"damage":2,"enemies":"Blue Slaver","floor":13,"turns":5},{"damage":10,"enemies":"2 Fungi Beasts","floor":14,"turns":4},{"damage":40,"enemies":"Hexaghost","floor":16,"turns":14}],"seed_played":"3166041569906835169","potions_obtained":[{"floor":7,"key":"Swift Potion"},{"floor":8,"key":"Energy Potion"},{"floor":13,"key":"ColorlessPotion"}],"is_trial":false,"path_per_floor":["M","?","?","$","M","R","M","M","T","M","R","E","M","M","R","B"],"character_chosen":"IRONCLAD","items_purchased":["Good Instincts"],"campfire_rested":1,"item_purchase_floors":[4],"current_hp_per_floor":[88,66,66,66,69,69,75,67,67,62,62,14,18,14,40,0,0],"gold":240,"neow_bonus":"TEN_PERCENT_HP_BONUS","is_daily":false,"chose_seed":false,"campfire_upgraded":2,"win_rate":0.0,"timestamp":1613147609,"path_taken":["M","?","?","$","M","R","M","M","T","M","R","E","M","M","R","BOSS"],"items_purchased_type":["Card"],"build_version":"2020-12-22","purchased_purges":0,"victory":false,"max_hp_per_floor":[88,88,88,88,88,88,88,88,88,88,88,88,88,88,88,88,88],"card_choices":[{"not_picked":["Cleave","Searing Blow","Headbutt"],"picked":"SKIP","floor":1},{"not_picked":["Shockwave","Headbutt","Heavy Blade"],"picked":"SKIP","floor":5},{"not_picked":["Sword Boomerang","True Grit","Clothesline"],"picked":"SKIP","floor":7},{"not_picked":["Perfected Strike","Thunderclap","Limit Break"],"picked":"SKIP","floor":8},{"not_picked":["Disarm","Sword Boomerang"],"picked":"Entrench","floor":10},{"not_picked":["Feed","Impervious"],"picked":"Body Slam","floor":12},{"not_picked":["Anger","Hemokinesis","Clothesline"],"picked":"SKIP","floor":13},{"not_picked":["Flex","Clothesline"],"picked":"Shrug It Off","floor":14}],"player_experience":120376,"relics_obtained":[{"floor":9,"key":"Bag of Marbles"},{"floor":12,"key":"Ancient Tea Set"}],"event_choices":[{"damage_healed":0,"gold_gain":0,"player_choice":"Take Damage","damage_taken":22,"relics_obtained":["Golden Idol"],"max_hp_gain":0,"max_hp_loss":0,"event_name":"Golden Idol","floor":2,"gold_loss":0},{"damage_healed":0,"gold_gain":0,"player_choice":"Ignored","damage_taken":0,"max_hp_gain":0,"max_hp_loss":0,"event_name":"Liars Game","floor":3,"gold_loss":0}],"is_beta":false,"boss_relics":[],"items_purged_floors":[],"is_endless":false,"potions_floor_spawned":[7,8,13],"killed_by":"Hexaghost","ascension_level":0}}