{"host":"18wi9kpcl4eah7pe","time":1613159667,"event":{"mods":["BaseMod","Colored Powertips","Downfall","Minty Spire (QoL Compilation)","StSLib"],"gold_per_floor":[99,109,109,109,109,126,126,226,126,126,153,153,181,31,42,146,146,46,56,72,72,92,92,92,102,102,87,87,4,4,4,20,118,118,118,130,142,167,217,233,259,278,278,31,31,45,45,70,81,81,81,81],"floor_reached":50,"language":"ENG","playtime":1885,"items_purged":[],"score":729,"play_id":"a99c0f93-417e-402e-b1c8-de6db9e82400","local_time":"20210212135427","is_ascension_mode":true,"campfire_choices":[{"floor":1.0,"key":"RECALL"},{"floor":9.0,"key":"REST"},{"data":"bronze:Boost","floor":18.0,"key":"SMITH"},{"floor":23.0,"key":"REST"},{"floor":26.0,"key":"REST"},{"data":"bronze:FollowUp","floor":30.0,"key":"SMITH"},{"data":"bronze:InfiniteLoop","floor":35,"key":"SMITH"}],"circlet_count":0,"master_deck":["bronze:Strike","bronze:Strike+1","bronze:Strike+1","bronze:Strike","bronze:Defend","bronze:Defend","bronze:Defend","bronze:Defend","bronze:Replicate+1","bronze:Goto+1","bronze:CutThrough","bronze:Frontload","bronze:Boost+1","bronze:FollowUp+1","bronze:HardenedForm+1","CurseOfTheBell","bronze:Overheat","bronze:Flail","bronze:Iterate","bronze:DelayedGuard+1","bronze:FineTuning","bronze:BuggyMess+1","bronze:Invalidate+1","bronze:InfiniteLoop+1","bronze:ForceShield+1","bronze:Separator","bronze:Branch"],"relics":["bronze:BronzeCore","Bag of Preparation","Darkstone Periapt","downfall:HeartBlessingRed","Eternal Feather","Du-Vu Doll","Frozen Egg 2","Calling Bell","PreservedInsect","Ornamental Fan","Ice Cream","downfall:HeartBlessingGreen","WarpedTongs","Singing Bowl","Toy Ornithopter","Pantograph","Empty Cage","CaptainsWheel","Blood Vial","Happy Flower","Bottled Lightning","Dream Catcher"],"acts_visited":["Exordium","TheCity","TheBeyond"],"potions_floor_usage":[33,46,48,48,48,49,50,50],"damage_taken":[{"damage":2.0,"enemies":"2 Louse","floor":2.0,"turns":3.0},{"damage":0.0,"enemies":"Small Slimes","floor":6.0,"turns":2.0},{"damage":0.0,"enemies":"Lagavulin","floor":11.0,"turns":4.0},{"damage":16.0,"enemies":"3 Sentries","floor":13.0,"turns":8.0},{"damage":0.0,"enemies":"Cultist","floor":15.0,"turns":3.0},{"damage":69.0,"enemies":"WA_ARCHETYPE_RETAIN","floor":16.0,"turns":8.0},{"damage":0.0,"enemies":"Spheric Guardian","floor":19.0,"turns":4.0},{"damage":41.0,"enemies":"Chosen and Byrds","floor":20.0,"turns":7.0},{"damage":20.0,"enemies":"Centurion and Healer","floor":22.0,"turns":4.0},{"damage":0.0,"enemies":"Snecko","floor":25.0,"turns":2.0},{"damage":4.0,"enemies":"downfall:FleeingMerchant","floor":27.0,"turns":4.0},{"damage":12.0,"enemies":"downfall:FleeingMerchant","floor":29.0,"turns":4.0},{"damage":0.0,"enemies":"3 Cultists","floor":32.0,"turns":2.0},{"damage":54,"enemies":"DF_ARCHETYPE_CLAW","floor":33,"turns":8},{"damage":14,"enemies":"3 Shapes","floor":36,"turns":4},{"damage":6,"enemies":"3 Darklings","floor":37,"turns":3},{"damage":26,"enemies":"3 Darklings","floor":39,"turns":5},{"damage":30,"enemies":"Maw","floor":40,"turns":7},{"damage":20,"enemies":"4 Shapes","floor":42,"turns":1},{"damage":25,"enemies":"Spire Growth","floor":46,"turns":3},{"damage":12,"enemies":"Reptomancer","floor":48,"turns":4},{"damage":28,"enemies":"Writhing Mass","floor":49,"turns":4},{"damage":94,"enemies":"IC_BLOCK_ARCHETYPE","floor":50,"turns":10}],"seed_played":"1141737446208363409","potions_obtained":[{"floor":5.0,"key":"downfall:CursedFountainPotion"},{"floor":6.0,"key":"SteroidPotion"},{"floor":16.0,"key":"AttackPotion"},{"floor":20.0,"key":"DistilledChaos"},{"floor":22.0,"key":"DistilledChaos"},{"floor":32.0,"key":"Weak Potion"},{"floor":37,"key":"BlessingOfTheForge"},{"floor":42,"key":"LiquidBronze"},{"floor":48,"key":"Ancient Potion"}],"is_trial":false,"path_per_floor":["R","M","?","?","?","M","T","?","R","T","E","?","E","?","M","B",null,"R","M","M","?","M","R","T","M","R","$","?","$","R","$","M","B",null,"R","M","M","?","?","M","T","M","?","$","$","M","T","E","M","B"],"character_chosen":"THE_AUTOMATON","items_purchased":["Toy Ornithopter","Pantograph","Happy Flower","EntropicBrew"],"campfire_rested":3,"item_purchase_floors":[29,29,44,44],"current_hp_per_floor":[63,61,61,54,54,54,54,54,70,70,70,70,54,80,80,11,69,78,78,37,43,23,62,62,62,92,88,88,76,88,88,88,43,80,92,78,72,72,66,38,38,22,84,84,84,61,61,68,49,0,0,0],"gold":81,"neow_bonus":"UPGRADE_CARD","is_daily":false,"chose_seed":false,"campfire_upgraded":3,"win_rate":0.0,"timestamp":1613159667,"path_taken":["R","M","?","?","?","?","T","?","R","?","E","?","E","?","M","BOSS","R","M","?","?","?","R","T","M","R","$","?","$","R","$","M","BOSS","R","M","M","?","?","M","T","M","?","?","$","M","?","E","M","BOSS"],"items_purchased_type":["Relic","Relic","Relic","Potion"],"build_version":"2020-12-22","purchased_purges":0,"victory":false,"max_hp_per_floor":[70,70,70,70,70,70,70,70,70,70,70,70,70,80,80,80,86,86,86,86,92,92,92,92,92,92,92,92,92,92,92,92,92,92,92,92,92,92,92,94,94,96,84,84,84,86,86,88,90,90,90,90],"card_choices":[{"not_picked":["bronze:Turbo","bronze:Deprecate"],"picked":"bronze:CutThrough","floor":2.0},{"not_picked":["bronze:BugBarrage","bronze:Deprecate"],"picked":"bronze:Frontload","floor":6.0},{"not_picked":["bronze:FineTuning","bronze:Safeguard"],"picked":"bronze:Boost","floor":11.0},{"not_picked":["bronze:Overheat","bronze:Terminator"],"picked":"bronze:FollowUp","floor":13.0},{"not_picked":["bronze:BitShift","bronze:ForLoop"],"picked":"bronze:Iterate","floor":15.0},{"not_picked":["bronze:BurnOut","bronze:RecursiveStrike"],"picked":"bronze:HardenedForm+1","floor":16.0},{"not_picked":["bronze:Refactor+1","bronze:Constructor+1"],"picked":"bronze:Overheat","floor":19.0},{"not_picked":["bronze:Overheat","bronze:Overload"],"picked":"bronze:Flail","floor":20.0},{"not_picked":["bronze:CutThrough","bronze:Deprecate+1"],"picked":"bronze:Iterate","floor":22.0},{"not_picked":["bronze:CloningBeam","bronze:BronzeArmor"],"picked":"bronze:DelayedGuard+1","floor":25.0},{"not_picked":["bronze:RecursiveStrike","bronze:BitShift"],"picked":"bronze:FineTuning","floor":27.0},{"not_picked":["bronze:BugBarrage","bronze:Frontload+1"],"picked":"bronze:BuggyMess+1","floor":29.0},{"not_picked":["bronze:Overheat+1","bronze:BitShift+1"],"picked":"bronze:Invalidate+1","floor":32.0},{"not_picked":["bronze:BurnOut","bronze:ShipIt"],"picked":"bronze:InfiniteLoop","floor":33},{"not_picked":["bronze:BitShift","bronze:Flail+1"],"picked":"bronze:ForceShield+1","floor":36},{"not_picked":["bronze:FollowUp","bronze:CloningBeam"],"picked":"bronze:Separator","floor":37},{"not_picked":["bronze:Invalidate","bronze:BuggyMess+1"],"picked":"bronze:Branch","floor":39},{"not_picked":["bronze:DelayedSlice+1","bronze:WildBeam","bronze:Iterate+1"],"picked":"Singing Bowl","floor":40},{"not_picked":["bronze:Turbo+1","bronze:Philosophize+1","bronze:WhirlingStrike"],"picked":"Singing Bowl","floor":42},{"not_picked":["bronze:Iterate+1","bronze:BronzeArmor","bronze:InfiniteBeams+1"],"picked":"Singing Bowl","floor":46},{"not_picked":["bronze:Branch+1","bronze:CutThrough","bronze:BitShift+1"],"picked":"Singing Bowl","floor":48},{"not_picked":["bronze:BronzeArmor","bronze:DarkDash","bronze:Branch"],"picked":"Singing Bowl","floor":49}],"player_experience":1023007,"relics_obtained":[{"floor":7.0,"key":"Darkstone Periapt"},{"floor":10.0,"key":"Eternal Feather"},{"floor":11.0,"key":"Du-Vu Doll"},{"floor":13.0,"key":"Frozen Egg 2"},{"floor":17.0,"key":"PreservedInsect"},{"floor":17.0,"key":"Ornamental Fan"},{"floor":17.0,"key":"Ice Cream"},{"floor":24.0,"key":"Singing Bowl"},{"floor":39,"key":"CaptainsWheel"},{"floor":41,"key":"Blood Vial"},{"floor":47,"key":"Bottled Lightning"},{"floor":48,"key":"Dream Catcher"}],"event_choices":[{"damage_healed":0.0,"max_hp_gain":0.0,"max_hp_loss":0.0,"gold_gain":0.0,"event_name":"Scrap Ooze","player_choice":"Success","floor":4.0,"gold_loss":0.0,"damage_taken":7.0,"relics_obtained":["Bag of Preparation"]},{"cards_removed":["downfall:Malfunctioning"],"damage_healed":0.0,"max_hp_gain":0.0,"max_hp_loss":0.0,"gold_gain":0.0,"event_name":"The Cleric","player_choice":"Card Removal","floor":12.0,"gold_loss":0.0,"damage_taken":0.0},{"damage_healed":0.0,"max_hp_gain":0.0,"max_hp_loss":0.0,"gold_gain":0.0,"event_name":"Ghosts","player_choice":"Ignored","floor":28.0,"gold_loss":0.0,"damage_taken":0.0}],"is_beta":false,"boss_relics":[{"not_picked":["Cursed Key","SacredBark"],"picked":"Calling Bell"},{"not_picked":["bronze:ElectromagneticCoil","Runic Pyramid"],"picked":"Empty Cage"}],"items_purged_floors":[],"is_endless":false,"potions_floor_spawned":[6,16,20,22,32,37,42,48],"killed_by":"IC_BLOCK_ARCHETYPE","ascension_level":6}}