{"host":"q9718omregw4er46","time":1613155099,"event":{"mods":["BaseMod","Bestiary","Colored Powertips","Custom Start","Minty Spire (QoL Compilation)","Quick Restart","Relic Stats"],"gold_per_floor":[116,134,150,162,162,162,196,271,271,271,117,128,139,170,170,244,244,264,274,286,300,311,311,336,336,360,360,67,97,129,156,156,229,229,239,114,132,150,162,162,196,196,223,253,271,271,296,325,325,325,325,325,325,66,101,101],"floor_reached":57,"language":"ENG","playtime":4698,"items_purged":["Strike_P","JustLucky","ForeignInfluence","Consecrate"],"score":3124,"play_id":"bfa738b7-b21a-4205-86ed-9c3693dac5af","local_time":"20210212233819","is_ascension_mode":true,"campfire_choices":[{"data":"SpiritShield","floor":6.0,"key":"SMITH"},{"floor":10.0,"key":"REST"},{"data":"Tantrum","floor":15.0,"key":"SMITH"},{"data":"Meditate","floor":23.0,"key":"SMITH"},{"data":"TalkToTheHand","floor":25.0,"key":"SMITH"},{"floor":27.0,"key":"REST"},{"floor":32.0,"key":"REST"},{"data":"Fasting2","floor":40.0,"key":"SMITH"},{"data":"LikeWater","floor":42.0,"key":"SMITH"},{"data":"Alpha","floor":46.0,"key":"SMITH"},{"floor":49.0,"key":"RECALL"},{"data":"MentalFortress","floor":53.0,"key":"SMITH"}],"circlet_count":0,"master_deck":["AscendersBane","Eruption","Vigilance+1","Conclude+1","SashWhip+1","CutThroughFate+1","SpiritShield+1","MentalFortress+1","LikeWater+1","Tantrum+1","DevaForm+1","Meditate+1","Worship+1","Pray+1","Alpha+1","MentalFortress+1","Swivel+1","TalkToTheHand+1","Worship+1","Vengeance+1","Meditate+1","Fasting2+1","CutThroughFate","LessonLearned+1","Adaptation","Collect+1","WheelKick+1","Ragnarok+1"],"relics":["Snecko Eye","TeardropLocket","CloakClasp","CaptainsWheel","Pandora\u0027s Box","Torii","Omamori","Oddly Smooth Stone","Red Mask","Gambling Chip","SlaversCollar","Bag of Preparation","Gremlin Horn","Calipers","Molten Egg 2","Ginger"],"acts_visited":["Exordium","TheCity","TheBeyond","TheEnding"],"potions_floor_usage":[56,56],"damage_taken":[{"damage":7.0,"enemies":"Jaw Worm","floor":1.0,"turns":3.0},{"damage":3.0,"enemies":"2 Louse","floor":2.0,"turns":3.0},{"damage":0.0,"enemies":"Small Slimes","floor":3.0,"turns":2.0},{"damage":0.0,"enemies":"Exordium Wildlife","floor":4.0,"turns":2.0},{"damage":0.0,"enemies":"Lagavulin","floor":7.0,"turns":3.0},{"damage":0.0,"enemies":"2 Fungi Beasts","floor":12.0,"turns":1.0},{"damage":0.0,"enemies":"Looter","floor":13.0,"turns":1.0},{"damage":0.0,"enemies":"3 Sentries","floor":14.0,"turns":3.0},{"damage":0.0,"enemies":"Slime Boss","floor":16.0,"turns":4.0},{"damage":3.0,"enemies":"2 Thieves","floor":18.0,"turns":4.0},{"damage":6.0,"enemies":"Spheric Guardian","floor":19.0,"turns":4.0},{"damage":0.0,"enemies":"Centurion and Healer","floor":20.0,"turns":4.0},{"damage":1.0,"enemies":"Snake Plant","floor":21.0,"turns":4.0},{"damage":9.0,"enemies":"Cultist and Chosen","floor":22.0,"turns":6.0},{"damage":15.0,"enemies":"Gremlin Leader","floor":24.0,"turns":5.0},{"damage":8.0,"enemies":"Slavers","floor":29.0,"turns":5.0},{"damage":0.0,"enemies":"Masked Bandits","floor":30.0,"turns":3.0},{"damage":34.0,"enemies":"Gremlin Leader","floor":31.0,"turns":5.0},{"damage":1.0,"enemies":"Champ","floor":33.0,"turns":8.0},{"damage":2.0,"enemies":"Orb Walker","floor":35.0,"turns":7.0},{"damage":0.0,"enemies":"3 Darklings","floor":37.0,"turns":5.0},{"damage":0.0,"enemies":"Maw","floor":38.0,"turns":4.0},{"damage":7.0,"enemies":"Sphere and 2 Shapes","floor":39.0,"turns":3.0},{"damage":0.0,"enemies":"Nemesis","floor":41.0,"turns":9.0},{"damage":10.0,"enemies":"Reptomancer","floor":44.0,"turns":6.0},{"damage":0.0,"enemies":"Writhing Mass","floor":45.0,"turns":5.0},{"damage":0.0,"enemies":"Mind Bloom Boss Battle","floor":47.0,"turns":5.0},{"damage":0.0,"enemies":"Nemesis","floor":48.0,"turns":5.0},{"damage":0.0,"enemies":"Awakened One","floor":50.0,"turns":8.0},{"damage":1.0,"enemies":"Time Eater","floor":51.0,"turns":7.0},{"damage":21.0,"enemies":"Shield and Spear","floor":55.0,"turns":3.0},{"damage":2,"enemies":"The Heart","floor":56,"turns":8}],"seed_played":"5068875841365403130","potions_obtained":[{"floor":1.0,"key":"SpeedPotion"},{"floor":3.0,"key":"Explosive Potion"},{"floor":13.0,"key":"BottledMiracle"},{"floor":14.0,"key":"SteroidPotion"},{"floor":18.0,"key":"DistilledChaos"},{"floor":20.0,"key":"StancePotion"},{"floor":31.0,"key":"Fruit Juice"},{"floor":33.0,"key":"DuplicationPotion"},{"floor":38.0,"key":"Explosive Potion"},{"floor":39.0,"key":"Swift Potion"},{"floor":45.0,"key":"ColorlessPotion"}],"is_trial":false,"path_per_floor":["M","M","M","M","?","R","E","?","T","R","$","M","M","E","R","B",null,"M","M","M","M","M","R","E","R","T","R","$","E","?","E","R","B",null,"M","$","M","M","M","R","E","R","T","E","M","R","?","E","R","B","B",null,"R","$","E","B",null],"character_chosen":"WATCHER","items_purchased":["MentalFortress","Fruit Juice","Meditate","Ambrosia"],"campfire_rested":3,"item_purchase_floors":[11,28,28,54],"current_hp_per_floor":[54,51,51,51,31,31,31,20,20,40,40,40,40,40,40,40,61,58,52,52,51,42,42,27,27,27,47,47,39,39,10,38,37,68,66,66,66,66,59,59,59,59,59,49,49,49,49,49,49,49,48,71,71,71,50,48],"gold":101,"neow_bonus":"BOSS_RELIC","is_daily":false,"chose_seed":false,"campfire_upgraded":8,"win_rate":0.0,"timestamp":1613155099,"path_taken":["M","M","M","M","?","R","E","?","T","R","$","M","M","E","R","BOSS","M","M","M","M","M","R","E","R","T","R","$","E","?","E","R","BOSS","M","$","M","M","M","R","E","R","T","E","M","R","?","E","R","BOSS","BOSS","R","$","E","BOSS"],"items_purchased_type":["Card","Potion","Card","Potion"],"build_version":"2020-12-22","purchased_purges":4,"victory":true,"max_hp_per_floor":[68,68,68,68,68,68,68,68,68,68,68,68,68,68,68,68,68,68,68,68,68,68,68,68,68,68,68,68,68,68,73,78,78,78,78,78,78,78,78,78,78,78,78,78,78,78,78,78,78,78,78,78,78,78,78,78],"relic_stats":{"Torii":20,"Gremlin Horn":[4,4],"counters":[32,145],"Gambling Chip":[66],"Snecko Eye":[303,295,277,262],"Pandora\u0027s Box":["Meditate","Worship","JustLucky","Consecrate","Pray","Alpha","ForeignInfluence"],"CloakClasp":[478],"Bag of Preparation":[16],"Ginger":[2],"obtain_stats":[{"Calipers":47,"Torii":24,"Gremlin Horn":44,"Oddly Smooth Stone":29,"CloakClasp":9,"Omamori":26,"Bag of Preparation":41,"TeardropLocket":7,"Ginger":55,"SlaversCollar":34,"CaptainsWheel":14,"Gambling Chip":31,"Snecko Eye":0,"Pandora\u0027s Box":17,"Molten Egg 2":48,"Red Mask":30,"PureWater":0},{"Calipers":27,"Torii":15,"Gremlin Horn":25,"Oddly Smooth Stone":16,"CloakClasp":5,"Omamori":15,"Bag of Preparation":24,"TeardropLocket":5,"Ginger":31,"SlaversCollar":19,"CaptainsWheel":8,"Gambling Chip":18,"Snecko Eye":0,"Pandora\u0027s Box":9,"Molten Egg 2":28,"Red Mask":17,"PureWater":0},{"Calipers":114,"Torii":49,"Gremlin Horn":104,"Oddly Smooth Stone":54,"CloakClasp":13,"Omamori":49,"Bag of Preparation":98,"TeardropLocket":13,"Ginger":137,"SlaversCollar":70,"CaptainsWheel":18,"Gambling Chip":62,"Snecko Eye":0,"Pandora\u0027s Box":22,"Molten Egg 2":119,"Red Mask":57,"PureWater":0}]},"card_choices":[{"not_picked":["Fasting2","BattleHymn"],"picked":"Conclude","floor":1.0},{"not_picked":["CrushJoints","Protect"],"picked":"SashWhip","floor":2.0},{"not_picked":["InnerPeace","CrushJoints"],"picked":"CutThroughFate","floor":3.0},{"not_picked":["SignatureMove","FlurryOfBlows"],"picked":"SpiritShield","floor":4.0},{"not_picked":["FlyingSleeves","CutThroughFate","CrushJoints"],"picked":"SKIP","floor":7.0},{"not_picked":["EmptyBody","FollowUp"],"picked":"LikeWater","floor":12.0},{"not_picked":["Sanctity","Crescendo","PathToVictory"],"picked":"SKIP","floor":13.0},{"not_picked":["BowlingBash","WindmillStrike"],"picked":"Tantrum","floor":14.0},{"not_picked":["Omniscience","MasterReality"],"picked":"DevaForm","floor":16.0},{"not_picked":["EmptyFist","Prostrate"],"picked":"MentalFortress","floor":18.0},{"not_picked":["FlyingSleeves","ForeignInfluence","WindmillStrike"],"picked":"SKIP","floor":19.0},{"not_picked":["ReachHeaven","EmptyFist"],"picked":"Swivel","floor":20.0},{"not_picked":["EmptyBody","BowlingBash"],"picked":"TalkToTheHand","floor":21.0},{"not_picked":["PathToVictory","Scrawl"],"picked":"Worship","floor":22.0},{"not_picked":["Halt","FollowUp"],"picked":"Vengeance","floor":24.0},{"not_picked":["FlyingSleeves","LikeWater"],"picked":"Fasting2","floor":29.0},{"not_picked":["Perseverance","FlurryOfBlows+1"],"picked":"CutThroughFate","floor":30.0},{"not_picked":["JustLucky+1","Weave","ThirdEye"],"picked":"SKIP","floor":31.0},{"not_picked":["MasterReality","Ragnarok"],"picked":"LessonLearned","floor":33.0},{"not_picked":["FlyingSleeves","EmptyFist+1","Conclude+1"],"picked":"SKIP","floor":35.0},{"not_picked":["Prostrate","ClearTheMind","Collect"],"picked":"SKIP","floor":37.0},{"not_picked":["FearNoEvil+1","Wallop+1"],"picked":"Adaptation","floor":38.0},{"not_picked":["CutThroughFate","EmptyBody","Crescendo+1"],"picked":"SKIP","floor":39.0},{"not_picked":["EmptyFist","Halt+1"],"picked":"Collect+1","floor":41.0},{"not_picked":["FlyingSleeves","Alpha","FollowUp"],"picked":"SKIP","floor":44.0},{"not_picked":["BowlingBash","WindmillStrike","DeceiveReality"],"picked":"SKIP","floor":45.0},{"not_picked":["Sanctity","EmptyFist+1"],"picked":"WheelKick+1","floor":48.0},{"not_picked":["Prostrate","WaveOfTheHand"],"picked":"Ragnarok+1","floor":55.0}],"player_experience":804438,"relics_obtained":[{"floor":7.0,"key":"TeardropLocket"},{"floor":9.0,"key":"CloakClasp"},{"floor":14.0,"key":"CaptainsWheel"},{"floor":24.0,"key":"Torii"},{"floor":26.0,"key":"Omamori"},{"floor":29.0,"key":"Oddly Smooth Stone"},{"floor":30.0,"key":"Red Mask"},{"floor":31.0,"key":"Gambling Chip"},{"floor":41.0,"key":"Bag of Preparation"},{"floor":44.0,"key":"Gremlin Horn"},{"floor":47.0,"key":"Calipers"},{"floor":48.0,"key":"Molten Egg 2"},{"floor":55.0,"key":"Ginger"}],"event_choices":[{"damage_healed":0.0,"max_hp_gain":0.0,"max_hp_loss":0.0,"gold_gain":0.0,"event_name":"Shining Light","player_choice":"Entered Light","floor":5.0,"gold_loss":0.0,"damage_taken":20.0,"cards_upgraded":["SashWhip","Conclude"]},{"damage_healed":0.0,"max_hp_gain":0.0,"max_hp_loss":0.0,"gold_gain":75.0,"event_name":"World of Goop","player_choice":"Gather Gold","floor":8.0,"gold_loss":0.0,"damage_taken":11.0},{"damage_healed":0.0,"max_hp_gain":0.0,"max_hp_loss":0.0,"gold_gain":0.0,"event_name":"Masked Bandits","player_choice":"Fought Bandits","floor":30.0,"gold_loss":0.0,"damage_taken":0.0},{"damage_healed":0.0,"max_hp_gain":0.0,"max_hp_loss":0.0,"gold_gain":0.0,"event_name":"MindBloom","player_choice":"Fight","floor":47.0,"gold_loss":0.0,"damage_taken":0.0}],"is_beta":false,"boss_relics":[{"not_picked":["SacredBark","Philosopher\u0027s Stone"],"picked":"Pandora\u0027s Box"},{"not_picked":["Velvet Choker","Runic Pyramid"],"picked":"SlaversCollar"}],"items_purged_floors":[11,28,36,54],"is_endless":false,"potions_floor_spawned":[1,3,4,13,14,18,20,31,33,38,39,41,45],"ascension_level":20}}