{"host":"mdeotqi15jo4m3ub","time":1613123982,"event":{"mods":["BaseMod","Dio Mod","Minty Spire (QoL Compilation)","StSLib"],"gold_per_floor":[109,127,127,137,155,155,182,87,87,7,38,38,57,72,72,175,175,190,289,289,289,299,299,52,52,52,71,71,71,171,185,185,287,287,305,655,673,353,364,364,395,410,410,210,210,221,221,221,221,221,221],"floor_reached":50,"language":"ENG","playtime":2732,"items_purged":["dioMod:Regeneration","dioMod:Regeneration"],"score":505,"play_id":"1214d6d2-484a-4842-a2e9-d494d0ed6759","local_time":"20210212175942","is_ascension_mode":false,"campfire_choices":[{"data":"dioMod:FlyAway","floor":6,"key":"SMITH"},{"floor":12,"key":"REST"},{"data":"dioMod:StreetSign","floor":15,"key":"SMITH"},{"data":"dioMod:ZaWarudo","floor":23,"key":"SMITH"},{"floor":29,"key":"REST"},{"floor":32,"key":"REST"},{"floor":40,"key":"RECALL"},{"floor":45,"key":"REST"},{"floor":47,"key":"REST"},{"floor":49,"key":"REST"}],"circlet_count":0,"master_deck":["Bite","dioMod:Diversion","dioMod:BloodSuck","dioMod:FlyAway+1","dioMod:CautiousMuda","dioMod:ZaWarudo+1","dioMod:StreetSign+1","dioMod:Pluck","dioMod:DarkRebirth","dioMod:Donut","dioMod:Minions","dioMod:TripleThreat","dioMod:PathToHeaven+1","dioMod:BlendIn+1","dioMod:Roundabout+1","dioMod:DaggerSpree","dioMod:ComboFever+1","dioMod:GoodbyeJojo+1","dioMod:BloodSuck","dioMod:BloodSplash+1","dioMod:DarkRebirth","dioMod:HeavyLifting+1","dioMod:StreetSign","dioMod:DaggerToss+1","dioMod:TheWalk+1","dioMod:HeavyLifting+1","dioMod:SlashThroughTime+1","dioMod:DisarmingVoice+1","dioMod:SlashThroughTime","dioMod:Minions","dioMod:DoubleTime+1"],"relics":["dioMod:VampireBlood","NeowsBlessing","Gremlin Horn","Toxic Egg 2","Centennial Puzzle","Pandora\u0027s Box","Mercury Hourglass","CaptainsWheel","Dead Branch","Shuriken","Fusion Hammer","Old Coin","Eternal Feather","Bird Faced Urn","Bottled Flame","Membership Card"],"acts_visited":["Exordium","TheCity","TheBeyond"],"potions_floor_usage":[7,31,33,50],"damage_taken":[{"damage":0,"enemies":"Cultist","floor":1,"turns":1},{"damage":0,"enemies":"Jaw Worm","floor":2,"turns":1},{"damage":0,"enemies":"2 Louse","floor":4,"turns":1},{"damage":15,"enemies":"Looter","floor":5,"turns":3},{"damage":56,"enemies":"3 Sentries","floor":7,"turns":12},{"damage":47,"enemies":"Gremlin Nob","floor":11,"turns":6},{"damage":2,"enemies":"Large Slime","floor":13,"turns":8},{"damage":7,"enemies":"Blue Slaver","floor":14,"turns":4},{"damage":52,"enemies":"Hexaghost","floor":16,"turns":10},{"damage":0,"enemies":"Chosen","floor":18,"turns":5},{"damage":46,"enemies":"Shell Parasite","floor":22,"turns":9},{"damage":29,"enemies":"Shelled Parasite and Fungi","floor":27,"turns":6},{"damage":25,"enemies":"Colosseum Slavers","floor":30,"turns":4},{"damage":51,"enemies":"Colosseum Nobs","floor":30,"turns":7},{"damage":1,"enemies":"3 Cultists","floor":31,"turns":5},{"damage":74,"enemies":"Automaton","floor":33,"turns":11},{"damage":17,"enemies":"Orb Walker","floor":35,"turns":3},{"damage":34,"enemies":"Mind Bloom Boss Battle","floor":36,"turns":9},{"damage":2,"enemies":"3 Darklings","floor":37,"turns":4},{"damage":13,"enemies":"4 Shapes","floor":39,"turns":3},{"damage":39,"enemies":"Reptomancer","floor":41,"turns":7},{"damage":83,"enemies":"Maw","floor":42,"turns":10},{"damage":8,"enemies":"Transient","floor":46,"turns":6},{"damage":91,"enemies":"Awakened One","floor":50,"turns":6}],"seed_played":"2262706016108370038","potions_obtained":[{"floor":2,"key":"Weak Potion"},{"floor":5,"key":"SneckoOil"},{"floor":7,"key":"SmokeBomb"},{"floor":13,"key":"Strength Potion"},{"floor":27,"key":"AttackPotion"},{"floor":31,"key":"SneckoOil"},{"floor":41,"key":"LiquidMemories"}],"is_trial":false,"path_per_floor":["M","M","?","M","M","R","E","$","T","$","E","R","M","M","R","B",null,"M","?","?","?","M","R","$","?","T","M","?","R","?","M","R","B",null,"M","?","M","$","M","R","E","M","T","$","R","M","R","?","R","B"],"character_chosen":"THE_DEFAULT","items_purchased":["dioMod:StreetSign","dioMod:Pluck","dioMod:DarkRebirth","Mercury Hourglass","Eternal Feather","Membership Card"],"campfire_rested":6,"item_purchase_floors":[8,8,10,24,38,44],"current_hp_per_floor":[75,75,75,75,68,68,34,34,34,34,12,34,47,53,53,13,75,75,75,75,75,32,32,32,32,32,28,28,50,21,40,62,21,75,73,72,75,75,75,75,43,18,18,18,58,70,75,71,71,0,0],"gold":221,"neow_bonus":"THREE_ENEMY_KILL","is_daily":false,"chose_seed":false,"campfire_upgraded":3,"win_rate":0.0,"timestamp":1613123982,"path_taken":["M","M","?","?","M","R","E","$","T","?","E","R","?","M","R","BOSS","M","?","?","?","M","R","$","?","T","?","?","R","?","M","R","BOSS","M","?","M","?","M","R","E","M","T","$","R","M","R","?","R","BOSS"],"items_purchased_type":["Card","Card","Card","Relic","Relic","Relic"],"build_version":"2020-12-22","purchased_purges":2,"victory":false,"max_hp_per_floor":[75,75,75,75,75,75,75,75,75,75,75,75,75,75,75,75,75,75,75,75,75,75,75,75,75,75,75,75,75,75,75,75,75,75,75,75,75,75,75,75,75,75,75,75,75,75,75,71,71,71,71],"card_choices":[{"not_picked":["dioMod:TripleThreat","dioMod:Muda"],"picked":"dioMod:Diversion","floor":1},{"not_picked":["dioMod:BloodTransfusion","dioMod:BloodShield"],"picked":"dioMod:BloodSuck","floor":2},{"not_picked":["dioMod:CutDeep","dioMod:Hiss"],"picked":"dioMod:FlyAway","floor":4},{"not_picked":["dioMod:Muda","dioMod:BloodSplash"],"picked":"dioMod:CautiousMuda","floor":5},{"not_picked":["dioMod:TripleThreat","dioMod:Muda"],"picked":"dioMod:ZaWarudo","floor":7},{"not_picked":["dioMod:DaggerToss","dioMod:FlyAway+1"],"picked":"dioMod:Donut","floor":11},{"not_picked":["dioMod:Roundabout+1","dioMod:VengefulMuda"],"picked":"dioMod:Minions","floor":13},{"not_picked":["dioMod:LaserVision","dioMod:BloodShield+1"],"picked":"dioMod:TripleThreat","floor":14},{"not_picked":["dioMod:Despair+1","dioMod:PhantomBlood"],"picked":"dioMod:PathToHeaven+1","floor":16},{"not_picked":["dioMod:WRYYY","dioMod:DaggerSpree"],"picked":"dioMod:BloodSuck","floor":18},{"not_picked":["dioMod:Diversion+1","dioMod:Muda"],"picked":"dioMod:DarkRebirth","floor":22},{"not_picked":["dioMod:VengefulMuda","dioMod:BloodShield+1"],"picked":"dioMod:HeavyLifting+1","floor":27},{"not_picked":["dioMod:DaggerToss","dioMod:TripleThreat+1"],"picked":"dioMod:StreetSign","floor":30},{"not_picked":["dioMod:HeavyLifting+1","dioMod:DisarmingVoice+1"],"picked":"dioMod:DaggerToss+1","floor":31},{"not_picked":["dioMod:MudaMudaMuda","dioMod:Refresh+1"],"picked":"dioMod:TheWalk+1","floor":33},{"not_picked":["dioMod:BloodSplash+1","dioMod:BloodSuck"],"picked":"dioMod:HeavyLifting+1","floor":35},{"not_picked":["dioMod:StreetSign","dioMod:Hiss+1"],"picked":"dioMod:SlashThroughTime+1","floor":36},{"not_picked":["dioMod:VengefulMuda","dioMod:StreetSign"],"picked":"dioMod:DisarmingVoice+1","floor":37},{"not_picked":["dioMod:BloodSuck","dioMod:LaserVision+1"],"picked":"dioMod:SlashThroughTime","floor":39},{"not_picked":["dioMod:ComposedMuda","dioMod:BlendIn+1","dioMod:BloodTransfusion"],"picked":"SKIP","floor":41},{"not_picked":["dioMod:DaggerSpree","dioMod:LaserVision"],"picked":"dioMod:Minions","floor":42},{"not_picked":["dioMod:BlendIn+1","dioMod:CoffinBath+1"],"picked":"dioMod:DoubleTime+1","floor":46}],"player_experience":123216,"relics_obtained":[{"floor":7,"key":"Gremlin Horn"},{"floor":9,"key":"Toxic Egg 2"},{"floor":11,"key":"Centennial Puzzle"},{"floor":26,"key":"CaptainsWheel"},{"floor":30,"key":"Dead Branch"},{"floor":30,"key":"Shuriken"},{"floor":36,"key":"Old Coin"},{"floor":41,"key":"Bird Faced Urn"},{"floor":43,"key":"Bottled Flame"}],"event_choices":[{"cards_removed":["dioMod:Defend"],"damage_healed":0,"gold_gain":0,"player_choice":"Card Removal","damage_taken":0,"max_hp_gain":0,"max_hp_loss":0,"event_name":"Wheel of Change","floor":3,"gold_loss":0},{"damage_healed":0,"gold_gain":99,"player_choice":"Stole From Cult","damage_taken":0,"max_hp_gain":0,"max_hp_loss":0,"event_name":"Nest","floor":19,"gold_loss":0},{"damage_healed":0,"gold_gain":0,"player_choice":"Ignored","damage_taken":0,"max_hp_gain":0,"max_hp_loss":0,"event_name":"Ghosts","floor":20,"gold_loss":0},{"damage_healed":0,"gold_gain":0,"player_choice":"Read","damage_taken":0,"max_hp_gain":0,"max_hp_loss":0,"event_name":"The Library","floor":21,"gold_loss":0,"cards_obtained":["dioMod:BloodSplash"]},{"damage_healed":0,"gold_gain":0,"player_choice":"Ignored","damage_taken":0,"max_hp_gain":0,"max_hp_loss":0,"event_name":"Vampires","floor":25,"gold_loss":0},{"damage_healed":0,"gold_gain":0,"player_choice":"Ignored","damage_taken":0,"max_hp_gain":0,"max_hp_loss":0,"event_name":"The Mausoleum","floor":28,"gold_loss":0},{"damage_healed":0,"gold_gain":0,"player_choice":"Fight","damage_taken":0,"max_hp_gain":0,"max_hp_loss":0,"event_name":"Colosseum","floor":30,"gold_loss":0},{"damage_healed":0,"gold_gain":0,"player_choice":"Fought Nobs","damage_taken":0,"max_hp_gain":0,"max_hp_loss":0,"event_name":"Colosseum","floor":30,"gold_loss":0},{"damage_healed":0,"gold_gain":0,"player_choice":"Fight","damage_taken":0,"max_hp_gain":0,"max_hp_loss":0,"event_name":"MindBloom","floor":36,"gold_loss":0},{"damage_healed":0,"gold_gain":0,"player_choice":"Max HP","damage_taken":0,"max_hp_gain":0,"max_hp_loss":4,"event_name":"Winding Halls","floor":48,"gold_loss":0}],"is_beta":false,"boss_relics":[{"not_picked":["Runic Pyramid","Snecko Eye"],"picked":"Pandora\u0027s Box"},{"not_picked":["Velvet Choker","Coffee Dripper"],"picked":"Fusion Hammer"}],"items_purged_floors":[38,44],"is_endless":false,"potions_floor_spawned":[2,5,7,13,14,22,27,31,41,46],"killed_by":"Awakened One","ascension_level":0}}