{"host":"9fuvscx47tolndfl","time":1613169706,"event":{"mods":["100% Spire Juice","AchievementEnabler","Act Like it!","Arknights","Aspiration","BaseMod","Beaked The Cultist","Better Match","Better Note","Better Third Choice","CapriCore","Colored Map","Colored Powertips","Conspire","Downfall","GungeonMod","Halation","Hermit","Hubris","Infinite Spire","Jedi Mod","Jorbs\u0027s Wanderer Trilogy","Koishi","Luminous","Marisa????????","Minty Spire (QoL Compilation)","Prisma Mod","Rare Cards Sparkle","Replay The Spire","Shade Mod","Shop Mod","StSLib","The Administrix","The Alterego","The Animator","The Bug Knight","The Construct","The Cursed","The Disciple","The Fake Hero","The Forsaken","The Hayseed","The Hierophant","The Immortal","The Jungle","The Mystic","The Necromancer","The Poker Player","The Problem Sleuth","The Runesmith","The Servant 0.9.4","TheBandit","TheHero","TheSwordswoman","Waifu the Spire","Wandering Minibosses","WarShipGirlsR/????R mod","Yuyuko","thorton","??????REMEMod"],"gold_per_floor":[114,114,134,26,26,58,58,58,111,125,50,50,13,40,40,138,138,155,173,173,173,173,200,200,211,211,211,211,211,231,265,279,279,279,279,279],"floor_reached":35,"language":"ENG","playtime":3037,"items_purged":[],"score":301,"play_id":"8a728cdb-619d-454e-ad86-55aff66436a4","local_time":"20210212144146","is_ascension_mode":false,"campfire_choices":[{"data":"HollowMod:BlackTendrils","floor":7,"key":"SMITH"},{"data":"HollowMod:DungDefenderAura","floor":12,"key":"SMITH"},{"floor":15,"key":"REST"},{"floor":29,"key":"REST"},{"floor":34,"key":"REST"}],"circlet_count":0,"master_deck":["HollowMod:NailStrikeStart+1","HollowMod:NailStrikeStart+1","HollowMod:NailStrikeStart+1","HollowMod:NailStrikeStart+1","HollowMod:QuickDashStart+1","HollowMod:QuickDashStart+1","HollowMod:QuickDashStart+1","HollowMod:QuickDashStart+1","HollowMod:FocusHealStart+1","HollowMod:PogoStrike+1","HollowMod:SoulStrike","HollowMod:CloakDash","HollowMod:FallenFury","HollowMod:CornifersMapStart","HollowMod:BlackTendrils+1","Pot Of Greed","Pot Of Greed","HollowMod:DungDefenderAura+1","HollowMod:CoiledNail","HollowMod:CycloneSlash","Apotheosis","HollowMod:LifebloodCore","HollowMod:DesolateDive","HollowMod:HeavyBlow+1","ats:Closed Bolt Burst Fire","infinitespire:Starlight","Pot Of Greed","infinitespire:TheBestDefense","HollowMod:DashSlash","HollowMod:PureNailStrike+1","HollowMod:SharpenedNail","HollowMod:HornetsHelp","HollowMod:PureVessel"],"relics":["HollowMod:VesselMask","REME_ComplimentaryCards","aspiration:Nostalgia","theForsaken:Gavel","Grinning Jar","Omamori","hubris:ScarierMask","Snack Pack","ats:Originium","halation:SwordOfLegend","Nloth\u0027s Gift","DemoMod:PoisonVial","Orichalcum"],"acts_visited":["Exordium","TheCity"],"potions_floor_usage":[14,16,23,31,35],"damage_taken":[{"damage":0,"enemies":"ats:Genji","floor":1,"turns":4},{"damage":6,"enemies":"Jaw Worm","floor":3,"turns":2},{"damage":7,"enemies":"Replay:BlueRogue","floor":6,"turns":6},{"damage":5,"enemies":"Small Slimes","floor":10,"turns":4},{"damage":50,"enemies":"HollowMod:MossKnight","floor":14,"turns":12},{"damage":38,"enemies":"Fading Forest","floor":16,"turns":11},{"damage":0,"enemies":"2 Thieves","floor":18,"turns":4},{"damage":13,"enemies":"3 Byrds","floor":19,"turns":4},{"damage":3,"enemies":"Gremlin Leader","floor":23,"turns":10},{"damage":53,"enemies":"Snake Plant","floor":25,"turns":6},{"damage":0,"enemies":"Sentry and Sphere","floor":30,"turns":5},{"damage":76,"enemies":"REME_1_Revenger","floor":31,"turns":7},{"damage":2,"enemies":"Centurion and Healer","floor":32,"turns":5},{"damage":86,"enemies":"hubris:MusketHawk","floor":35,"turns":7}],"seed_played":"8454702361590287378","potions_obtained":[{"floor":6,"key":"Energy Potion"},{"floor":10,"key":"FearPotion"},{"floor":16,"key":"jedi:wingpotion"},{"floor":18,"key":"Swift Potion"},{"floor":19,"key":"AttackPotion"},{"floor":30,"key":"Energy Potion"}],"is_trial":false,"path_per_floor":["M","?","M","$","?","E","R","T","T","M","?","R","$","E","R","B",null,"M","M","?","AVR","?","E","?","M","PTL","PTL","T","R","M","E","M","?","R","B"],"character_chosen":"THE_BUGKNIGHT","items_purchased":["HollowMod:FallenFury","HollowMod:CornifersMapStart","HollowMod:CoiledNail"],"campfire_rested":3,"item_purchase_floors":[4,4,13],"current_hp_per_floor":[75,75,69,69,63,64,64,64,64,68,68,68,68,31,53,38,75,75,65,65,65,65,75,75,32,32,32,32,57,65,14,28,28,56,0,0],"gold":279,"neow_bonus":"NOSTALGIA","is_daily":false,"chose_seed":false,"campfire_upgraded":2,"win_rate":0.0,"timestamp":1613169706,"path_taken":["M","?","M","?","?","E","R","?","T","M","?","R","$","E","R","BOSS","M","M","?","AVR","?","E","?","M","PTL","PTL","T","R","M","E","?","?","R","BOSS"],"items_purchased_type":["Card","Card","Card"],"build_version":"2020-12-22","purchased_purges":0,"victory":false,"max_hp_per_floor":[75,75,75,75,75,75,75,75,75,75,75,75,75,75,75,75,75,75,75,75,75,75,75,75,75,75,75,75,75,75,75,75,75,75,75,75],"card_choices":[{"not_picked":["HollowMod:ShapeofUnn","HollowMod:DescendingDark"],"picked":"HollowMod:SoulStrike","floor":1},{"not_picked":["HollowMod:SharpenedNail","HollowMod:GoodIntentions"],"picked":"HollowMod:CloakDash","floor":3},{"not_picked":["HollowMod:VengefulSpirit","HollowMod:GoodIntentions"],"picked":"HollowMod:BlackTendrils","floor":6},{"not_picked":["HollowMod:CornifersMapStart","HollowMod:NewLittleFool"],"picked":"HollowMod:DungDefenderAura","floor":10},{"not_picked":["HollowMod:CoiledNail","HollowMod:MothsMistake"],"picked":"HollowMod:CycloneSlash","floor":14},{"not_picked":["HollowMod:theNailsmith","HollowMod:NewInfectedGuardian"],"picked":"HollowMod:LifebloodCore","floor":16},{"not_picked":["HollowMod:HeavyBlow","HollowMod:DashSlash"],"picked":"HollowMod:DesolateDive","floor":18},{"not_picked":["HollowMod:InfectedAttack","HollowMod:HowlingWraiths"],"picked":"HollowMod:HeavyBlow+1","floor":19},{"not_picked":["HollowMod:TaintedHusks","HollowMod:VengefulVoid"],"picked":"HollowMod:DashSlash","floor":23},{"not_picked":["HollowMod:DoubleDash","HollowMod:NewLittleFool"],"picked":"HollowMod:PureNailStrike+1","floor":25},{"not_picked":["HollowMod:MonarchWings","HollowMod:DoubleDash+1"],"picked":"HollowMod:SharpenedNail","floor":30},{"not_picked":["HollowMod:LordofShades","HollowMod:GrimmsGift"],"picked":"HollowMod:HornetsHelp","floor":31},{"not_picked":["HollowMod:SharpenedShadows+1","HollowMod:ChannelNail"],"picked":"HollowMod:PureVessel","floor":32}],"player_experience":260312,"relics_obtained":[{"floor":6,"key":"theForsaken:Gavel"},{"floor":9,"key":"Grinning Jar"},{"floor":14,"key":"Omamori"},{"floor":23,"key":"ats:Originium"},{"floor":23,"key":"halation:SwordOfLegend"},{"floor":28,"key":"DemoMod:PoisonVial"},{"floor":31,"key":"ats:Originium"},{"floor":31,"key":"Orichalcum"}],"event_choices":[{"damage_healed":0,"gold_gain":0,"player_choice":"2","damage_taken":0,"max_hp_gain":0,"max_hp_loss":0,"event_name":"betterMatch:BetterMatch","floor":11,"gold_loss":0,"cards_obtained":[]},{"cards_removed":["HollowMod:LifebloodCore"],"damage_healed":0,"gold_gain":0,"player_choice":"Take \u0026 Give","damage_taken":0,"max_hp_gain":0,"max_hp_loss":0,"event_name":"betterNote:BetterNote","floor":20,"gold_loss":0,"cards_obtained":["ats:Closed Bolt Burst Fire"]},{"damage_healed":0,"gold_gain":0,"player_choice":"Simplicity","damage_taken":0,"max_hp_gain":0,"max_hp_loss":8,"event_name":"betterThird:BetterWriting","floor":22,"gold_loss":0},{"damage_healed":0,"gold_gain":0,"player_choice":"Traded Relic","damage_taken":0,"relics_obtained":["Nloth\u0027s Gift"],"max_hp_gain":0,"max_hp_loss":0,"event_name":"N\u0027loth","floor":24,"relics_lost":["ats:Sanity"],"gold_loss":0}],"is_beta":false,"boss_relics":[{"not_picked":["aspiration:SecretTechniqueScroll","hubris:GrandSneckoEye"],"picked":"hubris:ScarierMask"}],"items_purged_floors":[],"is_endless":false,"potions_floor_spawned":[6,10,16,18,19,30],"killed_by":"hubris:MusketHawk","ascension_level":0}}