{"host":"uzcks4yhskks9i02","time":1613166975,"event":{"mods":["BaseMod","Minty Spire (QoL Compilation)","Quick Restart"],"gold_per_floor":[111,128,143,163,163,193,193,223,277,292,327,346,346,359,359,433,433,451,462,117,132,145,145,145],"floor_reached":23,"language":"ENG","playtime":1923,"items_purged":[],"score":369,"play_id":"81caf41b-092c-4f19-b376-126f5fb3a3af","local_time":"20210212145615","is_ascension_mode":true,"campfire_choices":[{"floor":7.0,"key":"REST"},{"floor":13.0,"key":"REST"},{"floor":15.0,"key":"REST"}],"circlet_count":0,"master_deck":["AscendersBane","Strike_P","Strike_P","Strike_P","Strike_P","Defend_P","Defend_P","Defend_P","Eruption","Vigilance","ThirdEye","LikeWater","CutThroughFate","WreathOfFlame","BattleHymn","MasterReality","Sanctity","Wish","Tantrum","Wallop","CrushJoints"],"relics":["Velvet Choker","Blue Candle","Bottled Tornado","Akabeko","Happy Flower","Runic Pyramid","TeardropLocket"],"acts_visited":["Exordium","TheCity"],"potions_floor_usage":[],"damage_taken":[{"damage":3.0,"enemies":"Small Slimes","floor":1.0,"turns":4.0},{"damage":4.0,"enemies":"Cultist","floor":2.0,"turns":3.0},{"damage":0.0,"enemies":"2 Louse","floor":3.0,"turns":3.0},{"damage":0.0,"enemies":"Blue Slaver","floor":4.0,"turns":5.0},{"damage":17.0,"enemies":"3 Sentries","floor":6.0,"turns":11.0},{"damage":17.0,"enemies":"Lagavulin","floor":8.0,"turns":8.0},{"damage":9.0,"enemies":"Exordium Thugs","floor":10.0,"turns":3.0},{"damage":15.0,"enemies":"3 Sentries","floor":11.0,"turns":9.0},{"damage":0.0,"enemies":"Looter","floor":12.0,"turns":1.0},{"damage":0.0,"enemies":"3 Louse","floor":14.0,"turns":2.0},{"damage":23.0,"enemies":"Slime Boss","floor":16.0,"turns":7.0},{"damage":6.0,"enemies":"Spheric Guardian","floor":18.0,"turns":4.0},{"damage":24.0,"enemies":"Shell Parasite","floor":19.0,"turns":2.0},{"damage":2.0,"enemies":"Snecko","floor":21.0,"turns":3.0},{"damage":51.0,"enemies":"Centurion and Healer","floor":22.0,"turns":5.0},{"damage":4,"enemies":"Slavers","floor":23,"turns":1}],"seed_played":"-8567021248285554292","potions_obtained":[{"floor":1.0,"key":"SteroidPotion"},{"floor":4.0,"key":"Energy Potion"},{"floor":8.0,"key":"FairyPotion"},{"floor":12.0,"key":"Fire Potion"},{"floor":19.0,"key":"Ancient Potion"}],"is_trial":false,"path_per_floor":["M","M","M","M","?","E","R","E","T","M","E","M","R","M","R","B",null,"M","M","$","M","M","E"],"character_chosen":"WATCHER","items_purchased":["Fruit Juice","TeardropLocket"],"campfire_rested":3,"item_purchase_floors":[20,20],"current_hp_per_floor":[58,54,54,54,54,37,57,40,40,31,16,16,36,36,56,33,59,53,29,34,32,3,0,0],"gold":145,"neow_bonus":"BOSS_RELIC","is_daily":false,"chose_seed":false,"campfire_upgraded":0,"win_rate":0.0,"timestamp":1613166975,"path_taken":["M","M","M","M","?","E","R","E","T","M","E","M","R","M","R","BOSS","M","M","$","?","M","E"],"items_purchased_type":["Potion","Relic"],"build_version":"2020-12-22","purchased_purges":0,"victory":false,"max_hp_per_floor":[68,68,68,68,68,68,68,68,68,68,68,68,68,68,68,68,68,68,68,73,73,73,73,73],"card_choices":[{"not_picked":["Weave","Protect"],"picked":"ThirdEye","floor":1.0},{"not_picked":["EmptyBody","SashWhip"],"picked":"LikeWater","floor":2.0},{"not_picked":["PathToVictory","Halt"],"picked":"CutThroughFate","floor":3.0},{"not_picked":["Crescendo","ForeignInfluence"],"picked":"WreathOfFlame","floor":4.0},{"not_picked":["JustLucky","Study","PathToVictory"],"picked":"SKIP","floor":6.0},{"not_picked":["Prostrate","Crescendo"],"picked":"BattleHymn","floor":8.0},{"not_picked":["JustLucky","CutThroughFate"],"picked":"MasterReality","floor":10.0},{"not_picked":["FlyingSleeves","EmptyMind","EmptyBody"],"picked":"SKIP","floor":11.0},{"not_picked":["EmptyBody","Prostrate"],"picked":"Sanctity","floor":12.0},{"not_picked":["Protect","EmptyMind","Consecrate"],"picked":"SKIP","floor":14.0},{"not_picked":["Ragnarok","MasterReality"],"picked":"Wish","floor":16.0},{"not_picked":["Consecrate","EmptyBody"],"picked":"Tantrum","floor":18.0},{"not_picked":["ThirdEye+1","FlurryOfBlows"],"picked":"Wallop","floor":19.0},{"not_picked":["Consecrate","ForeignInfluence","PathToVictory"],"picked":"SKIP","floor":21.0},{"not_picked":["Consecrate","Protect"],"picked":"CrushJoints","floor":22.0}],"player_experience":574075,"relics_obtained":[{"floor":6.0,"key":"Blue Candle"},{"floor":8.0,"key":"Bottled Tornado"},{"floor":9.0,"key":"Akabeko"},{"floor":11.0,"key":"Happy Flower"}],"event_choices":[{"cards_removed":["Defend_P"],"damage_healed":0.0,"max_hp_gain":0.0,"max_hp_loss":0.0,"gold_gain":0.0,"event_name":"Purifier","player_choice":"Purged","floor":5.0,"gold_loss":0.0,"damage_taken":0.0}],"is_beta":false,"boss_relics":[{"not_picked":["Philosopher\u0027s Stone","Tiny House"],"picked":"Runic Pyramid"}],"items_purged_floors":[],"is_endless":false,"potions_floor_spawned":[1,4,8,12,16,19],"killed_by":"Slavers","ascension_level":14}}