{"host":"kda2p2afd6bvz6qo","time":1613168214,"event":{"mods":["BaseMod","Colored Map","Minty Spire (QoL Compilation)","Relic Stats"],"gold_per_floor":[119,131,306,381,396,396,426,426,426,426,438,459,13,26,26,126,126,146,46,62,79,92,119,129,129,154,154,154,79,79,114,114,114,114],"floor_reached":33,"language":"ENG","playtime":1548,"items_purged":["Doubt","Parasite"],"score":450,"play_id":"fabbd988-258d-4f85-8bec-72ebed795fa6","local_time":"20210212221654","is_ascension_mode":true,"campfire_choices":[{"data":"Fire Breathing","floor":6,"key":"SMITH"},{"data":"Fiend Fire","floor":8,"key":"SMITH"},{"data":"Bash","floor":10,"key":"SMITH"},{"floor":15,"key":"REST"},{"floor":25,"key":"REST"},{"data":"True Grit","floor":28,"key":"SMITH"},{"floor":30,"key":"REST"},{"data":"Clothesline","floor":32,"key":"SMITH"}],"circlet_count":0,"master_deck":["Strike_R","Strike_R","Strike_R","Strike_R","Strike_R","Defend_R","Defend_R","Defend_R","Defend_R","Bash+1","Fire Breathing+1","Sword Boomerang","Clothesline+1","Fiend Fire+1","Carnage","Reckless Charge","Flame Barrier","Armaments","Exhume","Shockwave","Battle Trance+1","Whirlwind","True Grit+1"],"relics":["Cursed Key","Ornamental Fan","HornCleat","Odd Mushroom","ClockworkSouvenir","Bag of Marbles","Black Star","Blood Vial","PreservedInsect","Anchor","MutagenicStrength","Omamori","Pear"],"acts_visited":["Exordium","TheCity"],"potions_floor_usage":[18,31,33,33,33],"damage_taken":[{"damage":7,"enemies":"2 Louse","floor":1,"turns":3},{"damage":0,"enemies":"Small Slimes","floor":2,"turns":3},{"damage":6,"enemies":"Jaw Worm","floor":5,"turns":4},{"damage":24,"enemies":"Gremlin Nob","floor":7,"turns":4},{"damage":13,"enemies":"Large Slime","floor":11,"turns":3},{"damage":5,"enemies":"The Mushroom Lair","floor":12,"turns":3},{"damage":1,"enemies":"Gremlin Gang","floor":14,"turns":3},{"damage":0,"enemies":"Slime Boss","floor":16,"turns":6},{"damage":2,"enemies":"Spheric Guardian","floor":18,"turns":4},{"damage":22,"enemies":"Shell Parasite","floor":20,"turns":4},{"damage":7,"enemies":"Cultist and Chosen","floor":21,"turns":4},{"damage":0,"enemies":"Sentry and Sphere","floor":22,"turns":3},{"damage":25,"enemies":"Gremlin Leader","floor":23,"turns":7},{"damage":1,"enemies":"Centurion and Healer","floor":24,"turns":4},{"damage":0,"enemies":"Book of Stabbing","floor":31,"turns":3},{"damage":81,"enemies":"Champ","floor":33,"turns":13}],"seed_played":"-6732314850346868017","potions_obtained":[{"floor":5,"key":"Explosive Potion"},{"floor":11,"key":"LiquidBronze"},{"floor":12,"key":"SkillPotion"},{"floor":16,"key":"EntropicBrew"},{"floor":18,"key":"PowerPotion"},{"floor":31,"key":"BlessingOfTheForge"}],"is_trial":false,"path_per_floor":["M","M","?","?","M","R","E","R","T","R","M","?","$","M","R","B",null,"M","$","M","M","M","E","M","R","T","?","R","?","R","E","R","B"],"character_chosen":"IRONCLAD","items_purchased":["ClockworkSouvenir","Bag of Marbles","Flame Barrier"],"campfire_rested":3,"item_purchase_floors":[13,13,13],"current_hp_per_floor":[73,73,73,62,56,56,32,32,32,32,19,14,14,13,37,37,69,67,67,45,38,38,13,14,37,37,37,37,37,60,72,72,0,0],"gold":114,"neow_bonus":"BOSS_RELIC","is_daily":false,"chose_seed":false,"campfire_upgraded":5,"win_rate":0.0,"timestamp":1613168214,"path_taken":["M","M","?","?","M","R","E","R","T","R","M","?","$","M","R","BOSS","M","$","M","M","M","E","M","R","T","?","R","?","R","E","R","BOSS"],"items_purchased_type":["Relic","Relic","Card"],"build_version":"2020-12-22","purchased_purges":2,"victory":false,"max_hp_per_floor":[80,80,80,80,80,80,80,80,80,80,80,80,80,80,80,80,80,80,77,77,77,77,77,77,77,77,77,77,77,77,87,87,87,87],"relic_stats":{"Blood Vial":6,"counters":[16,71],"Ornamental Fan":[44],"PreservedInsect":40,"Black Star":2,"Cursed Key":2,"obtain_stats":[{"Pear":31,"PreservedInsect":23,"Omamori":31,"Odd Mushroom":12,"Cursed Key":0,"Burning Blood":0,"ClockworkSouvenir":13,"Blood Vial":23,"Anchor":26,"HornCleat":9,"Ornamental Fan":7,"MutagenicStrength":27,"Bag of Marbles":13,"Black Star":17},{"Pear":15,"PreservedInsect":13,"Omamori":15,"Odd Mushroom":6,"Cursed Key":0,"Burning Blood":0,"ClockworkSouvenir":6,"Blood Vial":13,"Anchor":14,"HornCleat":4,"Ornamental Fan":4,"MutagenicStrength":14,"Bag of Marbles":6,"Black Star":8},{"Pear":58,"PreservedInsect":51,"Omamori":58,"Odd Mushroom":20,"Cursed Key":0,"Burning Blood":0,"ClockworkSouvenir":20,"Blood Vial":51,"Anchor":55,"HornCleat":14,"Ornamental Fan":14,"MutagenicStrength":55,"Bag of Marbles":20,"Black Star":29}]},"card_choices":[{"not_picked":["Twin Strike","Clothesline"],"picked":"Fire Breathing","floor":1},{"not_picked":["Headbutt","Thunderclap"],"picked":"Sword Boomerang","floor":2},{"not_picked":["Dual Wield","Perfected Strike"],"picked":"Clothesline","floor":5},{"not_picked":["Clothesline","Dropkick"],"picked":"Fiend Fire","floor":7},{"not_picked":["Headbutt","Burning Pact"],"picked":"Carnage","floor":11},{"not_picked":["Dark Embrace","Dual Wield"],"picked":"Reckless Charge","floor":12},{"not_picked":["Body Slam","Thunderclap"],"picked":"Armaments","floor":14},{"not_picked":["Corruption","Fiend Fire"],"picked":"Exhume","floor":16},{"not_picked":["Clothesline","Heavy Blade"],"picked":"Shockwave","floor":18},{"not_picked":["Fire Breathing","Carnage"],"picked":"Battle Trance+1","floor":20},{"not_picked":["Cleave","Dropkick+1"],"picked":"Whirlwind","floor":21},{"not_picked":["Perfected Strike","Flex","Headbutt"],"picked":"SKIP","floor":22},{"not_picked":["Clothesline","Dual Wield","Reckless Charge"],"picked":"SKIP","floor":23},{"not_picked":["Intimidate","Second Wind"],"picked":"True Grit","floor":24},{"not_picked":["Body Slam","Second Wind","Heavy Blade"],"picked":"SKIP","floor":31}],"player_experience":247070,"relics_obtained":[{"floor":7,"key":"Ornamental Fan"},{"floor":9,"key":"HornCleat"},{"floor":12,"key":"Odd Mushroom"},{"floor":23,"key":"Blood Vial"},{"floor":23,"key":"PreservedInsect"},{"floor":26,"key":"Anchor"},{"floor":31,"key":"Omamori"},{"floor":31,"key":"Pear"}],"event_choices":[{"damage_healed":0,"gold_gain":175,"player_choice":"AGREE","damage_taken":0,"max_hp_gain":0,"max_hp_loss":0,"event_name":"Liars Game","floor":3,"gold_loss":0,"cards_obtained":["Doubt"]},{"damage_healed":0,"gold_gain":75,"player_choice":"Gather Gold","damage_taken":11,"max_hp_gain":0,"max_hp_loss":0,"event_name":"World of Goop","floor":4,"gold_loss":0},{"damage_healed":0,"gold_gain":0,"player_choice":"Fought Mushrooms","damage_taken":0,"max_hp_gain":0,"max_hp_loss":0,"event_name":"Mushrooms","floor":12,"gold_loss":0},{"damage_healed":0,"gold_gain":0,"player_choice":"Inject Mutagens","damage_taken":0,"relics_obtained":["MutagenicStrength"],"max_hp_gain":0,"max_hp_loss":0,"event_name":"Drug Dealer","floor":27,"gold_loss":0},{"cards_removed":["Shame"],"damage_healed":0,"gold_gain":0,"player_choice":"Gave Gold","damage_taken":0,"max_hp_gain":0,"max_hp_loss":0,"event_name":"Beggar","floor":29,"gold_loss":75}],"is_beta":false,"boss_relics":[{"not_picked":["Philosopher\u0027s Stone","Sozu"],"picked":"Black Star"}],"items_purged_floors":[13,19],"is_endless":false,"potions_floor_spawned":[5,11,12,16,18,20,23,31],"killed_by":"Champ","ascension_level":5}}