{"host":"u8f6oqzdc7r6igag","time":1613157887,"event":{"mods":["BaseMod","Minty Spire (QoL Compilation)","Relic Stats"],"gold_per_floor":[118,137,137,155,17,17,44,44,70,95,107,124,140,160,160,261,261,281,481,495,512,162,162,190,190,190,190,115,129,155,155,155,256,256,274,285,339,339,351,351,368,400,400,400,473,486,512,3,3,3],"floor_reached":51,"language":"ENG","playtime":2902,"items_purged":["Strike_G","Setup"],"score":1131,"play_id":"657b1be9-4586-4dbe-b776-f4e1df35aa0f","local_time":"20210212132447","is_ascension_mode":true,"campfire_choices":[{"data":"Neutralize","floor":6,"key":"SMITH"},{"data":"Glass Knife","floor":8,"key":"SMITH"},{"floor":15,"key":"REST"},{"data":"Noxious Fumes","floor":23,"key":"SMITH"},{"data":"Wraith Form v2","floor":25,"key":"SMITH"},{"data":"Catalyst","floor":27,"key":"SMITH"},{"floor":32,"key":"REST"},{"data":"Adrenaline","floor":40,"key":"SMITH"},{"data":"Adrenaline","floor":44,"key":"SMITH"},{"data":"Noxious Fumes","floor":49,"key":"SMITH"}],"circlet_count":0,"master_deck":["Survivor","Neutralize+1","All Out Attack","Dagger Throw","Leg Sweep","After Image","Glass Knife+1","Noxious Fumes+1","Acrobatics","Noxious Fumes+1","Leg Sweep","Wraith Form v2+1","Backflip+1","Catalyst+1","Noxious Fumes","Adrenaline+1","Caltrops","Riddle With Holes","Quick Slash","Adrenaline+1","Corpse Explosion","Terror+1","Deflect+1","Backstab","Crippling Poison","Noxious Fumes"],"relics":["Ring of the Snake","NeowsBlessing","Centennial Puzzle","Boot","Mummified Hand","Runic Pyramid","Bottled Tornado","Paper Crane","Kunai","Bag of Marbles","Pandora\u0027s Box","Ice Cream","White Beast Statue","Snake Skull","Molten Egg 2","Singing Bowl","TwistedFunnel","Bag of Preparation"],"acts_visited":["Exordium","TheCity","TheBeyond"],"potions_floor_usage":[10,16,18,18,29,36,46,47,50],"damage_taken":[{"damage":0,"enemies":"Cultist","floor":1,"turns":1},{"damage":0,"enemies":"Jaw Worm","floor":2,"turns":1},{"damage":0,"enemies":"2 Louse","floor":4,"turns":1},{"damage":29,"enemies":"Lagavulin","floor":7,"turns":10},{"damage":23,"enemies":"Gremlin Nob","floor":10,"turns":4},{"damage":0,"enemies":"2 Fungi Beasts","floor":11,"turns":2},{"damage":0,"enemies":"Large Slime","floor":12,"turns":7},{"damage":0,"enemies":"Blue Slaver","floor":13,"turns":2},{"damage":4,"enemies":"Exordium Thugs","floor":14,"turns":5},{"damage":8,"enemies":"Hexaghost","floor":16,"turns":11},{"damage":0,"enemies":"2 Thieves","floor":18,"turns":4},{"damage":0,"enemies":"Shell Parasite","floor":20,"turns":8},{"damage":10,"enemies":"Sentry and Sphere","floor":21,"turns":6},{"damage":19,"enemies":"Slavers","floor":24,"turns":4},{"damage":0,"enemies":"Centurion and Healer","floor":29,"turns":5},{"damage":3,"enemies":"Gremlin Leader","floor":30,"turns":6},{"damage":10,"enemies":"Collector","floor":33,"turns":8},{"damage":7,"enemies":"Orb Walker","floor":35,"turns":4},{"damage":2,"enemies":"3 Darklings","floor":36,"turns":3},{"damage":0,"enemies":"2 Orb Walkers","floor":37,"turns":3},{"damage":0,"enemies":"Sphere and 2 Shapes","floor":39,"turns":4},{"damage":0,"enemies":"4 Shapes","floor":41,"turns":3},{"damage":0,"enemies":"Nemesis","floor":42,"turns":5},{"damage":0,"enemies":"Jaw Worm Horde","floor":46,"turns":3},{"damage":0,"enemies":"Reptomancer","floor":47,"turns":5},{"damage":21,"enemies":"Time Eater","floor":50,"turns":6}],"seed_played":"7781865887851882303","potions_obtained":[{"floor":1,"key":"SkillPotion"},{"floor":2,"key":"AttackPotion"},{"floor":13,"key":"LiquidMemories"},{"floor":14,"key":"FearPotion"},{"floor":20,"key":"Fire Potion"},{"floor":21,"key":"CultistPotion"},{"floor":24,"key":"Swift Potion"},{"floor":33,"key":"Fruit Juice"},{"floor":36,"key":"Swift Potion"},{"floor":37,"key":"FairyPotion"},{"floor":46,"key":"Dexterity Potion"},{"floor":47,"key":"CunningPotion"}],"is_trial":false,"path_per_floor":["M","M","?","M","$","R","E","R","T","E","M","M","M","M","R","B",null,"M","?","M","M","$","R","E","R","T","R","?","M","E","?","R","B",null,"M","M","?","?","M","R","M","E","T","R","T","M","E","$","R","B",null],"character_chosen":"THE_SILENT","items_purchased":["After Image","Bottled Tornado","Noxious Fumes","TwistedFunnel","Bag of Preparation","Crippling Poison","Noxious Fumes"],"campfire_rested":2,"item_purchase_floors":[5,22,22,48,48,48,48],"current_hp_per_floor":[63,63,63,63,63,63,34,34,34,11,11,11,11,7,28,20,58,58,58,58,48,48,48,29,29,29,29,29,29,26,26,47,37,62,55,58,58,58,58,58,58,58,58,58,58,58,60,60,60,39],"gold":3,"neow_bonus":"THREE_ENEMY_KILL","is_daily":false,"chose_seed":false,"campfire_upgraded":8,"win_rate":0.0,"timestamp":1613157887,"path_taken":["M","M","?","?","$","R","E","R","T","E","M","M","M","M","R","BOSS","M","?","?","M","?","R","E","R","T","R","?","M","E","?","R","BOSS","M","M","?","?","M","R","M","E","T","R","?","M","E","$","R","BOSS"],"items_purchased_type":["Card","Relic","Card","Relic","Relic","Card","Card"],"build_version":"2020-12-22","purchased_purges":2,"victory":true,"max_hp_per_floor":[70,70,70,70,70,70,70,70,70,70,70,70,70,70,70,70,70,70,70,70,70,70,70,70,70,70,70,70,70,70,70,70,70,70,70,75,75,75,75,75,75,75,75,75,75,75,77,77,77,77],"relic_stats":{"Centennial Puzzle":[28],"Singing Bowl":2,"counters":[26,121],"Mummified Hand":[112],"Pandora\u0027s Box":["Caltrops","Riddle With Holes","Quick Slash","Adrenaline","A Thousand Cuts","Setup","Corpse Explosion"],"Snake Skull":[25],"Bag of Preparation":[2],"Kunai":[9],"Boot":[66],"obtain_stats":[{"Ice Cream":37,"TwistedFunnel":48,"NeowsBlessing":0,"Singing Bowl":47,"Snake Skull":43,"Bag of Preparation":48,"Bottled Tornado":22,"Paper Crane":24,"Boot":9,"White Beast Statue":42,"Centennial Puzzle":7,"Mummified Hand":10,"Pandora\u0027s Box":34,"Molten Egg 2":45,"Bag of Marbles":30,"Kunai":26,"Ring of the Snake":0,"Runic Pyramid":17},{"Ice Cream":20,"TwistedFunnel":25,"NeowsBlessing":0,"Singing Bowl":25,"Snake Skull":23,"Bag of Preparation":25,"Bottled Tornado":13,"Paper Crane":14,"Boot":4,"White Beast Statue":23,"Centennial Puzzle":4,"Mummified Hand":5,"Pandora\u0027s Box":17,"Molten Egg 2":23,"Bag of Marbles":16,"Kunai":14,"Ring of the Snake":0,"Runic Pyramid":10},{"Ice Cream":95,"TwistedFunnel":115,"NeowsBlessing":0,"Singing Bowl":115,"Snake Skull":107,"Bag of Preparation":115,"Bottled Tornado":62,"Paper Crane":66,"Boot":13,"White Beast Statue":107,"Centennial Puzzle":13,"Mummified Hand":17,"Pandora\u0027s Box":85,"Molten Egg 2":107,"Bag of Marbles":77,"Kunai":66,"Ring of the Snake":0,"Runic Pyramid":44}],"Ring of the Snake":[52]},"card_choices":[{"not_picked":["Outmaneuver","Flechettes"],"picked":"All Out Attack","floor":1},{"not_picked":["Blade Dance","Acrobatics"],"picked":"Dagger Throw","floor":2},{"not_picked":["Quick Slash","Bane"],"picked":"Leg Sweep","floor":4},{"not_picked":["Backflip","Quick Slash"],"picked":"Glass Knife","floor":7},{"not_picked":["Dagger Throw","Flying Knee"],"picked":"Noxious Fumes","floor":10},{"not_picked":["Blade Dance","Prepared"],"picked":"Acrobatics","floor":11},{"not_picked":["Backstab","Sucker Punch"],"picked":"Noxious Fumes","floor":12},{"not_picked":["All Out Attack","Blade Dance","Prepared"],"picked":"SKIP","floor":13},{"not_picked":["Flying Knee","All Out Attack"],"picked":"Leg Sweep","floor":14},{"not_picked":["Envenom","Adrenaline"],"picked":"Wraith Form v2","floor":16},{"not_picked":["Finisher","Dagger Spray"],"picked":"Backflip+1","floor":18},{"not_picked":["Slice","Setup","Choke"],"picked":"SKIP","floor":20},{"not_picked":["Outmaneuver","Deflect+1"],"picked":"Catalyst","floor":21},{"not_picked":["Cloak And Dagger","Backflip+1","Prepared"],"picked":"SKIP","floor":24},{"not_picked":["Skewer","Endless Agony","Cloak And Dagger"],"picked":"SKIP","floor":29},{"not_picked":["Masterful Stab","Choke+1","Corpse Explosion"],"picked":"SKIP","floor":30},{"not_picked":["Die Die Die","Unload"],"picked":"Adrenaline","floor":33},{"not_picked":["Dash+1","Reflex+1","Bouncing Flask"],"picked":"SKIP","floor":35},{"not_picked":["Bouncing Flask+1","Cloak And Dagger","Slice+1"],"picked":"SKIP","floor":36},{"not_picked":["Underhanded Strike","Infinite Blades+1"],"picked":"Terror+1","floor":37},{"not_picked":["Backflip","Dodge and Roll"],"picked":"Deflect+1","floor":39},{"not_picked":["Terror","Bouncing Flask","Quick Slash+1"],"picked":"SKIP","floor":41},{"not_picked":["Deadly Poison+1","Bane+1"],"picked":"Backstab","floor":42},{"not_picked":["Escape Plan","Deflect+1","Dagger Spray+1"],"picked":"SKIP","floor":46},{"not_picked":["Terror+1","Phantasmal Killer","All Out Attack+1"],"picked":"Singing Bowl","floor":47}],"player_experience":170220,"relics_obtained":[{"floor":7,"key":"Centennial Puzzle"},{"floor":9,"key":"Boot"},{"floor":10,"key":"Mummified Hand"},{"floor":24,"key":"Paper Crane"},{"floor":26,"key":"Kunai"},{"floor":30,"key":"Bag of Marbles"},{"floor":37,"key":"Ice Cream"},{"floor":42,"key":"White Beast Statue"},{"floor":43,"key":"Snake Skull"},{"floor":45,"key":"Molten Egg 2"},{"floor":47,"key":"Singing Bowl"}],"event_choices":[{"cards_removed":["Strike_G"],"damage_healed":0,"gold_gain":0,"player_choice":"Purged","damage_taken":0,"max_hp_gain":0,"max_hp_loss":0,"event_name":"Purifier","floor":3,"gold_loss":0},{"damage_healed":0,"gold_gain":200,"player_choice":"Gold","damage_taken":0,"max_hp_gain":0,"max_hp_loss":0,"event_name":"Wheel of Change","floor":19,"gold_loss":0},{"cards_removed":["Defend_G"],"damage_healed":0,"gold_gain":0,"player_choice":"Gave Gold","damage_taken":0,"max_hp_gain":0,"max_hp_loss":0,"event_name":"Beggar","floor":28,"gold_loss":75},{"damage_healed":0,"gold_gain":0,"player_choice":"Ignored","damage_taken":0,"max_hp_gain":0,"max_hp_loss":0,"event_name":"The Mausoleum","floor":31,"gold_loss":0},{"damage_healed":0,"gold_gain":0,"player_choice":"Fight","damage_taken":0,"max_hp_gain":0,"max_hp_loss":0,"event_name":"Mysterious Sphere","floor":37,"gold_loss":0},{"cards_removed":["A Thousand Cuts"],"damage_healed":0,"gold_gain":0,"player_choice":"Removed Power","damage_taken":0,"max_hp_gain":0,"max_hp_loss":0,"event_name":"Falling","floor":38,"gold_loss":0}],"is_beta":false,"boss_relics":[{"not_picked":["Tiny House","Fusion Hammer"],"picked":"Runic Pyramid"},{"not_picked":["WristBlade","Ring of the Serpent"],"picked":"Pandora\u0027s Box"}],"items_purged_floors":[22,48],"is_endless":false,"potions_floor_spawned":[1,2,13,14,20,21,24,33,36,37,46,47],"ascension_level":7}}