{"host":"nlh1m2716594vj2h","time":1613107813,"event":{"mods":["AchievementEnabler","Aspiration","BaseMod","Beaked The Cultist","BetterRewards","Conspire","Downfall","Duelist Mod","Googly Eyes","Gremlin Mod","Hermit","Highlight Path","Hubris","Infinite Spire","Jorbs\u0027s Wanderer Trilogy","Marisa????????","Minty Spire (QoL Compilation)","Replay The Spire","Robot Space Explorer","Shop Mod","StSLib","The Blackbeard","The Bug Knight","The Cursed","The Hierophant","The Necromancer","The Poker Player","The Senshi","The Servant 0.9.4"],"gold_per_floor":[136,146,146,96,116,116,145,145,145,0,0,13,39,84,84,219,219,234,250,250,284,284,313,313,29,29,48,77,126,153,184,184,300,300,335,356,356,378,409,409,431,431,431,138,138,160,191,217,217,225,225,225,28,71,90,90],"floor_reached":55,"language":"ENG","playtime":4797,"items_purged":["downfall:Icky","ReplayTheSpireMod:Splinters","theDuelist:CastleWalls","theDuelist:PsiCurse"],"score":1047,"play_id":"feccf03f-3262-407d-910f-0d234904a18f","local_time":"20210212003013","is_ascension_mode":false,"campfire_choices":[{"data":"conspire:SpireCoStock","floor":6,"key":"SMITH"},{"floor":15,"key":"RECALL"},{"floor":24,"key":"REST"},{"floor":32,"key":"REST"},{"floor":40,"key":"REST"},{"floor":42,"key":"REST"},{"floor":49,"key":"REST"},{"data":"infinitespire:Execution","floor":52,"key":"SMITH"}],"circlet_count":0,"master_deck":["theDuelist:Earthquake+1","Slimebound:CheckThePlaybook","theDuelist:BurstBreath","conspire:SpireCoStock+1","theDuelist:CastleWalls","theDuelist:GravityLash","theDuelist:GravekeeperCurse","theDuelist:Hinotama","theDuelist:BerserkScales","infinitespire:Execution+1","theDuelist:SurvivalFittest","theDuelist:ForbiddenLance+1","theDuelist:Sparks+1","theDuelist:HarpieFeather","theDuelist:MythicWaterDragon+1","theDuelist:TwinHeadedFire+1","theDuelist:BackgroundDragon+1","theDuelist:BackgroundDragon+1","theDuelist:CyberEndDragon+1","theDuelist:WhiteNightDragon+1","theDuelist:BlueEyesUltimate+1","theDuelist:CoralDragon+1","theDuelist:AmuletDragon+1","theDuelist:DarkstormDragon","theDuelist:SliferSky","theDuelist:WaterDragon","theDuelist:FiendSkull","theDuelist:BabyDragon","theDuelist:YellowBelliedOni","theDuelist:TotemDragon","theDuelist:WhiteHornDragon","theDuelist:AncientGearGadjiltron","theDuelist:WingedDragonRa","theDuelist:AmuletDragon","theDuelist:CyberDragonSieger","theDuelist:RedHeadedOni","theDuelist:TailSwipe","theDuelist:MegafleetDragon","theDuelist:CyberDragonDrei+1"],"relics":["theDuelist:MillenniumPuzzle","theDuelist:CardPoolRelic","theDuelist:CardPoolBasicRelic","theDuelist:BoosterPackPoolRelic","theDuelist:CardPoolAddRelic","theDuelist:CardPoolMinusRelic","theDuelist:CardPoolSaveRelic","theDuelist:CardPoolOptionsRelic","theSenshi:SailorFukuRelic","Ring of Hypnosis","Ring of Searing","PreservedInsect","theDuelist:MillenniumArmor","Darkstone Periapt","Darkstone Periapt","infinitespire:Burning Sword","hubris:FruitBowl","beaked:ShinyBauble","Darkstone Periapt","Replay:Bandana","hubris:Backtick","Calipers","conspire:BottledYoYo","HollowMod:QueensCombRelic","Whetstone","theDuelist:MillenniumNecklace","theDuelist:Monsterbox","Mango"],"acts_visited":["Exordium","TheCity","TheBeyond","TheEnding"],"potions_floor_usage":[7,16,23,27,48,50,50,50,53,54,54,55,55],"damage_taken":[{"damage":0,"enemies":"Cultist","floor":1,"turns":2},{"damage":0,"enemies":"2 Louse","floor":2,"turns":2},{"damage":6,"enemies":"Small Slimes","floor":5,"turns":2},{"damage":14,"enemies":"3 Sentries","floor":7,"turns":4},{"damage":0,"enemies":"3 Louse","floor":12,"turns":3},{"damage":0,"enemies":"Blue Slaver","floor":13,"turns":3},{"damage":0,"enemies":"Looter","floor":14,"turns":3},{"damage":0,"enemies":"Slime Boss","floor":16,"turns":11},{"damage":25,"enemies":"2 Thieves","floor":18,"turns":3},{"damage":0,"enemies":"Chosen","floor":19,"turns":5},{"damage":30,"enemies":"Slavers","floor":23,"turns":4},{"damage":12,"enemies":"Shelled Parasite and Fungi","floor":27,"turns":3},{"damage":1,"enemies":"Snecko","floor":28,"turns":2},{"damage":6,"enemies":"Sentry and Sphere","floor":29,"turns":4},{"damage":10,"enemies":"Snake Plant","floor":30,"turns":2},{"damage":3,"enemies":"Centurion and Healer","floor":31,"turns":4},{"damage":28,"enemies":"Collector","floor":33,"turns":4},{"damage":37,"enemies":"3 Darklings","floor":35,"turns":5},{"damage":12,"enemies":"3 Shapes","floor":36,"turns":4},{"damage":15,"enemies":"Spire Growth","floor":38,"turns":3},{"damage":2,"enemies":"Transient","floor":39,"turns":5},{"damage":29,"enemies":"Maw","floor":41,"turns":5},{"damage":37,"enemies":"4 Shapes","floor":46,"turns":5},{"damage":0,"enemies":"Transient","floor":47,"turns":5},{"damage":11,"enemies":"Sphere and 2 Shapes","floor":48,"turns":3},{"damage":71,"enemies":"hubris:GrandSnecko","floor":50,"turns":6},{"damage":47,"enemies":"Shield and Spear","floor":54,"turns":5},{"damage":81,"enemies":"The Heart","floor":55,"turns":6}],"seed_played":"8633910327343129804","potions_obtained":[{"floor":1,"key":"theDuelist:DragonfirePotion"},{"floor":2,"key":"theDuelist:WaterBottle"},{"floor":13,"key":"SteroidPotion"},{"floor":16,"key":"CultistPotion"},{"floor":18,"key":"theDuelist:DestructPotionPotB"},{"floor":23,"key":"theDuelist:MegaupgradePotion"},{"floor":28,"key":"sneckomod:MuddlingPotion"},{"floor":39,"key":"Guardian:BlockOnCardUsePotion"},{"floor":41,"key":"SkillPotion"},{"floor":46,"key":"theDuelist:TokenPotion"},{"floor":48,"key":"Reflective Coating"},{"floor":48,"key":"Strength Potion"},{"floor":54,"key":"theDuelist:OrbBottle"},{"floor":54,"key":"AttackPotion"}],"is_trial":false,"path_per_floor":["M","M","?","?","M","R","E","?","T","?","$","M","M","M","R","B",null,"M","M","?","?","$","E","R","?","T","M","M","M","M","M","R","B",null,"M","M","AVR","M","M","R","M","R","T","$","?","M","M","M","R","B",null,"R","$","E","B"],"character_chosen":"THE_DUELIST","items_purchased":["theSenshi:SailorFukuRelic","hubris:FruitBowl","Whetstone","theDuelist:GravityLash","theDuelist:Monsterbox","EntropicBrew"],"campfire_rested":5,"item_purchase_floors":[0,22,44,44,53,53],"current_hp_per_floor":[80,80,80,80,74,74,60,60,60,60,60,60,60,60,60,60,80,55,55,67,67,43,13,40,40,40,28,27,21,11,8,35,7,92,55,43,43,28,26,53,24,51,51,51,78,45,65,58,84,16,87,87,87,61,0,0],"gold":90,"neow_bonus":"","is_daily":false,"chose_seed":false,"campfire_upgraded":2,"win_rate":0.0,"timestamp":1613107813,"path_taken":["M","?","?","?","M","R","E","?","T","?","$","?","M","M","R","BOSS","M","M","?","?","?","E","R","?","T","M","M","M","M","M","R","BOSS","M","M","AVR","?","M","R","?","R","T","$","?","M","?","M","R","BOSS","R","$","E","BOSS"],"items_purchased_type":["Relic","Relic","Relic","Card","Relic","Potion"],"build_version":"2020-12-22","purchased_purges":4,"victory":false,"max_hp_per_floor":[80,80,80,80,80,80,80,80,80,80,80,80,80,80,80,80,80,80,80,92,92,92,92,92,92,92,92,92,92,92,92,92,92,92,92,92,92,92,92,92,92,92,60,60,87,87,87,87,87,87,87,87,87,108,108,108],"card_choices":[{"not_picked":["theDuelist:CyberDragon","theDuelist:ThunderDragon","theDuelist:GiantRex","theDuelist:CyberDragonInfinity"],"picked":"theDuelist:BurstBreath","floor":1},{"not_picked":["theDuelist:BlackBrutdrago","theDuelist:HazyFlameHydra","theDuelist:FrostflameDragon","theDuelist:ArmedDragon5"],"picked":"theDuelist:CurseDragon","floor":2},{"not_picked":["theDuelist:BigFire","theDuelist:PreventRat","theDuelist:Terraforming","theDuelist:StrayLambs"],"picked":"theDuelist:GreyGreedOni","floor":5},{"not_picked":["theDuelist:ScrapIronScarecrow","theDuelist:RedRisingDragon","theDuelist:BusterBlader","theDuelist:CyberDragon"],"picked":"theDuelist:MaskedDragon","floor":7},{"not_picked":["theDuelist:BigFire","theDuelist:DianKeto","theDuelist:Jinzo","theDuelist:BlueBloodedOni"],"picked":"theDuelist:HarpieFeather","floor":12},{"not_picked":["theDuelist:Scapegoat","theDuelist:Lancephorhynchus","theDuelist:ChimeratechOverdragon","theDuelist:ArmedProtectorDragon"],"picked":"theDuelist:SurvivalFittest","floor":13},{"not_picked":["theDuelist:TrihornedDragon","theDuelist:EvilMind","theDuelist:BlackBrutdrago","theDuelist:BlackVeloci"],"picked":"theDuelist:DarkHorus","floor":14},{"not_picked":["theDuelist:SurvivalFittest","theDuelist:SeismicShockwave","theDuelist:QueenDragunDjinn","theDuelist:DoomkaiserDragon"],"picked":"theDuelist:Lancephorhynchus","floor":16},{"not_picked":["theDuelist:WaterDragonCluster+1","theDuelist:RedEyes","theDuelist:MaskedDragon","theDuelist:AtomicScrapDragon"],"picked":"theDuelist:ArmedDragon5","floor":18},{"not_picked":["theDuelist:TwinBarrelDragon+1","theDuelist:Beatraptor+1","theDuelist:MegafleetDragon","theDuelist:BlueEyesUltimate"],"picked":"theDuelist:CoralDragon+1","floor":19},{"not_picked":["theDuelist:Kabazauls","theDuelist:BlackStego+1","theDuelist:BlackPtera","theDuelist:RedEyes"],"picked":"theDuelist:Hydrogeddon+1","floor":23},{"not_picked":["theDuelist:YamataDragon","theDuelist:MirageDragon+1","theDuelist:BusterBlader","theDuelist:BarrelDragon"],"picked":"theDuelist:MetalDragon","floor":27},{"not_picked":["theDuelist:TotemDragon","theDuelist:Mountain","theDuelist:CyberDragonSieger+1"],"picked":"theDuelist:BoosterDragon+1","floor":28},{"not_picked":["theDuelist:BattleguardKing","theDuelist:BigFire","theDuelist:RainbowOverdragon","theDuelist:Raigeki"],"picked":"theDuelist:Hinotama","floor":29},{"not_picked":["theDuelist:BattleguardKing","theDuelist:Hinotama","theDuelist:LightningDarts","theDuelist:BigFire+1"],"picked":"theDuelist:ForbiddenLance+1","floor":30},{"not_picked":["theDuelist:Pyrorex","theDuelist:MegafleetDragon","theDuelist:Earthquake","theDuelist:HazyFlameHydra"],"picked":"theDuelist:DragonPiper","floor":31},{"not_picked":["theDuelist:TailSwipe","theDuelist:LostWorld","theDuelist:DoomkaiserDragon","theDuelist:CyberDragonInfinity"],"picked":"theDuelist:GaiaDragonChamp","floor":33},{"not_picked":["theDuelist:SurvivalFittest","theDuelist:Lancephorhynchus+1","theDuelist:DragonMastery","theDuelist:ArmageddonDragonEmp"],"picked":"theDuelist:BerserkScales","floor":35},{"not_picked":["theDuelist:BusterBlader+1","theDuelist:BlackPtera","theDuelist:BlackBrutdrago","theDuelist:Kabazauls"],"picked":"theDuelist:ViceDragon+1","floor":36},{"not_picked":["theDuelist:CloudianGhost+1","theDuelist:InfernityDoomDragon","theDuelist:MetalDragon+1","theDuelist:GenesisDragon"],"picked":"theDuelist:CyberValley+1","floor":38},{"not_picked":["theDuelist:BlackTyranno+1","theDuelist:Babycerasaurus","theDuelist:AutorokketDragon+1","theDuelist:BusterBladerDDS"],"picked":"theDuelist:BarrelDragon+1","floor":39},{"not_picked":["theDuelist:BusterBlader","theDuelist:CaveDragon","theDuelist:BusterDrake+1","theDuelist:MaskedDragon+1"],"picked":"theDuelist:Earthquake+1","floor":41},{"not_picked":["theDuelist:BlackBrutdrago+1","theDuelist:CyberDragonVier","theDuelist:MoltenDestruction+1","theDuelist:CoralDragon"],"picked":"theDuelist:CaveDragon","floor":46},{"not_picked":["theDuelist:GalaxyTyranno","theDuelist:Frostosaurus+1","theDuelist:Destroyersaurus","theDuelist:Carboneddon+1"],"picked":"theDuelist:Anthrosaurus+1","floor":47},{"not_picked":["theDuelist:DoomkaiserDragon+1","theDuelist:CyberDragonInfinity+1"],"picked":"theDuelist:FiveHeaded+1","floor":48},{"not_picked":["theDuelist:DarkHorus+1","theDuelist:BlackPtera+1","theDuelist:LavaDragon+1","theDuelist:TotemDragon+1"],"picked":"theDuelist:CyberDragonDrei+1","floor":54}],"player_experience":407069,"relics_obtained":[{"floor":3,"key":"Ring of Hypnosis"},{"floor":3,"key":"Ring of Searing"},{"floor":7,"key":"PreservedInsect"},{"floor":9,"key":"Darkstone Periapt"},{"floor":23,"key":"beaked:ShinyBauble"},{"floor":43,"key":"HollowMod:QueensCombRelic"},{"floor":54,"key":"Mango"}],"event_choices":[{"damage_healed":0,"gold_gain":0,"player_choice":"Invest 1","damage_taken":0,"max_hp_gain":0,"max_hp_loss":0,"event_name":"conspire:Investor","floor":4,"gold_loss":0},{"damage_healed":0,"gold_gain":0,"player_choice":"Took item - Received: Millennium Armor","duelist":true,"damage_taken":0,"max_hp_gain":0,"max_hp_loss":0,"event_name":"Millennium Items","floor":8,"gold_loss":0},{"damage_healed":0,"gold_gain":0,"player_choice":"Duplicated Relic - Darkstone Periapt","duelist":true,"damage_taken":0,"max_hp_gain":0,"max_hp_loss":0,"event_name":"Relic Duplicator","floor":10,"gold_loss":0},{"damage_healed":0,"gold_gain":0,"player_choice":"Sold Sparks for 34 Gold.","duelist":true,"damage_taken":0,"max_hp_gain":0,"max_hp_loss":0,"event_name":"Card Trader","floor":21,"gold_loss":0},{"damage_healed":0,"gold_gain":0,"player_choice":"Duplicated Relic - Darkstone Periapt","duelist":true,"damage_taken":0,"max_hp_gain":0,"max_hp_loss":0,"event_name":"Relic Duplicator","floor":25,"gold_loss":0},{"damage_healed":0,"gold_gain":0,"player_choice":"Took item - Received: Millennium Necklace","duelist":true,"damage_taken":0,"max_hp_gain":0,"max_hp_loss":0,"event_name":"Millennium Items","floor":45,"gold_loss":0}],"is_beta":false,"boss_relics":[{"not_picked":["ReplayTheSpireMod:DimensionalGlitch","Runic Dome"],"picked":"infinitespire:Burning Sword"},{"not_picked":["Replay:Drink Me","Astrolabe"],"picked":"hubris:Backtick"}],"items_purged_floors":[22,37,44,53],"is_endless":false,"potions_floor_spawned":[1,2,13,16,18,23,28,35,39,41,48,54],"killed_by":"The Heart","ascension_level":0}}