{"host":"1lwxixhv2lzh5ag1","time":1613158141,"event":{"mods":["AchievementEnabler","BaseMod","Downfall","Minty Spire (QoL Compilation)","Permanent Neow","Reliquary","Replay The Spire","StSLib"],"gold_per_floor":[110,110,110,285,285,296,311,326,326,340,340,358,371,386,386,488,488,470,470,470,6,25,25,25],"floor_reached":23,"language":"ENG","playtime":950,"items_purged":["Looming Evil"],"score":185,"play_id":"ad807409-9a61-4418-ab96-736346587499","local_time":"20210212142901","is_ascension_mode":false,"campfire_choices":[{"floor":15,"key":"REST"}],"circlet_count":0,"master_deck":["Strike_G","Strike_G","Strike_G","Strike_G","Strike_G","Defend_G","Defend_G","Defend_G","Defend_G","Defend_G","Survivor","Neutralize","Deadly Poison+1","Doubt","Noxious Fumes","ReplayTheSpireMod:From All Sides","Flying Knee","Outmaneuver","Dagger Spray","Deflect","Fluid Movement","Underhanded Strike","Unload","Wraith Form v2","Quick Slash","Quick Slash+1"],"relics":["Ring of the Snake","Boot","Mummified Hand","Letter Opener","SacredBark","ReplayTheSpireMod:Ring of Collecting","Ring of Hypnosis","Pear","Medical Kit"],"acts_visited":["Exordium","TheCity"],"potions_floor_usage":[16,18,22],"damage_taken":[{"damage":0,"enemies":"Cultist","floor":1,"turns":3},{"damage":8,"enemies":"Jaw Worm","floor":6,"turns":3},{"damage":8,"enemies":"2 Louse","floor":7,"turns":2},{"damage":9,"enemies":"Large Slime","floor":8,"turns":4},{"damage":6,"enemies":"Gremlin Gang","floor":10,"turns":3},{"damage":1,"enemies":"2 Fungi Beasts","floor":12,"turns":3},{"damage":9,"enemies":"Lots of Slimes","floor":13,"turns":3},{"damage":3,"enemies":"Large Slime","floor":14,"turns":5},{"damage":12,"enemies":"Slime Boss","floor":16,"turns":8},{"damage":0,"enemies":"2 Thieves","floor":18,"turns":4},{"damage":20,"enemies":"Spheric Guardian","floor":22,"turns":5},{"damage":65,"enemies":"Book of Stabbing","floor":23,"turns":7}],"seed_played":"-5525284948891619598","potions_obtained":[{"floor":10,"key":"Weak Potion"},{"floor":12,"key":"Strength Potion"},{"floor":16,"key":"Fire Potion"}],"is_trial":false,"path_per_floor":["M","T","$","?","?","M","M","M","T","M","?","M","M","M","R","B",null,"M","?","?","$","M","E"],"character_chosen":"THE_SILENT","items_purchased":["Pear","Medical Kit"],"campfire_rested":1,"item_purchase_floors":[21,21],"current_hp_per_floor":[70,70,70,70,70,62,54,45,45,39,39,38,29,26,47,35,70,70,70,70,80,60,0,0],"gold":25,"neow_bonus":"RANDOM_COMMON_RELIC","is_daily":false,"chose_seed":false,"campfire_upgraded":0,"win_rate":0.0,"timestamp":1613158141,"path_taken":["M","?","?","?","?","M","M","?","T","M","?","M","M","M","R","BOSS","M","?","?","$","M","E"],"items_purchased_type":["Relic","Relic"],"build_version":"2020-12-22","purchased_purges":1,"victory":false,"max_hp_per_floor":[70,70,70,70,70,70,70,70,70,70,70,70,70,70,70,70,70,70,70,70,80,80,80,80],"card_choices":[{"not_picked":["Outmaneuver","Sucker Punch"],"picked":"Deadly Poison","floor":1},{"not_picked":["ReplayTheSpireMod:The Works","Sucker Punch"],"picked":"Flying Knee","floor":6},{"not_picked":["PiercingWail","Hidden Blade"],"picked":"Outmaneuver","floor":7},{"not_picked":["Backflip","Prepared"],"picked":"Dagger Spray","floor":8},{"not_picked":["Well Laid Plans","Hidden Blade"],"picked":"Deflect","floor":10},{"not_picked":["Hidden Blade","Endless Agony"],"picked":"Fluid Movement","floor":12},{"not_picked":["ReplayTheSpireMod:Tripwire","Distraction"],"picked":"Underhanded Strike","floor":13},{"not_picked":["Skewer","ReplayTheSpireMod:Exploit Weakness"],"picked":"Unload","floor":14},{"not_picked":["Unload","Bullet Time"],"picked":"Wraith Form v2","floor":16},{"not_picked":["Finisher","ReplayTheSpireMod:Tripwire"],"picked":"Quick Slash","floor":18},{"not_picked":["Underhanded Strike","Dagger Spray"],"picked":"Quick Slash+1","floor":22}],"player_experience":7602,"relics_obtained":[{"floor":2,"key":"Mummified Hand"},{"floor":9,"key":"Letter Opener"},{"floor":19,"key":"ReplayTheSpireMod:Ring of Collecting"},{"floor":19,"key":"Ring of Hypnosis"}],"event_choices":[{"damage_healed":0,"gold_gain":175,"player_choice":"AGREE","damage_taken":0,"max_hp_gain":0,"max_hp_loss":0,"event_name":"Liars Game","floor":4,"gold_loss":0,"cards_obtained":["Doubt"]},{"damage_healed":0,"gold_gain":0,"player_choice":"2 cards matched","damage_taken":0,"max_hp_gain":0,"max_hp_loss":0,"event_name":"Match and Keep!","floor":5,"gold_loss":0,"cards_obtained":["Noxious Fumes","ReplayTheSpireMod:From All Sides"]},{"damage_healed":0,"gold_gain":0,"player_choice":"Ignored","damage_taken":0,"max_hp_gain":0,"max_hp_loss":0,"event_name":"Vampires","floor":20,"gold_loss":0}],"is_beta":false,"boss_relics":[{"not_picked":["reliquary:Ember","ReplayTheSpireMod:DimensionalGlitch"],"picked":"SacredBark"}],"items_purged_floors":[21],"is_endless":false,"potions_floor_spawned":[10,12,16],"killed_by":"Book of Stabbing","ascension_level":0}}