{"host":"tner83jrcdd0m6a5","time":1613116568,"event":{"mods":["AchievementEnabler","BaseMod","Bestiary","Colored Map","Colored Powertips","DeckTracker","Highlight Path","Keyboard Shortcuts","Minty Spire (QoL Compilation)","Quick Restart","Rare Cards Sparkle","Relic Stats","Slay-I","SuperFastMode"],"gold_per_floor":[12,26,26,26,26,26,26,40,40,68,68,147,147,147,147,147,147],"floor_reached":16,"language":"ENG","playtime":470,"items_purged":[],"score":115,"play_id":"306a11b1-bf40-4e24-8e18-d76db4a4b9ae","local_time":"20210212075608","is_ascension_mode":true,"campfire_choices":[{"data":"Survivor","floor":6,"key":"SMITH"},{"data":"Neutralize","floor":11,"key":"SMITH"},{"data":"Backflip","floor":13,"key":"SMITH"},{"floor":15,"key":"REST"}],"circlet_count":0,"master_deck":["Strike_G","Strike_G","Strike_G","Defend_G","Defend_G+1","Defend_G","Defend_G","Defend_G","Survivor+1","Neutralize+1","Panache+1","Backflip+1"],"relics":["Ring of the Snake","Art of War","Unceasing Top","Sundial","Eternal Feather"],"acts_visited":["Exordium"],"potions_floor_usage":[10],"damage_taken":[{"damage":0,"enemies":"2 Louse","floor":1,"turns":4},{"damage":1,"enemies":"Jaw Worm","floor":2,"turns":5},{"damage":1,"enemies":"Small Slimes","floor":8,"turns":4},{"damage":16,"enemies":"3 Sentries","floor":10,"turns":15},{"damage":64,"enemies":"Hexaghost","floor":16,"turns":16}],"seed_played":"-566141348324755621","potions_obtained":[{"floor":2,"key":"Explosive Potion"}],"is_trial":false,"path_per_floor":["M","M","?","T","?","R","?","M","T","E","R","T","R","?","R","B"],"character_chosen":"THE_SILENT","items_purchased":[],"campfire_rested":1,"item_purchase_floors":[],"current_hp_per_floor":[70,69,69,69,55,55,48,47,47,31,31,31,37,37,64,0,0],"gold":147,"neow_bonus":"RANDOM_COLORLESS_2","is_daily":false,"chose_seed":false,"campfire_upgraded":3,"win_rate":0.0,"timestamp":1613116568,"path_taken":["M","M","?","?","?","R","?","M","T","E","R","?","R","?","R","BOSS"],"items_purchased_type":[],"build_version":"2020-12-22","purchased_purges":0,"victory":false,"max_hp_per_floor":[70,70,70,70,70,70,70,70,70,70,70,70,70,70,70,70,70],"relic_stats":{"counters":[5,44],"Sundial":[4],"Eternal Feather":12,"Art of War":[7],"obtain_stats":[{"Sundial":10,"Eternal Feather":12,"Art of War":4,"Unceasing Top":9,"Ring of the Snake":0},{"Sundial":4,"Eternal Feather":4,"Art of War":2,"Unceasing Top":3,"Ring of the Snake":0},{"Sundial":28,"Eternal Feather":28,"Art of War":9,"Unceasing Top":13,"Ring of the Snake":0}],"Unceasing Top":[5],"Ring of the Snake":[10]},"card_choices":[{"not_picked":["Secret Technique","Thinking Ahead"],"picked":"Panache","floor":0},{"not_picked":["Deflect","Flying Knee","Outmaneuver"],"picked":"SKIP","floor":1},{"not_picked":["Poisoned Stab","Quick Slash","Riddle With Holes"],"picked":"SKIP","floor":2},{"not_picked":["Dagger Spray","Underhanded Strike"],"picked":"Backflip","floor":8},{"not_picked":["Outmaneuver","Poisoned Stab","Sucker Punch"],"picked":"SKIP","floor":10}],"player_experience":377672,"relics_obtained":[{"floor":4,"key":"Art of War"},{"floor":9,"key":"Unceasing Top"},{"floor":10,"key":"Sundial"},{"floor":12,"key":"Eternal Feather"}],"event_choices":[{"cards_removed":["Strike_G"],"damage_healed":0,"gold_gain":0,"player_choice":"Forget","damage_taken":0,"max_hp_gain":0,"max_hp_loss":0,"event_name":"Living Wall","floor":3,"gold_loss":0},{"damage_healed":0,"gold_gain":0,"player_choice":"Entered Light","damage_taken":14,"max_hp_gain":0,"max_hp_loss":0,"event_name":"Shining Light","floor":5,"gold_loss":0,"cards_upgraded":["Panache","Defend_G"]},{"cards_removed":["Strike_G"],"damage_healed":0,"gold_gain":0,"player_choice":"Card Removal","damage_taken":7,"max_hp_gain":0,"max_hp_loss":0,"event_name":"Golden Wing","floor":7,"gold_loss":0},{"damage_healed":0,"gold_gain":0,"player_choice":"Ignored","damage_taken":0,"max_hp_gain":0,"max_hp_loss":0,"event_name":"Golden Idol","floor":14,"gold_loss":0}],"is_beta":false,"boss_relics":[],"items_purged_floors":[],"is_endless":false,"potions_floor_spawned":[2],"killed_by":"Hexaghost","ascension_level":4}}