{"host":"c4psiqwczhd30bq5","time":1613141398,"event":{"mods":["Act Like it!","Aspiration","BaseMod","BetterRewards","Conspire","Downfall","Hallownest","Hubris","Minty Spire (QoL Compilation)","StSLib"],"gold_per_floor":[118,33,60,60,72,99,99,113,113,141,141,154,46,77,77,175,175,192,209,209,263,263,263,294,309,333,333,353,372,399,417,417,417,417],"floor_reached":33,"language":"ENG","playtime":1585,"items_purged":[],"score":396,"play_id":"b9156daa-9344-4cf6-9588-43c5adb472ba","local_time":"20210212154958","is_ascension_mode":true,"campfire_choices":[{"floor":7,"key":"REST"},{"floor":11,"key":"REST"},{"data":"Terror","floor":15,"key":"SMITH"},{"floor":23,"key":"REST"},{"floor":27,"key":"REST"},{"floor":32,"key":"REST"}],"circlet_count":0,"master_deck":["Strike_G","Strike_G","Strike_G","Strike_G","Strike_G","Defend_G","Defend_G","Defend_G","Defend_G","Defend_G","Survivor","Neutralize","Blade Dance","Infinite Blades","Blade Dance","Masterful Stab","Bouncing Flask","Poisoned Stab","Outmaneuver","Backstab","Blade Dance","Terror+1","Backstab","Outmaneuver","Corpse Explosion","Heel Hook+1","Flying Knee+1","Injury","Sucker Punch+1","Shame","Flying Knee+1","Dagger Spray+1","Deflect","Catalyst+1","Finisher+1","Crippling Poison"],"relics":["Ring of the Snake","NeowsBlessing","Potion Belt","Mercury Hourglass","hubris:SlimyHat","Question Card","conspire:SlowCooker","Molten Egg 2","WarpedTongs","The Specimen","hubris:AncientText","conspire:BottledYoYo"],"acts_visited":["Hallownest:Greenpath","Hallownest:CityofTears"],"potions_floor_usage":[16,18,25,29,29,30,30,33,33],"damage_taken":[{"damage":1,"enemies":"Hallownest:2_Tiktiks_and_1_Crawlid","floor":1,"turns":1},{"damage":0,"enemies":"conspire:MimicChest","floor":3,"turns":1},{"damage":0,"enemies":"Hallownest:monsterHuskWarrior","floor":5,"turns":1},{"damage":32,"enemies":"Hallownest:eliteCrystalGuardian","floor":6,"turns":7},{"damage":0,"enemies":"Hallownest:monsterHuskGuard","floor":8,"turns":2},{"damage":5,"enemies":"Hallownest:eliteVengeflyKing","floor":10,"turns":4},{"damage":0,"enemies":"Hallownest:monsterMossCharger","floor":12,"turns":2},{"damage":0,"enemies":"Hallownest:eliteMossKnight","floor":14,"turns":3},{"damage":40,"enemies":"Hallownest:BossBrokenVessel","floor":16,"turns":9},{"damage":3,"enemies":"Hallownest:Flukemon_and_Top","floor":18,"turns":6},{"damage":7,"enemies":"Hallownest:3_Youths","floor":19,"turns":3},{"damage":17,"enemies":"Hallownest:Glutton_and_Coward","floor":21,"turns":3},{"damage":9,"enemies":"Hallownest:Nosk","floor":24,"turns":6},{"damage":13,"enemies":"Hallownest:2_Husk_Sentries","floor":25,"turns":5},{"damage":19,"enemies":"Hallownest:Master_and_Novice","floor":28,"turns":4},{"damage":6,"enemies":"Hallownest:2_Flukemon","floor":29,"turns":3},{"damage":0,"enemies":"Hallownest:eliteSoulWarrior","floor":30,"turns":5},{"damage":16,"enemies":"Hallownest:2_Husk_Sentries","floor":31,"turns":3},{"damage":59,"enemies":"Hallownest:BossGrimm","floor":33,"turns":7}],"seed_played":"-674282826158472385","potions_obtained":[{"floor":5,"key":"SteroidPotion"},{"floor":6,"key":"Explosive Potion"},{"floor":14,"key":"Poison Potion"},{"floor":18,"key":"Strength Potion"},{"floor":21,"key":"DuplicationPotion"},{"floor":28,"key":"SneckoOil"},{"floor":29,"key":"Swift Potion"},{"floor":30,"key":"bronze:BurnAndBuffPotion"}],"is_trial":false,"path_per_floor":["M","$","?","?","M","E","R","M","T","E","R","M","$","E","R","B",null,"M","M","?","M","?","R","E","M","T","R","M","M","E","M","R","B"],"character_chosen":"THE_SILENT","items_purchased":["Infinite Blades","Energy Potion","Terror","Backstab"],"campfire_rested":5,"item_purchase_floors":[2,2,13,13],"current_hp_per_floor":[69,69,69,69,69,37,58,58,58,53,70,70,70,70,70,30,70,67,60,60,43,43,64,55,42,42,63,44,38,38,22,43,0,0],"gold":417,"neow_bonus":"THREE_ENEMY_KILL","is_daily":false,"chose_seed":false,"campfire_upgraded":1,"win_rate":0.0,"timestamp":1613141398,"path_taken":["M","$","?","?","M","E","R","M","T","E","R","M","$","E","R","BOSS","M","M","?","?","?","R","E","M","T","R","?","M","E","M","R","BOSS"],"items_purchased_type":["Card","Potion","Card","Card"],"build_version":"2020-12-22","purchased_purges":0,"victory":false,"max_hp_per_floor":[70,70,70,70,70,70,70,70,70,70,70,70,70,70,70,70,70,70,70,70,70,70,70,70,70,70,70,70,70,70,70,70,70,70],"card_choices":[{"not_picked":["Deflect","Dash"],"picked":"Blade Dance","floor":1},{"not_picked":["Quick Slash","Flying Knee"],"picked":"Blade Dance","floor":3},{"not_picked":["Quick Slash","Bane"],"picked":"Bouncing Flask","floor":5},{"not_picked":["conspire:DoublingDagger","Unload"],"picked":"Poisoned Stab","floor":6},{"not_picked":["Skewer","Dagger Throw"],"picked":"Outmaneuver","floor":8},{"not_picked":["hubris:Counter","Expertise"],"picked":"Backstab","floor":10},{"not_picked":["Poisoned Stab","Slice"],"picked":"Blade Dance","floor":12},{"not_picked":["All Out Attack","Calculated Gamble"],"picked":"Outmaneuver","floor":14},{"not_picked":["Doppelganger","A Thousand Cuts","Die Die Die"],"picked":"Corpse Explosion","floor":16},{"not_picked":["hubris:TrickCloak","Sucker Punch","Leg Sweep"],"picked":"Heel Hook+1","floor":18},{"not_picked":["hubris:Counter","hubris:Sniper","Outmaneuver"],"picked":"Flying Knee+1","floor":19},{"not_picked":["Predator+1","hubris:SlightOfHand","Escape Plan"],"picked":"Sucker Punch+1","floor":21},{"not_picked":["hubris:SlightOfHand","Corpse Explosion","Heel Hook+1"],"picked":"Flying Knee+1","floor":24},{"not_picked":["Choke+1","Deadly Poison","Underhanded Strike+1"],"picked":"Dagger Spray+1","floor":25},{"not_picked":["hubris:SlightOfHand","Blur","Outmaneuver"],"picked":"Deflect","floor":28},{"not_picked":["Quick Slash+1","conspire:PoisonWeapons","Heel Hook+1"],"picked":"Catalyst+1","floor":29},{"not_picked":["Terror","Flechettes+1","Distraction"],"picked":"Finisher+1","floor":30},{"not_picked":["Blade Dance","Cloak And Dagger","Dodge and Roll"],"picked":"Crippling Poison","floor":31}],"player_experience":279534,"relics_obtained":[{"floor":3,"key":"Potion Belt"},{"floor":6,"key":"Mercury Hourglass"},{"floor":10,"key":"hubris:SlimyHat"},{"floor":14,"key":"Question Card"},{"floor":24,"key":"The Specimen"},{"floor":26,"key":"hubris:AncientText"},{"floor":30,"key":"conspire:BottledYoYo"}],"event_choices":[],"is_beta":false,"boss_relics":[{"not_picked":["hubris:HollowSoul","Ectoplasm"],"picked":"conspire:SlowCooker"}],"items_purged_floors":[],"is_endless":false,"potions_floor_spawned":[5,6,14,18,21,28,29,30],"killed_by":"Hallownest:BossGrimm","ascension_level":1}}