{"host":"udzsrhbqdxqtlypj","time":1613171129,"event":{"mods":["BaseMod","Minty Spire (QoL Compilation)","Relic Stats"],"gold_per_floor":[362,72,147,198,198,251,251,307,307,307,321,271,326,343,343,446,446,490,172,87,101,113,173,184,184,184],"floor_reached":25,"language":"ENG","playtime":1629,"items_purged":["Shame","Strike_R"],"score":398,"play_id":"fb8fcf48-0bf4-46f2-bf4c-b7435b2f7a62","local_time":"20210212170529","is_ascension_mode":true,"campfire_choices":[{"data":"HandOfGreed","floor":7.0,"key":"SMITH"},{"floor":10.0,"key":"REST"},{"data":"Disarm","floor":15.0,"key":"SMITH"}],"circlet_count":0,"master_deck":["AscendersBane","Strike_R","Strike_R","Defend_R","Defend_R","Defend_R","Defend_R","Bash","Iron Wave","HandOfGreed+1","Dark Embrace","Seeing Red","Fiend Fire","Thunderclap","Disarm+1","Reaper","Shrug It Off","Ghostly Armor","Sentinel","True Grit","Havoc+1"],"relics":["Burning Blood","Peace Pipe","Charon\u0027s Ashes","Torii","FossilizedHelix","Runic Pyramid","Happy Flower","Toy Ornithopter","Boot"],"acts_visited":["Exordium","TheCity"],"potions_floor_usage":[23,25],"damage_taken":[{"damage":11.0,"enemies":"Cultist","floor":1.0,"turns":5.0},{"damage":4.0,"enemies":"Small Slimes","floor":4.0,"turns":5.0},{"damage":28.0,"enemies":"Lagavulin","floor":6.0,"turns":8.0},{"damage":23.0,"enemies":"Gremlin Nob","floor":8.0,"turns":4.0},{"damage":0.0,"enemies":"2 Louse","floor":11.0,"turns":2.0},{"damage":9.0,"enemies":"Lagavulin","floor":13.0,"turns":7.0},{"damage":0.0,"enemies":"Blue Slaver","floor":14.0,"turns":2.0},{"damage":16.0,"enemies":"Hexaghost","floor":16.0,"turns":10.0},{"damage":0.0,"enemies":"2 Thieves","floor":18.0,"turns":4.0},{"damage":0.0,"enemies":"3 Byrds","floor":21.0,"turns":2.0},{"damage":0.0,"enemies":"Snecko","floor":22.0,"turns":3.0},{"damage":47,"enemies":"Slavers","floor":23,"turns":8},{"damage":25,"enemies":"Cultist and Chosen","floor":24,"turns":8},{"damage":33,"enemies":"Gremlin Leader","floor":25,"turns":4}],"seed_played":"-488178514259838403","potions_obtained":[{"floor":4.0,"key":"HeartOfIron"},{"floor":11.0,"key":"Weak Potion"},{"floor":16.0,"key":"LiquidMemories"},{"floor":18.0,"key":"LiquidBronze"},{"floor":21.0,"key":"PowerPotion"},{"floor":23,"key":"Weak Potion"}],"is_trial":false,"path_per_floor":["M","$","?","M","?","E","R","E","T","R","M","?","E","M","R","B",null,"M","$","?","M","M","E","M","E"],"character_chosen":"IRONCLAD","items_purchased":["HandOfGreed","Explosive Potion","Happy Flower","Ghostly Armor"],"campfire_rested":1,"item_purchase_floors":[2,2,19,19],"current_hp_per_floor":[67,67,56,58,58,36,36,19,19,43,49,49,46,52,52,42,71,80,80,80,80,80,39,25,0,0],"gold":184,"neow_bonus":"TWO_FIFTY_GOLD","is_daily":false,"chose_seed":false,"campfire_upgraded":2,"win_rate":0.0,"timestamp":1613171129,"path_taken":["M","$","?","M","?","E","R","E","T","R","?","?","E","M","R","BOSS","M","$","?","M","M","E","M","E"],"items_purchased_type":["Card","Potion","Relic","Card"],"build_version":"2020-12-22","purchased_purges":2,"victory":false,"max_hp_per_floor":[80,80,80,80,80,80,80,80,80,80,80,80,80,80,80,80,80,80,80,80,80,80,80,80,80,80],"relic_stats":{"Peace Pipe":0,"Torii":32,"Happy Flower":[8],"counters":[14,72],"Charon\u0027s Ashes":[378],"Boot":[5],"obtain_stats":[{"Peace Pipe":6,"Torii":9,"Happy Flower":19,"Charon\u0027s Ashes":8,"Boot":23,"Burning Blood":0,"FossilizedHelix":13,"Toy Ornithopter":20,"Runic Pyramid":17},{"Peace Pipe":3,"Torii":4,"Happy Flower":9,"Charon\u0027s Ashes":4,"Boot":12,"Burning Blood":0,"FossilizedHelix":6,"Toy Ornithopter":9,"Runic Pyramid":8},{"Peace Pipe":18,"Torii":22,"Happy Flower":47,"Charon\u0027s Ashes":22,"Boot":60,"Burning Blood":0,"FossilizedHelix":31,"Toy Ornithopter":47,"Runic Pyramid":43}],"Burning Blood":65,"Toy Ornithopter":5},"card_choices":[{"not_picked":["Rage","Clothesline"],"picked":"Iron Wave","floor":1.0},{"not_picked":["Cleave","Evolve"],"picked":"Dark Embrace","floor":4.0},{"not_picked":["Barricade","Cleave"],"picked":"Fiend Fire","floor":6.0},{"not_picked":["Juggernaut","Anger"],"picked":"Thunderclap","floor":8.0},{"not_picked":["Twin Strike","Seeing Red"],"picked":"Disarm","floor":11.0},{"not_picked":["Havoc","Searing Blow","Twin Strike"],"picked":"SKIP","floor":13.0},{"not_picked":["Pommel Strike","Anger","Rage"],"picked":"SKIP","floor":14.0},{"not_picked":["Impervious","Demon Form"],"picked":"Reaper","floor":16.0},{"not_picked":["Pommel Strike","Body Slam"],"picked":"Shrug It Off","floor":18.0},{"not_picked":["Iron Wave","Anger"],"picked":"Sentinel","floor":21.0},{"not_picked":["Clothesline","Clash+1","Iron Wave"],"picked":"SKIP","floor":22.0},{"not_picked":["Twin Strike","Headbutt"],"picked":"True Grit","floor":23},{"not_picked":["Whirlwind","Ghostly Armor"],"picked":"Havoc+1","floor":24}],"player_experience":2897955,"relics_obtained":[{"floor":6.0,"key":"Peace Pipe"},{"floor":8.0,"key":"Charon\u0027s Ashes"},{"floor":9.0,"key":"Torii"},{"floor":13.0,"key":"FossilizedHelix"},{"floor":23,"key":"Boot"}],"event_choices":[{"damage_healed":0.0,"max_hp_gain":0.0,"max_hp_loss":0.0,"gold_gain":75.0,"event_name":"World of Goop","player_choice":"Gather Gold","floor":3.0,"gold_loss":0.0,"damage_taken":11.0},{"damage_healed":0.0,"max_hp_gain":0.0,"max_hp_loss":0.0,"gold_gain":0.0,"cards_transformed":["Strike_R"],"event_name":"Transmorgrifier","player_choice":"Transformed","floor":5.0,"gold_loss":0.0,"damage_taken":0.0,"cards_obtained":["Seeing Red"]},{"cards_removed":["Strike_R"],"damage_healed":0.0,"max_hp_gain":0.0,"max_hp_loss":0.0,"gold_gain":0.0,"event_name":"The Cleric","player_choice":"Card Removal","floor":12.0,"gold_loss":50.0,"damage_taken":0.0},{"damage_healed":0.0,"max_hp_gain":0.0,"max_hp_loss":0.0,"gold_gain":0.0,"event_name":"Addict","player_choice":"Obtained Relic","floor":20.0,"gold_loss":85.0,"damage_taken":0.0,"relics_obtained":["Toy Ornithopter"]}],"is_beta":false,"boss_relics":[{"not_picked":["Tiny House","Mark of Pain"],"picked":"Runic Pyramid"}],"items_purged_floors":[2,19],"is_endless":false,"potions_floor_spawned":[4,11,16,18,21,23],"killed_by":"Gremlin Leader","ascension_level":13}}