{"host":"buycw3k5d5tgqflx","time":1613104553,"event":{"mods":["AchievementEnabler","Aspiration","BaseMod","Better Altar","Better Match","Better Note","Better Sensory Stone","Better Skull","Better Third Choice","Downfall","Halation","Hubris","Infinite Spire","Lobotomy","Marisa????????","Minty Spire (QoL Compilation)","Quick Restart","Rare Cards Sparkle","Relic Stats","Replay The Spire","StSLib","The Runesmith","The Wild Card"],"gold_per_floor":[118,118,133,229,240,240,265,278,278,310,310,342,359,379,379,484,484,502,520,520,530,22,52,52,72,121,149,73,91,41,76,76,174,174,187,187,0,19,39,69,80,80,106,106,74,74,74],"floor_reached":46,"language":"ENG","playtime":4605,"items_purged":["Runesmith:CreatorForm"],"score":632,"play_id":"9824353e-b235-4d8b-b9d9-dcad779499ed","local_time":"20210211233553","is_ascension_mode":false,"campfire_choices":[{"data":"Runesmith:OneForEveryone","floor":6,"key":"SMITH"},{"floor":15,"key":"REST"},{"data":"Runesmith:Reinforce","floor":24,"key":"SMITH"},{"floor":32,"key":"REST"}],"circlet_count":0,"master_deck":["Runesmith:Strike_RS","Runesmith:Strike_RS","Runesmith:Strike_RS","Runesmith:Defend_RS","Runesmith:Defend_RS","Runesmith:Defend_RS","Runesmith:CraftFirestone+1","Runesmith:Fortify","Runesmith:UnstableHammer","Runesmith:OneForEveryone+1","Runesmith:RuneHurl+1","Runesmith:BackupBattery","Runesmith:CraftMagma","Runesmith:HammerThrow+1","Runesmith:EarthShield","Runesmith:CraftProtectio","Runesmith:Accelerate","Runesmith:Grindstone","Runesmith:Grindstone","Runesmith:WhiteBalance","Runesmith:Reinforce+1","Runesmith:CraftSpiculum","infinitespire:Gouge","Runesmith:PoweredAnvil","Runesmith:LithiumIon","Runesmith:MakeshiftArmor+1","Runesmith:UnlimitedPower","Runesmith:DoubleUp+1","infinitespire:Oblivion","Runesmith:Firestorm+1","Runesmith:Reinforce+1","Runesmith:NegativeSpace+1","Runesmith:CraftVitae+1"],"relics":["Runesmith:BrokenRuby","infinitespire:CursedDice","Regal Pillow","Gambling Chip","Gremlin Horn","hubris:MysteriousPyramids","hubris:GrandSneckoEye","BargainBundle","Mango","Blue Doll","Akabeko","halation:KoshaPiece","Whetstone","SlaversCollar","infinitespire:Lucky Rock","Red Mask","TungstenRod","hubris:Icosahedron"],"acts_visited":["Exordium","TheCity","TheBeyond"],"potions_floor_usage":[16,16,16,23,31,33,40,41],"damage_taken":[{"damage":0,"enemies":"Small Slimes","floor":1,"turns":3},{"damage":0,"enemies":"Cultist","floor":3,"turns":3},{"damage":0,"enemies":"Jaw Worm","floor":5,"turns":4},{"damage":3,"enemies":"Lagavulin","floor":7,"turns":5},{"damage":6,"enemies":"Exordium Wildlife","floor":8,"turns":3},{"damage":16,"enemies":"3 Sentries","floor":10,"turns":7},{"damage":0,"enemies":"Replay:BlueRogue","floor":12,"turns":4},{"damage":0,"enemies":"Looter","floor":13,"turns":2},{"damage":0,"enemies":"Large Slime","floor":14,"turns":4},{"damage":6,"enemies":"Hexaghost","floor":16,"turns":12},{"damage":0,"enemies":"Chosen","floor":18,"turns":6},{"damage":1,"enemies":"Shell Parasite","floor":19,"turns":4},{"damage":10,"enemies":"Snake Plant","floor":21,"turns":4},{"damage":6,"enemies":"Book of Stabbing","floor":23,"turns":5},{"damage":0,"enemies":"3 Cultists","floor":25,"turns":5},{"damage":30,"enemies":"Nightmare","floor":27,"turns":8},{"damage":5,"enemies":"Sentry and Sphere","floor":29,"turns":3},{"damage":0,"enemies":"Replay:Snechameleon","floor":31,"turns":1},{"damage":0,"enemies":"Collector","floor":33,"turns":7},{"damage":0,"enemies":"Orb Walker","floor":35,"turns":3},{"damage":15,"enemies":"3 Shapes","floor":38,"turns":3},{"damage":21,"enemies":"3 Darklings","floor":39,"turns":5},{"damage":26,"enemies":"Giant Head","floor":40,"turns":8},{"damage":18,"enemies":"Writhing Mass","floor":41,"turns":4},{"damage":8,"enemies":"Sphere and 2 Shapes","floor":45,"turns":5},{"damage":35,"enemies":"Reptomancer","floor":46,"turns":2}],"seed_played":"9079546417723712103","potions_obtained":[{"floor":1,"key":"LiquidBronze"},{"floor":10,"key":"EssenceOfSteel"},{"floor":12,"key":"Block Potion"},{"floor":14,"key":"Energy Potion"},{"floor":16,"key":"sneckomod:MuddlingPotion"},{"floor":21,"key":"FearPotion"},{"floor":27,"key":"infinitespire:BlackPotion"},{"floor":31,"key":"LiquidMemories"},{"floor":39,"key":"SteroidPotion"},{"floor":41,"key":"champ:CounterPotion"}],"is_trial":false,"path_per_floor":["M","?","M","?","M","R","E","M","T","E","?","E","M","M","R","B",null,"M","M","?","M","$","E","R","M","T","NM","$","M","?","E","R","B",null,"M","AVR","?","M","M","E","M","?","T","?","M","E"],"character_chosen":"RUNESMITH_CLASS","items_purchased":["BargainBundle","Energy Potion","champ:CounterPotion","Runesmith:Reinforce","Mango","Runesmith:LithiumIon"],"campfire_rested":2,"item_purchase_floors":[22,22,22,22,22,28],"current_hp_per_floor":[63,63,63,38,38,38,35,29,29,13,13,13,13,13,46,40,63,63,62,62,52,66,60,60,60,60,30,30,25,25,25,63,63,77,77,77,77,62,41,15,27,27,27,27,19,0,0],"gold":74,"neow_bonus":"ONE_RARE_RELIC","is_daily":false,"chose_seed":false,"campfire_upgraded":2,"win_rate":0.0,"timestamp":1613104553,"path_taken":["M","?","M","?","M","R","E","?","T","E","?","E","M","M","R","BOSS","M","M","?","M","?","E","R","M","T","NM","$","M","?","E","R","BOSS","M","AVR","?","M","M","E","M","?","T","?","?","E"],"items_purchased_type":["Relic","Potion","Potion","Card","Relic","Card"],"build_version":"2020-12-22","purchased_purges":1,"victory":false,"max_hp_per_floor":[63,63,63,63,63,63,63,63,63,63,63,63,63,63,63,63,63,63,63,63,63,77,77,77,77,77,77,77,77,77,77,77,77,77,77,77,77,77,77,77,77,77,77,74,74,74,74],"relic_stats":{"Regal Pillow":30,"Gremlin Horn":[16,16],"counters":[26,120],"Gambling Chip":[48],"Whetstone":["Runesmith:RuneHurl","Runesmith:HammerThrow"],"obtain_stats":[{"Runesmith:BrokenRuby":0,"Regal Pillow":7,"BargainBundle":22,"Gremlin Horn":10,"infinitespire:CursedDice":0,"Mango":22,"Blue Doll":23,"Whetstone":31,"infinitespire:Lucky Rock":36,"hubris:MysteriousPyramids":12,"Akabeko":26,"SlaversCollar":34,"hubris:Icosahedron":42,"Gambling Chip":9,"hubris:GrandSneckoEye":17,"halation:KoshaPiece":27,"Red Mask":37,"TungstenRod":40},{"Runesmith:BrokenRuby":0,"Regal Pillow":4,"BargainBundle":13,"Gremlin Horn":6,"infinitespire:CursedDice":0,"Mango":13,"Blue Doll":14,"Whetstone":18,"infinitespire:Lucky Rock":20,"hubris:MysteriousPyramids":7,"Akabeko":15,"SlaversCollar":19,"hubris:Icosahedron":24,"Gambling Chip":5,"hubris:GrandSneckoEye":10,"halation:KoshaPiece":16,"Red Mask":20,"TungstenRod":23},{"Runesmith:BrokenRuby":0,"Regal Pillow":15,"BargainBundle":61,"Gremlin Horn":25,"infinitespire:CursedDice":0,"Mango":61,"Blue Doll":66,"Whetstone":83,"infinitespire:Lucky Rock":93,"hubris:MysteriousPyramids":29,"Akabeko":71,"SlaversCollar":90,"hubris:Icosahedron":113,"Gambling Chip":18,"hubris:GrandSneckoEye":47,"halation:KoshaPiece":79,"Red Mask":93,"TungstenRod":109}],"TungstenRod":5},"card_choices":[{"not_picked":["Runesmith:HeatExchange","Runesmith:CraftMagma"],"picked":"Runesmith:UnstableHammer","floor":1},{"not_picked":["Runesmith:Grindstone","Runesmith:Repurpose"],"picked":"Runesmith:OneForEveryone","floor":3},{"not_picked":["Runesmith:MakeshiftArmor","Runesmith:Discharge"],"picked":"Runesmith:RuneHurl","floor":4},{"not_picked":["Runesmith:Firewall","Runesmith:ChiselStab"],"picked":"Runesmith:BackupBattery","floor":4},{"not_picked":["Runesmith:HeatedChisel","Runesmith:ChiselStab"],"picked":"Runesmith:CraftMagma","floor":4},{"not_picked":["Runesmith:Empowerment","Runesmith:RuneHurl","Runesmith:DoubleUp"],"picked":"SKIP","floor":5},{"not_picked":["Runesmith:StaticCage","Runesmith:Repurpose"],"picked":"Runesmith:HammerThrow","floor":7},{"not_picked":["Runesmith:PerfectChisel","Runesmith:HeatedChisel"],"picked":"Runesmith:CreatorForm","floor":8},{"not_picked":["Runesmith:CraftMagma","Runesmith:HammerTime"],"picked":"Runesmith:EarthShield","floor":10},{"not_picked":["Runesmith:ChiselStab","Runesmith:Reinforce"],"picked":"Runesmith:CraftProtectio","floor":12},{"not_picked":["Runesmith:UnstableHammer","Runesmith:ShiftingStrike"],"picked":"Runesmith:Accelerate","floor":13},{"not_picked":["Runesmith:Prism","Runesmith:CraftProtectio","Runesmith:ChiselStab"],"picked":"SKIP","floor":14},{"not_picked":["Runesmith:EnergizedChisel","Runesmith:OneForEveryone+1"],"picked":"Runesmith:Grindstone","floor":18},{"not_picked":["Runesmith:CraftIncendium","Runesmith:StaticCage"],"picked":"Runesmith:Grindstone","floor":19},{"not_picked":["Runesmith:CraftProtectio","Runesmith:OneForEveryone"],"picked":"Runesmith:WhiteBalance","floor":21},{"not_picked":["Runesmith:RuneHurl","Runesmith:CraftIncendium"],"picked":"Runesmith:CraftSpiculum","floor":23},{"not_picked":["Runesmith:ShiftingStrike+1","Runesmith:UnstableHammer","Runesmith:Augment"],"picked":"SKIP","floor":25},{"not_picked":["infinitespire:Fortify","ReplayTheSpireMod:Chaos Vortex"],"picked":"infinitespire:Gouge","floor":27},{"not_picked":["Runesmith:EarthShield","Runesmith:ShiftingStrike+1"],"picked":"Runesmith:PoweredAnvil","floor":27},{"not_picked":["Runesmith:FrozenChisel","Runesmith:EarthShield"],"picked":"Runesmith:MakeshiftArmor+1","floor":29},{"not_picked":["Runesmith:StaticCage+1","Runesmith:EarthShield","Runesmith:MakeshiftArmor"],"picked":"SKIP","floor":31},{"not_picked":["Runesmith:FissionHammer","Runesmith:Duplicate"],"picked":"Runesmith:UnlimitedPower","floor":33},{"not_picked":["Runesmith:NanitesCloud+1","Runesmith:StaticCage"],"picked":"Runesmith:DoubleUp+1","floor":35},{"not_picked":["Runesmith:RuneHurl","Runesmith:HeatExchange","Runesmith:Electrocute"],"picked":"SKIP","floor":38},{"not_picked":["Runesmith:StaticCage","Runesmith:Repurpose+1"],"picked":"Runesmith:Firestorm+1","floor":39},{"not_picked":["Runesmith:MakeshiftArmor","Runesmith:HammerThrow"],"picked":"Runesmith:Reinforce+1","floor":40},{"not_picked":["Runesmith:EnergizedChisel+1","Runesmith:ShiftingStrike"],"picked":"Runesmith:NegativeSpace+1","floor":41},{"not_picked":["Runesmith:ChiselStab","Runesmith:CraftProtectio+1"],"picked":"Runesmith:CraftVitae+1","floor":45}],"player_experience":214801,"relics_obtained":[{"floor":7,"key":"Regal Pillow"},{"floor":9,"key":"Gambling Chip"},{"floor":10,"key":"Gremlin Horn"},{"floor":12,"key":"hubris:MysteriousPyramids"},{"floor":23,"key":"Blue Doll"},{"floor":26,"key":"Akabeko"},{"floor":27,"key":"halation:KoshaPiece"},{"floor":31,"key":"Whetstone"},{"floor":40,"key":"TungstenRod"}],"event_choices":[{"cards_removed":["Runesmith:Strike_RS"],"damage_healed":0,"gold_gain":0,"player_choice":"Forget","damage_taken":0,"max_hp_gain":0,"max_hp_loss":0,"event_name":"Living Wall","floor":11,"gold_loss":0},{"cards_removed":["Runesmith:Defend_RS"],"damage_healed":0,"gold_gain":0,"player_choice":"Purged","damage_taken":0,"max_hp_gain":0,"max_hp_loss":0,"event_name":"Purifier","floor":20,"gold_loss":0},{"damage_healed":0,"gold_gain":0,"player_choice":"Bet on Murderer","damage_taken":0,"max_hp_gain":0,"max_hp_loss":0,"event_name":"The Joust","floor":30,"gold_loss":50},{"damage_healed":0,"gold_gain":0,"player_choice":"Paid","damage_taken":0,"relics_obtained":["Red Mask"],"max_hp_gain":0,"max_hp_loss":0,"event_name":"Tomb of Lord Red Mask","floor":37,"gold_loss":187},{"cards_removed":["Parasite"],"damage_healed":0,"gold_gain":0,"player_choice":"Removed Curses","damage_taken":0,"max_hp_gain":0,"max_hp_loss":0,"event_name":"Fountain of Cleansing","floor":44,"gold_loss":0}],"is_beta":false,"boss_relics":[{"not_picked":["Busted Crown","halation:LoveArrow"],"picked":"hubris:GrandSneckoEye"},{"not_picked":["hubris:ScarierMask","bronze:MakeshiftBattery"],"picked":"SlaversCollar"}],"items_purged_floors":[22],"is_endless":true,"potions_floor_spawned":[1,10,12,14,16,21,27,29,31,39,41],"killed_by":"Reptomancer","ascension_level":0}}