{"host":"2smcgt1ki1qcud40","time":1613143660,"event":{"mods":["BaseMod","Minty Spire (QoL Compilation)"],"gold_per_floor":[113,130,143,25,42,75,75,91,91,118,131,157,157,167,167,241,241,254,11,42,42,62,93,93,104,104,104,114,130,130,160,160,234,234,254,272,272,289,300,333,345,365,365,379,397,397,451,464,464,464,464,464,42,71,71],"floor_reached":56,"language":"ENG","playtime":5215,"items_purged":["Strike_G","Strike_G"],"score":2117,"play_id":"5c3b4ad9-794b-46cc-abba-4642e1c4ca42","local_time":"20210212162740","is_ascension_mode":true,"campfire_choices":[{"data":"Footwork","floor":7.0,"key":"SMITH"},{"data":"Catalyst","floor":13.0,"key":"SMITH"},{"data":"Leg Sweep","floor":15.0,"key":"SMITH"},{"data":"Well Laid Plans","floor":24.0,"key":"SMITH"},{"data":"Crippling Poison","floor":27.0,"key":"SMITH"},{"data":"Noxious Fumes","floor":30.0,"key":"SMITH"},{"data":"Catalyst","floor":32.0,"key":"SMITH"},{"floor":49.0,"key":"RECALL"},{"data":"Burst","floor":52.0,"key":"SMITH"}],"circlet_count":0,"master_deck":["AscendersBane","Strike_G","Strike_G","Defend_G+1","Defend_G","Defend_G","Defend_G","Defend_G","Survivor","Neutralize","Footwork+1","Skewer","Terror+1","Deadly Poison","Catalyst+1","Bane","Leg Sweep+1","Catalyst+1","Footwork","Well Laid Plans+1","After Image","PiercingWail","Leg Sweep","Deflect","Escape Plan","Crippling Poison+1","Noxious Fumes+1","Distraction+1","Burst+1","Crippling Poison+1","Jack Of All Trades","Flash of Steel","After Image"],"relics":["Ring of the Snake","Bird Faced Urn","Letter Opener","Thread and Needle","CaptainsWheel","Odd Mushroom","Coffee Dripper","Orrery","Red Mask","HornCleat","Eternal Feather","Lantern","Busted Crown","Blood Vial","Torii","DollysMirror","War Paint","Sundial"],"acts_visited":["Exordium","TheCity","TheBeyond","TheEnding"],"potions_floor_usage":[54,55,55],"damage_taken":[{"damage":3.0,"enemies":"Cultist","floor":1.0,"turns":5.0},{"damage":2.0,"enemies":"Small Slimes","floor":2.0,"turns":5.0},{"damage":0.0,"enemies":"Jaw Worm","floor":3.0,"turns":5.0},{"damage":0.0,"enemies":"Large Slime","floor":5.0,"turns":4.0},{"damage":11.0,"enemies":"Lagavulin","floor":6.0,"turns":7.0},{"damage":11.0,"enemies":"3 Louse","floor":8.0,"turns":4.0},{"damage":21.0,"enemies":"3 Sentries","floor":10.0,"turns":13.0},{"damage":0.0,"enemies":"Looter","floor":11.0,"turns":4.0},{"damage":13.0,"enemies":"The Mushroom Lair","floor":12.0,"turns":6.0},{"damage":0.0,"enemies":"Large Slime","floor":14.0,"turns":7.0},{"damage":0.0,"enemies":"Hexaghost","floor":16.0,"turns":11.0},{"damage":0.0,"enemies":"Shell Parasite","floor":18.0,"turns":6.0},{"damage":18.0,"enemies":"Masked Bandits","floor":20.0,"turns":7.0},{"damage":0.0,"enemies":"Spheric Guardian","floor":22.0,"turns":5.0},{"damage":0.0,"enemies":"Slavers","floor":23.0,"turns":10.0},{"damage":1.0,"enemies":"Snake Plant","floor":25.0,"turns":8.0},{"damage":0.0,"enemies":"Sentry and Sphere","floor":28.0,"turns":7.0},{"damage":0.0,"enemies":"3 Cultists","floor":29.0,"turns":4.0},{"damage":5.0,"enemies":"Gremlin Leader","floor":31.0,"turns":8.0},{"damage":1.0,"enemies":"Collector","floor":33.0,"turns":5.0},{"damage":1.0,"enemies":"3 Shapes","floor":35.0,"turns":7.0},{"damage":0.0,"enemies":"3 Darklings","floor":36.0,"turns":3.0},{"damage":0.0,"enemies":"Sphere and 2 Shapes","floor":38.0,"turns":5.0},{"damage":1.0,"enemies":"Transient","floor":39.0,"turns":5.0},{"damage":37.0,"enemies":"Reptomancer","floor":40.0,"turns":8.0},{"damage":0.0,"enemies":"Writhing Mass","floor":41.0,"turns":7.0},{"damage":0.0,"enemies":"Sphere and 2 Shapes","floor":42.0,"turns":6.0},{"damage":0.0,"enemies":"Maw","floor":44.0,"turns":8.0},{"damage":0.0,"enemies":"Transient","floor":45.0,"turns":5.0},{"damage":4.0,"enemies":"2 Orb Walkers","floor":47.0,"turns":5.0},{"damage":23.0,"enemies":"Spire Growth","floor":48.0,"turns":6.0},{"damage":32.0,"enemies":"Donu and Deca","floor":50.0,"turns":10.0},{"damage":0,"enemies":"Shield and Spear","floor":54,"turns":4},{"damage":50,"enemies":"The Heart","floor":55,"turns":10}],"seed_played":"-2405798639580780351","potions_obtained":[{"floor":2.0,"key":"AttackPotion"},{"floor":5.0,"key":"CunningPotion"},{"floor":6.0,"key":"Regen Potion"},{"floor":11.0,"key":"LiquidBronze"},{"floor":12.0,"key":"Dexterity Potion"},{"floor":16.0,"key":"SteroidPotion"},{"floor":25.0,"key":"FearPotion"},{"floor":28.0,"key":"BlessingOfTheForge"},{"floor":29.0,"key":"Swift Potion"},{"floor":31.0,"key":"DistilledChaos"},{"floor":40.0,"key":"LiquidBronze"},{"floor":45.0,"key":"Poison Potion"},{"floor":54,"key":"GamblersBrew"}],"is_trial":false,"path_per_floor":["M","M","M","$","M","E","R","M","T","E","M","?","R","M","R","B",null,"M","$","?","$","M","E","R","M","T","R","M","M","R","E","R","B",null,"M","M","?","M","M","E","M","M","T","M","M","?","?","M","R","B",null,"R","$","E","B",null],"character_chosen":"THE_SILENT","items_purchased":["Deadly Poison","Catalyst","Orrery","DollysMirror","War Paint"],"campfire_rested":0,"item_purchase_floors":[4,4,19,53,53],"current_hp_per_floor":[56,56,58,58,60,49,49,38,38,34,36,25,25,31,31,37,54,60,60,48,48,52,60,60,60,60,60,60,60,60,57,60,60,60,59,60,60,60,60,31,43,55,55,60,60,50,56,42,60,38,55,60,60,60,15],"gold":71,"neow_bonus":"ONE_RARE_RELIC","is_daily":false,"chose_seed":false,"campfire_upgraded":8,"win_rate":0.0,"timestamp":1613143660,"path_taken":["M","M","M","?","?","E","R","M","T","E","M","?","R","M","R","BOSS","M","$","?","?","M","E","R","M","T","R","M","M","R","E","R","BOSS","M","M","?","M","M","E","M","M","T","M","M","?","?","M","R","BOSS","R","$","E","BOSS"],"items_purchased_type":["Card","Card","Relic","Relic","Relic"],"build_version":"2020-12-22","purchased_purges":2,"victory":true,"max_hp_per_floor":[60,60,60,60,60,60,60,60,60,60,60,60,60,60,60,60,60,60,60,60,60,60,60,60,60,60,60,60,60,60,60,60,60,60,60,60,60,60,60,60,60,60,60,60,60,60,60,60,60,60,60,60,60,60,60],"card_choices":[{"not_picked":["Deflect","Accuracy"],"picked":"Footwork","floor":1.0},{"not_picked":["Quick Slash","Slice"],"picked":"Skewer","floor":2.0},{"not_picked":["Quick Slash","Cloak And Dagger"],"picked":"Terror","floor":3.0},{"not_picked":["Quick Slash","Outmaneuver"],"picked":"Bane","floor":5.0},{"not_picked":["Outmaneuver","Caltrops"],"picked":"Leg Sweep","floor":6.0},{"not_picked":["Acrobatics","Prepared","Deadly Poison"],"picked":"SKIP","floor":8.0},{"not_picked":["Flechettes","Riddle With Holes"],"picked":"Catalyst","floor":10.0},{"not_picked":["Infinite Blades","Cloak And Dagger"],"picked":"Footwork","floor":11.0},{"not_picked":["Terror","Blade Dance"],"picked":"Well Laid Plans","floor":12.0},{"not_picked":["Flying Knee","Deadly Poison","Flechettes"],"picked":"SKIP","floor":14.0},{"not_picked":["Tools of the Trade","Night Terror"],"picked":"After Image","floor":16.0},{"not_picked":["Flying Knee","Outmaneuver","Poisoned Stab"],"picked":"SKIP","floor":18.0},{"not_picked":["Flying Knee+1","Dodge and Roll"],"picked":"PiercingWail","floor":19.0},{"not_picked":["Predator+1","Slice"],"picked":"Leg Sweep","floor":19.0},{"not_picked":["Doppelganger","Backflip"],"picked":"Deflect","floor":19.0},{"not_picked":["Deflect","Dash"],"picked":"Escape Plan","floor":22.0},{"not_picked":["Finisher","Choke","Underhanded Strike"],"picked":"SKIP","floor":23.0},{"not_picked":["Outmaneuver+1","Prepared"],"picked":"Crippling Poison","floor":25.0},{"not_picked":["Dodge and Roll","Dagger Throw+1"],"picked":"Noxious Fumes","floor":28.0},{"not_picked":["Blade Dance","Prepared+1"],"picked":"Distraction+1","floor":29.0},{"not_picked":["Slice+1","Prepared","Bullet Time"],"picked":"SKIP","floor":31.0},{"not_picked":["Grand Finale","Corpse Explosion"],"picked":"Burst","floor":33.0},{"not_picked":["Deadly Poison"],"picked":"SKIP","floor":35.0},{"not_picked":["Concentrate"],"picked":"SKIP","floor":36.0},{"not_picked":["Dagger Spray"],"picked":"SKIP","floor":38.0},{"not_picked":["Sucker Punch"],"picked":"SKIP","floor":39.0},{"not_picked":["Riddle With Holes"],"picked":"SKIP","floor":40.0},{"not_picked":[],"picked":"Crippling Poison+1","floor":41.0},{"not_picked":["Quick Slash+1"],"picked":"SKIP","floor":42.0},{"not_picked":["Terror"],"picked":"SKIP","floor":44.0},{"not_picked":["Dagger Throw"],"picked":"SKIP","floor":45.0},{"not_picked":[],"picked":"Jack Of All Trades","floor":46.0},{"not_picked":[],"picked":"Flash of Steel","floor":46.0},{"not_picked":["Blade Dance"],"picked":"SKIP","floor":48.0},{"not_picked":["Infinite Blades"],"picked":"SKIP","floor":54}],"player_experience":750026,"relics_obtained":[{"floor":6.0,"key":"Letter Opener"},{"floor":9.0,"key":"Thread and Needle"},{"floor":10.0,"key":"CaptainsWheel"},{"floor":12.0,"key":"Odd Mushroom"},{"floor":20.0,"key":"Red Mask"},{"floor":23.0,"key":"HornCleat"},{"floor":26.0,"key":"Eternal Feather"},{"floor":31.0,"key":"Lantern"},{"floor":40.0,"key":"Blood Vial"},{"floor":47.0,"key":"Torii"},{"floor":54,"key":"Sundial"}],"event_choices":[{"damage_healed":0.0,"max_hp_gain":0.0,"max_hp_loss":0.0,"gold_gain":0.0,"event_name":"Mushrooms","player_choice":"Fought Mushrooms","floor":12.0,"gold_loss":0.0,"damage_taken":0.0},{"damage_healed":0.0,"max_hp_gain":0.0,"max_hp_loss":0.0,"gold_gain":0.0,"event_name":"Masked Bandits","player_choice":"Fought Bandits","floor":20.0,"gold_loss":0.0,"damage_taken":0.0},{"cards_removed":["Strike_G"],"damage_healed":0.0,"max_hp_gain":0.0,"max_hp_loss":0.0,"gold_gain":0.0,"event_name":"Falling","player_choice":"Removed Attack","floor":37.0,"gold_loss":0.0,"damage_taken":0.0},{"damage_healed":0.0,"max_hp_gain":0.0,"max_hp_loss":0.0,"gold_gain":0.0,"event_name":"SensoryStone","player_choice":"Memory 3","floor":46.0,"gold_loss":0.0,"damage_taken":10.0},{"damage_healed":0.0,"max_hp_gain":0.0,"max_hp_loss":0.0,"gold_gain":0.0,"event_name":"Mysterious Sphere","player_choice":"Fight","floor":47.0,"gold_loss":0.0,"damage_taken":0.0}],"is_beta":false,"boss_relics":[{"not_picked":["SacredBark","Fusion Hammer"],"picked":"Coffee Dripper"},{"not_picked":["Runic Dome","Empty Cage"],"picked":"Busted Crown"}],"items_purged_floors":[19,53],"is_endless":false,"potions_floor_spawned":[2,5,6,11,12,16,25,28,29,31,35,36,38,40,45,54],"ascension_level":16}}