{"host":"88sw61cmk1203zgj","time":1613111252,"event":{"mods":["BaseMod","Minty Spire (QoL Compilation)"],"gold_per_floor":[119,134,134,146,146,146,158,158,185,210,227,227,227,253,265,352,364,394,406,418,63,80,410,410,437,461,561,589,443,352,363,363,363,363],"floor_reached":33,"language":"ENG","playtime":1586,"items_purged":["Defend_B","Zap"],"score":513,"play_id":"d46b2471-7bfb-44c7-bfe0-7e2a66262a55","local_time":"20210212012732","is_ascension_mode":true,"campfire_choices":[{"data":"Ball Lightning","floor":6.0,"key":"SMITH"},{"data":"Fusion","floor":8.0,"key":"SMITH"},{"floor":12.0,"key":"REST"},{"floor":15.0,"key":"REST"},{"floor":24.0,"key":"REST"},{"floor":32,"key":"REST"}],"circlet_count":0,"master_deck":["AscendersBane","Defend_B","Defend_B","Dualcast","Gash","Ball Lightning","Meteor Strike","Ball Lightning+1","Fusion+1","Beam Cell+1","Glacier","Seek","Glacier+1","Darkness+1","Undo+1","Gash","Doom and Gloom","Gash+1","FTL+1","Beam Cell+1","Coolheaded+1","Go for the Eyes+1","Capacitor+1","Cold Snap+1","Hologram","Static Discharge+1","Heatsinks+1","Compile Driver+1"],"relics":["Cracked Core","NeowsBlessing","Akabeko","MealTicket","MawBank","Astrolabe","Membership Card","Molten Egg 2","Old Coin","Nunchaku","Juzu Bracelet","Emotion Chip","Frozen Egg 2","Pear","Orrery","HornCleat"],"acts_visited":["Exordium","TheCity"],"potions_floor_usage":[],"damage_taken":[{"damage":0.0,"enemies":"Jaw Worm","floor":1.0,"turns":1.0},{"damage":0.0,"enemies":"Cultist","floor":2.0,"turns":1.0},{"damage":0.0,"enemies":"2 Louse","floor":4.0,"turns":1.0},{"damage":13.0,"enemies":"Exordium Thugs","floor":7.0,"turns":4.0},{"damage":35.0,"enemies":"3 Sentries","floor":10.0,"turns":6.0},{"damage":8.0,"enemies":"Blue Slaver","floor":11.0,"turns":2.0},{"damage":15.0,"enemies":"Lagavulin","floor":14.0,"turns":6.0},{"damage":6.0,"enemies":"The Guardian","floor":16.0,"turns":10.0},{"damage":0.0,"enemies":"Spheric Guardian","floor":18.0,"turns":3.0},{"damage":16.0,"enemies":"3 Byrds","floor":22.0,"turns":4.0},{"damage":42.0,"enemies":"Book of Stabbing","floor":23.0,"turns":6.0},{"damage":2.0,"enemies":"Gremlin Leader","floor":25.0,"turns":6.0},{"damage":10.0,"enemies":"Colosseum Slavers","floor":27.0,"turns":4.0},{"damage":9.0,"enemies":"Colosseum Nobs","floor":27.0,"turns":3.0},{"damage":16.0,"enemies":"Book of Stabbing","floor":28.0,"turns":6.0},{"damage":15,"enemies":"Snecko","floor":31,"turns":5},{"damage":39,"enemies":"Automaton","floor":33,"turns":6}],"seed_played":"2918798868438147945","potions_obtained":[{"floor":4.0,"key":"EssenceOfDarkness"},{"floor":7.0,"key":"FocusPotion"},{"floor":18.0,"key":"Explosive Potion"},{"floor":23.0,"key":"SteroidPotion"},{"floor":28.0,"key":"Swift Potion"}],"is_trial":false,"path_per_floor":["M","M","?","M","?","R","M","R","T","E","M","R","?","E","R","B",null,"M","?","?","$","M","E","R","E","T","?","E","$","?","M","R","B"],"character_chosen":"DEFECT","items_purchased":["Membership Card","Molten Egg 2","Gash+1","FTL+1","Orrery","Static Discharge+1"],"campfire_rested":4,"item_purchase_floors":[21,21,21,21,29,29],"current_hp_per_floor":[68,68,68,68,68,68,55,55,55,20,12,34,34,19,41,35,65,65,65,65,75,59,17,39,37,37,18,12,27,27,12,37,0,0],"gold":363,"neow_bonus":"THREE_ENEMY_KILL","is_daily":false,"chose_seed":false,"campfire_upgraded":2,"win_rate":0.0,"timestamp":1613111252,"path_taken":["M","M","?","?","?","R","?","R","T","E","M","R","?","E","R","BOSS","M","?","?","$","?","E","R","E","T","?","E","?","?","M","R","BOSS"],"items_purchased_type":["Relic","Relic","Card","Card","Relic","Card"],"build_version":"2020-12-22","purchased_purges":2,"victory":false,"max_hp_per_floor":[75,75,75,75,75,75,75,75,75,75,75,75,75,75,75,75,75,75,75,75,75,75,75,75,75,75,75,85,85,85,85,85,85,85],"card_choices":[{"not_picked":["Compile Driver","Melter"],"picked":"Gash","floor":1.0},{"not_picked":["Redo","Skim"],"picked":"Ball Lightning","floor":2.0},{"not_picked":["Streamline","Barrage"],"picked":"Ball Lightning","floor":4.0},{"not_picked":["Redo","Cold Snap"],"picked":"Fusion","floor":7.0},{"not_picked":["Lockon","Ball Lightning"],"picked":"Beam Cell","floor":10.0},{"not_picked":["FTL","Skim"],"picked":"Glacier","floor":11.0},{"not_picked":["Static Discharge","Force Field","Beam Cell"],"picked":"SKIP","floor":14.0},{"not_picked":["Hyperbeam","Creative AI"],"picked":"Seek","floor":16.0},{"not_picked":["Compile Driver","Hello World"],"picked":"Gash","floor":18.0},{"not_picked":["Ball Lightning+1","Undo"],"picked":"Beam Cell+1","floor":22.0},{"not_picked":["Static Discharge","Doom and Gloom+1"],"picked":"Coolheaded+1","floor":23.0},{"not_picked":["Reinforced Body","Stack"],"picked":"Go for the Eyes+1","floor":25.0},{"not_picked":["Multi-Cast","Conserve Battery"],"picked":"Capacitor+1","floor":28.0},{"not_picked":["Beam Cell+1","Glacier"],"picked":"Cold Snap+1","floor":29.0},{"not_picked":["Barrage+1","Storm+1"],"picked":"Hologram","floor":29.0},{"not_picked":["Sweeping Beam+1","Conserve Battery"],"picked":"Heatsinks+1","floor":29.0},{"not_picked":["Turbo","Leap"],"picked":"Compile Driver+1","floor":31}],"player_experience":1582432,"relics_obtained":[{"floor":9.0,"key":"Akabeko"},{"floor":10.0,"key":"MealTicket"},{"floor":14.0,"key":"MawBank"},{"floor":23.0,"key":"Old Coin"},{"floor":25.0,"key":"Nunchaku"},{"floor":26.0,"key":"Juzu Bracelet"},{"floor":27.0,"key":"Emotion Chip"},{"floor":27.0,"key":"Frozen Egg 2"},{"floor":28.0,"key":"Pear"}],"event_choices":[{"damage_healed":0.0,"max_hp_gain":0.0,"max_hp_loss":0.0,"gold_gain":0.0,"cards_transformed":["Strike_B"],"event_name":"Transmorgrifier","player_choice":"Transformed","floor":3.0,"gold_loss":0.0,"damage_taken":0.0,"cards_obtained":["Meteor Strike"]},{"cards_removed":["Strike_B"],"damage_healed":0.0,"max_hp_gain":0.0,"max_hp_loss":0.0,"gold_gain":0.0,"event_name":"Purifier","player_choice":"Purged","floor":5.0,"gold_loss":0.0,"damage_taken":0.0},{"damage_healed":0.0,"max_hp_gain":0.0,"max_hp_loss":0.0,"gold_gain":0.0,"event_name":"Living Wall","player_choice":"Grow","floor":13.0,"gold_loss":0.0,"damage_taken":0.0,"cards_upgraded":["Beam Cell"]},{"damage_healed":0.0,"max_hp_gain":0.0,"max_hp_loss":0.0,"gold_gain":0.0,"event_name":"The Library","player_choice":"Read","floor":19.0,"gold_loss":0.0,"damage_taken":0.0,"cards_obtained":["Doom and Gloom"]},{"damage_healed":0.0,"max_hp_gain":0.0,"max_hp_loss":0.0,"gold_gain":0.0,"event_name":"NoteForYourself","player_choice":"Ignored","floor":20.0,"gold_loss":0.0,"damage_taken":0.0},{"damage_healed":0.0,"max_hp_gain":0.0,"max_hp_loss":0.0,"gold_gain":0.0,"event_name":"Colosseum","player_choice":"Fight","floor":27.0,"gold_loss":0.0,"damage_taken":0.0},{"damage_healed":0.0,"max_hp_gain":0.0,"max_hp_loss":0.0,"gold_gain":0.0,"event_name":"Colosseum","player_choice":"Fought Nobs","floor":27.0,"gold_loss":0.0,"damage_taken":0.0},{"damage_healed":0.0,"max_hp_gain":0.0,"max_hp_loss":0.0,"gold_gain":0.0,"event_name":"WeMeetAgain","player_choice":"Paid Gold","floor":30.0,"gold_loss":91.0,"damage_taken":0.0,"relics_obtained":["HornCleat"]}],"is_beta":false,"boss_relics":[{"not_picked":["Busted Crown","Fusion Hammer"],"picked":"Astrolabe"}],"items_purged_floors":[21,29],"is_endless":false,"potions_floor_spawned":[4,7,14,18,23,28],"killed_by":"Automaton","ascension_level":13}}