{"host":"YagamiMirai","time":1613162928,"event":{"mods":["Act Like it!","Alarm Clock","BaseMod","Bossed Relics","Conspire","Downfall","Hermit","Minty Spire (QoL Compilation)","Pale of the Ancients","Relic Filter Mod","Reliquary","Replay The Spire","Robot Space Explorer","Spicy Shops","StSLib","The Dragon Tamer","The Gatherer","The Mystic","TheHeartMod","Wide Potions","¡¾ÒÅÎï¿¨ÅÆ¡¿REMEMod","óô»ðÖ¸ÄÏ"],"gold_per_floor":[118,118,128,143,143,170,13,13,13,13,88,123,123,123,123,243,243,257,290,315,334,455,496,520,538,538,76,92,127,150,130,130,255,255,362,519,519,626,745,745,1183,1183,1183,1320,1320,1439,1439,1554,1554,1554,1554,1554,58,192,192],"floor_reached":56,"language":"ZHS","playtime":3310,"items_purged":["Normality"],"score":1505,"play_id":"31ea23e6-53d8-4bfa-bd40-1ddcd4b4d28c","local_time":"20210213044848","is_ascension_mode":false,"metric_token":1431,"campfire_choices":[{"data":"REME_HeartOfCthun","floor":8.0,"key":"SMITH"},{"data":"DTMod:BalancedStrike","floor":15.0,"key":"SMITH"},{"data":"Dramatic Entrance","floor":32.0,"key":"SMITH"},{"data":"DTMod:TriAttack","floor":40.0,"key":"SMITH"},{"floor":49.0,"key":"RECALL"},{"data":"DTMod:Training","floor":52,"key":"SMITH"}],"dtmod_dragon_data":[21,55,1,4,12,5],"circlet_count":0,"master_deck":["DTMod:Strike","DTMod:Strike","DTMod:Strike","DTMod:Strike","DTMod:DoubleHit","DTMod:TargetDefense","DTMod:TargetDefense","DTMod:TargetDefense","DTMod:SwitchingTactic","Dramatic Entrance+1","DTMod:Training","DTMod:TargetDefense","DTMod:BalancedStrike+1","DTMod:GhostSkin","DTMod:Training+1","DTMod:DarkBreath","DTMod:BreakAttack","DTMod:Hide+1","REME_HeartOfCthun+1","Regret","DTMod:ShadowImage","Injury","hermit:ImpendingDoom","Delirium","DTMod:ComboAttack","DTMod:CrossStep+1","DTMod:QuickFly+1","DTMod:ComboAttack+1","DTMod:QuickFly","DTMod:ComboAttack","DTMod:QuickFly","DTMod:TauntingStrike+1","DTMod:QuickFly","DTMod:Hide","DTMod:TriAttack+1","DTMod:Training+1","DTMod:BalancedStrike","DTMod:Shift+1","DTMod:Shift+1","DTMod:TagTeam+1","DTMod:InvisibleFlame","DTMod:WarmUp+1","DTMod:TauntingStrike+1"],"relics":["DTMod:PactStone","REME_ComplimentaryCards","Replay:Mystery Machine","BargainBundle","Shuriken","Gremlin Horn","Guardian:GemstoneGun","Golden Idol","Replay:Ancient Bell","Pet Ghost","Iron Hammer","Counterbalance","conspire:TopHat","Blue Doll","Strawberry","Replay:Ringing Soul","conspire:GlowingRock","DTMod:MindBender","reliquary:RosewoodLute","Tiny House","FossilizedHelix","Old Coin","The Courier","Guardian:PocketSentry","ReplayTheSpireMod:TigerMarble","ClockworkSouvenir","reliquary:RoseTintedGlasses","Akabeko","hexamod:Sixitude","Snack Pack","DTMod:AncientBone","Quantum Egg","Oddly Smooth Stone","Happy Flower","REME_PuzzleBoxRelic"],"acts_visited":["Exordium","TheCity","TheBeyond","TheEnding"],"potions_floor_usage":[50,55],"damage_taken":[{"damage":0.0,"enemies":"2 Louse","floor":1.0,"turns":2.0},{"damage":0.0,"enemies":"Cultist","floor":3.0,"turns":4.0},{"damage":0.0,"enemies":"Jaw Worm","floor":4.0,"turns":2.0},{"damage":10.0,"enemies":"Replay:BlueRogue","floor":6.0,"turns":7.0},{"damage":3.0,"enemies":"Lagavulin","floor":12.0,"turns":4.0},{"damage":5.0,"enemies":"Hexaghost","floor":16.0,"turns":8.0},{"damage":0.0,"enemies":"Shell Parasite","floor":18.0,"turns":3.0},{"damage":0.0,"enemies":"conspire:MimicChest","floor":19.0,"turns":4.0},{"damage":0.0,"enemies":"conspire:FuzzyDice","floor":20.0,"turns":4.0},{"damage":11.0,"enemies":"Shelled Parasite and Fungi","floor":21.0,"turns":3.0},{"damage":0.0,"enemies":"Gremlin Leader","floor":23.0,"turns":4.0},{"damage":5.0,"enemies":"Sentry and Sphere","floor":24.0,"turns":3.0},{"damage":10.0,"enemies":"conspire:HollyBat","floor":25.0,"turns":5.0},{"damage":0.0,"enemies":"Chosen and Byrds","floor":28.0,"turns":1.0},{"damage":9.0,"enemies":"Book of Stabbing","floor":29.0,"turns":5.0},{"damage":0.0,"enemies":"3 Cultists","floor":30.0,"turns":3.0},{"damage":7.0,"enemies":"Collector","floor":33.0,"turns":9.0},{"damage":0.0,"enemies":"3 Shapes","floor":35.0,"turns":2.0},{"damage":5.0,"enemies":"Mind Bloom Boss Battle","floor":36.0,"turns":6.0},{"damage":0.0,"enemies":"Orb Walker","floor":38.0,"turns":1.0},{"damage":0.0,"enemies":"Transient","floor":39.0,"turns":5.0},{"damage":0.0,"enemies":"R_Hoarder","floor":41.0,"turns":6.0},{"damage":17.0,"enemies":"Nemesis","floor":44.0,"turns":7.0},{"damage":0.0,"enemies":"3 Darklings","floor":46.0,"turns":1.0},{"damage":0.0,"enemies":"Jaw Worm Horde","floor":48.0,"turns":1.0},{"damage":17,"enemies":"Donu and Deca","floor":50,"turns":9},{"damage":0,"enemies":"Shield and Spear","floor":54,"turns":5},{"damage":28,"enemies":"The Heart","floor":55,"turns":8}],"seed_played":"8389044255556914009","potions_obtained":[{"floor":3.0,"key":"Fruit Juice"},{"floor":6.0,"key":"FearPotion"},{"floor":19.0,"key":"Fire Potion"},{"floor":28.0,"key":"Fruit Juice"},{"floor":30.0,"key":"Cursed Concoction"},{"floor":31.0,"key":"Explosive Potion"},{"floor":35.0,"key":"bronze:BurnAndBuffPotion"},{"floor":39.0,"key":"Fire Potion"}],"is_trial":false,"path_per_floor":["M","?","M","M","$","E","$","R","T","?","?","E","?","?","R","B",null,"M","?","M","M","?","E","M","M","T","$","M","E","M","?","R","B",null,"M","?","?","M","M","R","E","?","T","E","T","M","?","M","R","B",null,"R","$","E","B",null],"character_chosen":"THE_DT","items_purchased":["BargainBundle","FearPotion","Milkshake","Fire Potion","DTMod:DarkBreath","DTMod:BreakAttack","DTMod:Hide+1","REME_HeartOfCthun","conspire:GlowingRock","DTMod:MindBender","ReplayTheSpireMod:TigerMarble","ClockworkSouvenir","reliquary:RoseTintedGlasses","Akabeko","hexamod:Sixitude","Snack Pack","DTMod:AncientBone","Quantum Egg","Oddly Smooth Stone","Happy Flower"],"campfire_rested":0,"item_purchase_floors":[7,7,7,7,7,7,7,7,27,27,53,53,53,53,53,53,53,53,53,53],"current_hp_per_floor":[45,45,57,57,57,47,47,47,47,47,36,33,33,19,19,14,57,57,57,57,46,46,53,48,38,38,38,41,35,38,38,38,34,76,79,77,77,80,83,83,86,86,86,72,72,75,75,75,75,58,97,97,97,100,83],"gold":192,"neow_bonus":"RANDOM_COLORLESS","is_daily":false,"chose_seed":false,"campfire_upgraded":5,"win_rate":0.0,"timestamp":1613162928,"path_taken":["M","?","?","M","$","E","$","R","T","?","?","E","?","?","R","BOSS","M","?","M","M","?","E","M","M","T","$","M","E","M","?","R","BOSS","M","?","?","M","M","R","E","?","T","E","?","?","?","?","R","BOSS","R","$","E","BOSS"],"items_purchased_type":["Relic","Potion","Potion","Potion","Card","Card","Card","Card","Relic","Relic","Relic","Relic","Relic","Relic","Relic","Relic","Relic","Relic","Relic","Relic"],"build_version":"2020-12-18","purchased_purges":1,"victory":true,"max_hp_per_floor":[45,45,57,57,57,57,57,57,57,57,57,57,57,57,57,57,57,57,57,57,57,57,64,64,64,64,64,67,70,73,73,73,76,76,79,82,82,85,88,88,91,91,91,94,94,97,97,97,97,97,97,97,97,100,100],"card_choices":[{"not_picked":["Trip","Replay:BasicMightCard"],"picked":"Dramatic Entrance","floor":0.0},{"not_picked":["DTMod:BizarreTactic","DTMod:Weaken"],"picked":"DTMod:Training","floor":1.0},{"not_picked":["DTMod:GhostSkin","DTMod:MagicField"],"picked":"DTMod:BalancedStrike","floor":3.0},{"not_picked":["DTMod:BuildUp","DTMod:Cover"],"picked":"DTMod:GhostSkin","floor":4.0},{"not_picked":["DTMod:CleansingStrike","DTMod:BurningEnergy"],"picked":"DTMod:Training","floor":6.0},{"not_picked":["DTMod:MasterPlan","DTMod:ForkedFire","DTMod:MagicField"],"picked":"SKIP","floor":12.0},{"not_picked":["DTMod:Safeguard","DTMod:FierySynthesis"],"picked":"DTMod:ShadowImage","floor":16.0},{"not_picked":["hermit:ImpendingDoom","downfall:Aged"],"picked":"Injury","floor":17.0},{"not_picked":["Regret","Looming Evil"],"picked":"hermit:ImpendingDoom","floor":17.0},{"not_picked":["Replay:Hysterical Blindness","Regret"],"picked":"Delirium","floor":17.0},{"not_picked":["DTMod:FlameSlash","DTMod:SneakAttack"],"picked":"DTMod:ComboAttack","floor":18.0},{"not_picked":["DTMod:MagicField","DTMod:Weaken","DTMod:FlameSlash"],"picked":"SKIP","floor":20.0},{"not_picked":["DTMod:BuildUp","DTMod:MasterPlan"],"picked":"DTMod:CrossStep+1","floor":21.0},{"not_picked":["DTMod:Cover","DTMod:Feint"],"picked":"DTMod:QuickFly+1","floor":22.0},{"not_picked":["DTMod:Haste","DTMod:GearUp"],"picked":"DTMod:ComboAttack+1","floor":22.0},{"not_picked":["DTMod:Astonish","DTMod:Punisher"],"picked":"DTMod:QuickFly","floor":23.0},{"not_picked":["DTMod:DeepFocus","DTMod:Observe"],"picked":"DTMod:ComboAttack","floor":24.0},{"not_picked":["DTMod:MagicField+1","DTMod:DragonDance"],"picked":"DTMod:QuickFly","floor":25.0},{"not_picked":["DTMod:Shift+1","DTMod:BalancedStrike+1"],"picked":"DTMod:TauntingStrike+1","floor":28.0},{"not_picked":["DTMod:Weaken","DTMod:Astonish"],"picked":"DTMod:QuickFly","floor":29.0},{"not_picked":["DTMod:Conduct","DTMod:BuildUp"],"picked":"DTMod:Hide","floor":30.0},{"not_picked":["DTMod:StunTrap","DTMod:Multitask"],"picked":"DTMod:TriAttack","floor":33.0},{"not_picked":["DTMod:BlazingStrike+1","DTMod:Punisher"],"picked":"DTMod:Training+1","floor":35.0},{"not_picked":["DTMod:BurningEnergy+1","DTMod:Threaten"],"picked":"DTMod:BalancedStrike","floor":36.0},{"not_picked":["DTMod:Cover","DTMod:Punisher"],"picked":"DTMod:Shift+1","floor":38.0},{"not_picked":["DTMod:HeatWave+1","DTMod:Hide"],"picked":"DTMod:Shift+1","floor":39.0},{"not_picked":["DTMod:DragonDance+1","DTMod:DeepFocus"],"picked":"DTMod:TagTeam+1","floor":41.0},{"not_picked":["DTMod:CleansingStrike","DTMod:BlueScale+1"],"picked":"DTMod:InvisibleFlame","floor":44.0},{"not_picked":["DTMod:GhostSkin","DTMod:CleansingStrike"],"picked":"DTMod:WarmUp+1","floor":46.0},{"not_picked":["DTMod:DeepFocus+1","DTMod:BlazingStrike+1","DTMod:LowKick"],"picked":"SKIP","floor":48.0},{"not_picked":["DTMod:BuildUp+1","DTMod:LowKick+1"],"picked":"DTMod:TauntingStrike+1","floor":54}],"player_experience":987638,"relics_obtained":[{"floor":6.0,"key":"Replay:Mystery Machine"},{"floor":9.0,"key":"Shuriken"},{"floor":12.0,"key":"Guardian:GemstoneGun"},{"floor":19.0,"key":"conspire:TopHat"},{"floor":22.0,"key":"Blue Doll"},{"floor":23.0,"key":"Strawberry"},{"floor":26.0,"key":"Replay:Ringing Soul"},{"floor":29.0,"key":"reliquary:RosewoodLute"},{"floor":36.0,"key":"FossilizedHelix"},{"floor":41.0,"key":"Old Coin"},{"floor":43.0,"key":"The Courier"},{"floor":44.0,"key":"Guardian:PocketSentry"},{"floor":54,"key":"REME_PuzzleBoxRelic"}],"event_choices":[{"cards_removed":["DTMod:TargetDefense"],"damage_healed":0.0,"max_hp_gain":0.0,"max_hp_loss":0.0,"gold_gain":0.0,"event_name":"NoteForYourself","player_choice":"Took Card","floor":2.0,"gold_loss":0.0,"damage_taken":0.0,"cards_obtained":["DTMod:TargetDefense"]},{"damage_healed":0.0,"max_hp_gain":0.0,"max_hp_loss":0.0,"gold_gain":0.0,"event_name":"Big Fish","player_choice":"Box","floor":10.0,"gold_loss":0.0,"damage_taken":0.0,"relics_obtained":["Gremlin Horn"],"cards_obtained":["Regret"]},{"damage_healed":0.0,"max_hp_gain":0.0,"max_hp_loss":0.0,"gold_gain":75.0,"event_name":"World of Goop","player_choice":"Gather Gold","floor":11.0,"gold_loss":0.0,"damage_taken":11.0},{"damage_healed":0.0,"max_hp_gain":0.0,"max_hp_loss":0.0,"gold_gain":0.0,"event_name":"conspire:Investor","player_choice":"Leave","floor":13.0,"gold_loss":0.0,"damage_taken":0.0},{"damage_healed":0.0,"max_hp_gain":0.0,"max_hp_loss":0.0,"gold_gain":0.0,"event_name":"Golden Idol","player_choice":"Take Damage","floor":14.0,"gold_loss":0.0,"damage_taken":14.0,"relics_obtained":["Golden Idol"]},{"damage_healed":0.0,"max_hp_gain":0.0,"max_hp_loss":0.0,"gold_gain":0.0,"event_name":"The Woman in Blue","player_choice":"Bought 1 Potion","floor":31.0,"gold_loss":0.0,"damage_taken":0.0},{"damage_healed":0.0,"max_hp_gain":0.0,"max_hp_loss":0.0,"gold_gain":0.0,"event_name":"MindBloom","player_choice":"Fight","floor":36.0,"gold_loss":0.0,"damage_taken":0.0},{"damage_healed":0.0,"max_hp_gain":0.0,"max_hp_loss":0.0,"gold_gain":0.0,"event_name":"Tomb of Lord Red Mask","player_choice":"Ignored","floor":37.0,"gold_loss":0.0,"damage_taken":0.0},{"damage_healed":0.0,"max_hp_gain":0.0,"max_hp_loss":0.0,"gold_gain":0.0,"event_name":"The Moai Head","player_choice":"Ignored","floor":42.0,"gold_loss":0.0,"damage_taken":0.0},{"damage_healed":0.0,"max_hp_gain":0.0,"max_hp_loss":0.0,"gold_gain":0.0,"event_name":"SecretPortal","player_choice":"Ignored","floor":47.0,"gold_loss":0.0,"damage_taken":0.0}],"is_beta":true,"boss_relics":[{"not_picked":["ReplayTheSpireMod:DimensionalGlitch","Replay:Drink Me"],"picked":"Replay:Ancient Bell"},{"not_picked":["ReplayTheSpireMod:Lightbulb","reliquary:PorcupineQuills"],"picked":"Pet Ghost"},{"not_picked":["conspire:Dentures","Pear"],"picked":"Iron Hammer"},{"not_picked":["conspire:InfiniteJournal","Lizard Tail"],"picked":"Counterbalance"},{"not_picked":["Honey Jar","conspire:RunicOctahedron"],"picked":"Tiny House"}],"items_purged_floors":[7],"is_endless":false,"potions_floor_spawned":[3,6,19,21,28,30,35,36,39],"ascension_level":0}}