{"host":"jpzdg3po3tjxdjri","time":1613133960,"event":{"mods":["BaseMod","Better Third Choice","Colored Map","Colored Powertips","Minty Spire (QoL Compilation)","StSLib"],"gold_per_floor":[114,114,131,22,39,70,70,81,81,112,112,143,154,154,154,253,253,253,253,253,253,8,8,8,8,8,8,8,8,8,8,8,8,8,8,8,8,0,0,0,0,0,0,0,0,0,0,0,0,0],"floor_reached":51,"language":"ENG","playtime":2349,"items_purged":["Strike_B","Strike_B"],"score":857,"play_id":"0979c1da-c89a-467b-bba4-a493daf7dd63","local_time":"20210212124600","is_ascension_mode":true,"campfire_choices":[{"data":"Reprogram","floor":7,"key":"SMITH"},{"floor":11,"key":"REST"},{"floor":15,"key":"REST"},{"data":"Hyperbeam","floor":27,"key":"SMITH"},{"data":"Machine Learning","floor":29,"key":"SMITH"},{"data":"Stack","floor":32,"key":"SMITH"},{"floor":40,"key":"REST"},{"floor":45,"key":"REST"},{"floor":49,"key":"REST"}],"circlet_count":0,"master_deck":["Strike_B","Strike_B","Defend_B+1","Defend_B","Defend_B","Defend_B","Zap","Dualcast","Gash","Gash+1","Ball Lightning","Reprogram+1","Melter","Stack","Stack+1","Hyperbeam+1","Go for the Eyes","Gash","Core Surge","Streamline","Sweeping Beam","Steam Power+1","Leap","Machine Learning+1","Go for the Eyes","Gash","Coolheaded","Seek","Hologram+1","Reprogram","Go for the Eyes+1","Streamline+1","Stack+1","Gash+1","Reprogram"],"relics":["Cracked Core","Ornamental Fan","Bottled Flame","Mummified Hand","Letter Opener","Ectoplasm","Lee\u0027s Waffle","Matryoshka","SsserpentHead","Anchor","Omamori","Old Coin","SacredBark","Pocketwatch","Red Mask","Pantograph","Centennial Puzzle","Kunai","CeramicFish"],"acts_visited":["Exordium","TheCity","TheBeyond"],"potions_floor_usage":[33,33,33,36,44,44,50,50],"damage_taken":[{"damage":3,"enemies":"Small Slimes","floor":1,"turns":3},{"damage":0,"enemies":"Cultist","floor":3,"turns":3},{"damage":2,"enemies":"Jaw Worm","floor":5,"turns":3},{"damage":21,"enemies":"Lagavulin","floor":6,"turns":7},{"damage":3,"enemies":"Blue Slaver","floor":8,"turns":4},{"damage":11,"enemies":"3 Sentries","floor":10,"turns":7},{"damage":22,"enemies":"Lagavulin","floor":12,"turns":6},{"damage":0,"enemies":"Large Slime","floor":13,"turns":4},{"damage":29,"enemies":"Slime Boss","floor":16,"turns":8},{"damage":8,"enemies":"Shell Parasite","floor":18,"turns":3},{"damage":16,"enemies":"Spheric Guardian","floor":19,"turns":4},{"damage":10,"enemies":"Snecko","floor":20,"turns":4},{"damage":0,"enemies":"3 Cultists","floor":21,"turns":4},{"damage":1,"enemies":"Gremlin Leader","floor":23,"turns":6},{"damage":25,"enemies":"Snake Plant","floor":24,"turns":4},{"damage":0,"enemies":"Shelled Parasite and Fungi","floor":28,"turns":4},{"damage":9,"enemies":"Book of Stabbing","floor":30,"turns":5},{"damage":0,"enemies":"Centurion and Healer","floor":31,"turns":4},{"damage":39,"enemies":"Collector","floor":33,"turns":9},{"damage":5,"enemies":"Orb Walker","floor":35,"turns":3},{"damage":21,"enemies":"2 Orb Walkers","floor":36,"turns":4},{"damage":5,"enemies":"3 Shapes","floor":37,"turns":5},{"damage":16,"enemies":"Writhing Mass","floor":39,"turns":7},{"damage":14,"enemies":"Giant Head","floor":41,"turns":9},{"damage":20,"enemies":"Reptomancer","floor":44,"turns":6},{"damage":9,"enemies":"Sphere and 2 Shapes","floor":46,"turns":4},{"damage":0,"enemies":"Jaw Worm Horde","floor":47,"turns":2},{"damage":25,"enemies":"Maw","floor":48,"turns":7},{"damage":43,"enemies":"Time Eater","floor":50,"turns":10}],"seed_played":"7432646218808781949","potions_obtained":[{"floor":1,"key":"EssenceOfSteel"},{"floor":6,"key":"SpeedPotion"},{"floor":8,"key":"Weak Potion"},{"floor":13,"key":"PowerPotion"},{"floor":33,"key":"AttackPotion"},{"floor":37,"key":"DistilledChaos"},{"floor":39,"key":"Explosive Potion"},{"floor":42,"key":"CultistPotion"},{"floor":42,"key":"DuplicationPotion"},{"floor":44,"key":"Explosive Potion"},{"floor":46,"key":"Explosive Potion"}],"is_trial":false,"path_per_floor":["M","?","M","$","M","E","R","M","T","E","R","E","M","?","R","B",null,"M","M","M","M","$","E","M","?","T","R","M","R","E","M","R","B",null,"M","?","M","?","M","R","E","?","T","E","R","M","M","M","R","B",null],"character_chosen":"DEFECT","items_purchased":["Reprogram","Lee\u0027s Waffle"],"campfire_rested":5,"item_purchase_floors":[4,22],"current_hp_per_floor":[72,57,57,57,55,34,34,31,31,20,42,20,20,20,42,13,75,67,51,41,41,82,81,56,56,56,56,56,56,47,47,47,8,82,77,56,51,51,35,59,45,45,45,25,49,40,40,15,39,21],"gold":0,"neow_bonus":"THREE_CARDS","is_daily":false,"chose_seed":false,"campfire_upgraded":4,"win_rate":0.0,"timestamp":1613133960,"path_taken":["M","?","M","$","M","E","R","M","T","E","R","E","M","?","R","BOSS","M","M","M","M","$","E","M","?","T","R","M","R","E","?","R","BOSS","M","?","M","?","M","R","E","?","T","E","R","?","M","M","R","BOSS"],"items_purchased_type":["Card","Relic"],"build_version":"2020-12-22","purchased_purges":2,"victory":true,"max_hp_per_floor":[75,75,75,75,75,75,75,75,75,75,75,75,75,75,75,75,75,75,75,75,75,82,82,82,82,82,82,82,82,82,82,82,82,82,82,82,82,82,82,82,82,82,82,82,82,82,82,82,82,82],"card_choices":[{"not_picked":["Capacitor","Hologram"],"picked":"Gash","floor":0},{"not_picked":["Streamline","Ball Lightning"],"picked":"Gash","floor":1},{"not_picked":["Hologram","Genetic Algorithm"],"picked":"Ball Lightning","floor":3},{"not_picked":["Defragment","Hello World"],"picked":"Melter","floor":5},{"not_picked":["Coolheaded","Lockon"],"picked":"Stack","floor":6},{"not_picked":["Recycle","Chill"],"picked":"Stack","floor":8},{"not_picked":["Steam Power","Redo"],"picked":"Hyperbeam","floor":10},{"not_picked":["Cold Snap","Aggregate"],"picked":"Go for the Eyes","floor":12},{"not_picked":["Genetic Algorithm","BootSequence"],"picked":"Gash","floor":13},{"not_picked":["Buffer","Rainbow"],"picked":"Core Surge","floor":16},{"not_picked":["Blizzard","Barrage"],"picked":"Streamline","floor":18},{"not_picked":["Streamline","Consume"],"picked":"Sweeping Beam","floor":19},{"not_picked":["Barrage","Multi-Cast"],"picked":"Steam Power+1","floor":20},{"not_picked":["Double Energy+1","Rebound+1"],"picked":"Leap","floor":21},{"not_picked":["Cold Snap","Gash"],"picked":"Machine Learning","floor":23},{"not_picked":["Skim","Coolheaded+1"],"picked":"Go for the Eyes","floor":24},{"not_picked":["Capacitor+1","Turbo"],"picked":"Gash","floor":28},{"not_picked":["Turbo","Chaos","Chill"],"picked":"SKIP","floor":30},{"not_picked":["Machine Learning","Darkness"],"picked":"Coolheaded","floor":31},{"not_picked":["Buffer","Amplify"],"picked":"Seek","floor":33},{"not_picked":["Barrage+1","Cold Snap"],"picked":"Hologram+1","floor":35},{"not_picked":["Streamline","Capacitor"],"picked":"Reprogram","floor":36},{"not_picked":["Blizzard","Redo+1"],"picked":"Go for the Eyes+1","floor":37},{"not_picked":["Double Energy","Coolheaded"],"picked":"Streamline+1","floor":39},{"not_picked":["Thunder Strike","Leap"],"picked":"Stack+1","floor":41},{"not_picked":["Cold Snap+1","Capacitor+1","Loop+1"],"picked":"SKIP","floor":44},{"not_picked":["Steam+1","Compile Driver"],"picked":"Gash+1","floor":46},{"not_picked":["Stack","Chaos+1"],"picked":"Reprogram","floor":47},{"not_picked":["Turbo","Heatsinks+1","Blizzard+1"],"picked":"SKIP","floor":48}],"player_experience":897163,"relics_obtained":[{"floor":6,"key":"Ornamental Fan"},{"floor":9,"key":"Bottled Flame"},{"floor":10,"key":"Mummified Hand"},{"floor":12,"key":"Letter Opener"},{"floor":23,"key":"Matryoshka"},{"floor":26,"key":"Anchor"},{"floor":26,"key":"Omamori"},{"floor":30,"key":"Old Coin"},{"floor":36,"key":"Pocketwatch"},{"floor":41,"key":"Pantograph"},{"floor":43,"key":"Centennial Puzzle"},{"floor":43,"key":"Kunai"},{"floor":44,"key":"CeramicFish"}],"event_choices":[{"damage_healed":72,"gold_gain":0,"player_choice":"Upgrade","damage_taken":15,"max_hp_gain":0,"max_hp_loss":75,"event_name":"betterThird:BetterShining","floor":2,"gold_loss":0,"cards_upgraded":["Defend_B","Gash"]},{"cards_removed":["Fire Breathing"],"damage_healed":0,"gold_gain":0,"player_choice":"Took Card","damage_taken":0,"max_hp_gain":0,"max_hp_loss":0,"event_name":"NoteForYourself","floor":14,"gold_loss":0,"cards_obtained":["Fire Breathing"]},{"damage_healed":0,"gold_gain":0,"player_choice":"Trade","damage_taken":0,"relics_obtained":["SsserpentHead"],"max_hp_gain":0,"max_hp_loss":0,"event_name":"FaceTrader","floor":25,"gold_loss":0},{"damage_healed":0,"gold_gain":0,"player_choice":"Fight","damage_taken":0,"max_hp_gain":0,"max_hp_loss":0,"event_name":"Mysterious Sphere","floor":36,"gold_loss":0},{"damage_healed":0,"gold_gain":0,"player_choice":"Paid","damage_taken":0,"relics_obtained":["Red Mask"],"max_hp_gain":0,"max_hp_loss":0,"event_name":"Tomb of Lord Red Mask","floor":38,"gold_loss":8},{"damage_healed":0,"gold_gain":0,"player_choice":"Got Potions","damage_taken":0,"max_hp_gain":0,"max_hp_loss":0,"event_name":"Lab","floor":42,"gold_loss":0}],"is_beta":false,"boss_relics":[{"not_picked":["Runic Dome","Empty Cage"],"picked":"Ectoplasm"},{"not_picked":["Inserter","FrozenCore"],"picked":"SacredBark"}],"items_purged_floors":[4,22],"is_endless":false,"potions_floor_spawned":[1,6,8,13,18,20,28,30,33,37,39,44,46],"ascension_level":1}}