{"host":"4b06nrmhsmzqjm1r","time":1613166564,"event":{"mods":["2.2 Compatiblity","AchievementEnabler","BaseMod","BetterRewards","Colored Map","Colored Powertips","Hermit","Highlight Path","Marisa????????","Minty Spire (QoL Compilation)","StSLib","The Animator","The Cursed","The Hierophant","The Servant 0.9.4"],"gold_per_floor":[136,211,211,242,273,273,333,333,333,101,101,139,139,178,178,283,283,299,299,299,338,368,368,699,699,699,747,15,43,43,43,43,148,148,166,179,179,179,179,179,214,246,258,270,293,22,0,0,0,20,20,20,20,49,49,49],"floor_reached":55,"language":"ENG","playtime":4160,"items_purged":["Strike_G","Strike_G"],"score":791,"play_id":"ccc63620-ab8e-446a-899c-c4a7b050639e","local_time":"20210212224924","is_ascension_mode":false,"campfire_choices":[{"floor":6.0,"key":"REST"},{"data":"Unload","floor":11.0,"key":"SMITH"},{"floor":13.0,"key":"REST"},{"data":"Envenom","floor":15.0,"key":"SMITH"},{"floor":23.0,"key":"REST"},{"floor":25.0,"key":"REST"},{"floor":32.0,"key":"REST"},{"floor":40.0,"key":"RECALL"},{"data":"Adrenaline","floor":44.0,"key":"SMITH"},{"floor":49.0,"key":"REST"},{"data":"Infinite Blades","floor":52.0,"key":"SMITH"}],"circlet_count":0,"master_deck":["Strike_G","Strike_G","Strike_G","Defend_G","Defend_G","Defend_G","Survivor","Neutralize","Noxious Fumes","Unload+1","PiercingWail","HandOfGreed","Distraction","Blade Dance","Backflip","Leg Sweep","Envenom+1","Riddle With Holes","Reflex","Quick Slash","Cloak And Dagger","Setup","Adrenaline+1","Skewer","Unload","Dark Shackles","Blade Dance","Glass Knife","Burst","Infinite Blades+1","All Out Attack","Eviscerate+1","Accuracy+1","After Image","Concentrate+1","Acrobatics+1","Madness","Madness","Eviscerate+1","After Image","Accuracy+1","Dagger Throw+1","Dramatic Entrance+1","PiercingWail","Concentrate+1"],"relics":["Ring of the Snake","Tough Bandages","Chemical X","Snake Skull","Tingsha","Black Star","Incense Burner","Old Coin","The Specimen","Bag of Preparation","Thread and Needle","OrangePellets","Mercury Hourglass","Molten Egg 2","Dream Catcher","HoveringKite","Torii","Mummified Hand","MawBank","Bottled Lightning","Happy Flower","Red Mask","Strawberry","CaptainsWheel"],"acts_visited":["Exordium","TheCity","TheBeyond","TheEnding"],"potions_floor_usage":[],"damage_taken":[{"damage":0.0,"enemies":"2 Louse","floor":1.0,"turns":1.0},{"damage":8.0,"enemies":"Jaw Worm","floor":4.0,"turns":3.0},{"damage":1.0,"enemies":"Cultist","floor":5.0,"turns":3.0},{"damage":3.0,"enemies":"Gremlin Gang","floor":7.0,"turns":5.0},{"damage":21.0,"enemies":"3 Louse","floor":12.0,"turns":3.0},{"damage":0.0,"enemies":"Exordium Thugs","floor":14.0,"turns":3.0},{"damage":11.0,"enemies":"Hexaghost","floor":16.0,"turns":8.0},{"damage":0.0,"enemies":"Chosen","floor":18.0,"turns":4.0},{"damage":27.0,"enemies":"Spheric Guardian","floor":21.0,"turns":6.0},{"damage":11.0,"enemies":"Chosen and Byrds","floor":22.0,"turns":5.0},{"damage":22.0,"enemies":"Gremlin Leader","floor":24.0,"turns":7.0},{"damage":23.0,"enemies":"Slavers","floor":27.0,"turns":6.0},{"damage":6.0,"enemies":"Book of Stabbing","floor":29.0,"turns":5.0},{"damage":3.0,"enemies":"Collector","floor":33.0,"turns":5.0},{"damage":0.0,"enemies":"Orb Walker","floor":35.0,"turns":2.0},{"damage":7.0,"enemies":"3 Darklings","floor":36.0,"turns":5.0},{"damage":28.0,"enemies":"Sphere and 2 Shapes","floor":41.0,"turns":6.0},{"damage":11.0,"enemies":"Nemesis","floor":42.0,"turns":5.0},{"damage":0.0,"enemies":"4 Shapes","floor":45.0,"turns":2.0},{"damage":35.0,"enemies":"Awakened One","floor":50.0,"turns":7.0},{"damage":2.0,"enemies":"Shield and Spear","floor":54.0,"turns":5.0},{"damage":88,"enemies":"The Heart","floor":55,"turns":9}],"seed_played":"2881161485319042507","potions_obtained":[{"floor":4.0,"key":"Poison Potion"},{"floor":5.0,"key":"CultistPotion"},{"floor":14.0,"key":"Swift Potion"},{"floor":16.0,"key":"Swift Potion"},{"floor":18.0,"key":"DuplicationPotion"},{"floor":22.0,"key":"Swift Potion"},{"floor":29.0,"key":"EssenceOfSteel"},{"floor":31.0,"key":"Regen Potion"},{"floor":31.0,"key":"Fruit Juice"},{"floor":31.0,"key":"GamblersBrew"},{"floor":33.0,"key":"AttackPotion"},{"floor":41.0,"key":"Swift Potion"}],"is_trial":false,"path_per_floor":["M","?","T","M","M","R","M","?","T","$","R","M","R","M","R","B",null,"M","?","?","M","M","R","E","R","T","E","$","E","$","?","R","B",null,"M","M","?","T","?","R","M","E","T","R","M","$","?","$","R","B",null,"R","$","E","B"],"character_chosen":"THE_SILENT","items_purchased":["Noxious Fumes","Unload","PiercingWail","HandOfGreed","Chemical X","Distraction","Reflex","Quick Slash","All Out Attack","Thread and Needle","OrangePellets","Mercury Hourglass","Dagger Throw+1","Happy Flower","Dramatic Entrance+1"],"campfire_rested":6,"item_purchase_floors":[0,0,0,0,0,0,10,10,28,28,28,28,46,46,46],"current_hp_per_floor":[38,27,27,19,18,39,36,36,36,36,36,15,36,36,36,25,70,70,57,57,30,19,41,19,41,41,18,18,12,12,17,41,53,80,80,73,63,63,63,63,35,24,24,24,24,24,24,24,48,13,80,80,80,85,0,0],"gold":49,"neow_bonus":"","is_daily":false,"chose_seed":false,"campfire_upgraded":4,"win_rate":0.0,"timestamp":1613166564,"path_taken":["M","?","?","?","?","R","M","?","T","?","R","M","R","M","R","BOSS","M","?","?","?","M","R","E","R","T","E","$","E","$","?","R","BOSS","M","?","?","?","?","R","?","E","T","R","M","$","?","$","R","BOSS","R","$","E","BOSS"],"items_purchased_type":["Card","Card","Card","Card","Relic","Card","Card","Card","Card","Relic","Relic","Relic","Card","Relic","Card"],"build_version":"2020-12-22","purchased_purges":2,"victory":false,"max_hp_per_floor":[70,70,70,70,70,70,70,70,70,70,70,70,70,70,70,70,70,70,75,75,75,75,75,75,75,75,75,75,75,75,80,80,80,80,80,80,80,80,80,80,80,80,80,80,80,80,80,80,80,80,80,80,80,87,87,87],"card_choices":[{"not_picked":["Slice","Cloak And Dagger"],"picked":"Blade Dance","floor":1.0},{"not_picked":["Setup","Sucker Punch"],"picked":"Backflip","floor":4.0},{"not_picked":["Slice","Backflip"],"picked":"Leg Sweep","floor":5.0},{"not_picked":["Infinite Blades","Poisoned Stab"],"picked":"Envenom","floor":7.0},{"not_picked":["Flying Knee","Caltrops"],"picked":"Cloak And Dagger","floor":12.0},{"not_picked":["Outmaneuver","Bane"],"picked":"Setup","floor":14.0},{"not_picked":["Venomology","Wraith Form v2"],"picked":"Adrenaline","floor":16.0},{"not_picked":["Blade Dance","Infinite Blades"],"picked":"Skewer","floor":18.0},{"not_picked":["Backflip","Dagger Spray+1"],"picked":"Blade Dance","floor":21.0},{"not_picked":["Dagger Spray","Deflect"],"picked":"Glass Knife","floor":22.0},{"not_picked":["Dagger Throw","Outmaneuver"],"picked":"Burst","floor":24.0},{"not_picked":["Slice","Blade Dance"],"picked":"Infinite Blades","floor":27.0},{"not_picked":["PiercingWail+1","Expertise"],"picked":"Eviscerate+1","floor":29.0},{"not_picked":["Terror","Slice+1"],"picked":"Accuracy+1","floor":32.0},{"not_picked":["A Thousand Cuts","Grand Finale+1"],"picked":"After Image","floor":33.0},{"not_picked":["Deadly Poison","Noxious Fumes+1"],"picked":"Concentrate+1","floor":35.0},{"not_picked":["Dagger Spray+1","PiercingWail"],"picked":"Acrobatics+1","floor":36.0},{"not_picked":["Endless Agony+1","Acrobatics+1"],"picked":"Eviscerate+1","floor":41.0},{"not_picked":["Bane+1","Deflect"],"picked":"After Image","floor":42.0},{"not_picked":["Flying Knee+1","Deadly Poison"],"picked":"Accuracy+1","floor":45.0},{"not_picked":["Leg Sweep","Grand Finale+1"],"picked":"PiercingWail","floor":49.0},{"not_picked":["Masterful Stab+1","Deflect+1"],"picked":"Concentrate+1","floor":54.0}],"player_experience":232363,"relics_obtained":[{"floor":3.0,"key":"Snake Skull"},{"floor":9.0,"key":"Tingsha"},{"floor":24.0,"key":"Incense Burner"},{"floor":24.0,"key":"Old Coin"},{"floor":27.0,"key":"The Specimen"},{"floor":27.0,"key":"Bag of Preparation"},{"floor":29.0,"key":"Molten Egg 2"},{"floor":29.0,"key":"Dream Catcher"},{"floor":38.0,"key":"Torii"},{"floor":42.0,"key":"Mummified Hand"},{"floor":42.0,"key":"MawBank"},{"floor":43.0,"key":"Bottled Lightning"},{"floor":54.0,"key":"Strawberry"},{"floor":54.0,"key":"CaptainsWheel"}],"event_choices":[{"damage_healed":0.0,"max_hp_gain":0.0,"max_hp_loss":0.0,"gold_gain":75.0,"event_name":"World of Goop","player_choice":"Gather Gold","floor":2.0,"gold_loss":0.0,"damage_taken":11.0},{"damage_healed":0.0,"max_hp_gain":0.0,"max_hp_loss":0.0,"gold_gain":0.0,"cards_transformed":["Defend_G"],"event_name":"Living Wall","player_choice":"Change","floor":8.0,"gold_loss":0.0,"damage_taken":0.0,"cards_obtained":["Riddle With Holes"]},{"damage_healed":0.0,"max_hp_gain":5.0,"max_hp_loss":0.0,"gold_gain":0.0,"event_name":"Forgotten Altar","player_choice":"Shed Blood","floor":19.0,"gold_loss":0.0,"damage_taken":18.0},{"damage_healed":0.0,"max_hp_gain":0.0,"max_hp_loss":0.0,"gold_gain":0.0,"event_name":"Match and Keep!","player_choice":"2 cards matched","floor":20.0,"gold_loss":0.0,"damage_taken":0.0,"cards_obtained":["Unload","Dark Shackles"]},{"damage_healed":0.0,"max_hp_gain":0.0,"max_hp_loss":0.0,"gold_gain":0.0,"event_name":"Lab","player_choice":"Got Potions","floor":31.0,"gold_loss":0.0,"damage_taken":0.0},{"damage_healed":0.0,"max_hp_gain":0.0,"max_hp_loss":0.0,"gold_gain":0.0,"event_name":"Winding Halls","player_choice":"Embrace Madness","floor":37.0,"gold_loss":0.0,"damage_taken":10.0,"cards_obtained":["Madness","Madness"]},{"cards_removed":["Defend_G"],"damage_healed":0.0,"max_hp_gain":0.0,"max_hp_loss":0.0,"gold_gain":0.0,"event_name":"Falling","player_choice":"Removed Skill","floor":39.0,"gold_loss":0.0,"damage_taken":0.0},{"damage_healed":0.0,"max_hp_gain":0.0,"max_hp_loss":0.0,"gold_gain":0.0,"event_name":"Tomb of Lord Red Mask","player_choice":"Paid","floor":47.0,"gold_loss":22.0,"damage_taken":0.0,"relics_obtained":["Red Mask"]}],"is_beta":false,"boss_relics":[{"not_picked":["Runic Dome","Fusion Hammer"],"picked":"Black Star"},{"not_picked":["WristBlade","Calling Bell"],"picked":"HoveringKite"}],"items_purged_floors":[0,10],"is_endless":false,"potions_floor_spawned":[4,5,14,16,18,22,29,33,41],"killed_by":"The Heart","ascension_level":0}}