{"host":"p7cjtxxrilhp4dw7","time":1613104886,"event":{"mods":["BaseMod","Block Reminder","Colored Map","Curses Come First","Highlight Path","Minty Spire (QoL Compilation)","Replay The Spire","StSLib"],"gold_per_floor":[113,133,98,117,42,77,77,77,77,107,107,122,141,141,141,216,216,312,312,312,312,312,312,312,312,312,312,312,312,312,312,312,312,312,312,312],"floor_reached":35,"language":"ENG","playtime":4261,"items_purged":["Shame"],"score":461,"play_id":"c040b980-ab8d-4ff7-a733-b6a6b17e362c","local_time":"20210211214126","is_ascension_mode":true,"campfire_choices":[{"data":"ForeignInfluence","floor":7,"key":"SMITH"},{"floor":17,"key":"REST"},{"floor":26,"key":"REST"},{"floor":31,"key":"REST"},{"floor":34,"key":"REST"}],"circlet_count":0,"master_deck":["AscendersBane","Strike_P","Strike_P","Strike_P","Strike_P+1","Defend_P","Defend_P","Defend_P","Defend_P","Eruption+1","Vigilance","Establishment","ForeignInfluence+1","SashWhip","Perseverance","Replay:BluntJabs","Pot Of Greed","Consecrate","Replay:BasicMightCard","Protect","FollowUp","Judgement","EmptyMind+1","EmptyFist","SashWhip","Pot Of Greed","JustLucky","TalkToTheHand+1","WaveOfTheHand","ThirdEye+1","Prostrate","Replay:LoomingThreat"],"relics":["PureWater","Eternal Feather","Whetstone","Grinning Jar","Replay:Grab Bag","Replay:Bronze Core","Ectoplasm","Ring of Chaos","Enchiridion","GoldenEye","Prayer Wheel","Pen Nib","Blood Vial"],"acts_visited":["Exordium","TheCity"],"potions_floor_usage":[4,25,25,30,30,30,35],"damage_taken":[{"damage":12,"enemies":"Jaw Worm","floor":1,"turns":6},{"damage":0,"enemies":"2 Louse","floor":2,"turns":2},{"damage":0,"enemies":"Small Slimes","floor":4,"turns":2},{"damage":1,"enemies":"Replay:BlueRogue","floor":6,"turns":6},{"damage":10,"enemies":"3 Sentries","floor":10,"turns":8},{"damage":15,"enemies":"Red Slaver","floor":12,"turns":3},{"damage":1,"enemies":"Looter","floor":13,"turns":3},{"damage":10,"enemies":"Slime Boss","floor":18,"turns":7},{"damage":0,"enemies":"Chosen","floor":20,"turns":5},{"damage":0,"enemies":"3 Byrds","floor":24,"turns":3},{"damage":21,"enemies":"Book of Stabbing","floor":25,"turns":6},{"damage":37,"enemies":"Slavers","floor":27,"turns":6},{"damage":30,"enemies":"Snecko","floor":29,"turns":5},{"damage":0,"enemies":"3 Cultists","floor":30,"turns":5},{"damage":28,"enemies":"Shelled Parasite and Fungi","floor":32,"turns":4},{"damage":0,"enemies":"Cultist and Chosen","floor":33,"turns":6},{"damage":77,"enemies":"Champ","floor":35,"turns":15}],"seed_played":"839795618206168364","potions_obtained":[{"floor":1,"key":"AttackPotion"},{"floor":4,"key":"Reflective Coating"},{"floor":12,"key":"BottledMiracle"},{"floor":24,"key":"Block Potion"},{"floor":25,"key":"SpeedPotion"},{"floor":29,"key":"Venom Potion"},{"floor":32,"key":"LiquidBronze"}],"is_trial":false,"path_per_floor":["M","M","?","M","$","E","R","?","T","E","?","M","M","PTL","PTL","?","R","B",null,"M","?","?","T","M","E","R","E","T","M","M","R","M","M","R","B"],"character_chosen":"WATCHER","items_purchased":[],"campfire_rested":4,"item_purchase_floors":[],"current_hp_per_floor":[53,53,71,71,71,70,72,77,77,67,67,52,51,51,51,40,75,65,74,74,74,58,58,58,37,75,38,38,10,12,53,27,29,70,0,0],"gold":312,"neow_bonus":"THREE_RARE_CARDS","is_daily":false,"chose_seed":false,"campfire_upgraded":1,"win_rate":0.0,"timestamp":1613104886,"path_taken":["M","M","?","M","$","E","R","?","T","E","?","M","?","PTL","PTL","?","R","BOSS","M","?","?","?","M","E","R","E","T","?","M","R","M","M","R","BOSS"],"items_purchased_type":[],"build_version":"2020-12-22","purchased_purges":1,"victory":false,"max_hp_per_floor":[72,72,72,72,72,72,72,77,77,77,77,77,77,77,77,77,77,77,77,77,77,77,77,77,77,77,77,77,77,77,77,77,77,77,77,77],"card_choices":[{"not_picked":["Replay:AllIn","Alpha"],"picked":"Establishment","floor":0},{"not_picked":["BowlingBash","CutThroughFate"],"picked":"ForeignInfluence","floor":1},{"not_picked":["JustLucky","CutThroughFate"],"picked":"SashWhip","floor":2},{"not_picked":["EmptyMind","ThirdEye"],"picked":"Perseverance","floor":4},{"not_picked":["Replay:Vibes","CrushJoints"],"picked":"Replay:BluntJabs","floor":6},{"not_picked":["Wireheading","Replay:AtTheReady"],"picked":"Consecrate","floor":10},{"not_picked":["SashWhip","Conclude"],"picked":"Protect","floor":12},{"not_picked":["Prostrate","Vault"],"picked":"FollowUp","floor":13},{"not_picked":["Ragnarok","Replay:AllIn"],"picked":"Judgement","floor":18},{"not_picked":["Pray","SashWhip"],"picked":"EmptyMind+1","floor":20},{"not_picked":["EmptyBody","FlyingSleeves"],"picked":"EmptyFist","floor":24},{"not_picked":["Meditate+1","DevaForm"],"picked":"SashWhip","floor":25},{"not_picked":["CutThroughFate","Tantrum"],"picked":"JustLucky","floor":27},{"not_picked":["CrushJoints","Consecrate"],"picked":"TalkToTheHand+1","floor":29},{"not_picked":["Collect","ConjureBlade"],"picked":"WaveOfTheHand","floor":29},{"not_picked":["Evaluate","BattleHymn"],"picked":"ThirdEye+1","floor":30},{"not_picked":["Crescendo+1","Fasting2","DeceiveReality"],"picked":"SKIP","floor":30},{"not_picked":["FlyingSleeves","ThirdEye"],"picked":"Prostrate","floor":32},{"not_picked":["FollowUp","LikeWater","Worship"],"picked":"SKIP","floor":32},{"not_picked":["MentalFortress","CutThroughFate"],"picked":"Replay:LoomingThreat","floor":33},{"not_picked":["WreathOfFlame","Protect","TalkToTheHand+1"],"picked":"SKIP","floor":33}],"player_experience":637657,"relics_obtained":[{"floor":6,"key":"Eternal Feather"},{"floor":9,"key":"Whetstone"},{"floor":10,"key":"Grinning Jar"},{"floor":22,"key":"Enchiridion"},{"floor":23,"key":"GoldenEye"},{"floor":25,"key":"Prayer Wheel"},{"floor":27,"key":"Pen Nib"},{"floor":28,"key":"Blood Vial"}],"event_choices":[{"damage_healed":18,"gold_gain":0,"player_choice":"Healed","damage_taken":0,"max_hp_gain":0,"max_hp_loss":0,"event_name":"The Cleric","floor":3,"gold_loss":35},{"damage_healed":0,"gold_gain":0,"player_choice":"Donut","damage_taken":0,"max_hp_gain":5,"max_hp_loss":0,"event_name":"Big Fish","floor":8,"gold_loss":0},{"damage_healed":0,"gold_gain":0,"cards_transformed":["Pot Of Greed"],"player_choice":"Transformed","damage_taken":0,"max_hp_gain":0,"max_hp_loss":0,"event_name":"Transmorgrifier","floor":11,"gold_loss":0,"cards_obtained":["Replay:BasicMightCard"]},{"damage_healed":0,"gold_gain":75,"player_choice":"Gather Gold","damage_taken":11,"max_hp_gain":0,"max_hp_loss":0,"event_name":"World of Goop","floor":16,"gold_loss":0},{"damage_healed":0,"gold_gain":0,"player_choice":"Obtained Book","damage_taken":16,"max_hp_gain":0,"max_hp_loss":0,"event_name":"Cursed Tome","floor":22,"gold_loss":0}],"is_beta":false,"boss_relics":[{"not_picked":["Cursed Key","Kintsugi"],"picked":"Replay:Grab Bag"},{"not_picked":["Coffee Dripper","ReplayTheSpireMod:DimensionalGlitch"],"picked":"Replay:Bronze Core"},{"not_picked":["Philosopher\u0027s Stone","Fusion Hammer"],"picked":"Ectoplasm"},{"not_picked":["Astrolabe","SacredBark"],"picked":"Ring of Chaos"}],"items_purged_floors":[5],"is_endless":false,"potions_floor_spawned":[1,4,12,24,25,29,32],"killed_by":"Champ","ascension_level":10}}