{"host":"3e3mwsgb9gfqiuxm","time":1613170871,"event":{"mods":["Act Like it!","BaseMod","Colored Map","Colored Powertips","Downfall","Gensokyo","Hermit","Hubris","Infinite Spire","Jorbs\u0027s Wanderer Trilogy","Koishi","Marisa????????","Minty Spire (QoL Compilation)","Quick Restart","Rare Cards Sparkle","Reimu??????","Remilia??????","Replay The Spire","Shop Mod","StSLib","SuperFastMode","Td1madao Mod","The Animator","The Bug Knight","The Cursed","The Hierophant","The Servant 0.9.4","everything is the same but u backflip on backflip","slay the spire mod where everything is the same but ironclad has a cowboy hat"],"gold_per_floor":[20,48,48,48,48,48,107,125,125,152,184,184,211,260,260,359,359,386,711,341,341,371,371,390,390,390],"floor_reached":25,"language":"ENG","playtime":906,"items_purged":[],"score":344,"play_id":"57badfee-b18b-46f5-a050-487c36f98246","local_time":"20210212180111","is_ascension_mode":true,"campfire_choices":[{"data":"hubris:InfiniteBlow","floor":6.0,"key":"SMITH"},{"floor":12,"key":"REST"},{"data":"hubris:InfiniteBlow+1","floor":15,"key":"SMITH"},{"data":"JA","floor":23,"key":"SMITH"}],"circlet_count":0,"master_deck":["Strike_MRS+1","Strike_MRS+1","Strike_MRS+1","Strike_MRS+1","Defend_MRS","Defend_MRS","Defend_MRS","Defend_MRS","MasterSpark+1","UpSweep","BlazingStar","WitchOfGreed","hubris:InfiniteBlow+2","GalacticHalo","ShootingEcho","OortCloud+1","EnergyFlow+1","AsteroidBelt","EventHorizon+1","JA+1","WitchLeyline+1","Gensokyo:FourOfAKind","Gensokyo:FourOfAKind","Gensokyo:FourOfAKind","Gensokyo:FourOfAKind","WitchOfGreed"],"relics":["MiniHakkero","hubris:Icosahedron","Ornamental Fan","hubris:ToyBattleship","Omamori","hubris:TerracottaHorce","SimpleLauncher","hubris:EmptyBottle","Bronze Scales","Mummified Hand"],"acts_visited":["Gensokyo:Gensokyo","Gensokyo:Gensokyoer"],"potions_floor_usage":[7,7,10,10,10,14,16,16,22,22,24,24,25],"damage_taken":[{"damage":4.0,"enemies":"Gensokyo:3_Fairies","floor":1.0,"turns":3.0},{"damage":9.0,"enemies":"Gensokyo:Gryphon","floor":2.0,"turns":4.0},{"damage":0,"enemies":"Gensokyo:Mamizou","floor":7,"turns":3},{"damage":0,"enemies":"Gensokyo:Python","floor":8,"turns":2},{"damage":4,"enemies":"Gensokyo:Aya","floor":10,"turns":4},{"damage":11,"enemies":"Gensokyo:CorruptedTreant","floor":11,"turns":4},{"damage":4,"enemies":"Gensokyo:Gryphon_and_Rabbit","floor":13,"turns":6},{"damage":15,"enemies":"Gensokyo:Mamizou","floor":14,"turns":7},{"damage":6,"enemies":"Gensokyo:Kokoro","floor":16,"turns":6},{"damage":4,"enemies":"Gensokyo:2_Gloops","floor":18,"turns":4},{"damage":4,"enemies":"Gensokyo:3_Dogs","floor":22,"turns":10},{"damage":20,"enemies":"Gensokyo:Slime_Group","floor":24,"turns":4},{"damage":35,"enemies":"Gensokyo:Tenshi","floor":25,"turns":1}],"seed_played":"-6513415404404387441","potions_obtained":[{"floor":1.0,"key":"SneckoOil"},{"floor":2.0,"key":"SkillPotion"},{"floor":7,"key":"Energy Potion"},{"floor":7,"key":"Swift Potion"},{"floor":10,"key":"infinitespire:BlackPotion"},{"floor":11,"key":"FearPotion"},{"floor":13,"key":"SkillPotion"},{"floor":14,"key":"champ:CounterPotion"},{"floor":16,"key":"DuplicationPotion"},{"floor":18,"key":"Strength Potion"},{"floor":22,"key":"Milkshake"},{"floor":24,"key":"SpeedPotion"}],"is_trial":false,"path_per_floor":["M","M","?","?","?","R","E","M","T","E","M","R","M","E","R","B",null,"M","?","COS","?","M","R","M","E"],"character_chosen":"MARISA","items_purchased":[],"campfire_rested":1,"item_purchase_floors":[],"current_hp_per_floor":[71,62,40,21,21,21,21,21,21,17,6,28,24,9,9,3,57,53,53,53,53,49,49,29,0,0],"gold":390,"neow_bonus":"THREE_RARE_CARDS","is_daily":false,"chose_seed":false,"campfire_upgraded":3,"win_rate":0.0,"timestamp":1613170871,"path_taken":["M","M","?","?","?","R","E","M","T","E","M","R","M","E","R","BOSS","M","?","COS","?","M","R","M","E"],"items_purchased_type":[],"build_version":"2020-12-22","purchased_purges":0,"victory":false,"max_hp_per_floor":[75,75,75,75,75,75,75,75,75,75,75,75,75,75,75,75,75,75,75,75,53,53,53,53,53,53],"card_choices":[{"not_picked":["CollectingQuirk","AbsoluteMagnitude"],"picked":"BlazingStar","floor":0.0},{"not_picked":["MeteoricShower","LuminesStrike"],"picked":"WitchOfGreed","floor":1.0},{"not_picked":["PropBag","GrandCross","SporeBomb"],"picked":"SKIP","floor":2.0},{"not_picked":["infinitespire:Menacing","infinitespire:TheBestDefense"],"picked":"hubris:InfiniteBlow","floor":4.0},{"not_picked":["6A","SporeBomb"],"picked":"GalacticHalo","floor":7},{"not_picked":["OneTimeOff","OpenUniverse"],"picked":"ShootingEcho","floor":8},{"not_picked":["LuminesStrike","SporeBomb"],"picked":"OortCloud+1","floor":10},{"not_picked":["GalacticHalo","StarBarrage"],"picked":"EnergyFlow+1","floor":11},{"not_picked":["DarkSpark","Occultation"],"picked":"AsteroidBelt","floor":13},{"not_picked":["DarkSpark","6A"],"picked":"EventHorizon+1","floor":14},{"not_picked":["BlazingStar","MaximisePower"],"picked":"JA","floor":16},{"not_picked":["GrandCross","WitchOfGreed+1"],"picked":"WitchLeyline+1","floor":18},{"not_picked":["GalacticHalo","ManaConvection","IllusionStar"],"picked":"SKIP","floor":22},{"not_picked":["ChargeUpSpray","StarlightTyphoon"],"picked":"WitchOfGreed","floor":24}],"player_experience":1373709,"relics_obtained":[{"floor":7,"key":"Frozen Egg 2"},{"floor":9,"key":"Ornamental Fan"},{"floor":10,"key":"hubris:ToyBattleship"},{"floor":14,"key":"Omamori"}],"event_choices":[],"is_beta":false,"boss_relics":[{"not_picked":["Snecko Eye","hubris:HollowSoul"],"picked":"hubris:TerracottaHorce"}],"items_purged_floors":[],"is_endless":false,"potions_floor_spawned":[1,7,10,16,18,24],"killed_by":"Gensokyo:Tenshi","ascension_level":4}}