{"host":"5n1fl7z5i1vf7jan","time":1613101093,"event":{"mods":["BaseMod","Minty Spire (QoL Compilation)","Quick Restart","Relic Stats"],"gold_per_floor":[114,114,129,15,15,53,53,68,68,68,91,124,124,143,143,236,236,257,307,39,63,63,63],"floor_reached":22,"language":"ENG","playtime":517,"items_purged":["Strike_R"],"score":427,"play_id":"4350ff7b-449c-4fac-8c02-0d5d485f26dc","local_time":"20210211193813","is_ascension_mode":true,"campfire_choices":[{"data":"Searing Blow","floor":7.0,"key":"SMITH"},{"data":"Searing Blow+1","floor":10.0,"key":"SMITH"},{"data":"Searing Blow+2","floor":13.0,"key":"SMITH"},{"data":"Bash","floor":15.0,"key":"SMITH"}],"circlet_count":0,"master_deck":["AscendersBane","Strike_R","Strike_R","Strike_R","Strike_R","Defend_R","Defend_R","Defend_R","Defend_R","Bash+1","Shrug It Off","Wild Strike","Inflame","Searing Blow+3","Second Wind","Brutality","Shrug It Off","Shrug It Off+1"],"relics":["Burning Blood","NeowsBlessing","Golden Idol","Mango","Turnip","Incense Burner","Mark of Pain","Sling"],"acts_visited":["Exordium","TheCity"],"potions_floor_usage":[],"damage_taken":[{"damage":0.0,"enemies":"Small Slimes","floor":1.0,"turns":1.0},{"damage":0.0,"enemies":"Cultist","floor":3.0,"turns":1.0},{"damage":0.0,"enemies":"3 Sentries","floor":6.0,"turns":2.0},{"damage":2.0,"enemies":"Jaw Worm","floor":8.0,"turns":4.0},{"damage":9.0,"enemies":"Blue Slaver","floor":11.0,"turns":5.0},{"damage":32.0,"enemies":"Gremlin Nob","floor":12.0,"turns":4.0},{"damage":14.0,"enemies":"Red Slaver","floor":14.0,"turns":2.0},{"damage":27.0,"enemies":"The Guardian","floor":16.0,"turns":11.0},{"damage":43.0,"enemies":"2 Thieves","floor":18.0,"turns":5.0},{"damage":19,"enemies":"Shell Parasite","floor":21,"turns":5},{"damage":19,"enemies":"Chosen and Byrds","floor":22,"turns":3}],"seed_played":"-6738972927183264706","potions_obtained":[{"floor":2.0,"key":"CultistPotion"},{"floor":2.0,"key":"CultistPotion"}],"is_trial":false,"path_per_floor":["M","?","M","$","?","E","R","M","T","R","M","E","R","M","R","B",null,"M","?","$","M","M"],"character_chosen":"IRONCLAD","items_purchased":["Inflame","Searing Blow","Sling","Shrug It Off"],"campfire_rested":0,"item_purchase_floors":[4,4,20,20],"current_hp_per_floor":[74,74,75,75,68,82,82,82,82,82,79,53,53,45,45,24,68,31,31,31,18,0,0],"gold":63,"neow_bonus":"THREE_ENEMY_KILL","is_daily":false,"chose_seed":false,"campfire_upgraded":4,"win_rate":0.0,"timestamp":1613101093,"path_taken":["M","?","?","$","?","E","R","M","T","R","M","E","R","M","R","BOSS","M","?","$","M","M"],"items_purchased_type":["Card","Card","Relic","Card"],"build_version":"2020-12-22","purchased_purges":1,"victory":false,"max_hp_per_floor":[75,75,75,75,68,82,82,82,82,82,82,82,82,82,82,82,82,82,82,82,82,82,82],"relic_stats":{"counters":[11,43],"Golden Idol":55,"Turnip":[2],"obtain_stats":[{"NeowsBlessing":0,"Golden Idol":5,"Mango":6,"Turnip":9,"Mark of Pain":17,"Incense Burner":12,"Sling":20,"Burning Blood":0},{"NeowsBlessing":0,"Golden Idol":2,"Mango":3,"Turnip":4,"Mark of Pain":8,"Incense Burner":6,"Sling":9,"Burning Blood":0},{"NeowsBlessing":0,"Golden Idol":2,"Mango":4,"Turnip":8,"Mark of Pain":30,"Incense Burner":17,"Sling":35,"Burning Blood":0}],"Burning Blood":45},"card_choices":[{"not_picked":["Sever Soul","Body Slam"],"picked":"Shrug It Off","floor":1.0},{"not_picked":["Second Wind","Intimidate"],"picked":"Wild Strike","floor":3.0},{"not_picked":["Second Wind","Offering","Shockwave"],"picked":"SKIP","floor":6.0},{"not_picked":["Iron Wave","True Grit"],"picked":"Second Wind","floor":8.0},{"not_picked":["Iron Wave","Pommel Strike","Armaments"],"picked":"SKIP","floor":11.0},{"not_picked":["Shockwave","Rampage","Reckless Charge"],"picked":"SKIP","floor":12.0},{"not_picked":["Twin Strike","Warcry","Inflame"],"picked":"SKIP","floor":14.0},{"not_picked":["Limit Break","Offering"],"picked":"Brutality","floor":16.0},{"not_picked":["Havoc+1","Anger","Inflame"],"picked":"SKIP","floor":18.0},{"not_picked":["Havoc","Shockwave"],"picked":"Shrug It Off+1","floor":21}],"player_experience":341714,"relics_obtained":[{"floor":6.0,"key":"Mango"},{"floor":9.0,"key":"Turnip"},{"floor":12.0,"key":"Incense Burner"}],"event_choices":[{"damage_healed":0.0,"max_hp_gain":0.0,"max_hp_loss":0.0,"gold_gain":0.0,"event_name":"Lab","player_choice":"Got Potions","floor":2.0,"gold_loss":0.0,"damage_taken":0.0},{"damage_healed":0.0,"max_hp_gain":0.0,"max_hp_loss":7.0,"gold_gain":0.0,"event_name":"Golden Idol","player_choice":"Lose Max HP","floor":5.0,"gold_loss":0.0,"damage_taken":0.0,"relics_obtained":["Golden Idol"]},{"damage_healed":0,"gold_gain":100,"player_choice":"Bet on Murderer","damage_taken":0,"max_hp_gain":0,"max_hp_loss":0,"event_name":"The Joust","floor":19,"gold_loss":50}],"is_beta":false,"boss_relics":[{"not_picked":["Black Star","Ectoplasm"],"picked":"Mark of Pain"}],"items_purged_floors":[20],"is_endless":false,"potions_floor_spawned":[3,6,14,16,18],"killed_by":"Chosen and Byrds","ascension_level":19}}