{"host":"qbjtml023iza03hb","time":1613148785,"event":{"mods":["AchievementEnabler","BaseMod","Better Sensory Stone","Better Skull","Minty Spire (QoL Compilation)","StSLib"],"gold_per_floor":[117,117,133,58,76,76,76,96,150,150,178,190,205,219,219,315,315,331,331,341,358,376,403,403,413,413,70,81,81,81,81],"floor_reached":30,"language":"FRA","playtime":2478,"items_purged":["Strike_P","Defend_P"],"score":294,"play_id":"00535814-68fd-4e28-8ae9-701971dbdc3f","local_time":"20210212175305","is_ascension_mode":true,"campfire_choices":[{"data":"Metamorphosis","floor":6.0,"key":"SMITH"},{"data":"Study","floor":15.0,"key":"SMITH"},{"floor":24,"key":"REST"}],"circlet_count":0,"master_deck":["Strike_P","Defend_P+1","Defend_P","Metamorphosis+1","CutThroughFate+1","ThirdEye","Consecrate","Prostrate","FlurryOfBlows","Blasphemy","Study+1","Worship","LessonLearned+1","Protect+1","Prostrate","Nirvana","Weave+1","Nirvana"],"relics":["PureWater","Happy Flower","Strawberry","Empty Cage","InkBottle"],"acts_visited":["Exordium","TheCity"],"potions_floor_usage":[20,22,23,23,23,25,30,30],"damage_taken":[{"damage":12.0,"enemies":"Jaw Worm","floor":1.0,"turns":2.0},{"damage":0.0,"enemies":"Small Slimes","floor":3.0,"turns":2.0},{"damage":0.0,"enemies":"Cultist","floor":5.0,"turns":3.0},{"damage":4.0,"enemies":"3 Louse","floor":8.0,"turns":3.0},{"damage":7.0,"enemies":"3 Sentries","floor":11.0,"turns":4.0},{"damage":10.0,"enemies":"Exordium Wildlife","floor":12.0,"turns":4.0},{"damage":0.0,"enemies":"Lots of Slimes","floor":13.0,"turns":1.0},{"damage":6.0,"enemies":"2 Fungi Beasts","floor":14.0,"turns":2.0},{"damage":22.0,"enemies":"The Guardian","floor":16.0,"turns":9.0},{"damage":18,"enemies":"Spheric Guardian","floor":18,"turns":4},{"damage":11,"enemies":"2 Thieves","floor":20,"turns":2},{"damage":0,"enemies":"Snecko","floor":21,"turns":3},{"damage":11,"enemies":"Shelled Parasite and Fungi","floor":22,"turns":3},{"damage":23,"enemies":"Gremlin Leader","floor":23,"turns":5},{"damage":2,"enemies":"3 Cultists","floor":25,"turns":7},{"damage":10,"enemies":"Centurion and Healer","floor":28,"turns":6},{"damage":26,"enemies":"Slavers","floor":30,"turns":1}],"seed_played":"3885687409856769941","potions_obtained":[{"floor":1.0,"key":"Block Potion"},{"floor":3.0,"key":"Dexterity Potion"},{"floor":5.0,"key":"SmokeBomb"},{"floor":7.0,"key":"AttackPotion"},{"floor":7.0,"key":"LiquidMemories"},{"floor":16.0,"key":"EntropicBrew"},{"floor":18,"key":"AttackPotion"},{"floor":20,"key":"BottledMiracle"},{"floor":21,"key":"Swift Potion"}],"is_trial":false,"path_per_floor":["M","?","M","$","M","R","?","M","T","?","E","M","M","M","R","B",null,"M","?","M","M","M","E","R","M","T","$","M","?","E"],"character_chosen":"WATCHER","items_purchased":["Weave","PowerPotion","PowerPotion","Nirvana"],"campfire_rested":1,"item_purchase_floors":[27,27,27,27],"current_hp_per_floor":[53,46,46,46,46,46,46,42,42,42,42,32,32,26,26,4,72,54,54,43,43,32,9,30,28,28,28,18,18,0,0],"gold":81,"neow_bonus":"RANDOM_COLORLESS_2","is_daily":false,"chose_seed":false,"campfire_upgraded":2,"win_rate":0.0,"timestamp":1613148785,"path_taken":["M","?","M","$","M","R","?","?","T","?","E","M","M","M","R","BOSS","M","?","M","M","?","E","R","M","T","$","M","?","E"],"items_purchased_type":["Card","Potion","Potion","Card"],"build_version":"2020-12-22","purchased_purges":2,"victory":false,"max_hp_per_floor":[65,65,65,65,65,65,65,65,65,65,72,72,72,72,72,72,72,72,72,72,72,72,72,72,72,72,72,72,72,72,72],"card_choices":[{"not_picked":["Sadistic Nature","Thinking Ahead"],"picked":"Metamorphosis","floor":0.0},{"not_picked":["SandsOfTime","Nirvana"],"picked":"CutThroughFate","floor":1.0},{"not_picked":["FlurryOfBlows","Ragnarok"],"picked":"ThirdEye","floor":3.0},{"not_picked":["FollowUp","ForeignInfluence"],"picked":"Consecrate","floor":5.0},{"not_picked":["FollowUp","FlyingSleeves"],"picked":"Prostrate","floor":8.0},{"not_picked":["Consecrate","EmptyBody"],"picked":"FlurryOfBlows","floor":11.0},{"not_picked":["MentalFortress","SandsOfTime"],"picked":"Blasphemy","floor":12.0},{"not_picked":["WheelKick","ForeignInfluence"],"picked":"Study","floor":13.0},{"not_picked":["Evaluate","WaveOfTheHand"],"picked":"Worship","floor":14.0},{"not_picked":["Blasphemy","Judgement"],"picked":"LessonLearned","floor":16.0},{"not_picked":["SandsOfTime","BowlingBash"],"picked":"Protect","floor":18},{"not_picked":["ClearTheMind","Protect"],"picked":"Prostrate","floor":20},{"not_picked":["EmptyBody","Crescendo","CrushJoints"],"picked":"SKIP","floor":21},{"not_picked":["EmptyFist","Blasphemy","PathToVictory"],"picked":"SKIP","floor":22},{"not_picked":["CarveReality","BattleHymn+1"],"picked":"Nirvana","floor":23},{"not_picked":["Perseverance","EmptyMind","CutThroughFate"],"picked":"SKIP","floor":25},{"not_picked":["PathToVictory","Protect","EmptyBody"],"picked":"SKIP","floor":28}],"player_experience":283547,"relics_obtained":[{"floor":9.0,"key":"Happy Flower"},{"floor":11.0,"key":"Strawberry"},{"floor":23,"key":"InkBottle"}],"event_choices":[{"cards_removed":["Strike_P"],"damage_healed":0.0,"max_hp_gain":0.0,"max_hp_loss":0.0,"gold_gain":0.0,"event_name":"Golden Wing","player_choice":"Card Removal","floor":2.0,"gold_loss":0.0,"damage_taken":7.0},{"damage_healed":0.0,"max_hp_gain":0.0,"max_hp_loss":0.0,"gold_gain":0.0,"event_name":"Lab","player_choice":"Got Potions","floor":7.0,"gold_loss":0.0,"damage_taken":0.0},{"damage_healed":0.0,"max_hp_gain":0.0,"max_hp_loss":0.0,"gold_gain":0.0,"event_name":"Shining Light","player_choice":"Ignored","floor":10.0,"gold_loss":0.0,"damage_taken":0.0},{"cards_removed":["Defend_P"],"damage_healed":0,"gold_gain":0,"player_choice":"Offered Basic","damage_taken":0,"max_hp_gain":0,"max_hp_loss":0,"event_name":"Bonfire Elementals","floor":19,"gold_loss":0},{"cards_removed":["Strike_P"],"damage_healed":0,"gold_gain":0,"player_choice":"Elegance","damage_taken":0,"max_hp_gain":0,"max_hp_loss":0,"event_name":"Back to Basics","floor":29,"gold_loss":0}],"is_beta":false,"boss_relics":[{"not_picked":["Snecko Eye","Astrolabe"],"picked":"Empty Cage"}],"items_purged_floors":[4,27],"is_endless":false,"potions_floor_spawned":[1,3,5,16,18,20,21,28],"killed_by":"Slavers","ascension_level":3}}