{"host":"36umirwmj0u9xjg7","time":1613167460,"event":{"mods":["Aspiration","BaseMod","CCEM2","Downfall","Minty Spire (QoL Compilation)","Reliquary","Replay The Spire","StS++","StSLib","The Construct","The Gatherer","The Necromancer","The Runesmith"],"gold_per_floor":[99,126,139,9,9,9,81,81,81,91,118,118,135,147,166,271,271,271,283,297,297,297,323,347,347,378,443,24,40,140,152,165,165,165,165],"floor_reached":33,"language":"ENG","playtime":1393,"items_purged":["downfall:Malfunctioning"],"score":287,"play_id":"791488d1-5bb6-49bb-9ca9-208f13df312f","local_time":"20210212230420","is_ascension_mode":false,"campfire_choices":[{"data":"Slimebound:CorrosiveSpit","floor":1,"key":"SMITH"},{"data":"Slimebound:AcidTongue","floor":8,"key":"SMITH"},{"data":"Slimebound:Split","floor":12,"key":"SMITH"},{"data":"Slimebound:MassFeed","floor":18,"key":"SMITH"},{"floor":25,"key":"REST"}],"circlet_count":0,"master_deck":["Slimebound:Strike_Slimebound+1","Slimebound:Strike_Slimebound+1","Slimebound:Strike_Slimebound","Slimebound:Tackle","Slimebound:Defend_Slimebound","Slimebound:Defend_Slimebound","Slimebound:Defend_Slimebound","Slimebound:Defend_Slimebound","Slimebound:Split+1","Slimebound:MegaLick","Slimebound:Schlurp+1","Slimebound:AcidTongue+1","Slimebound:SplitAcid","Slimebound:SlimeTap+1","Spreading Infection","Slimebound:SamplingLick","Slimebound:SlimeSpikes","Slimebound:LeechEnergy","Slimebound:TongueLash","Slimebound:MassFeed+1","Slimebound:SamplingLick+1","Slimebound:HauntingLick","Slimebound:FinishingTackle","Slimebound:SamplingLick","Slimebound:SpikyOuterGoop","Slimebound:SamplingLick","Slimebound:ItLooksTasty","Slimebound:HauntingLick","Slimebound:HauntingLick","Slimebound:GoopSpray"],"relics":["Slimebound:AbsorbEndCombat","reliquary:SharkskinSheath","The Courier","ReplayTheSpireMod:Ring of Exchange","Nunchaku","Slimebound:SelfDamagePreventRelic","aspiration:DSix","reliquary:ExpiredCoupon","CCEMRelics:TinyMinotavrHorn","Durian","CCEMRelics:SpiritsEdge","reliquary:TuningFork","Replay:Wax Seal","downfall:CloakOfManyFaces","CultistMask","FaceOfCleric","NlothsMask","GremlinMask","SsserpentHead"],"acts_visited":["Exordium","TheCity"],"potions_floor_usage":[26,28,31,31,33,33],"damage_taken":[{"damage":1,"enemies":"Cultist","floor":3,"turns":3},{"damage":5,"enemies":"downfall:FleeingMerchant","floor":4,"turns":4},{"damage":15,"enemies":"Small Slimes","floor":10,"turns":4},{"damage":9,"enemies":"2 Louse","floor":13,"turns":3},{"damage":5,"enemies":"Exordium Wildlife","floor":14,"turns":3},{"damage":1,"enemies":"Large Slime","floor":15,"turns":4},{"damage":12,"enemies":"SI_SHIV_ARCHETYPE","floor":16,"turns":7},{"damage":21,"enemies":"Chosen","floor":19,"turns":6},{"damage":21,"enemies":"3 Byrds","floor":20,"turns":5},{"damage":12,"enemies":"3 Cultists","floor":26,"turns":5},{"damage":11,"enemies":"downfall:FleeingMerchant","floor":28,"turns":4},{"damage":7,"enemies":"Snake Plant","floor":29,"turns":3},{"damage":0,"enemies":"downfall:FaceTrader","floor":30,"turns":8},{"damage":15,"enemies":"Snecko","floor":31,"turns":4},{"damage":11,"enemies":"Centurion and Healer","floor":32,"turns":4},{"damage":39,"enemies":"DF_ARCHETYPE_CLAW","floor":33,"turns":6}],"seed_played":"-8991480247629129186","potions_obtained":[{"floor":3,"key":"ColorlessPotion"},{"floor":10,"key":"sneckomod:MuddlingPotion"},{"floor":13,"key":"Energy Potion"},{"floor":26,"key":"ColorlessPotion"},{"floor":27,"key":"DistilledChaos"},{"floor":29,"key":"Block Potion"},{"floor":32,"key":"SteroidPotion"}],"is_trial":false,"path_per_floor":["R","T","M","$","?","?","T","R","?","M","T","R","M","M","M","B",null,"R","M","M","?","?","T","T","R","M","?","$","M","?","M","M","B"],"character_chosen":"SLIMEBOUND","items_purchased":["Slimebound:AcidTongue","Slimebound:SplitAcid","CCEMRelics:SpiritsEdge","reliquary:TuningFork","Replay:Wax Seal","Slimebound:SamplingLick"],"campfire_rested":1,"item_purchase_floors":[4,4,28,28,28,28],"current_hp_per_floor":[71,71,71,70,70,70,70,70,70,59,59,59,54,53,58,52,71,71,54,43,43,43,43,43,66,62,31,33,28,36,28,26,0,0,0],"gold":165,"neow_bonus":"TEN_PERCENT_HP_BONUS","is_daily":false,"chose_seed":false,"campfire_upgraded":4,"win_rate":0.0,"timestamp":1613167460,"path_taken":["R","?","?","$","?","?","T","R","?","?","?","R","M","M","M","BOSS","R","M","M","?","?","?","T","R","M","?","$","?","?","M","M","BOSS"],"items_purchased_type":["Card","Card","Relic","Relic","Relic","Card"],"build_version":"2020-12-22","purchased_purges":1,"victory":false,"max_hp_per_floor":[71,71,71,71,71,71,71,71,71,71,71,71,71,71,71,71,71,71,75,79,79,79,79,79,79,79,79,84,84,84,85,86,86,86,86],"card_choices":[{"not_picked":["Slimebound:PressTheAttack","Slimebound:LeechEnergy"],"picked":"Slimebound:MegaLick","floor":3},{"not_picked":["Slimebound:RollThrough","Slimebound:HauntingLick"],"picked":"Slimebound:Schlurp","floor":4},{"not_picked":["Slimebound:Prepare","Slimebound:SlimeBrawl"],"picked":"Slimebound:SamplingLick","floor":10},{"not_picked":["Slimebound:Repurpose","Slimebound:LeechingTouch"],"picked":"Slimebound:SlimeSpikes","floor":13},{"not_picked":["Slimebound:GoopTackle","Slimebound:SlimeBrawl"],"picked":"Slimebound:LeechEnergy","floor":14},{"not_picked":["Slimebound:ForwardTackle","Slimebound:GoopTackle"],"picked":"Slimebound:TongueLash","floor":15},{"not_picked":["Slimebound:LeechLife","Slimebound:FirmFortitude"],"picked":"Slimebound:MassFeed","floor":16},{"not_picked":["Slimebound:FormOfPuddle","Slimebound:Replication"],"picked":"Slimebound:SamplingLick+1","floor":19},{"not_picked":["Slimebound:Chomp","Slimebound:RollThrough"],"picked":"Slimebound:HauntingLick","floor":20},{"not_picked":["Slimebound:LeechingTouch+1","Slimebound:LeechEnergy+1"],"picked":"Slimebound:FinishingTackle","floor":26},{"not_picked":["Slimebound:SplitMire","Slimebound:PrepareCrush"],"picked":"Slimebound:SamplingLick","floor":27},{"not_picked":["Slimebound:SplitAcid","Slimebound:SplitBruiser"],"picked":"Slimebound:SpikyOuterGoop","floor":28},{"not_picked":["Slimebound:DisruptingSlam","Slimebound:Schlurp"],"picked":"Slimebound:ItLooksTasty","floor":29},{"not_picked":["Slimebound:LeechEnergy","Slimebound:FinishingTackle+1"],"picked":"Slimebound:HauntingLick","floor":30},{"not_picked":["Slimebound:ItLooksTasty","Slimebound:OneTwoCombo"],"picked":"Slimebound:HauntingLick","floor":31},{"not_picked":["Slimebound:Chomp","Slimebound:ItLooksTasty"],"picked":"Slimebound:GoopSpray","floor":32}],"player_experience":160695,"relics_obtained":[{"floor":2,"key":"reliquary:SharkskinSheath"},{"floor":7,"key":"The Courier"},{"floor":9,"key":"ReplayTheSpireMod:Ring of Exchange"},{"floor":11,"key":"Nunchaku"},{"floor":23,"key":"reliquary:FerryPass"},{"floor":24,"key":"reliquary:ExpiredCoupon"},{"floor":27,"key":"CCEMRelics:TinyMinotavrHorn"},{"floor":28,"key":"Durian"},{"floor":30,"key":"downfall:CloakOfManyFaces"}],"event_choices":[{"damage_healed":0,"gold_gain":0,"player_choice":"Ignored","damage_taken":0,"max_hp_gain":0,"max_hp_loss":0,"event_name":"Ghosts","floor":21,"gold_loss":0}],"is_beta":false,"boss_relics":[{"not_picked":["SacredBark","Lee\u0027s Waffle"],"picked":"Slimebound:SelfDamagePreventRelic"}],"items_purged_floors":[28],"is_endless":false,"potions_floor_spawned":[3,10,13,26,29,32],"killed_by":"DF_ARCHETYPE_CLAW","ascension_level":0}}