{"host":"9v3x998ddbx8o276","time":1613113517,"event":{"mods":["AchievementEnabler","BaseMod","Colored Map","Colored Powertips","Highlight Path","Minty Spire (QoL Compilation)","Quick Restart","Rare Cards Sparkle"],"gold_per_floor":[112,112,112,112,133,167,167,202,202,202,37,76,91,110,110,206,206,220,220,234,254,275,275,275,275],"floor_reached":24,"language":"ENG","playtime":815,"items_purged":["Strike_G"],"score":482,"play_id":"adddcbc2-f7ae-4d93-9c12-4ae08781944c","local_time":"20210212173517","is_ascension_mode":true,"campfire_choices":[{"floor":7,"key":"REST"},{"data":"Leg Sweep","floor":10,"key":"SMITH"},{"floor":15,"key":"REST"},{"floor":23,"key":"REST"}],"circlet_count":0,"master_deck":["AscendersBane","Strike_G","Strike_G","Defend_G","Defend_G","Defend_G","Defend_G","Survivor","Neutralize","Deadly Poison+1","Quick Slash","Leg Sweep+1","Footwork+1","Caltrops+1","PiercingWail+1","Dagger Spray","Endless Agony","Wraith Form v2+1","Predator+1","Accuracy+1","Slice+1","Acrobatics","Calculated Gamble","All Out Attack","Blade Dance"],"relics":["Ring of the Snake","NeowsBlessing","Golden Idol","Frozen Egg 2","Shuriken","Mango","Art of War","StrikeDummy","Astrolabe"],"acts_visited":["Exordium","TheCity"],"potions_floor_usage":[8,18,20,22,24],"damage_taken":[{"damage":0,"enemies":"Jaw Worm","floor":1,"turns":1},{"damage":0,"enemies":"2 Louse","floor":5,"turns":1},{"damage":0,"enemies":"Gremlin Nob","floor":6,"turns":1},{"damage":7,"enemies":"3 Sentries","floor":8,"turns":4},{"damage":26,"enemies":"Lagavulin","floor":12,"turns":10},{"damage":0,"enemies":"Small Slimes","floor":13,"turns":4},{"damage":0,"enemies":"Blue Slaver","floor":14,"turns":4},{"damage":17,"enemies":"The Guardian","floor":16,"turns":10},{"damage":13,"enemies":"2 Thieves","floor":18,"turns":3},{"damage":1,"enemies":"Chosen","floor":20,"turns":5},{"damage":19,"enemies":"Centurion and Healer","floor":21,"turns":10},{"damage":25,"enemies":"Shelled Parasite and Fungi","floor":22,"turns":4},{"damage":36,"enemies":"Snake Plant","floor":24,"turns":3}],"seed_played":"5348755057526915007","potions_obtained":[{"floor":5,"key":"ColorlessPotion"},{"floor":12,"key":"Dexterity Potion"},{"floor":13,"key":"AttackPotion"},{"floor":18,"key":"SkillPotion"},{"floor":20,"key":"Strength Potion"},{"floor":21,"key":"ColorlessPotion"}],"is_trial":false,"path_per_floor":["M","?","?","?","M","E","R","E","T","R","$","E","M","M","R","B",null,"M","?","M","M","M","R","M"],"character_chosen":"THE_SILENT","items_purchased":["Caltrops+1"],"campfire_rested":3,"item_purchase_floors":[11],"current_hp_per_floor":[59,59,33,33,33,33,51,58,58,58,58,32,32,32,54,37,65,52,52,51,32,7,29,0,0],"gold":275,"neow_bonus":"THREE_ENEMY_KILL","is_daily":false,"chose_seed":false,"campfire_upgraded":1,"win_rate":0.0,"timestamp":1613113517,"path_taken":["M","?","?","?","M","E","R","E","T","R","?","E","M","M","R","BOSS","M","?","?","M","M","R","M"],"items_purchased_type":["Card"],"build_version":"2020-12-22","purchased_purges":1,"victory":false,"max_hp_per_floor":[66,60,60,60,60,60,60,74,74,74,74,74,74,74,74,74,74,74,74,74,74,74,74,74,74],"card_choices":[{"not_picked":["Outmaneuver","Escape Plan"],"picked":"Deadly Poison","floor":1},{"not_picked":["Cloak And Dagger","Sucker Punch"],"picked":"Quick Slash","floor":5},{"not_picked":["Quick Slash","Outmaneuver"],"picked":"Leg Sweep","floor":6},{"not_picked":["Escape Plan","Night Terror"],"picked":"Footwork+1","floor":8},{"not_picked":["Well Laid Plans+1","Backflip"],"picked":"PiercingWail","floor":12},{"not_picked":["Tactician","Bane"],"picked":"Dagger Spray","floor":13},{"not_picked":["Choke","Setup"],"picked":"Endless Agony","floor":14},{"not_picked":["Doppelganger","Tools of the Trade+1"],"picked":"Wraith Form v2+1","floor":16},{"not_picked":["Poisoned Stab","Flying Knee"],"picked":"Acrobatics","floor":18},{"not_picked":["Deflect","Caltrops+1"],"picked":"Calculated Gamble","floor":20},{"not_picked":["Underhanded Strike","Slice+1"],"picked":"All Out Attack","floor":21},{"not_picked":["Outmaneuver+1","Bane"],"picked":"Blade Dance","floor":22}],"player_experience":2240523,"relics_obtained":[{"floor":6,"key":"Shuriken"},{"floor":8,"key":"Mango"},{"floor":9,"key":"Art of War"},{"floor":12,"key":"StrikeDummy"}],"event_choices":[{"damage_healed":0,"gold_gain":0,"player_choice":"Lose Max HP","damage_taken":0,"relics_obtained":["Golden Idol"],"max_hp_gain":0,"max_hp_loss":6,"event_name":"Golden Idol","floor":2,"gold_loss":0},{"damage_healed":0,"gold_gain":0,"player_choice":"Success","damage_taken":26,"relics_obtained":["Frozen Egg 2"],"max_hp_gain":0,"max_hp_loss":0,"event_name":"Scrap Ooze","floor":3,"gold_loss":0},{"damage_healed":0,"gold_gain":0,"player_choice":"Grow","damage_taken":0,"max_hp_gain":0,"max_hp_loss":0,"event_name":"Living Wall","floor":4,"gold_loss":0,"cards_upgraded":["Deadly Poison"]},{"damage_healed":0,"gold_gain":0,"player_choice":"Upgraded","damage_taken":0,"max_hp_gain":0,"max_hp_loss":0,"event_name":"Upgrade Shrine","floor":19,"gold_loss":0,"cards_upgraded":["PiercingWail"]}],"is_beta":false,"boss_relics":[{"not_picked":["Ring of the Serpent","Fusion Hammer"],"picked":"Astrolabe"}],"items_purged_floors":[11],"is_endless":false,"potions_floor_spawned":[5,12,13,14,18,20,21],"killed_by":"Snake Plant","ascension_level":20}}