{"host":"mmvmlqmvbrlj5jge","time":1613120197,"event":{"mods":["Act Like it!","BaseMod","Dota2Spire","Gensokyo","GifTheSpireLib","Hallownest","Lobotomy","Mari Mod (Legacy)","Mari\u0027s V1 Patch","Minty Spire (QoL Compilation)","MostiFishMod","Pale of the Ancients","Quick Restart","Remilia（蕾米莉亚）","Replay The Spire","RumiaBox-露米娅的神秘盒子","Spicy Shops","StSLib","TestMod","The Bug Knight","noobMod","【功能Mod】混沌之环修复补丁","【遗物卡牌】REMEMod","篝火指南"],"gold_per_floor":[110,110,110,142,67,67,96,111,111,111,142,162,195,207,207,307,307,325,325,339,352,352,387,387,415,415,435,450,482,502,402,402,499,499,511,511,242,258,258,283,309,337,362,372,372,385,398,424,346,346,346,225,68,93,93],"floor_reached":56,"language":"ZHS","playtime":2176,"items_purged":["Strike_RM","Gluttony_TH","Defend_RM+1"],"score":2410,"play_id":"66d6eba1-1323-4125-ba1a-6bf5326ad25d","local_time":"20210212165637","is_ascension_mode":true,"campfire_choices":[{"data":"MostiFishMod:WinterMarkForm","floor":6.0,"key":"SMITH"},{"data":"MostiFishMod:FrostNova","floor":10.0,"key":"SMITH"},{"data":"ScarletCoffin","floor":15,"key":"SMITH"},{"floor":32,"key":"DIG"},{"floor":45,"key":"RECALL"}],"circlet_count":0,"master_deck":["AscendersBane","Strike_RM","Strike_RM","Strike_RM","Defend_RM+2","Defend_RM","Defend_RM","RedMoon+1","ScarletShoot+1","MostiFishMod:WinterMarkForm+1","MostiFishMod:Overload+1","ScarletCoffin+1"],"relics":["DaveBox","testmod-TestBox","REME_ComplimentaryCards","ice","FrostBlade","testmod-Maize","SoulBox","SynthV:TestCard","Gensokyo:PortableGap","testmod-Déjàvu","MealTicket","SSSystem","GodSword1","Dota2Spire:Satanic","testmod-ArcanaOfDestiny","Coffee Dripper","Vajra","GodSword5","Ancient Tea Set","GodSword3","Akabeko","Replay:Bottled Eggs","Frozen Egg 2","White Beast Statue","testmod-TimeTraveler","Sling","Replay:Bottled Steam","Omamori","Blood Vial","Centennial Puzzle","testmod-Justice","Simple Rune","Replay:Baseball","Bag of Marbles","Divine Protection","Oddly Smooth Stone","Quantum Egg"],"acts_visited":["Gensokyo:Gensokyo","TheCity","Gensokyo:Gensokyoest","TheEnding"],"potions_floor_usage":[25],"damage_taken":[{"damage":0.0,"enemies":"Gensokyo:Python","floor":1.0,"turns":2.0},{"damage":2.0,"enemies":"Gensokyo:Aya","floor":4.0,"turns":3.0},{"damage":6.0,"enemies":"Gensokyo:Cirno","floor":7.0,"turns":5.0},{"damage":1.0,"enemies":"Gensokyo:2_Kodama","floor":8.0,"turns":2.0},{"damage":10.0,"enemies":"Gensokyo:Mamizou","floor":11.0,"turns":3.0},{"damage":0.0,"enemies":"Gensokyo:3_Fairies","floor":12.0,"turns":3.0},{"damage":6.0,"enemies":"Gensokyo:Cirno","floor":13.0,"turns":5.0},{"damage":0.0,"enemies":"Gensokyo:LivingMonolith","floor":14.0,"turns":1.0},{"damage":0,"enemies":"Gensokyo:Reimu","floor":16,"turns":4},{"damage":0,"enemies":"Spheric Guardian","floor":18,"turns":2},{"damage":0,"enemies":"2 Thieves","floor":20,"turns":3},{"damage":18,"enemies":"Snake Plant","floor":21,"turns":3},{"damage":7,"enemies":"Slavers","floor":23,"turns":6},{"damage":0,"enemies":"HollowMod:Nosk","floor":25,"turns":5},{"damage":0,"enemies":"Centurion and Healer","floor":27,"turns":3},{"damage":0,"enemies":"Snecko","floor":28,"turns":2},{"damage":0,"enemies":"REME_1_Revenger","floor":29,"turns":2},{"damage":0,"enemies":"Snake Plant","floor":30,"turns":1},{"damage":0,"enemies":"Pondfish","floor":33,"turns":4},{"damage":0,"enemies":"Gensokyo:3_Bats","floor":35,"turns":1},{"damage":11,"enemies":"Gensokyo:3_Boulders","floor":38,"turns":3},{"damage":13,"enemies":"Gensokyo:Marisa","floor":40,"turns":3},{"damage":0,"enemies":"Gensokyo:Doremy","floor":42,"turns":3},{"damage":2,"enemies":"Gensokyo:SeedOfUnknown","floor":44,"turns":2},{"damage":0,"enemies":"Gensokyo:Sharpion","floor":46,"turns":2},{"damage":2,"enemies":"Gensokyo:3_Boulders","floor":47,"turns":4},{"damage":0,"enemies":"Gensokyo:Kasen","floor":48,"turns":4},{"damage":0,"enemies":"Gensokyo:Yuyuko","floor":50,"turns":2},{"damage":0,"enemies":"Shield and Spear","floor":54,"turns":2},{"damage":0,"enemies":"The Heart","floor":55,"turns":4}],"seed_played":"-8557685779190205764","potions_obtained":[{"floor":8.0,"key":"Toxic Potion"},{"floor":11.0,"key":"SteroidPotion"},{"floor":12.0,"key":"Swift Potion"},{"floor":25,"key":"REME_GoldPotion"},{"floor":28,"key":"Strength Potion"},{"floor":29,"key":"Adrenaline Potion"}],"is_trial":false,"path_per_floor":["M","?","?","?","$","R","E","M","T","R","E","M","E","M","R","B",null,"M","?","M","M","?","E","?","E","T","M","M","E","M","$","R","B",null,"M","?","$","M","?","E","T","E","T","M","R","M","M","E","R","B",null,"R","$","E","B",null],"character_chosen":"REMILIA","items_purchased":["Sling","Bag of Marbles","Divine Protection","Oddly Smooth Stone"],"campfire_rested":0,"item_purchase_floors":[37,49,52,53],"current_hp_per_floor":[68,68,55,58,68,68,62,62,62,62,52,52,46,46,46,49,63,63,63,63,47,47,42,60,60,60,60,60,60,62,80,80,83,83,83,71,83,72,56,59,59,63,63,66,66,73,73,80,80,80,82,82,83,83,83],"gold":93,"neow_bonus":"BOSS_RELIC","is_daily":false,"chose_seed":false,"campfire_upgraded":3,"win_rate":0.0,"timestamp":1613120197,"path_taken":["M","?","?","?","$","R","E","M","T","R","E","M","E","M","R","BOSS","M","?","M","?","?","E","?","E","T","M","M","E","M","$","R","BOSS","M","?","?","M","?","E","?","E","T","M","R","M","M","E","R","BOSS","R","$","E","BOSS"],"items_purchased_type":["Relic","Relic","Relic","Relic"],"build_version":"2020-12-22","purchased_purges":3,"victory":true,"max_hp_per_floor":[75,68,68,68,68,68,68,68,68,68,68,68,68,68,68,68,68,68,68,68,68,68,68,83,83,83,83,83,83,83,83,83,83,83,83,83,83,83,83,83,83,83,83,83,83,83,83,83,83,83,83,83,83,83,83],"card_choices":[{"not_picked":["RedRainbow","VampireSweep","BombardNight"],"picked":"SKIP","floor":1.0},{"not_picked":["Stigmanizer","UltimateOffering","VampireKiss","DemonKingCradle","UnderTheZenith"],"picked":"SKIP","floor":4.0},{"not_picked":["ScarletSymphony","DiffusionOfMisfortune","CharismaGuard","Septette","UnstableMagic"],"picked":"SKIP","floor":7.0},{"not_picked":["MastersStateliness","Stigmanizer","VampireKiss","BloodyTrap","ForecastOfChange"],"picked":"SKIP","floor":8.0},{"not_picked":["UltimateOffering","MastersStateliness","RedRainbow","BloodAndWine"],"picked":"ScarletCoffin","floor":11.0},{"not_picked":["VampireKiss","EndlessAdversity","BlasphemousPunishment","CharismaGuard","UltimateOffering"],"picked":"SKIP","floor":12.0},{"not_picked":["BloodHunter","Maim","MillenniumVampire","DiffusionOfMisfortune","VampireFantasy"],"picked":"SKIP","floor":13.0},{"not_picked":["UnstableMagic","Stigmanizer","NightLord","DiffusionOfMisfortune","BombardNight"],"picked":"SKIP","floor":14},{"not_picked":["NightLord","CharismaGuard","UnderTheZenith","BloodHunter","RedRainbow"],"picked":"SKIP","floor":18},{"not_picked":["BombardNight","ReincarnationDial","NightDance","UltimateOffering","FitfulNightmare"],"picked":"SKIP","floor":20},{"not_picked":["ScarletSymphony","VampireKiss","Stigmanizer","ScarletDream","FavorOfDestiny"],"picked":"SKIP","floor":21},{"not_picked":["Stigmanizer+1","DiffusionOfMisfortune","BadLadyScramble","RedRainbow","NightDance"],"picked":"SKIP","floor":23},{"not_picked":["ScarletImprint","KillingBlow","ScarletDevil+1","HunterOfTheNight","BlasphemousPunishment+1"],"picked":"SKIP","floor":25},{"not_picked":["Stigmanizer","RedRainbow+1","VampireKiss","ScarletImprint+1","DiffusionOfMisfortune"],"picked":"SKIP","floor":27},{"not_picked":["BombardNight","TwelveNightmare","Maim","ScarletGensokyo","Stigmanizer"],"picked":"SKIP","floor":28},{"not_picked":["ScarletDream","BloodyTrap","RedRainbow","ScarletDevil","DemonKingCradle+1"],"picked":"SKIP","floor":29},{"not_picked":["ScarletGensokyo","UltimateOffering","RedRainbow","BombardNight","EndlessAdversity"],"picked":"SKIP","floor":30},{"not_picked":["UnderTheZenith","StarOfDavid","RedRainbow","VampireClaw","LeisurelyOfLord"],"picked":"SKIP","floor":35},{"not_picked":["UnstableMagic","BlasphemousPunishment","DiffusionOfMisfortune+1","BombardNight","BloodAndWine+1"],"picked":"SKIP","floor":38},{"not_picked":["FavorOfDestiny","Maim+1","CeilingFear","ScarletDream+1","BloodAndWine"],"picked":"SKIP","floor":40},{"not_picked":["Maim+1","BloodHunter+1","FavorOfDestiny+1","BloodyMagicSquare","DiffusionOfMisfortune+1"],"picked":"SKIP","floor":42},{"not_picked":["ScarletDevil+1","DiffusionOfMisfortune+1","BloodAndWine","Stigmanizer","UnstableMagic+1"],"picked":"SKIP","floor":44},{"not_picked":["MastersStateliness+1","ScarletDevilSign+1","KillingBlow","TwelveNightmare+1","RedNightlessCastle+1"],"picked":"SKIP","floor":46},{"not_picked":["MillenniumVampire+1","UnderTheZenith","DiffusionOfMisfortune","VampireSweep","BlasphemousPunishment+1"],"picked":"SKIP","floor":47},{"not_picked":["VampireKiss","UnstableMagic+1","DiffusionOfMisfortune+1","CharismaGuard+1","ScarletDream"],"picked":"SKIP","floor":48},{"not_picked":["ScarletDevil+1","UnstableMagic","StarOfDavid+1","ScarletNetherworld+1","Stigmanizer+1"],"picked":"SKIP","floor":54}],"player_experience":135914,"relics_obtained":[{"floor":1.0,"key":"SynthV:TestCard"},{"floor":4.0,"key":"MealTicket"},{"floor":7.0,"key":"SSSystem"},{"floor":9.0,"key":"GodSword1"},{"floor":11.0,"key":"Dota2Spire:Satanic"},{"floor":13.0,"key":"testmod-ArcanaOfDestiny"},{"floor":19,"key":"Vajra"},{"floor":23,"key":"Ancient Tea Set"},{"floor":25,"key":"GodSword3"},{"floor":25,"key":"Akabeko"},{"floor":26,"key":"Replay:Bottled Eggs"},{"floor":29,"key":"Frozen Egg 2"},{"floor":32,"key":"White Beast Statue"},{"floor":40,"key":"Omamori"},{"floor":42,"key":"Blood Vial"},{"floor":43,"key":"Centennial Puzzle"},{"floor":46,"key":"testmod-Justice"},{"floor":47,"key":"Simple Rune"},{"floor":48,"key":"Replay:Baseball"},{"floor":54,"key":"Quantum Egg"}],"event_choices":[{"damage_healed":0,"gold_gain":0,"player_choice":"Relic","damage_taken":0,"max_hp_gain":0,"max_hp_loss":0,"event_name":"Wheel of Change","floor":19,"gold_loss":0}],"is_beta":false,"boss_relics":[{"not_picked":["testmod-SaigiyounoYou","Honey Jar"],"picked":"Coffee Dripper"},{"not_picked":["testmod-Prudence","EE1DDrone"],"picked":"testmod-TimeTraveler"}],"items_purged_floors":[5,31,37],"is_endless":false,"potions_floor_spawned":[8,11,12,14,23,25,28,29,30,33,35,38,40,42,44,46,47,48,54],"ascension_level":10}}