{"host":"6xsbn6ynqlzwllfm","time":1613094007,"event":{"mods":["2.2 Compatiblity","BaseMod","Bestiary","Colored Map","Colored Powertips","Curses Come First","Downfall","Highlight Path","Keyboard Shortcuts","Minty Spire (QoL Compilation)","Relic Stats","Slay the Relics Exporter","StSLib","SuperFastMode"],"gold_per_floor":[99,117,137,154,164,164,191,91,119,143,43,69,69,69,89,197,197,197,217,109,130,146,172,172,172,199,199,199,227,227,227,238,238,238,238],"floor_reached":33,"language":"ENG","playtime":1418,"items_purged":["bronze:HardenedForm"],"score":377,"play_id":"2859287b-a73e-483b-82e4-6462cf8e55e3","local_time":"20210211204007","is_ascension_mode":true,"campfire_choices":[{"floor":1,"key":"RECALL"},{"data":"bronze:Iterate","floor":8,"key":"SMITH"},{"data":"bronze:Shell","floor":11,"key":"SMITH"},{"data":"bronze:Boost","floor":13,"key":"SMITH"},{"data":"bronze:Assembly","floor":18,"key":"SMITH"},{"floor":28,"key":"REST"}],"circlet_count":0,"master_deck":["bronze:Replicate+1","bronze:Goto","bronze:BronzeArmor","bronze:DigitalCarnage","bronze:CleanCode","bronze:GetLatest","bronze:Virus+1","bronze:Iterate+1","bronze:NullPointer","bronze:Frontload","bronze:Shell+1","bronze:Boost+1","bronze:MaxOutput","bronze:Assembly+1","bronze:Fortify","bronze:Boost","bronze:ForLoop+1","bronze:Flail+1"],"relics":["Pandora\u0027s Box","Whetstone","downfall:HeartBlessingRed","CeramicFish","downfall:HeartBlessingGreen","bronze:BottledCode","bronze:ElectromagneticCoil","Singing Bowl","downfall:RedIOU","bronze:DecasWashers","Question Card"],"acts_visited":["Exordium","TheCity"],"potions_floor_usage":[20,23,26,26,32],"damage_taken":[{"damage":0,"enemies":"Cultist","floor":2,"turns":2},{"damage":12,"enemies":"Jaw Worm","floor":3,"turns":2},{"damage":6,"enemies":"2 Louse","floor":4,"turns":2},{"damage":10,"enemies":"2 Fungi Beasts","floor":5,"turns":3},{"damage":0,"enemies":"Lagavulin","floor":9,"turns":6},{"damage":6,"enemies":"3 Louse","floor":10,"turns":2},{"damage":0,"enemies":"Large Slime","floor":12,"turns":5},{"damage":6,"enemies":"2 Fungi Beasts","floor":15,"turns":3},{"damage":4,"enemies":"SI_SHIV_ARCHETYPE","floor":16,"turns":4},{"damage":0,"enemies":"Chosen","floor":19,"turns":3},{"damage":5,"enemies":"downfall:FleeingMerchant","floor":20,"turns":4},{"damage":5,"enemies":"Chosen and Byrds","floor":21,"turns":4},{"damage":0,"enemies":"Snecko","floor":22,"turns":4},{"damage":33,"enemies":"Book of Stabbing","floor":23,"turns":4},{"damage":17,"enemies":"Slavers","floor":26,"turns":4},{"damage":0,"enemies":"Sentry and Sphere","floor":29,"turns":4},{"damage":22,"enemies":"Snake Plant","floor":32,"turns":3},{"damage":21,"enemies":"IC_MUSHROOM_ARCHETYPE","floor":33,"turns":4}],"seed_played":"-5069740500266575200","potions_obtained":[{"floor":3,"key":"Guardian:BlockOnCardUsePotion"},{"floor":5,"key":"Weak Potion"},{"floor":12,"key":"GamblersBrew"},{"floor":15,"key":"Guardian:BlockOnCardUsePotion"},{"floor":21,"key":"hexamod:SoulburnPotion"},{"floor":26,"key":"DistilledChaos"}],"is_trial":false,"path_per_floor":["R","M","M","M","M","?","T","R","E","M","R","M","R","?","M","B",null,"R","M","$","M","M","E","T","?","E","?","R","M","?","T","M","B"],"character_chosen":"THE_AUTOMATON","items_purchased":["bronze:Boost"],"campfire_rested":1,"item_purchase_floors":[20],"current_hp_per_floor":[70,70,58,52,42,80,80,80,80,74,74,74,74,70,64,60,70,70,70,65,60,60,27,27,27,12,12,33,33,33,33,13,0,0,0],"gold":238,"neow_bonus":"BOSS_RELIC","is_daily":false,"chose_seed":false,"campfire_upgraded":4,"win_rate":0.0,"timestamp":1613094007,"path_taken":["R","M","M","?","M","?","T","R","E","M","R","?","R","?","M","BOSS","R","M","$","M","M","E","T","?","E","?","R","M","?","?","M","BOSS"],"items_purchased_type":["Card"],"build_version":"2020-12-22","purchased_purges":1,"victory":false,"max_hp_per_floor":[70,70,70,70,70,80,80,80,80,80,80,80,80,70,70,70,70,70,70,70,70,70,70,70,70,72,72,72,72,72,72,74,74,74,74],"relic_stats":{"Singing Bowl":4,"counters":[18,63],"CeramicFish":72,"Pandora\u0027s Box":["bronze:BronzeArmor","bronze:DigitalCarnage","bronze:CleanCode","bronze:HardenedForm","bronze:DarkDash","bronze:GetLatest","bronze:ThunderWave","bronze:Virus"],"Whetstone":["bronze:Replicate","bronze:Virus"],"Question Card":1,"obtain_stats":[{"bronze:ElectromagneticCoil":17,"bronze:BronzeCore":0,"downfall:HeartBlessingRed":8,"Singing Bowl":24,"CeramicFish":9,"bronze:DecasWashers":26,"downfall:HeartBlessingGreen":11,"Whetstone":7,"Ancient Tea Set":23,"Question Card":31,"bronze:BottledCode":14,"Pandora\u0027s Box":0,"downfall:RedIOU":25},{"bronze:ElectromagneticCoil":9,"bronze:BronzeCore":0,"downfall:HeartBlessingRed":4,"Singing Bowl":14,"CeramicFish":5,"bronze:DecasWashers":15,"downfall:HeartBlessingGreen":6,"Whetstone":4,"Ancient Tea Set":14,"Question Card":16,"bronze:BottledCode":7,"Pandora\u0027s Box":0,"downfall:RedIOU":14},{"bronze:ElectromagneticCoil":29,"bronze:BronzeCore":0,"downfall:HeartBlessingRed":9,"Singing Bowl":48,"CeramicFish":15,"bronze:DecasWashers":52,"downfall:HeartBlessingGreen":17,"Whetstone":9,"Ancient Tea Set":48,"Question Card":56,"bronze:BottledCode":22,"Pandora\u0027s Box":0,"downfall:RedIOU":48}]},"card_choices":[{"not_picked":["bronze:Deprecate","bronze:BugBarrage"],"picked":"bronze:Iterate","floor":3},{"not_picked":["bronze:FollowUp","bronze:Constructor"],"picked":"bronze:NullPointer","floor":4},{"not_picked":["bronze:ItsAFeature","bronze:BuggyMess"],"picked":"bronze:Frontload","floor":5},{"not_picked":["bronze:BugBarrage","bronze:Shield"],"picked":"bronze:Shell","floor":10},{"not_picked":["bronze:DarkDash","bronze:Fortify"],"picked":"bronze:Boost","floor":12},{"not_picked":["bronze:BitShift","bronze:FineTuning"],"picked":"bronze:MaxOutput","floor":15},{"not_picked":["bronze:Virus","bronze:SpaghettiCode"],"picked":"bronze:Assembly","floor":16},{"not_picked":["bronze:HyperBeam","bronze:Turbo+1"],"picked":"bronze:Fortify","floor":20},{"not_picked":["bronze:Repair+1","bronze:Frontload"],"picked":"bronze:ForLoop+1","floor":21},{"not_picked":["bronze:Deprecate","bronze:Safeguard+1","bronze:BuggyMess"],"picked":"SKIP","floor":22},{"not_picked":["bronze:Break","bronze:WildBeam","bronze:InfiniteBeams"],"picked":"Singing Bowl","floor":26},{"not_picked":["bronze:WildBeam","bronze:Refactor"],"picked":"bronze:Flail+1","floor":29},{"not_picked":["bronze:Branch","bronze:Optimize","bronze:BugBarrage+1","bronze:Iterate"],"picked":"Singing Bowl","floor":32}],"player_experience":1735246,"relics_obtained":[{"floor":7,"key":"Whetstone"},{"floor":9,"key":"CeramicFish"},{"floor":23,"key":"Ancient Tea Set"},{"floor":24,"key":"Singing Bowl"},{"floor":26,"key":"bronze:DecasWashers"},{"floor":31,"key":"Question Card"}],"event_choices":[{"cards_removed":["bronze:ThunderWave"],"damage_healed":28,"gold_gain":0,"player_choice":"Offered Rare","damage_taken":0,"max_hp_gain":10,"max_hp_loss":0,"event_name":"Bonfire Elementals","floor":6,"gold_loss":0},{"damage_healed":0,"gold_gain":0,"player_choice":"Ignored","damage_taken":0,"max_hp_gain":0,"max_hp_loss":0,"event_name":"Ghosts","floor":27,"gold_loss":0}],"is_beta":false,"boss_relics":[{"not_picked":["Runic Dome","Empty Cage"],"picked":"bronze:ElectromagneticCoil"}],"items_purged_floors":[20],"is_endless":false,"potions_floor_spawned":[3,5,12,15,19,21,22,26],"killed_by":"IC_MUSHROOM_ARCHETYPE","ascension_level":4}}