{"host":"cb9xh4d0ss8ax8yb","time":1613102995,"event":{"mods":["100% Spire Juice","BaseMod","Good Game Mod","Jess\u0027s Bottle","Minty Spire (QoL Compilation)","StSLib","The Cursed","The Dragon Tamer","The Gatherer"],"gold_per_floor":[119,132,132,147,159,178,204,220,268,280,309,309,366,383,383,484,484,500,514,104,119,139,171,183,210,278,296,296,330,330,349,349,450,450,468,480,530,530,530,564,43,43,43,43,72,85,118,129,129,129,129,129,4,39,39],"floor_reached":56,"language":"KOR","playtime":4772,"items_purged":["TheCursedMod:CircleOfAmplification","TheCursedMod:AntiAging"],"score":1763,"play_id":"06180d77-be90-4bf2-a1f4-785dc0cbe4ea","local_time":"20210212130955","is_ascension_mode":true,"campfire_choices":[{"data":"TheCursedMod:NeowsMight","floor":15,"key":"SMITH"},{"data":"TheCursedMod:ParallelWorld","floor":28,"key":"SMITH"},{"data":"TheCursedMod:CleanUpWorkshop","floor":32,"key":"SMITH"},{"data":"TheCursedMod:CircleOfCorruption","floor":42,"key":"SMITH"},{"data":"TheCursedMod:HellfireBreathing","floor":44,"key":"SMITH"},{"floor":49,"key":"RECALL"},{"data":"TheCursedMod:HellfireBreathing","floor":52,"key":"SMITH"}],"circlet_count":0,"master_deck":["TheCursedMod:CleanUpWorkshop+1","TheCursedMod:CursedAmulet","TheCursedMod:HellfireBreathing+1","TheCursedMod:HellfireBreathing+1","TheCursedMod:SpitefulPlan","TheCursedMod:LuckyCharm","TheCursedMod:CursedSpellbook","TheCursedMod:NeowsMight+1","TheCursedMod:ParallelWorld+1","TheCursedMod:CircleOfCorruption+1","TheCursedMod:CircleOfAbyss","TheCursedMod:CircleOfAmplification+1"],"relics":["TheCursedMod:BlackMagicAdvanced","REME:ComplimentaryCards","Spirit Poop","Ginger","PreservedInsect","Happy Flower","The Courier","Regal Pillow","Runic Pyramid","Boot","Strawberry","Bronze Scales","Blood Vial","Juzu Bracelet","Lizard Tail","MutagenicStrength","Philosopher\u0027s Stone","TheCursedMod:CrystalBall","Shuriken","Medical Kit","Potion Belt","Mummified Hand","Letter Opener","HornCleat","TheCursedMod:BloodyHarpoon","TheCursedMod:PinkPellets","TheCursedMod:DemonicMark"],"acts_visited":["Exordium","TheCity","TheBeyond","TheEnding"],"potions_floor_usage":[6,11,13,16,21,24,25,29,33,46,50],"damage_taken":[{"damage":1,"enemies":"Jaw Worm","floor":1,"turns":4},{"damage":0,"enemies":"Cultist","floor":2,"turns":2},{"damage":3,"enemies":"Small Slimes","floor":4,"turns":3},{"damage":4,"enemies":"Looter","floor":5,"turns":2},{"damage":14,"enemies":"Large Slime","floor":6,"turns":4},{"damage":0,"enemies":"Gremlin Nob","floor":7,"turns":2},{"damage":22,"enemies":"3 Louse","floor":8,"turns":2},{"damage":0,"enemies":"Looter","floor":10,"turns":2},{"damage":7,"enemies":"3 Sentries","floor":11,"turns":3},{"damage":4,"enemies":"3 Sentries","floor":13,"turns":2},{"damage":2,"enemies":"Large Slime","floor":14,"turns":2},{"damage":0,"enemies":"Hexaghost","floor":16,"turns":2},{"damage":0,"enemies":"Chosen","floor":18,"turns":2},{"damage":0,"enemies":"2 Thieves","floor":19,"turns":2},{"damage":7,"enemies":"Cultist and Chosen","floor":21,"turns":4},{"damage":7,"enemies":"Snecko","floor":22,"turns":6},{"damage":1,"enemies":"Book of Stabbing","floor":23,"turns":2},{"damage":0,"enemies":"Snake Plant","floor":24,"turns":2},{"damage":0,"enemies":"Gremlin Leader","floor":25,"turns":2},{"damage":5,"enemies":"Centurion and Healer","floor":27,"turns":2},{"damage":10,"enemies":"Slavers","floor":29,"turns":2},{"damage":10,"enemies":"Snecko","floor":31,"turns":5},{"damage":0,"enemies":"Collector","floor":33,"turns":3},{"damage":0,"enemies":"Orb Walker","floor":35,"turns":2},{"damage":22,"enemies":"3 Shapes","floor":36,"turns":3},{"damage":0,"enemies":"Mind Bloom Boss Battle","floor":37,"turns":2},{"damage":3,"enemies":"Giant Head","floor":40,"turns":5},{"damage":2,"enemies":"Reptomancer","floor":45,"turns":1},{"damage":4,"enemies":"Writhing Mass","floor":46,"turns":1},{"damage":1,"enemies":"Giant Head","floor":47,"turns":5},{"damage":0,"enemies":"Sphere and 2 Shapes","floor":48,"turns":2},{"damage":29,"enemies":"Time Eater","floor":50,"turns":3},{"damage":0,"enemies":"Shield and Spear","floor":54,"turns":2},{"damage":7,"enemies":"The Heart","floor":55,"turns":4}],"seed_played":"-5309692338613313760","potions_obtained":[{"floor":1,"key":"AttackPotion"},{"floor":6,"key":"DuplicationPotion"},{"floor":8,"key":"GamblersBrew"},{"floor":11,"key":"Explosive Potion"},{"floor":16,"key":"BlessingOfTheForge"},{"floor":19,"key":"TheCursedMod:DregsPotion"},{"floor":22,"key":"SkillPotion"},{"floor":23,"key":"Weak Potion"},{"floor":29,"key":"SteroidPotion"},{"floor":31,"key":"Strength Potion"},{"floor":35,"key":"Energy Potion"},{"floor":40,"key":"Ancient Potion"},{"floor":45,"key":"Swift Potion"},{"floor":46,"key":"Energy Potion"}],"is_trial":false,"path_per_floor":["M","M","?","M","M","M","E","M","T","M","E","?","?","M","R","B",null,"M","M","$","M","M","E","M","E","T","M","R","E","?","M","R","B",null,"M","M","?","?","?","E","$","R","T","R","E","M","E","M","R","B",null,"R","$","E","B",null],"character_chosen":"THE_CURSED","items_purchased":["Boot","Strawberry","Bronze Scales","Medical Kit","Potion Belt","Mummified Hand","TheCursedMod:PinkPellets"],"campfire_rested":0,"item_purchase_floors":[20,20,20,41,41,41,53],"current_hp_per_floor":[79,81,81,81,80,71,71,52,52,52,50,38,37,38,38,40,109,109,114,121,119,117,118,120,126,126,126,126,123,123,120,120,122,150,150,128,132,132,132,131,131,131,131,131,131,129,130,132,132,105,152,152,152,152,145],"gold":39,"neow_bonus":"THREE_RARE_CARDS","is_daily":false,"chose_seed":false,"campfire_upgraded":6,"win_rate":0.0,"timestamp":1613102995,"path_taken":["M","M","?","M","?","M","E","M","T","M","E","?","?","M","R","BOSS","M","M","$","M","M","E","M","E","T","M","R","E","?","M","R","BOSS","M","M","?","?","?","E","$","R","T","R","E","M","E","M","R","BOSS","R","$","E","BOSS"],"items_purchased_type":["Relic","Relic","Relic","Relic","Relic","Relic","Relic"],"build_version":"2020-12-22","purchased_purges":2,"victory":true,"max_hp_per_floor":[80,82,82,85,88,93,93,96,96,96,101,101,104,107,107,109,109,109,114,121,126,131,133,133,137,137,140,140,145,145,150,150,150,150,150,150,152,152,152,152,152,152,152,152,152,152,152,152,152,152,152,152,152,152,152],"card_choices":[{"not_picked":["TheCursedMod:StunningStrike","TheCursedMod:NeowsMight"],"picked":"TheCursedMod:AntiAging","floor":0},{"not_picked":["TheCursedMod:TacticalStrike","TheCursedMod:Stretching","TheCursedMod:Torture"],"picked":"SKIP","floor":1},{"not_picked":["TheCursedMod:SurpriseAttack","TheCursedMod:Stretching","TheCursedMod:SaltUponWound"],"picked":"SKIP","floor":2},{"not_picked":["TheCursedMod:SoulReap","TheCursedMod:Stretching","TheCursedMod:Hemoplague"],"picked":"SKIP","floor":4},{"not_picked":["TheCursedMod:RapidMovement","TheCursedMod:SmokeScreen","TheCursedMod:CursedShiv"],"picked":"SKIP","floor":5},{"not_picked":["TheCursedMod:Stretching","TheCursedMod:CursedShiv"],"picked":"TheCursedMod:CircleOfCorruption","floor":6},{"not_picked":["TheCursedMod:DoubleShield","TheCursedMod:CircleOfWindfury","TheCursedMod:CircleOfFocus"],"picked":"SKIP","floor":7},{"not_picked":["TheCursedMod:CursedMace","TheCursedMod:StingEye","TheCursedMod:DoubleShield"],"picked":"SKIP","floor":8},{"not_picked":["TheCursedMod:SurpriseAttack","TheCursedMod:SaltUponWound","TheCursedMod:Obscuration"],"picked":"SKIP","floor":10},{"not_picked":["TheCursedMod:CursedShiv","TheCursedMod:CursedMace","TheCursedMod:CursedArmor"],"picked":"SKIP","floor":11},{"not_picked":["TheCursedMod:Grudge","TheCursedMod:Stigma","TheCursedMod:SmokeScreen"],"picked":"SKIP","floor":14},{"not_picked":["TheCursedMod:UltimatePain","TheCursedMod:Neurasthenia"],"picked":"TheCursedMod:CircleOfAbyss","floor":16},{"not_picked":["TheCursedMod:CircleOfCorruption","TheCursedMod:SpreadPlague","TheCursedMod:Torture+1"],"picked":"SKIP","floor":18},{"not_picked":["TheCursedMod:Stretching","TheCursedMod:CursedStaff+1","TheCursedMod:VitalStrike"],"picked":"SKIP","floor":19},{"not_picked":["TheCursedMod:CursedMace","TheCursedMod:VitalStrike","TheCursedMod:SpitefulStrike"],"picked":"SKIP","floor":21},{"not_picked":["TheCursedMod:Wield","TheCursedMod:VitalStrike+1","TheCursedMod:SpitefulStrike"],"picked":"SKIP","floor":22},{"not_picked":["TheCursedMod:CursedBlade","TheCursedMod:SaltUponWound","TheCursedMod:SmokeScreen+1"],"picked":"SKIP","floor":23},{"not_picked":["TheCursedMod:CircleOfCorruption","TheCursedMod:ManaCirculation","TheCursedMod:PrepareRite"],"picked":"SKIP","floor":24},{"not_picked":["TheCursedMod:DoubleShield","TheCursedMod:CursedBlade","TheCursedMod:SpitefulPray"],"picked":"SKIP","floor":25},{"not_picked":["TheCursedMod:LuckyCharm","TheCursedMod:VitalStrike+1","TheCursedMod:Evocation"],"picked":"SKIP","floor":27},{"not_picked":["TheCursedMod:SurpriseAttack","TheCursedMod:SpitefulPlan+1","TheCursedMod:SmokeScreen"],"picked":"SKIP","floor":29},{"not_picked":["TheCursedMod:CircleOfWindfury","TheCursedMod:EmpowerCircles","TheCursedMod:CircleOfFlame"],"picked":"SKIP","floor":31},{"not_picked":["TheCursedMod:SpitefulStrike","TheCursedMod:CursedShiv+1","TheCursedMod:CursedAmulet+1"],"picked":"SKIP","floor":35},{"not_picked":["TheCursedMod:RapidMovement","TheCursedMod:VitalStrike","TheCursedMod:UltimatePain"],"picked":"SKIP","floor":36},{"not_picked":["TheCursedMod:FleshFromBone+1","TheCursedMod:CursedSpellbook"],"picked":"TheCursedMod:CircleOfAmplification+1","floor":37},{"not_picked":["TheCursedMod:AbyssShockwave+1","TheCursedMod:Wield","TheCursedMod:CircleOfWindfury+1"],"picked":"SKIP","floor":40},{"not_picked":["TheCursedMod:CursedArmor+1","TheCursedMod:ParallelWorld","TheCursedMod:LuckyCharm+1"],"picked":"SKIP","floor":45},{"not_picked":["TheCursedMod:Torture+1","TheCursedMod:CircleOfFlame","TheCursedMod:TacticalStrike+1"],"picked":"SKIP","floor":46},{"not_picked":["TheCursedMod:ReleasedKnowledge","TheCursedMod:Hemoplague+1","TheCursedMod:CircleOfFlame+1"],"picked":"SKIP","floor":47},{"not_picked":["TheCursedMod:AshesToAshes","TheCursedMod:Obscuration","TheCursedMod:Torture"],"picked":"SKIP","floor":48},{"not_picked":["TheCursedMod:RapidMovement+1","TheCursedMod:StunningStrike","TheCursedMod:PrepareRite"],"picked":"SKIP","floor":54}],"player_experience":491279,"relics_obtained":[{"floor":7,"key":"Ginger"},{"floor":9,"key":"PreservedInsect"},{"floor":11,"key":"Happy Flower"},{"floor":13,"key":"Regal Pillow"},{"floor":23,"key":"Blood Vial"},{"floor":25,"key":"Juzu Bracelet"},{"floor":29,"key":"Lizard Tail"},{"floor":37,"key":"TheCursedMod:CrystalBall"},{"floor":40,"key":"Shuriken"},{"floor":43,"key":"Letter Opener"},{"floor":45,"key":"HornCleat"},{"floor":47,"key":"TheCursedMod:BloodyHarpoon"},{"floor":54,"key":"TheCursedMod:DemonicMark"}],"event_choices":[{"cards_removed":["Shame"],"damage_healed":0,"gold_gain":0,"player_choice":"Offered Curse","damage_taken":0,"relics_obtained":["Spirit Poop"],"max_hp_gain":0,"max_hp_loss":0,"event_name":"Bonfire Elementals","floor":3,"gold_loss":0},{"damage_healed":0,"gold_gain":0,"player_choice":"Success","damage_taken":12,"relics_obtained":["The Courier"],"max_hp_gain":0,"max_hp_loss":0,"event_name":"Scrap Ooze","floor":12,"gold_loss":0},{"damage_healed":0,"gold_gain":0,"player_choice":"Searched \u00271\u0027 times","damage_taken":0,"max_hp_gain":0,"max_hp_loss":0,"event_name":"Dead Adventurer","floor":13,"gold_loss":0},{"damage_healed":0,"gold_gain":0,"player_choice":"Inject Mutagens","damage_taken":0,"relics_obtained":["MutagenicStrength"],"max_hp_gain":0,"max_hp_loss":0,"event_name":"Drug Dealer","floor":30,"gold_loss":0},{"damage_healed":0,"gold_gain":0,"player_choice":"Fight","damage_taken":0,"max_hp_gain":0,"max_hp_loss":0,"event_name":"MindBloom","floor":37,"gold_loss":0},{"cards_removed":["Feed"],"damage_healed":0,"gold_gain":0,"player_choice":"Removed Attack","damage_taken":0,"max_hp_gain":0,"max_hp_loss":0,"event_name":"Falling","floor":38,"gold_loss":0},{"damage_healed":0,"gold_gain":0,"player_choice":"Memory 1","damage_taken":0,"max_hp_gain":0,"max_hp_loss":0,"event_name":"SensoryStone","floor":39,"gold_loss":0}],"is_beta":false,"boss_relics":[{"not_picked":["Tiny House","Snecko Eye"],"picked":"Runic Pyramid"},{"not_picked":["Velvet Choker","SacredBark"],"picked":"Philosopher\u0027s Stone"}],"items_purged_floors":[20,41],"is_endless":false,"potions_floor_spawned":[1,6,8,11,16,19,22,23,29,31,35,40,45,46],"ascension_level":2}}