{"host":"s41rn2jhghpwfrvz","time":1613156893,"event":{"mods":["BaseMod","Minty Spire (QoL Compilation)","Quick Restart","Relic Stats","SuperFastMode"],"gold_per_floor":[112,130,130,149,169,202,235,263,308,308,320,337,348,367,367,441,441,454,379,395,413,413,444,456,494,506,538,575,587,626,657,669,754,766,792,819,855,878,921,933,965,592,646,677,688,718,312,345,345,345,345,345,345,140,173,173],"floor_reached":57,"language":"ENG","playtime":1864,"items_purged":["Coolheaded","Sweeping Beam","Intimidate","Pommel Strike"],"score":3602,"play_id":"730a7313-c2d0-4b7b-862d-a78c5c62adff","local_time":"20210212210813","daily_mods":["SealedDeck","Diverse","DeadlyEvents"],"is_ascension_mode":true,"campfire_choices":[{"data":"Dark Embrace","floor":10,"key":"SMITH"},{"data":"Blade Dance","floor":15,"key":"SMITH"},{"data":"Barricade","floor":29,"key":"SMITH"},{"data":"Feel No Pain","floor":32,"key":"SMITH"},{"data":"Juggernaut","floor":40,"key":"SMITH"},{"floor":49,"key":"RECALL"},{"data":"Fasting2","floor":53,"key":"SMITH"}],"circlet_count":0,"master_deck":["AscendersBane","Fasting2+1","Turbo","Blade Dance+1","Dark Embrace+1","Feel No Pain+1","Barricade+1","Juggernaut+1"],"relics":["Burning Blood","Tiny Chest","Pantograph","PreservedInsect","Runic Pyramid","Nloth\u0027s Gift","MawBank","Potion Belt","Bronze Scales","Eternal Feather","Paper Frog","Coffee Dripper","Akabeko","Pear","Bottled Tornado","Orichalcum","Strawberry","Torii","Gremlin Horn","Ornamental Fan","Boot"],"acts_visited":["Exordium","TheCity","TheBeyond","TheEnding"],"potions_floor_usage":[11,16,45,54,56,56,56,56],"damage_taken":[{"damage":0,"enemies":"Cultist","floor":1,"turns":2},{"damage":6,"enemies":"Small Slimes","floor":2,"turns":3},{"damage":0,"enemies":"Jaw Worm","floor":4,"turns":3},{"damage":4,"enemies":"Exordium Thugs","floor":5,"turns":3},{"damage":9,"enemies":"3 Sentries","floor":6,"turns":4},{"damage":0,"enemies":"Lagavulin","floor":7,"turns":4},{"damage":4,"enemies":"3 Sentries","floor":8,"turns":4},{"damage":0,"enemies":"2 Fungi Beasts","floor":11,"turns":2},{"damage":0,"enemies":"Red Slaver","floor":12,"turns":2},{"damage":0,"enemies":"Looter","floor":13,"turns":2},{"damage":0,"enemies":"Exordium Wildlife","floor":14,"turns":2},{"damage":0,"enemies":"Slime Boss","floor":16,"turns":4},{"damage":0,"enemies":"Spheric Guardian","floor":18,"turns":3},{"damage":0,"enemies":"2 Thieves","floor":20,"turns":3},{"damage":18,"enemies":"Shelled Parasite and Fungi","floor":21,"turns":3},{"damage":18,"enemies":"Slavers","floor":23,"turns":3},{"damage":0,"enemies":"Gremlin Leader","floor":25,"turns":3},{"damage":0,"enemies":"Snake Plant","floor":27,"turns":4},{"damage":0,"enemies":"Book of Stabbing","floor":28,"turns":2},{"damage":0,"enemies":"Gremlin Leader","floor":30,"turns":4},{"damage":0,"enemies":"3 Cultists","floor":31,"turns":4},{"damage":0,"enemies":"Champ","floor":33,"turns":7},{"damage":18,"enemies":"3 Shapes","floor":35,"turns":3},{"damage":4,"enemies":"Orb Walker","floor":36,"turns":2},{"damage":0,"enemies":"Transient","floor":38,"turns":6},{"damage":0,"enemies":"Reptomancer","floor":39,"turns":3},{"damage":20,"enemies":"Jaw Worm Horde","floor":41,"turns":2},{"damage":23,"enemies":"Nemesis","floor":44,"turns":3},{"damage":10,"enemies":"Writhing Mass","floor":45,"turns":3},{"damage":0,"enemies":"Giant Head","floor":46,"turns":3},{"damage":8,"enemies":"Nemesis","floor":48,"turns":3},{"damage":18,"enemies":"Donu and Deca","floor":50,"turns":4},{"damage":14,"enemies":"Time Eater","floor":51,"turns":7},{"damage":6,"enemies":"Shield and Spear","floor":55,"turns":2},{"damage":8,"enemies":"The Heart","floor":56,"turns":5}],"seed_played":"2418242044619287117","potions_obtained":[{"floor":2,"key":"Regen Potion"},{"floor":4,"key":"FearPotion"},{"floor":8,"key":"Fruit Juice"},{"floor":11,"key":"Strength Potion"},{"floor":23,"key":"Weak Potion"},{"floor":25,"key":"Energy Potion"},{"floor":27,"key":"LiquidMemories"},{"floor":46,"key":"BloodPotion"}],"is_trial":true,"path_per_floor":["M","M","?","M","M","E","E","E","T","R","M","M","M","M","R","B",null,"M","$","M","M","?","E","T","E","T","M","E","R","E","M","R","B",null,"M","M","T","M","E","R","M","$","T","E","M","E","$","E","R","B","B",null,"R","$","E","B",null],"character_chosen":"IRONCLAD","items_purchased":["Bottled Tornado","Gremlin Horn","Swift Potion"],"campfire_rested":0,"item_purchase_floors":[42,47,54],"current_hp_per_floor":[74,74,75,75,75,72,75,75,75,75,80,80,80,80,80,80,80,80,80,80,68,68,56,56,62,62,68,74,80,80,80,80,80,80,68,70,70,76,90,90,76,76,76,66,62,68,68,66,69,82,89,95,97,97,97,95],"gold":173,"neow_bonus":"","is_daily":false,"chose_seed":false,"campfire_upgraded":6,"win_rate":0.0,"timestamp":1613156893,"path_taken":["M","?","?","?","M","E","?","E","T","R","M","M","?","M","R","BOSS","M","$","M","M","?","E","?","E","T","?","?","R","E","M","R","BOSS","M","?","?","?","?","R","M","$","T","E","M","E","$","E","R","BOSS","BOSS","R","$","E","BOSS"],"items_purchased_type":["Relic","Relic","Potion"],"build_version":"2020-12-22","purchased_purges":4,"victory":true,"max_hp_per_floor":[75,75,75,75,75,75,75,75,75,75,80,80,80,80,80,80,80,80,80,80,80,80,80,80,80,80,80,80,80,80,80,80,80,80,80,80,80,80,90,90,90,90,90,97,97,97,97,97,97,97,97,97,97,97,97,97],"relic_stats":{"Torii":1,"Gremlin Horn":[0,2],"counters":[35,117],"Eternal Feather":11,"PreservedInsect":547,"Orichalcum":[30],"MawBank":228,"Boot":[28],"Burning Blood":135,"Ornamental Fan":[200],"Pantograph":40,"Bronze Scales":[198],"Tiny Chest":2,"Nloth\u0027s Gift":5,"obtain_stats":[{"Darkstone Periapt":8,"Potion Belt":25,"Pear":39,"Torii":46,"Gremlin Horn":47,"Eternal Feather":28,"PreservedInsect":9,"Bottled Tornado":42,"Orichalcum":43,"MawBank":23,"Boot":55,"Burning Blood":0,"Akabeko":37,"Ornamental Fan":48,"Pantograph":7,"Bronze Scales":26,"Strawberry":44,"Tiny Chest":6,"Nloth\u0027s Gift":22,"Coffee Dripper":34,"Runic Pyramid":17,"Paper Frog":30},{"Darkstone Periapt":7,"Potion Belt":17,"Pear":26,"Torii":30,"Gremlin Horn":30,"Eternal Feather":19,"PreservedInsect":7,"Bottled Tornado":27,"Orichalcum":27,"MawBank":16,"Boot":34,"Burning Blood":0,"Akabeko":24,"Ornamental Fan":31,"Pantograph":6,"Bronze Scales":17,"Strawberry":28,"Tiny Chest":5,"Nloth\u0027s Gift":15,"Coffee Dripper":22,"Runic Pyramid":12,"Paper Frog":20},{"Darkstone Periapt":23,"Potion Belt":50,"Pear":85,"Torii":96,"Gremlin Horn":96,"Eternal Feather":56,"PreservedInsect":23,"Bottled Tornado":87,"Orichalcum":87,"MawBank":47,"Boot":112,"Burning Blood":0,"Akabeko":76,"Ornamental Fan":99,"Pantograph":19,"Bronze Scales":50,"Strawberry":90,"Tiny Chest":15,"Nloth\u0027s Gift":44,"Coffee Dripper":71,"Runic Pyramid":35,"Paper Frog":60}]},"card_choices":[{"not_picked":["EmptyFist","Prostrate","Outmaneuver"],"picked":"SKIP","floor":1},{"not_picked":["Flex","Poisoned Stab","ClearTheMind"],"picked":"SKIP","floor":2},{"not_picked":["Flex","Poisoned Stab","ClearTheMind"],"picked":"SKIP","floor":2},{"not_picked":["Sword Boomerang","Glacier","Capacitor"],"picked":"SKIP","floor":4},{"not_picked":["Pommel Strike","Iron Wave","Streamline"],"picked":"SKIP","floor":5},{"not_picked":["BattleHymn","Tactician","Outmaneuver"],"picked":"SKIP","floor":6},{"not_picked":["Genetic Algorithm","Hemokinesis","DevaForm"],"picked":"SKIP","floor":7},{"not_picked":["Hologram","Fission","Evaluate"],"picked":"SKIP","floor":8},{"not_picked":["Redo","Protect","FollowUp"],"picked":"SKIP","floor":11},{"not_picked":["Dropkick","Cloak And Dagger","FlyingSleeves"],"picked":"SKIP","floor":12},{"not_picked":["Prepared","Underhanded Strike","ForeignInfluence"],"picked":"SKIP","floor":13},{"not_picked":["Outmaneuver","ClearTheMind","Steam"],"picked":"SKIP","floor":14},{"not_picked":["CrushJoints","Halt","Metallicize"],"picked":"SKIP","floor":18},{"not_picked":["Bane","ThirdEye","Crescendo"],"picked":"SKIP","floor":20},{"not_picked":["Inflame","Redo","Fasting2"],"picked":"SKIP","floor":21},{"not_picked":["Deadly Poison","Leap+1","Reflex"],"picked":"SKIP","floor":23},{"not_picked":["Deadly Poison","Leap+1","Reflex"],"picked":"SKIP","floor":23},{"not_picked":["Reinforced Body","Eviscerate","Fiend Fire"],"picked":"SKIP","floor":25},{"not_picked":["Armaments","Chill","Anger"],"picked":"SKIP","floor":27},{"not_picked":["Evaluate+1","Tempest"],"picked":"Barricade","floor":28},{"not_picked":["Collect","Spot Weakness","Corpse Explosion"],"picked":"SKIP","floor":30},{"not_picked":["Sweeping Beam","Escape Plan","JustLucky+1"],"picked":"SKIP","floor":31},{"not_picked":["After Image","Doppelganger"],"picked":"Juggernaut","floor":33},{"not_picked":["Crescendo+1","Uppercut","PathToVictory"],"picked":"SKIP","floor":35},{"not_picked":["Turbo+1","SashWhip","Blade Dance"],"picked":"SKIP","floor":36},{"not_picked":["Genetic Algorithm+1","EmptyMind","Compile Driver+1"],"picked":"SKIP","floor":38},{"not_picked":["Eviscerate","Capacitor","WindmillStrike"],"picked":"SKIP","floor":39},{"not_picked":["WheelKick","Melter","Redo"],"picked":"SKIP","floor":41},{"not_picked":["Barricade","Tools of the Trade","CarveReality+1"],"picked":"SKIP","floor":44},{"not_picked":["Blade Dance","BowlingBash+1","Sword Boomerang"],"picked":"SKIP","floor":45},{"not_picked":["Die Die Die","Rainbow","Ghostly Armor"],"picked":"SKIP","floor":46},{"not_picked":["Bouncing Flask","Sweeping Beam","Scrape+1"],"picked":"SKIP","floor":48},{"not_picked":["Quick Slash","Footwork","Aggregate"],"picked":"SKIP","floor":55}],"player_experience":1911448,"relics_obtained":[{"floor":6,"key":"Tiny Chest"},{"floor":7,"key":"Pantograph"},{"floor":8,"key":"Darkstone Periapt"},{"floor":9,"key":"PreservedInsect"},{"floor":23,"key":"MawBank"},{"floor":25,"key":"Potion Belt"},{"floor":26,"key":"Bronze Scales"},{"floor":28,"key":"Eternal Feather"},{"floor":30,"key":"Paper Frog"},{"floor":37,"key":"Akabeko"},{"floor":39,"key":"Pear"},{"floor":43,"key":"Orichalcum"},{"floor":44,"key":"Strawberry"},{"floor":46,"key":"Torii"},{"floor":48,"key":"Ornamental Fan"},{"floor":55,"key":"Boot"}],"event_choices":[{"cards_removed":["Conserve Battery"],"damage_healed":5,"gold_gain":0,"player_choice":"Offered Common","damage_taken":0,"max_hp_gain":0,"max_hp_loss":0,"event_name":"Bonfire Elementals","floor":3,"gold_loss":0},{"cards_removed":["Conserve Battery"],"damage_healed":5,"gold_gain":0,"player_choice":"Offered Special","damage_taken":0,"max_hp_gain":0,"max_hp_loss":0,"event_name":"Bonfire Elementals","floor":3,"gold_loss":0},{"damage_healed":0,"gold_gain":0,"player_choice":"Traded Relic","damage_taken":0,"relics_obtained":["Nloth\u0027s Gift"],"max_hp_gain":0,"max_hp_loss":0,"event_name":"N\u0027loth","floor":22,"relics_lost":["Darkstone Periapt"],"gold_loss":0}],"is_beta":false,"boss_relics":[{"not_picked":["Fusion Hammer","Velvet Choker"],"picked":"Runic Pyramid"},{"not_picked":["Runic Dome","Sozu"],"picked":"Coffee Dripper"}],"items_purged_floors":[19,42,47,54],"is_endless":false,"potions_floor_spawned":[2,4,8,11,13,14,23,25,27,30,39,41,46],"ascension_level":20}}