{"host":"a3wpq7kyokchzawk","time":1613132850,"event":{"mods":["BaseMod","Colored Map","Highlight Path","Minty Spire (QoL Compilation)","Permanent Neow","Potion Indicator Mod","Relic Stats","Weighted Paths"],"gold_per_floor":[11,31,31,46,65,92,92,111,111,141,172,14,14,28,28,28,28],"floor_reached":16,"language":"ENG","playtime":1613,"items_purged":[],"score":224,"play_id":"e82d32b8-ae2a-4504-bf0c-206c6e0b930e","local_time":"20210212102730","is_ascension_mode":true,"campfire_choices":[{"data":"Cloak And Dagger","floor":7.0,"key":"SMITH"},{"floor":13.0,"key":"REST"},{"data":"Blade Dance","floor":15.0,"key":"SMITH"}],"circlet_count":0,"master_deck":["AscendersBane","Strike_G","Strike_G","Strike_G","Strike_G","Strike_G","Defend_G","Defend_G","Defend_G","Survivor","Neutralize","Dash","Venomology","All Out Attack","Crippling Poison","Decay","Dagger Spray","Underhanded Strike","Cloak And Dagger+1","Blade Dance+1","Backflip","Backflip"],"relics":["Ring of the Snake","Pen Nib","Boot","Bag of Preparation","Membership Card"],"acts_visited":["Exordium"],"potions_floor_usage":[16,16],"damage_taken":[{"damage":2.0,"enemies":"Jaw Worm","floor":1.0,"turns":4.0},{"damage":6.0,"enemies":"Cultist","floor":2.0,"turns":4.0},{"damage":0.0,"enemies":"Small Slimes","floor":4.0,"turns":3.0},{"damage":3.0,"enemies":"2 Fungi Beasts","floor":5.0,"turns":4.0},{"damage":14.0,"enemies":"Gremlin Nob","floor":6.0,"turns":5.0},{"damage":6.0,"enemies":"Blue Slaver","floor":8.0,"turns":3.0},{"damage":9.0,"enemies":"Lagavulin","floor":11.0,"turns":5.0},{"damage":0.0,"enemies":"Large Slime","floor":14.0,"turns":4.0},{"damage":43,"enemies":"Hexaghost","floor":16,"turns":9}],"seed_played":"6708590131669574530","potions_obtained":[{"floor":4.0,"key":"Ancient Potion"},{"floor":6.0,"key":"Poison Potion"},{"floor":11.0,"key":"SmokeBomb"}],"is_trial":false,"path_per_floor":["M","M","?","M","M","E","R","M","T","?","E","$","R","M","R","B"],"character_chosen":"THE_SILENT","items_purchased":["Membership Card"],"campfire_rested":1,"item_purchase_floors":[12],"current_hp_per_floor":[57,51,51,51,48,34,34,28,28,28,19,19,38,38,38,0,0],"gold":28,"neow_bonus":"TRANSFORM_TWO_CARDS","is_daily":false,"chose_seed":false,"campfire_upgraded":2,"win_rate":0.0,"timestamp":1613132850,"path_taken":["M","M","?","M","M","E","R","?","T","?","E","$","R","M","R","BOSS"],"items_purchased_type":["Relic"],"build_version":"2020-12-22","purchased_purges":0,"victory":false,"max_hp_per_floor":[66,66,66,66,66,66,66,66,66,66,66,66,66,66,66,66,66],"relic_stats":{"counters":[9,41],"Pen Nib":[4],"Bag of Preparation":[4],"Boot":[36],"obtain_stats":[{"Pen Nib":6,"Bag of Preparation":11,"Membership Card":12,"Boot":9,"Ring of the Snake":0},{"Pen Nib":5,"Bag of Preparation":7,"Membership Card":7,"Boot":6,"Ring of the Snake":0},{"Pen Nib":20,"Bag of Preparation":28,"Membership Card":28,"Boot":23,"Ring of the Snake":0}],"Ring of the Snake":[18]},"card_choices":[{"not_picked":["Quick Slash","Slice"],"picked":"All Out Attack","floor":1.0},{"not_picked":["Quick Slash","Outmaneuver"],"picked":"Crippling Poison","floor":2.0},{"not_picked":["Outmaneuver","Predator"],"picked":"Dagger Spray","floor":4.0},{"not_picked":["Reflex","Caltrops"],"picked":"Underhanded Strike","floor":5.0},{"not_picked":["Crippling Poison","Footwork"],"picked":"Cloak And Dagger","floor":6.0},{"not_picked":["Well Laid Plans","Quick Slash"],"picked":"Blade Dance","floor":8.0},{"not_picked":["Die Die Die","Eviscerate"],"picked":"Backflip","floor":11.0},{"not_picked":["Concentrate","Quick Slash"],"picked":"Backflip","floor":14.0}],"player_experience":2697251,"relics_obtained":[{"floor":6.0,"key":"Pen Nib"},{"floor":9.0,"key":"Boot"},{"floor":11.0,"key":"Bag of Preparation"}],"event_choices":[{"damage_healed":0.0,"max_hp_gain":0.0,"max_hp_loss":0.0,"gold_gain":0.0,"event_name":"Wheel of Change","player_choice":"Cursed","floor":3.0,"gold_loss":0.0,"damage_taken":0.0,"cards_obtained":["Decay"]},{"damage_healed":0.0,"max_hp_gain":0.0,"max_hp_loss":0.0,"gold_gain":30.0,"event_name":"Dead Adventurer","player_choice":"Searched \u00271\u0027 times","floor":10.0,"gold_loss":0.0,"damage_taken":0.0}],"is_beta":false,"boss_relics":[],"items_purged_floors":[],"is_endless":false,"potions_floor_spawned":[2,4,6,11],"killed_by":"Hexaghost","ascension_level":20}}