{"host":"o3b7ow6d1xe49css","time":1613136050,"event":{"mods":["Act Like it!","Aspiration","BaseMod","Bestiary","Better Altar","Better Match","Better Note","Better Sensory Stone","Better Skull","Better Third Choice","Colored Powertips","Conspire","Energized Spire","GifTheSpireLib","Halation","Hermit","Hubris","Infinite Spire","Lobotomy","Marisa????????","Minty Spire (QoL Compilation)","Quick Restart","Rare Cards Sparkle","Relic Filter Mod","Reliquary","Replay The Spire","Spicy Shops","Spikes Relics","Spire Arcade","StSLib","Stuff the Spire","The Blue Laboratory","Wandering Minibosses"],"gold_per_floor":[118,133,151,170,199,199,228,283,310,362,408,408,71,71,71,185,185,208,208,7,7,36,36,91,91,91,137,188,188,239,315,315,349,349],"floor_reached":33,"language":"ENG","playtime":1428,"items_purged":["Regret","Injury"],"score":499,"play_id":"ff8b3460-6701-47e6-b602-55025db83a52","local_time":"20210212042050","daily_mods":["Heirloom","Flight"],"is_ascension_mode":true,"campfire_choices":[{"data":"Hidden Blade","floor":6,"key":"SMITH"},{"floor":12,"key":"REST"},{"floor":23,"key":"REST"},{"data":"Bullet Time","floor":25,"key":"SMITH"},{"floor":32,"key":"REST"}],"circlet_count":0,"master_deck":["Strike_G","Strike_G","Defend_G","Defend_G","Defend_G","Defend_G","Defend_G","Survivor","Neutralize","Hidden Blade+1","UniverseFragment","Scorched","Bullet Time+1","Predator","Riddle With Holes","Blade Dance","Night Terror","Envenom","Infinite Blades","Accuracy","ShadowRift","Malaise+1","Adrenaline+1","Acrobatics+1","Choke","PiercingWail+1","Storm of Steel+1","Cloak And Dagger+1","Hidden Blade+1","Backflip+1"],"relics":["Ring of the Snake","Ring of Chaos","hubris:64BitClover","CogitoBucket","Replay:Kaleidoscope","Replay:Bandana","infinitespire:Eraser","Juzu Bracelet","conspire:GiftBox","Byrd Skull","Torii","hubris:BottledRain","Toxic Egg 2","aspiration:SecretTechniqueScroll","reliquary:Bookmark","reliquary:TridentHead","Frozen Egg 2","hubris:FunFungus","Pocketwatch","Replay:Bottled Snecko","hubris:Icosahedron","wanderingMiniBosses:Inkheart","Ancient Tea Set"],"acts_visited":["Exordium","TheCity"],"potions_floor_usage":[7,28],"damage_taken":[{"damage":0,"enemies":"Jaw Worm","floor":1,"turns":5},{"damage":0,"enemies":"2 Louse","floor":2,"turns":3},{"damage":0,"enemies":"Cultist","floor":3,"turns":2},{"damage":3,"enemies":"Looter","floor":4,"turns":3},{"damage":25,"enemies":"Lagavulin","floor":7,"turns":4},{"damage":0,"enemies":"3 Sentries","floor":8,"turns":4},{"damage":12,"enemies":"Gremlin Nob","floor":10,"turns":3},{"damage":10,"enemies":"3 Sentries","floor":11,"turns":4},{"damage":13,"enemies":"Hexaghost","floor":16,"turns":8},{"damage":11,"enemies":"Spheric Guardian","floor":18,"turns":4},{"damage":9,"enemies":"Shell Parasite","floor":22,"turns":6},{"damage":3,"enemies":"Gremlin Leader","floor":24,"turns":7},{"damage":13,"enemies":"Nightmare","floor":27,"turns":8},{"damage":8,"enemies":"Book of Stabbing","floor":28,"turns":4},{"damage":4,"enemies":"Shelled Parasite and Fungi","floor":30,"turns":7},{"damage":28,"enemies":"Gremlin Leader","floor":31,"turns":3},{"damage":26,"enemies":"Pondfish","floor":33,"turns":5}],"seed_played":"6139508361921002299","potions_obtained":[{"floor":2,"key":"blueLaboratory:HorrorPotion"},{"floor":4,"key":"blueLaboratory:NullPotion"},{"floor":7,"key":"blueLaboratory:BottleOfVodka"},{"floor":11,"key":"blueLaboratory:PyrophylliteBrew"},{"floor":27,"key":"blueLaboratory:PolymorphPotion"}],"is_trial":true,"path_per_floor":["M","M","M","M","?","R","E","E","T","E","E","R","$","?","R","B",null,"M","AVR","$","?","M","R","E","R","T","NM","E","?","M","E","R","B"],"character_chosen":"THE_SILENT","items_purchased":["Accuracy","Torii","hubris:BottledRain","Adrenaline+1","Acrobatics+1","Choke"],"campfire_rested":3,"item_purchase_floors":[13,13,13,20,20,20],"current_hp_per_floor":[70,70,70,67,50,50,25,25,25,13,3,24,24,24,24,11,55,44,44,44,44,35,56,53,53,53,40,34,34,30,3,24,0,0],"gold":349,"neow_bonus":"","is_daily":false,"chose_seed":false,"campfire_upgraded":2,"win_rate":0.0,"timestamp":1613136050,"path_taken":["M","M","M","M","?","R","E","E","T","E","E","R","$","?","R","BOSS","M","AVR","$","?","M","R","E","R","T","NM","E","?","M","E","R","BOSS"],"items_purchased_type":["Card","Relic","Relic","Card","Card","Card"],"build_version":"2020-12-22","purchased_purges":2,"victory":false,"max_hp_per_floor":[70,70,70,70,70,70,70,70,70,70,70,70,70,70,70,70,70,70,70,70,70,70,70,70,70,70,70,70,70,70,70,70,70,70],"card_choices":[{"not_picked":["Dodge and Roll","StuffTheSpire:ClusterCrunch"],"picked":"Hidden Blade","floor":1},{"not_picked":["Wellcheers","OSAHOGD"],"picked":"UniverseFragment","floor":1},{"not_picked":["Wellcheers","CrumblingArmor"],"picked":"Scorched","floor":2},{"not_picked":["Finisher","StuffTheSpire:ClusterCrunch","Concentrate"],"picked":"SKIP","floor":2},{"not_picked":["Woodsman","MeatLantern","Alriune"],"picked":"Singing Bowl","floor":3},{"not_picked":["Quick Slash","Bane","ReplayTheSpireMod:Shiv Toss"],"picked":"SKIP","floor":3},{"not_picked":["Terror","StuffTheSpire:ClusterCrunch"],"picked":"Bullet Time","floor":4},{"not_picked":["Bloodbath","Scarecrow","Variant"],"picked":"Singing Bowl","floor":4},{"not_picked":["Eviscerate","Toxin Wave"],"picked":"Predator","floor":5},{"not_picked":["StuffTheSpire:Python","StuffTheSpire:Incursion"],"picked":"Riddle With Holes","floor":7},{"not_picked":["OldLady","BeautyBeast","VoidDream"],"picked":"Singing Bowl","floor":7},{"not_picked":["StuffTheSpire:Python","Outmaneuver"],"picked":"Blade Dance","floor":8},{"not_picked":["Tools of the Trade","Storm of Steel"],"picked":"Night Terror","floor":10},{"not_picked":["Dagger Spray","Poisoned Stab"],"picked":"Envenom","floor":10},{"not_picked":["ReplayTheSpireMod:Speed Training","PiercingWail"],"picked":"Infinite Blades","floor":11},{"not_picked":["Corpse Explosion+1","Adrenaline+1"],"picked":"Malaise+1","floor":16},{"not_picked":["Laetitia","PunishingBird","QueenBee"],"picked":"Singing Bowl","floor":18},{"not_picked":["StuffTheSpire:Injection+1","Slice","Sucker Punch"],"picked":"SKIP","floor":18},{"not_picked":["Flechettes+1","Backstab"],"picked":"PiercingWail+1","floor":22},{"not_picked":["Sucker Punch","StuffTheSpire:Incursion+1"],"picked":"Storm of Steel+1","floor":24},{"not_picked":["Replay:Bag of Tricks+1","Slice+1"],"picked":"Cloak And Dagger+1","floor":27},{"not_picked":["Bloodbath","BlueStar","BigBadWolf"],"picked":"Singing Bowl","floor":28},{"not_picked":["StuffTheSpire:BrimstoneBlast","Deadly Poison+1","Draining Mist+1"],"picked":"SKIP","floor":28},{"not_picked":["Murderer","OSAHOGD","Wellcheers"],"picked":"Singing Bowl","floor":30},{"not_picked":["Bouncing Flask+1","Deadly Poison+1"],"picked":"Hidden Blade+1","floor":30},{"not_picked":["ShyLook","LongBird","WallGazer"],"picked":"Singing Bowl","floor":31},{"not_picked":["Bane+1","StuffTheSpire:ClusterCrunch"],"picked":"Backflip+1","floor":31}],"player_experience":1380608,"relics_obtained":[{"floor":5,"key":"Replay:Kaleidoscope"},{"floor":7,"key":"Replay:Bandana"},{"floor":8,"key":"infinitespire:Eraser"},{"floor":9,"key":"Juzu Bracelet"},{"floor":10,"key":"conspire:GiftBox"},{"floor":11,"key":"Byrd Skull"},{"floor":22,"key":"reliquary:TridentHead"},{"floor":24,"key":"Frozen Egg 2"},{"floor":26,"key":"hubris:FunFungus"},{"floor":27,"key":"Pocketwatch"},{"floor":28,"key":"Replay:Bottled Snecko"},{"floor":30,"key":"wanderingMiniBosses:Inkheart"},{"floor":31,"key":"Ancient Tea Set"}],"event_choices":[{"damage_healed":0,"gold_gain":0,"player_choice":"Ignored","damage_taken":0,"max_hp_gain":0,"max_hp_loss":0,"event_name":"betterNote:BetterNote","floor":21,"gold_loss":0,"cards_obtained":["Strike_R"]}],"is_beta":false,"boss_relics":[{"not_picked":["reliquary:WritOfMandamus","energizedSpire:CursedPentagram"],"picked":"aspiration:SecretTechniqueScroll"}],"items_purged_floors":[13,19],"is_endless":false,"potions_floor_spawned":[2,4,7,11,22,27],"killed_by":"Pondfish","ascension_level":5}}