{"host":"tpad8qsc9e0g0pa5","time":1613110461,"event":{"mods":["BaseMod","Minty Spire (QoL Compilation)","Quick Restart","StSLib","The Servant 0.9.4"],"gold_per_floor":[111,186,196,196,209,209,80,112,160,160,160],"floor_reached":10,"language":"ZHS","playtime":3438,"items_purged":["Injury"],"score":76,"play_id":"cb3fc661-3e17-472c-bad9-a14b5f90f1a1","local_time":"20210212141421","is_ascension_mode":true,"campfire_choices":[],"circlet_count":0,"master_deck":["Strike_R","Strike_R","Strike_R","Strike_R","Defend_R","Defend_R","Defend_R","Defend_R","Bash","Barricade","Second Wind","Iron Wave","Armaments"],"relics":["Burning Blood","Vajra","MealTicket"],"acts_visited":["Exordium"],"potions_floor_usage":[8],"damage_taken":[{"damage":6.0,"enemies":"Small Slimes","floor":1.0,"turns":5.0},{"damage":4.0,"enemies":"2 Louse","floor":3.0,"turns":2.0},{"damage":10.0,"enemies":"Cultist","floor":5.0,"turns":5.0},{"damage":52,"enemies":"Gremlin Nob","floor":8,"turns":6},{"damage":0,"enemies":"3 Sentries","floor":10,"turns":1}],"seed_played":"8386057723932129672","potions_obtained":[{"floor":1.0,"key":"Swift Potion"},{"floor":3.0,"key":"FearPotion"}],"is_trial":false,"path_per_floor":["M","?","M","?","M","?","$","E","T","E"],"character_chosen":"IRONCLAD","items_purchased":["Armaments"],"campfire_rested":0,"item_purchase_floors":[7],"current_hp_per_floor":[80,69,71,71,67,60,60,14,14,14,14],"gold":160,"neow_bonus":"THREE_RARE_CARDS","is_daily":false,"chose_seed":false,"campfire_upgraded":0,"win_rate":0.0,"timestamp":1613110461,"path_taken":["M","?","M","?","M","?","?","E","T","E"],"items_purchased_type":["Card"],"build_version":"2020-12-22","purchased_purges":1,"victory":false,"max_hp_per_floor":[80,80,80,80,80,80,80,80,80,80,80],"card_choices":[{"not_picked":["Exhume","Berserk"],"picked":"Barricade","floor":0.0},{"not_picked":["Rampage","Anger"],"picked":"Second Wind","floor":1.0},{"not_picked":["Wild Strike","Shockwave","Uppercut"],"picked":"SKIP","floor":3.0},{"not_picked":["Rampage","Sword Boomerang"],"picked":"Iron Wave","floor":5.0},{"not_picked":["Heavy Blade","Clothesline","Combust"],"picked":"SKIP","floor":8}],"player_experience":329570,"relics_obtained":[{"floor":8,"key":"Vajra"},{"floor":9,"key":"MealTicket"}],"event_choices":[{"damage_healed":0.0,"max_hp_gain":0.0,"max_hp_loss":0.0,"gold_gain":75.0,"event_name":"World of Goop","player_choice":"Gather Gold","floor":2.0,"gold_loss":0.0,"damage_taken":11.0},{"damage_healed":0.0,"max_hp_gain":0.0,"max_hp_loss":0.0,"gold_gain":0.0,"event_name":"Liars Game","player_choice":"Ignored","floor":4.0,"gold_loss":0.0,"damage_taken":0.0},{"cards_removed":["Strike_R"],"damage_healed":0.0,"max_hp_gain":0.0,"max_hp_loss":0.0,"gold_gain":0.0,"event_name":"Golden Wing","player_choice":"Card Removal","floor":6.0,"gold_loss":0.0,"damage_taken":7.0}],"is_beta":false,"boss_relics":[],"items_purged_floors":[7],"is_endless":false,"potions_floor_spawned":[1,3],"killed_by":"3 Sentries","ascension_level":3}}