{"host":"fnlf8nl5agtxb8g8","time":1613118759,"event":{"mods":["Act Like it!","BaseMod","Better Altar","Better Match","Better Note","Better Sensory Stone","Better Skull","Better Third Choice","Better Vampires","Minty Spire (QoL Compilation)","Quick Restart","Rare Cards Sparkle","StSLib","The Jungle","The Senshi"],"gold_per_floor":[116,129,148,148,161,187,187,221,221,284,318,318,330,360,360,463,463,482,482,482],"floor_reached":19,"language":"ENG","playtime":1012,"items_purged":[],"score":321,"play_id":"ee32da1b-61f7-41b7-9619-b021c4998f6a","local_time":"20210212023239","is_ascension_mode":true,"campfire_choices":[{"data":"theSenshi:MoonCosmicPowerMakeUp","floor":7,"key":"SMITH"},{"data":"theSenshi:MoonHealingEscalation","floor":12,"key":"SMITH"},{"data":"theSenshi:SailorPlutoAssists","floor":15,"key":"SMITH"}],"circlet_count":0,"master_deck":["theSenshi:SailorKick","theSenshi:SailorKick","theSenshi:SailorKick","theSenshi:SailorKick","theSenshi:SailorBlock","theSenshi:SailorBlock","theSenshi:SailorBlock","theSenshi:SailorBlock","theSenshi:RoseThrow","theSenshi:MoonPrismPowerMakeUp","theSenshi:MoonCosmicPowerMakeUp+1","theSenshi:MoonPunch","theSenshi:SaturnsMystery","theSenshi:MoonHealingEscalation+1","theSenshi:SailorPlutoAssists+1","theSenshi:SilverCrystal+1","CurseOfTheBell"],"relics":["theSenshi:TransformationBroochRelic","Pantograph","Frozen Egg 2","Bottled Lightning","Singing Bowl","HornCleat","Dream Catcher","Calling Bell","theSenshi:CrystalStarRelic","Molten Egg 2","Prayer Wheel"],"acts_visited":["Exordium","TheCity"],"potions_floor_usage":[5,8,10],"damage_taken":[{"damage":3,"enemies":"2 Louse","floor":1,"turns":3},{"damage":1,"enemies":"Cultist","floor":2,"turns":4},{"damage":0,"enemies":"Small Slimes","floor":3,"turns":3},{"damage":0,"enemies":"2 Fungi Beasts","floor":5,"turns":3},{"damage":35,"enemies":"Gremlin Nob","floor":6,"turns":5},{"damage":60,"enemies":"3 Sentries","floor":8,"turns":21},{"damage":25,"enemies":"Lagavulin Event","floor":10,"turns":3},{"damage":10,"enemies":"Gremlin Nob","floor":11,"turns":2},{"damage":25,"enemies":"Exordium Wildlife","floor":13,"turns":11},{"damage":10,"enemies":"Lagavulin","floor":14,"turns":3},{"damage":40,"enemies":"Slime Boss","floor":16,"turns":7},{"damage":111,"enemies":"Shell Parasite","floor":18,"turns":12},{"damage":56,"enemies":"Masked Bandits","floor":19,"turns":3}],"seed_played":"-3108849155704760022","potions_obtained":[{"floor":2,"key":"FearPotion"},{"floor":4,"key":"SpeedPotion"},{"floor":4,"key":"DistilledChaos"},{"floor":4,"key":"Fruit Juice"},{"floor":6,"key":"Weak Potion"},{"floor":8,"key":"FearPotion"},{"floor":13,"key":"Energy Potion"}],"is_trial":false,"path_per_floor":["M","M","M","?","M","E","R","E","T","?","E","R","M","E","R","B",null,"M","?"],"character_chosen":"THE_SENSHI","items_purchased":[],"campfire_rested":0,"item_purchase_floors":[],"current_hp_per_floor":[79,78,78,78,82,47,47,32,32,27,19,19,32,34,34,41,95,31,0,0],"gold":482,"neow_bonus":"TEN_PERCENT_HP_BONUS","is_daily":false,"chose_seed":false,"campfire_upgraded":3,"win_rate":0.0,"timestamp":1613118759,"path_taken":["M","M","M","?","?","E","R","E","T","?","E","R","M","E","R","BOSS","M","?"],"items_purchased_type":[],"build_version":"2020-12-22","purchased_purges":0,"victory":false,"max_hp_per_floor":[82,82,82,82,82,82,82,87,87,89,91,91,93,95,95,95,95,99,99,99],"card_choices":[{"not_picked":["theSenshi:MoonPunch","theSenshi:EncouragingSpeech"],"picked":"theSenshi:MoonCosmicPowerMakeUp","floor":1},{"not_picked":["theSenshi:LateForSchool","theSenshi:SailorStarMakerAssists"],"picked":"theSenshi:MoonPunch","floor":2},{"not_picked":["theSenshi:MoonPrincessHalation","theSenshi:RainbowMoonHeartAche"],"picked":"theSenshi:SaturnsMystery","floor":3},{"not_picked":["theSenshi:SaturnsMystery","theSenshi:MoonTiaraMagic","theSenshi:NeptunesGrace"],"picked":"SKIP","floor":5},{"not_picked":["theSenshi:SailorStarFighterAssists","theSenshi:MoonCrystalPowerMakeUp"],"picked":"theSenshi:MoonHealingEscalation","floor":6},{"not_picked":["theSenshi:Overload","theSenshi:OdangoHead"],"picked":"theSenshi:SailorPlutoAssists","floor":8},{"not_picked":["theSenshi:MoonPrincessHalation","theSenshi:MoonPower","theSenshi:LunaWiseMentor"],"picked":"Singing Bowl","floor":10},{"not_picked":["theSenshi:SailorPlanetPower","theSenshi:SailorPlanetAttack","theSenshi:SailorChibiMoonAssists"],"picked":"Singing Bowl","floor":11},{"not_picked":["theSenshi:TuxedoSmokingBomber","theSenshi:SupersonicWaves","theSenshi:MoonTiaraMagic"],"picked":"Singing Bowl","floor":13},{"not_picked":["theSenshi:LunaSensingAllies","theSenshi:Overload","theSenshi:EncouragingSpeech"],"picked":"Singing Bowl","floor":14},{"not_picked":["theSenshi:StudyParty+1","theSenshi:JupitersPower"],"picked":"theSenshi:SilverCrystal+1","floor":16},{"not_picked":["theSenshi:LunasBite+1","theSenshi:MoonPower+1","theSenshi:TallSilhouette+1"],"picked":"Singing Bowl","floor":18},{"not_picked":["theSenshi:TallSilhouette","theSenshi:MoonPower+1","theSenshi:MoonPunch+1"],"picked":"Singing Bowl","floor":18}],"player_experience":820792,"relics_obtained":[{"floor":6,"key":"Pantograph"},{"floor":8,"key":"Frozen Egg 2"},{"floor":9,"key":"Bottled Lightning"},{"floor":11,"key":"HornCleat"},{"floor":14,"key":"Dream Catcher"},{"floor":17,"key":"theSenshi:CrystalStarRelic"},{"floor":17,"key":"Molten Egg 2"},{"floor":17,"key":"Prayer Wheel"}],"event_choices":[{"damage_healed":0,"gold_gain":0,"player_choice":"Got Potions","damage_taken":0,"max_hp_gain":0,"max_hp_loss":0,"event_name":"Lab","floor":4,"gold_loss":0},{"damage_healed":0,"gold_gain":0,"player_choice":"Searched \u00272\u0027 times","damage_taken":0,"relics_obtained":["Singing Bowl"],"max_hp_gain":0,"max_hp_loss":0,"event_name":"Dead Adventurer","floor":10,"gold_loss":0},{"damage_healed":0,"gold_gain":0,"player_choice":"Fought Bandits","damage_taken":0,"max_hp_gain":0,"max_hp_loss":0,"event_name":"Masked Bandits","floor":19,"gold_loss":0}],"is_beta":false,"boss_relics":[{"not_picked":["theSenshi:EternalSailorFukuRelic","Pandora\u0027s Box"],"picked":"Calling Bell"}],"items_purged_floors":[],"is_endless":false,"potions_floor_spawned":[2,6,8,13,18],"killed_by":"Masked Bandits","ascension_level":4}}