{"host":"msbw0dt6hh5nqpgi","time":1613120157,"event":{"mods":["BaseMod","Minty Spire (QoL Compilation)","Replay The Spire","StSLib"],"gold_per_floor":[119,119,136,151,3,3,32,64,99,111,123,153,180,206,218,335,347,373,400,424,436,17,44,54,68,136,151,151,40,55,55,55,152,152,167,167,26,45,45,79,19,19,19,19,48,48,61,81,81,81],"floor_reached":51,"language":"ENG","playtime":8691,"items_purged":["Decay"],"score":856,"play_id":"af435d28-ba36-454b-b119-9feb422631c8","local_time":"20210212095557","is_ascension_mode":false,"campfire_choices":[{"data":"ForeignInfluence","floor":6.0,"key":"SMITH"},{"data":"BattleHymn","floor":11.0,"key":"SMITH"},{"floor":15.0,"key":"DIG"},{"data":"Establishment","floor":32.0,"key":"SMITH"},{"data":"Vigilance","floor":44.0,"key":"SMITH"},{"data":"Replay:Battleflow","floor":46.0,"key":"SMITH"},{"floor":49,"key":"REST"}],"circlet_count":0,"master_deck":["Strike_P+1","Defend_P+1","Defend_P+1","Defend_P+1","Eruption+1","Vigilance+1","ConjureBlade","CutThroughFate+1","ForeignInfluence+1","Steam","CutThroughFate+1","Replay:AtTheReady+1","BattleHymn+1","EmptyBody+1","Replay:DivineShield+1","Establishment+1","Nirvana+1","DeusExMachina+1","FlyingSleeves+1","SashWhip+1","Protect+1","LessonLearned+1","Flash of Steel","JustLucky","Replay:ManipulateFuture+1","Evaluate+1","ClearTheMind+1","Replay:ManipulateFuture+1","FlurryOfBlows+1","LessonLearned","Halt","Madness","Madness","Crescendo+1","FlurryOfBlows","Replay:Battleflow+1","WindmillStrike+1","Tantrum+1","JustLucky+1"],"relics":["PureWater","Whetstone","MawBank","MealTicket","Anchor","Honey Jar","Melange","Torii","Replay:Bottled Eggs","SacredBark","Divine Protection","Lantern","Snack Pack","Omamori"],"acts_visited":["Exordium","TheCity","TheBeyond"],"potions_floor_usage":[],"damage_taken":[{"damage":0.0,"enemies":"Small Slimes","floor":1.0,"turns":2.0},{"damage":0.0,"enemies":"2 Louse","floor":3.0,"turns":1.0},{"damage":0.0,"enemies":"Cultist","floor":4.0,"turns":2.0},{"damage":10.0,"enemies":"Replay:BlueRogue","floor":7.0,"turns":5.0},{"damage":0.0,"enemies":"Looter","floor":8.0,"turns":2.0},{"damage":0.0,"enemies":"Blue Slaver","floor":12.0,"turns":2.0},{"damage":0.0,"enemies":"Exordium Thugs","floor":13.0,"turns":3.0},{"damage":4.0,"enemies":"3 Louse","floor":14.0,"turns":4.0},{"damage":9.0,"enemies":"Slime Boss","floor":16.0,"turns":5.0},{"damage":0.0,"enemies":"Chosen","floor":18.0,"turns":2.0},{"damage":0.0,"enemies":"Shell Parasite","floor":19.0,"turns":3.0},{"damage":14.0,"enemies":"Centurion and Healer","floor":20.0,"turns":5.0},{"damage":9.0,"enemies":"Gremlin Leader","floor":23.0,"turns":6.0},{"damage":0.0,"enemies":"Shelled Parasite and Fungi","floor":24.0,"turns":4.0},{"damage":0.0,"enemies":"3 Cultists","floor":25.0,"turns":4.0},{"damage":0.0,"enemies":"Snake Plant","floor":27.0,"turns":5.0},{"damage":0.0,"enemies":"Shelled Parasite and Fungi","floor":30.0,"turns":7.0},{"damage":3.0,"enemies":"Pondfish","floor":33.0,"turns":8.0},{"damage":0.0,"enemies":"3 Shapes","floor":35.0,"turns":4.0},{"damage":18.0,"enemies":"3 Darklings","floor":38.0,"turns":4.0},{"damage":20.0,"enemies":"Giant Head","floor":40.0,"turns":8.0},{"damage":0.0,"enemies":"Reptomancer","floor":45.0,"turns":4.0},{"damage":44.0,"enemies":"Jaw Worm Horde","floor":47.0,"turns":4.0},{"damage":17,"enemies":"Sphere and 2 Shapes","floor":48,"turns":7},{"damage":27,"enemies":"Replay:Hell Engine","floor":50,"turns":11}],"seed_played":"1183018208993534698","potions_obtained":[{"floor":3.0,"key":"Energy Potion"},{"floor":8.0,"key":"Block Potion"},{"floor":12.0,"key":"Reflective Coating"},{"floor":14.0,"key":"DuplicationPotion"},{"floor":16.0,"key":"StancePotion"},{"floor":20.0,"key":"Explosive Potion"},{"floor":24.0,"key":"Block Potion"},{"floor":25.0,"key":"SteroidPotion"},{"floor":30.0,"key":"Fire Potion"},{"floor":33.0,"key":"Explosive Potion"},{"floor":35.0,"key":"Adrenaline Potion"},{"floor":47.0,"key":"SmokeBomb"}],"is_trial":false,"path_per_floor":["M","?","M","M","$","R","E","M","T","?","R","M","M","M","R","B",null,"M","M","M","?","$","E","M","M","T","M","?","$","M","?","R","B",null,"M","?","$","M","T","E","?","$","T","R","E","R","M","M","R","B",null],"character_chosen":"WATCHER","items_purchased":["Whetstone","LessonLearned","Melange","Flash of Steel","PowerPotion","Replay:ManipulateFuture+1","Fruit Juice","Crescendo+1"],"campfire_rested":1,"item_purchase_floors":[5,22,22,22,22,29,37,37],"current_hp_per_floor":[72,72,72,72,72,72,62,62,62,62,62,62,62,58,58,49,72,72,72,58,45,60,51,51,51,51,51,51,66,66,47,47,59,77,77,67,87,69,69,49,49,64,64,64,72,72,30,19,45,42],"gold":81,"neow_bonus":"TRANSFORM_CARD","is_daily":false,"chose_seed":false,"campfire_upgraded":5,"win_rate":0.0,"timestamp":1613120157,"path_taken":["M","?","M","M","$","R","E","M","T","?","R","M","M","M","R","BOSS","M","?","M","?","$","E","M","M","T","M","?","$","?","?","R","BOSS","M","?","$","M","?","E","?","$","T","R","E","R","?","M","R","BOSS"],"items_purchased_type":["Relic","Card","Relic","Card","Potion","Card","Potion","Card"],"build_version":"2020-12-22","purchased_purges":1,"victory":true,"max_hp_per_floor":[72,72,72,72,72,72,72,72,72,72,72,72,72,72,72,72,72,72,72,72,77,77,77,77,77,77,77,77,77,77,77,77,77,77,77,77,87,87,87,87,87,87,87,87,87,87,87,87,87,87],"card_choices":[{"not_picked":["Collect","ClearTheMind"],"picked":"CutThroughFate","floor":1.0},{"not_picked":["EmptyMind","FlyingSleeves"],"picked":"CutThroughFate","floor":3.0},{"not_picked":["Pray","Halt"],"picked":"Replay:AtTheReady","floor":4.0},{"not_picked":["EmptyBody","FlyingSleeves"],"picked":"BattleHymn","floor":7.0},{"not_picked":["Fasting2","BattleHymn"],"picked":"EmptyBody","floor":8.0},{"not_picked":["Conclude","DeceiveReality"],"picked":"Replay:DivineShield","floor":12.0},{"not_picked":["WheelKick","SashWhip"],"picked":"Establishment","floor":13.0},{"not_picked":["ThirdEye","SashWhip"],"picked":"Nirvana","floor":14.0},{"not_picked":["DevaForm","Omniscience"],"picked":"DeusExMachina","floor":16.0},{"not_picked":["Tantrum","FollowUp","BattleHymn"],"picked":"FlyingSleeves+1","floor":18.0},{"not_picked":["CrushJoints","FollowUp","Crescendo+1"],"picked":"SashWhip+1","floor":19.0},{"not_picked":["Nirvana","ReachHeaven+1","BowlingBash"],"picked":"Protect+1","floor":20.0},{"not_picked":["Study+1","Replay:Battleflow+1","Indignation+1"],"picked":"JustLucky","floor":23.0},{"not_picked":["Indignation","Replay:Cycle","WheelKick+1"],"picked":"Replay:ManipulateFuture","floor":24.0},{"not_picked":["Halt+1","FollowUp","EmptyBody"],"picked":"Evaluate+1","floor":25.0},{"not_picked":["JustLucky","MasterReality","Adaptation+1"],"picked":"ClearTheMind+1","floor":27.0},{"not_picked":["Protect","Replay:ManipulateFuture","Replay:BluntJabs"],"picked":"FlurryOfBlows+1","floor":30.0},{"not_picked":["Replay:AllIn","Brilliance","Judgement"],"picked":"LessonLearned","floor":33.0},{"not_picked":["CutThroughFate+1","Replay:ManipulateFuture+1","Replay:BluntJabs"],"picked":"Halt","floor":35.0},{"not_picked":["Crescendo+1","Study","SashWhip+1"],"picked":"FlurryOfBlows","floor":38.0},{"not_picked":["Consecrate","FollowUp","CrushJoints+1"],"picked":"Replay:Battleflow","floor":40.0},{"not_picked":["ThirdEye","FollowUp","CarveReality+1"],"picked":"WindmillStrike+1","floor":45.0},{"not_picked":["Pray+1","FearNoEvil","Conclude+1"],"picked":"Tantrum+1","floor":47.0},{"not_picked":["SandsOfTime+1","ThirdEye+1","Vault"],"picked":"JustLucky+1","floor":48}],"player_experience":55006,"relics_obtained":[{"floor":7.0,"key":"MawBank"},{"floor":9.0,"key":"MealTicket"},{"floor":15.0,"key":"Anchor"},{"floor":23.0,"key":"Torii"},{"floor":26.0,"key":"Replay:Bottled Eggs"},{"floor":39.0,"key":"Divine Protection"},{"floor":40.0,"key":"Lantern"},{"floor":43.0,"key":"Snack Pack"},{"floor":45.0,"key":"Omamori"}],"event_choices":[{"damage_healed":0.0,"max_hp_gain":0.0,"max_hp_loss":0.0,"gold_gain":0.0,"event_name":"Accursed Blacksmith","player_choice":"Forge","floor":10.0,"gold_loss":0.0,"damage_taken":0.0,"cards_upgraded":["Eruption"]},{"damage_healed":0.0,"max_hp_gain":5.0,"max_hp_loss":0.0,"gold_gain":0.0,"event_name":"Forgotten Altar","player_choice":"Shed Blood","floor":21.0,"gold_loss":0.0,"damage_taken":18.0},{"damage_healed":0.0,"max_hp_gain":0.0,"max_hp_loss":0.0,"gold_gain":0.0,"event_name":"Wheel of Change","player_choice":"Cursed","floor":28.0,"gold_loss":0.0,"damage_taken":0.0,"cards_obtained":["Decay"]},{"damage_healed":0.0,"max_hp_gain":0.0,"max_hp_loss":0.0,"gold_gain":0.0,"event_name":"Knowing Skull","player_choice":"POTION POTION ","floor":31.0,"potions_obtained":["AttackPotion","Regen Potion"],"gold_loss":0.0,"damage_taken":19.0,"cards_obtained":[]},{"damage_healed":0.0,"max_hp_gain":0.0,"max_hp_loss":0.0,"gold_gain":0.0,"event_name":"Winding Halls","player_choice":"Embrace Madness","floor":36.0,"gold_loss":0.0,"damage_taken":10.0,"cards_obtained":["Madness","Madness"]},{"cards_removed":["Strike_P"],"damage_healed":0.0,"max_hp_gain":0.0,"max_hp_loss":0.0,"gold_gain":0.0,"event_name":"Designer","player_choice":"Single Remove","floor":41.0,"gold_loss":60.0,"damage_taken":0.0}],"is_beta":false,"boss_relics":[{"not_picked":["Philosopher\u0027s Stone","Sozu"],"picked":"Honey Jar"},{"not_picked":["Kintsugi","Velvet Choker"],"picked":"SacredBark"}],"items_purged_floors":[29],"is_endless":false,"potions_floor_spawned":[3,8,12,14,16,20,24,25,30,33,35,47],"ascension_level":0}}