{"host":"fzku1ofsxv8lro8o","time":1613136509,"event":{"mods":["BaseMod","Colored Map","Downfall","Minty Spire (QoL Compilation)","Relic Stats","StSLib","everything is the same but u backflip on backflip"],"gold_per_floor":[99,113,127,183,195,225,225,235,235,35,62,62,62,47,65,169,169,169,189,51,65,65,94,94,94,29,44,60,79,79,110,127,127,127,127],"floor_reached":33,"language":"ENG","playtime":1779,"items_purged":["bronze:Replicate","bronze:Strike"],"score":327,"play_id":"d4ddeee3-f795-4bce-ab59-a471b16430b4","local_time":"20210212162829","is_ascension_mode":true,"campfire_choices":[{"floor":1,"key":"RECALL"},{"data":"bronze:OilSpill","floor":10,"key":"SMITH"},{"data":"bronze:Frontload","floor":12,"key":"SMITH"},{"data":"bronze:Overheat","floor":18,"key":"SMITH"},{"data":"bronze:Deprecate","floor":25,"key":"SMITH"},{"floor":30,"key":"REST"}],"circlet_count":0,"master_deck":["bronze:Strike","bronze:Strike","bronze:Strike","bronze:Defend","bronze:Defend","bronze:Defend","bronze:Defend","bronze:CloningBeam","bronze:Frontload+1","bronze:Shell","bronze:OilSpill+1","bronze:Refactor","bronze:Overheat+1","CurseOfTheBell","bronze:BronzeOrb","bronze:Shield","bronze:Deprecate+1","bronze:Shield","bronze:FineTuning+1","bronze:CloningBeam","bronze:OilSpill+1"],"relics":["Velvet Choker","Matryoshka","Smiling Mask","hexamod:CandleOfCauterizing","Bronze Scales","downfall:HeartBlessingRed","downfall:HeartBlessingGreen","Tiny Chest","Calling Bell","Anchor","Mummified Hand","Girya","StrikeDummy","Regal Pillow","Bird Faced Urn"],"acts_visited":["Exordium","TheCity"],"potions_floor_usage":[],"damage_taken":[{"damage":0,"enemies":"2 Louse","floor":2,"turns":2},{"damage":7,"enemies":"Jaw Worm","floor":3,"turns":3},{"damage":11,"enemies":"Gremlin Nob","floor":4,"turns":5},{"damage":0,"enemies":"Small Slimes","floor":5,"turns":4},{"damage":15,"enemies":"Lagavulin","floor":6,"turns":11},{"damage":1,"enemies":"2 Fungi Beasts","floor":8,"turns":2},{"damage":14,"enemies":"3 Sentries","floor":11,"turns":7},{"damage":0,"enemies":"downfall:FleeingMerchant","floor":14,"turns":4},{"damage":7,"enemies":"3 Louse","floor":15,"turns":2},{"damage":20,"enemies":"IC_STATUS_ARCHETYPE","floor":16,"turns":8},{"damage":21,"enemies":"Spheric Guardian","floor":19,"turns":4},{"damage":0,"enemies":"downfall:FleeingMerchant","floor":20,"turns":4},{"damage":7,"enemies":"Shell Parasite","floor":21,"turns":4},{"damage":16,"enemies":"Slavers","floor":23,"turns":7},{"damage":0,"enemies":"downfall:FleeingMerchant","floor":26,"turns":4},{"damage":11,"enemies":"Snake Plant","floor":27,"turns":4},{"damage":0,"enemies":"Centurion and Healer","floor":28,"turns":6},{"damage":18,"enemies":"Snecko","floor":29,"turns":5},{"damage":39,"enemies":"Gremlin Leader","floor":31,"turns":5},{"damage":2,"enemies":"Chosen and Byrds","floor":32,"turns":6},{"damage":5,"enemies":"WA_ARCHETYPE_CALM","floor":33,"turns":6}],"seed_played":"2801229999179815430","potions_obtained":[{"floor":3,"key":"SteroidPotion"},{"floor":4,"key":"LiquidMemories"},{"floor":11,"key":"ColorlessPotion"},{"floor":21,"key":"bronze:BurnAndBuffPotion"}],"is_trial":false,"path_per_floor":["R","M","M","?","M","E","T","M","?","R","E","R","?","$","M","B",null,"R","M","$","M","?","E","T","R","$","M","M","M","R","E","M","B"],"character_chosen":"THE_AUTOMATON","items_purchased":["bronze:Shield","bronze:Deprecate"],"campfire_rested":1,"item_purchase_floors":[20,20],"current_hp_per_floor":[70,70,63,52,52,37,37,36,59,59,45,45,80,80,73,53,80,80,59,59,52,52,36,36,36,36,25,25,7,46,7,5,0,0,0],"gold":127,"neow_bonus":"BOSS_RELIC","is_daily":false,"chose_seed":false,"campfire_upgraded":4,"win_rate":0.0,"timestamp":1613136509,"path_taken":["R","M","M","?","M","E","T","M","?","R","E","R","?","$","M","BOSS","R","M","$","M","?","E","T","R","$","M","M","M","R","E","M","BOSS"],"items_purchased_type":["Card","Card"],"build_version":"2020-12-22","purchased_purges":2,"victory":false,"max_hp_per_floor":[70,70,70,70,70,70,70,70,70,70,70,70,80,80,80,80,80,80,80,80,80,80,80,80,80,80,80,80,80,80,80,80,80,80,80],"relic_stats":{"Regal Pillow":15,"counters":[21,103],"Mummified Hand":[0],"Bronze Scales":[212],"Bird Faced Urn":[0],"Tiny Chest":0,"Smiling Mask":75,"obtain_stats":[{"Girya":17,"hexamod:CandleOfCauterizing":7,"Regal Pillow":24,"bronze:BronzeCore":0,"downfall:HeartBlessingRed":10,"Velvet Choker":0,"downfall:HeartBlessingGreen":10,"Smiling Mask":6,"Calling Bell":17,"Anchor":17,"Matryoshka":4,"Mummified Hand":17,"Bronze Scales":7,"Bird Faced Urn":31,"Tiny Chest":11,"StrikeDummy":23},{"Girya":10,"hexamod:CandleOfCauterizing":5,"Regal Pillow":14,"bronze:BronzeCore":0,"downfall:HeartBlessingRed":6,"Velvet Choker":0,"downfall:HeartBlessingGreen":6,"Smiling Mask":5,"Calling Bell":10,"Anchor":10,"Matryoshka":3,"Mummified Hand":10,"Bronze Scales":5,"Bird Faced Urn":19,"Tiny Chest":7,"StrikeDummy":14},{"Girya":48,"hexamod:CandleOfCauterizing":25,"Regal Pillow":67,"bronze:BronzeCore":0,"downfall:HeartBlessingRed":27,"Velvet Choker":0,"downfall:HeartBlessingGreen":27,"Smiling Mask":25,"Calling Bell":48,"Anchor":48,"Matryoshka":10,"Mummified Hand":48,"Bronze Scales":25,"Bird Faced Urn":91,"Tiny Chest":34,"StrikeDummy":67}]},"card_choices":[{"not_picked":["bronze:DelayedGuard","bronze:MaxOutput"],"picked":"bronze:CloningBeam","floor":2},{"not_picked":["bronze:BuggyMess","bronze:DelayedGuard"],"picked":"bronze:Frontload","floor":3},{"not_picked":["bronze:Fortify","bronze:DelayedSlice"],"picked":"bronze:Shell","floor":5},{"not_picked":["bronze:InfiniteBeams","bronze:Frontload"],"picked":"bronze:OilSpill","floor":6},{"not_picked":["bronze:MaxOutput","bronze:BitShift"],"picked":"bronze:Refactor","floor":8},{"not_picked":["bronze:BugBarrage","bronze:Return"],"picked":"bronze:HardenedForm","floor":11},{"not_picked":["bronze:ItsAFeature","bronze:BitShift"],"picked":"bronze:Overheat","floor":14},{"not_picked":["bronze:BugBarrage","bronze:MaxOutput","bronze:Deprecate"],"picked":"SKIP","floor":15},{"not_picked":["bronze:Constructor+1","bronze:WhirlingStrike+1","bronze:Flail+1"],"picked":"SKIP","floor":19},{"not_picked":["bronze:Fortify","bronze:ChosenStrike"],"picked":"bronze:BronzeOrb","floor":20},{"not_picked":["bronze:Overheat+1","bronze:DarkDash","bronze:BugBarrage"],"picked":"SKIP","floor":21},{"not_picked":["bronze:CloningBeam","bronze:DelayedSlice"],"picked":"bronze:Shield","floor":23},{"not_picked":["bronze:RecursiveStrike","bronze:MaxOutput+1","bronze:Turbo"],"picked":"SKIP","floor":26},{"not_picked":["bronze:WildBeam","bronze:Branch"],"picked":"bronze:FineTuning+1","floor":27},{"not_picked":["bronze:FollowUp+1","bronze:Overload"],"picked":"bronze:CloningBeam","floor":28},{"not_picked":["bronze:Separator+1","bronze:DarkDash"],"picked":"bronze:OilSpill+1","floor":29},{"not_picked":["bronze:Separator+1","bronze:FineTuning","bronze:WildBeam"],"picked":"SKIP","floor":31},{"not_picked":["bronze:Overheat+1","bronze:WhirlingStrike","bronze:ClassDefault"],"picked":"SKIP","floor":32}],"player_experience":968930,"relics_obtained":[{"floor":4,"key":"Matryoshka"},{"floor":6,"key":"Smiling Mask"},{"floor":7,"key":"hexamod:CandleOfCauterizing"},{"floor":7,"key":"Bronze Scales"},{"floor":11,"key":"Tiny Chest"},{"floor":17,"key":"Anchor"},{"floor":17,"key":"Mummified Hand"},{"floor":17,"key":"Girya"},{"floor":23,"key":"StrikeDummy"},{"floor":24,"key":"Regal Pillow"},{"floor":31,"key":"Bird Faced Urn"}],"event_choices":[{"damage_healed":23,"gold_gain":0,"player_choice":"Banana","damage_taken":0,"max_hp_gain":0,"max_hp_loss":0,"event_name":"Big Fish","floor":9,"gold_loss":0}],"is_beta":false,"boss_relics":[{"not_picked":["Philosopher\u0027s Stone","Cursed Key"],"picked":"Calling Bell"}],"items_purged_floors":[20,26],"is_endless":false,"potions_floor_spawned":[3,4,11,15,21,28,29,31],"killed_by":"WA_ARCHETYPE_CALM","ascension_level":2}}