{"host":"knk89g45d3vzr5fm","time":1613143629,"event":{"mods":["2.2 Compatiblity","BaseMod","Downfall","Minty Spire (QoL Compilation)","Relic Stats","Reliquary","Replay The Spire","StSLib","The Marked"],"gold_per_floor":[99,115,127,139,239,239,239,256,291,191,220,23,23,52,70,170,170,170,185,196,66,84,100,100,114,214,114,114,144,156,156,166,264,264,164,177,177,24,34,45,45,79,79,89,122,137,137,162,173,173,173,204,52,52,52,52],"floor_reached":57,"language":"FRA","playtime":4407,"items_purged":["bronze:Strike","Pride"],"score":1435,"play_id":"05cad2fd-c3e9-4536-8159-70d23e3bea24","local_time":"20210212162709","is_ascension_mode":true,"campfire_choices":[{"floor":1.0,"key":"DIG"},{"data":"bronze:Fortify","floor":10.0,"key":"SMITH"},{"floor":13.0,"key":"REST"},{"floor":18.0,"key":"RECALL"},{"data":"bronze:Repair","floor":27,"key":"SMITH"},{"floor":35,"key":"DIG"},{"floor":43,"key":"DIG"},{"floor":47,"key":"DIG"},{"floor":54,"key":"DIG"}],"circlet_count":0,"master_deck":["bronze:Defend+1","bronze:Defend","bronze:Defend","bronze:Defend","bronze:Replicate","bronze:Goto+1","bronze:Iterate+1","bronze:FineTuning+1","bronze:WhirlingStrike+1","bronze:Invalidate","bronze:Fortify+1","bronze:MaxOutput+1","bronze:InfiniteLoop","bronze:Flail","bronze:Repair+1","bronze:Frontload+1","bronze:Frontload","bronze:Flail","bronze:Assembly+1","AbeCurse","bronze:BugBarrage+1","bronze:MaxOutput+1","bronze:Boost+1","bronze:Refactor+1","bronze:Library+1","bronze:Fortify+1","bronze:ItsAFeature+1","bronze:Constructor+1","bronze:CleanCode+1","bronze:HardenedForm+1"],"relics":["bronze:BronzeCore","War Paint","reliquary:OuijaBoard","downfall:HeartBlessingBlue","Bronze Scales","reliquary:Stiletto","Golden Egg","Abe\u0027s Treasure","Whetstone","Torii","ReplayTheSpireMod:Ninjato","downfall:HeartBlessingRed","White Beast Statue","Akabeko","Snecko Heart","downfall:HeartBlessingGreen","reliquary:Buckler","Shovel","reliquary:TatteredRug","StoneCalendar","Lantern","reliquary:QuartzCube","Divine Protection","reliquary:RosewoodLute","reliquary:BallBearing","Medical Kit","Ornamental Fan"],"acts_visited":["Exordium","TheCity","TheBeyond","TheEnding"],"potions_floor_usage":[33,56,56,56,56,56],"damage_taken":[{"damage":3.0,"enemies":"2 Louse","floor":2.0,"turns":3.0},{"damage":0.0,"enemies":"Cultist","floor":3.0,"turns":3.0},{"damage":0.0,"enemies":"Small Slimes","floor":4.0,"turns":2.0},{"damage":8.0,"enemies":"downfall:Heads","floor":5.0,"turns":6.0},{"damage":8.0,"enemies":"Blue Slaver","floor":8.0,"turns":4.0},{"damage":21.0,"enemies":"Gremlin Nob","floor":9.0,"turns":3.0},{"damage":9.0,"enemies":"Lagavulin","floor":11.0,"turns":6.0},{"damage":0.0,"enemies":"downfall:FleeingMerchant","floor":12.0,"turns":4.0},{"damage":30.0,"enemies":"Gremlin Nob","floor":14.0,"turns":5.0},{"damage":0.0,"enemies":"3 Louse","floor":15.0,"turns":1.0},{"damage":42.0,"enemies":"IC_STATUS_ARCHETYPE","floor":16.0,"turns":8.0},{"damage":0.0,"enemies":"Spheric Guardian","floor":19.0,"turns":2.0},{"damage":5,"enemies":"Shell Parasite","floor":20,"turns":4},{"damage":15,"enemies":"downfall:FleeingMerchant","floor":21,"turns":4},{"damage":21,"enemies":"Shelled Parasite and Fungi","floor":22,"turns":5},{"damage":13,"enemies":"Centurion and Healer","floor":23,"turns":5},{"damage":0,"enemies":"Snecko","floor":25,"turns":5},{"damage":1,"enemies":"WA_ARCHETYPE_RETAIN","floor":26,"turns":4},{"damage":8,"enemies":"Book of Stabbing","floor":29,"turns":5},{"damage":0,"enemies":"3 Cultists","floor":30,"turns":3},{"damage":0,"enemies":"Centurion and Healer","floor":32,"turns":4},{"damage":44,"enemies":"DF_ARCHETYPE_CLAW","floor":33,"turns":4},{"damage":3,"enemies":"3 Shapes","floor":36,"turns":4},{"damage":7,"enemies":"downfall:FleeingMerchant","floor":38,"turns":3},{"damage":0,"enemies":"Orb Walker","floor":39,"turns":2},{"damage":0,"enemies":"Spire Growth","floor":40,"turns":3},{"damage":2,"enemies":"R_Hoarder","floor":42,"turns":5},{"damage":0,"enemies":"Maw","floor":44,"turns":4},{"damage":28,"enemies":"Reptomancer","floor":45,"turns":5},{"damage":0,"enemies":"Sphere and 2 Shapes","floor":46,"turns":3},{"damage":0,"enemies":"R_Hoarder","floor":48,"turns":3},{"damage":7,"enemies":"Transient","floor":49,"turns":5},{"damage":96,"enemies":"WA_ARCHETYPE_DIVINITY","floor":50,"turns":8},{"damage":1,"enemies":"downfall:CharBossMerchant","floor":52,"turns":5},{"damage":0,"enemies":"downfall:NeowBoss","floor":55,"turns":13},{"damage":10,"enemies":"downfall:NeowBossFinal","floor":56,"turns":8}],"seed_played":"4215212961791642492","potions_obtained":[{"floor":2.0,"key":"FearPotion"},{"floor":8.0,"key":"Dexterity Potion"},{"floor":9.0,"key":"Swift Potion"},{"floor":14.0,"key":"Fire Potion"},{"floor":16.0,"key":"Reflective Coating"},{"floor":19,"key":"Elixir"},{"floor":33,"key":"EntropicBrew"},{"floor":36,"key":"FairyPotion"},{"floor":52,"key":"Strength Potion"}],"is_trial":false,"path_per_floor":["R","M","M","M","?","?","T","M","E","R","E","$","R","E","M","B",null,"R","M","M","$","M","M","T","M","?","R","?","E","M","?","M","B",null,"R","M","?","$","M","M","T","E","R","M","E","M","R","E","M","B",null,"E","$","R","B","B",null],"character_chosen":"THE_AUTOMATON","items_purchased":["bronze:Frontload","reliquary:Stiletto","bronze:Boost","Shovel","bronze:ItsAFeature","Medical Kit"],"campfire_rested":1,"item_purchase_floors":[12,12,21,38,38,53],"current_hp_per_floor":[77,74,74,74,66,66,66,58,37,47,38,38,64,42,42,7,87,87,87,82,74,61,56,56,63,69,69,69,71,71,71,81,47,87,87,84,84,77,77,87,87,85,85,87,59,59,59,69,73,26,87,86,86,86,87,77],"gold":52,"neow_bonus":"TEN_PERCENT_HP_BONUS","is_daily":false,"chose_seed":false,"campfire_upgraded":2,"win_rate":0.0,"timestamp":1613143629,"path_taken":["R","M","M","M","?","?","T","?","E","R","E","$","R","E","M","BOSS","R","M","M","$","M","M","T","M","?","R","?","E","M","?","M","BOSS","R","M","?","$","M","M","T","E","R","M","E","M","R","E","M","BOSS","E","$","R","BOSS","BOSS"],"items_purchased_type":["Card","Relic","Card","Relic","Card","Relic"],"build_version":"2020-12-22","purchased_purges":2,"victory":true,"max_hp_per_floor":[77,77,77,77,77,77,77,77,77,87,87,87,87,87,87,87,87,87,87,87,87,87,87,87,87,87,87,87,87,87,87,87,87,87,87,87,87,87,87,87,87,87,87,87,87,87,87,87,87,87,87,87,87,87,87,87],"relic_stats":{"Shovel":5,"Torii":18,"counters":[36,161],"Ornamental Fan":[20],"Bronze Scales":[293],"StoneCalendar":[229],"Whetstone":["bronze:WhirlingStrike","bronze:Iterate"],"War Paint":["bronze:Goto","bronze:Defend"],"Medical Kit":[13],"obtain_stats":[{"reliquary:OuijaBoard":9,"Golden Egg":14,"Divine Protection":47,"Lantern":43,"bronze:BronzeCore":0,"Snecko Heart":34,"Torii":26,"downfall:HeartBlessingGreen":35,"StoneCalendar":42,"Whetstone":24,"reliquary:QuartzCube":45,"Shovel":38,"downfall:HeartBlessingBlue":10,"reliquary:Buckler":35,"ReplayTheSpireMod:Ninjato":26,"downfall:HeartBlessingRed":27,"reliquary:TatteredRug":41,"War Paint":1,"reliquary:RosewoodLute":48,"Medical Kit":53,"White Beast Statue":29,"Akabeko":31,"Ornamental Fan":54,"Bronze Scales":11,"reliquary:Stiletto":12,"reliquary:BallBearing":52,"Abe\u0027s Treasure":17},{"reliquary:OuijaBoard":6,"Golden Egg":9,"Divine Protection":30,"Lantern":27,"bronze:BronzeCore":0,"Snecko Heart":22,"Torii":18,"downfall:HeartBlessingGreen":22,"StoneCalendar":27,"Whetstone":16,"reliquary:QuartzCube":29,"Shovel":24,"downfall:HeartBlessingBlue":6,"reliquary:Buckler":22,"ReplayTheSpireMod:Ninjato":18,"downfall:HeartBlessingRed":18,"reliquary:TatteredRug":26,"War Paint":0,"reliquary:RosewoodLute":31,"Medical Kit":34,"White Beast Statue":19,"Akabeko":20,"Ornamental Fan":34,"Bronze Scales":7,"reliquary:Stiletto":8,"reliquary:BallBearing":34,"Abe\u0027s Treasure":11},{"reliquary:OuijaBoard":21,"Golden Egg":36,"Divine Protection":119,"Lantern":107,"bronze:BronzeCore":0,"Snecko Heart":90,"Torii":74,"downfall:HeartBlessingGreen":90,"StoneCalendar":107,"Whetstone":65,"reliquary:QuartzCube":116,"Shovel":97,"downfall:HeartBlessingBlue":21,"reliquary:Buckler":90,"ReplayTheSpireMod:Ninjato":74,"downfall:HeartBlessingRed":74,"reliquary:TatteredRug":102,"War Paint":0,"reliquary:RosewoodLute":122,"Medical Kit":140,"White Beast Statue":79,"Akabeko":82,"Ornamental Fan":140,"Bronze Scales":27,"reliquary:Stiletto":31,"reliquary:BallBearing":140,"Abe\u0027s Treasure":45}]},"card_choices":[{"not_picked":["bronze:Optimize","bronze:BitShift"],"picked":"bronze:Iterate","floor":2.0},{"not_picked":["bronze:Separator","bronze:Deprecate"],"picked":"bronze:FineTuning","floor":3.0},{"not_picked":["bronze:BugBarrage","bronze:CutThrough"],"picked":"bronze:WhirlingStrike","floor":4.0},{"not_picked":["bronze:Separator","bronze:BitShift"],"picked":"bronze:Fortify","floor":5.0},{"not_picked":["bronze:Deprecate","bronze:DelayedGuard"],"picked":"bronze:MaxOutput","floor":8.0},{"not_picked":["bronze:Optimize","bronze:ForLoop"],"picked":"bronze:InfiniteLoop","floor":9.0},{"not_picked":["bronze:CloningBeam","bronze:BronzeArmor"],"picked":"bronze:Flail","floor":11.0},{"not_picked":["bronze:BronzeOrb","bronze:Shield"],"picked":"bronze:Repair","floor":12.0},{"not_picked":["bronze:DelayedGuard","bronze:Backtrace"],"picked":"bronze:Flail","floor":14.0},{"not_picked":["bronze:BronzeArmor","bronze:NullPointer","bronze:ItsAFeature"],"picked":"SKIP","floor":15.0},{"not_picked":["bronze:HardenedForm","bronze:FindAndReplace"],"picked":"bronze:Assembly","floor":16.0},{"not_picked":["bronze:DigitalCarnage","bronze:Frontload","bronze:Deprecate"],"picked":"SKIP","floor":19},{"not_picked":["bronze:Safeguard+1","bronze:ForceShield"],"picked":"bronze:BugBarrage+1","floor":20},{"not_picked":["bronze:Invalidate","bronze:Philosophize"],"picked":"bronze:MaxOutput+1","floor":21},{"not_picked":["bronze:Mutator","bronze:BugBarrage","bronze:InfiniteBeams"],"picked":"SKIP","floor":22},{"not_picked":["bronze:OilSpill","bronze:ForLoop+1","bronze:Backtrace"],"picked":"SKIP","floor":23},{"not_picked":["bronze:Shell","bronze:Branch","bronze:Return+1"],"picked":"SKIP","floor":25},{"not_picked":["bronze:Overload","bronze:NullPointer","bronze:Iterate+1"],"picked":"SKIP","floor":29},{"not_picked":["bronze:BugBarrage","bronze:BitShift"],"picked":"bronze:Refactor+1","floor":30},{"not_picked":["bronze:Iterate","bronze:BronzeOrb","bronze:Overload"],"picked":"SKIP","floor":32},{"not_picked":["bronze:Mutator","bronze:AlphaBuild"],"picked":"bronze:Library","floor":33},{"not_picked":["bronze:DelayedGuard","bronze:CutThrough"],"picked":"bronze:Fortify+1","floor":36},{"not_picked":["bronze:Iterate","bronze:OilSpill","bronze:DelayedSlice"],"picked":"SKIP","floor":38},{"not_picked":["bronze:Deprecate+1","bronze:Iterate+1","bronze:ThunderWave"],"picked":"SKIP","floor":39},{"not_picked":["bronze:Philosophize+1","bronze:CutThrough+1","bronze:DelayedSlice+1"],"picked":"SKIP","floor":40},{"not_picked":["bronze:ChosenStrike","bronze:Philosophize","bronze:Invalidate+1"],"picked":"SKIP","floor":42},{"not_picked":["bronze:OilSpill","bronze:Turbo+1"],"picked":"bronze:Constructor+1","floor":44},{"not_picked":["bronze:CutThrough+1","bronze:Fortify+1"],"picked":"bronze:CleanCode","floor":45},{"not_picked":["bronze:Shield","bronze:Turbo","bronze:Overload+1"],"picked":"SKIP","floor":46},{"not_picked":["bronze:DelayedSlice+1","bronze:Shield+1","bronze:InfiniteBeams+1"],"picked":"SKIP","floor":48},{"not_picked":["bronze:DelayedSlice","bronze:Constructor","bronze:BugBarrage"],"picked":"SKIP","floor":49},{"not_picked":["bronze:Iterate+1","bronze:BugBarrage+1"],"picked":"bronze:HardenedForm","floor":52}],"player_experience":2114404,"relics_obtained":[{"floor":1.0,"key":"War Paint"},{"floor":9.0,"key":"reliquary:OuijaBoard"},{"floor":11.0,"key":"Bronze Scales"},{"floor":14.0,"key":"Golden Egg"},{"floor":24,"key":"Whetstone"},{"floor":26,"key":"Torii"},{"floor":26,"key":"ReplayTheSpireMod:Ninjato"},{"floor":29,"key":"White Beast Statue"},{"floor":35,"key":"reliquary:Buckler"},{"floor":41,"key":"reliquary:TatteredRug"},{"floor":42,"key":"StoneCalendar"},{"floor":43,"key":"Lantern"},{"floor":45,"key":"reliquary:QuartzCube"},{"floor":47,"key":"Divine Protection"},{"floor":48,"key":"reliquary:RosewoodLute"},{"floor":52,"key":"reliquary:BallBearing"},{"floor":54,"key":"Ornamental Fan"}],"event_choices":[{"cards_removed":["bronze:Strike"],"damage_healed":0.0,"max_hp_gain":0.0,"max_hp_loss":0.0,"gold_gain":0.0,"event_name":"Bonfire Elementals","player_choice":"Offered Basic","floor":6.0,"gold_loss":0.0,"damage_taken":0.0},{"damage_healed":0,"gold_gain":0,"player_choice":"Stole Relic","damage_taken":0,"relics_obtained":["Akabeko"],"max_hp_gain":0,"max_hp_loss":0,"event_name":"Addict","floor":31,"gold_loss":0,"cards_obtained":["Pride"]}],"is_beta":false,"boss_relics":[{"not_picked":["reliquary:WritOfMandamus","ChewingGum"],"picked":"Abe\u0027s Treasure"},{"not_picked":["reliquary:Ember","Replay:Bronze Core"],"picked":"Snecko Heart"}],"items_purged_floors":[21,38],"is_endless":false,"potions_floor_spawned":[2,8,9,11,14,16,19,20,25,30,32,33,36,38,39,40,42,44,45,46,48,49,52],"ascension_level":2}}