{"host":"6affnl2vk6en9o4b","time":1613159630,"event":{"mods":["AchievementEnabler","Aspiration","BaseMod","BetterRewards","Colored Powertips","Conspire","Downfall","Friendly Minions","Googly Eyes","Highlight Path","Hubris","Infinite Spire","Minty Spire (QoL Compilation)","Quick Restart","Replay The Spire","StSLib","Unceasing Turn Reminder"],"gold_per_floor":[99,115,130,147,157,187,187,201,1,19,4,0,0,27,45,145,145,45,62,62,77,89,102,102,132,147,160,160,175,175,190,209,309,309,397,397,408,421,421,434,434,463,463,476,476,476,488,488,488,488],"floor_reached":48,"language":"ENG","playtime":2975,"items_purged":[],"score":497,"play_id":"655c8ecc-a857-4b6b-9883-c8ab5e3efb58","local_time":"20210212195350","is_ascension_mode":false,"campfire_choices":[{"floor":1.0,"key":"RECALL"},{"floor":9.0,"key":"REST"},{"data":"champ:EnGarde","floor":13.0,"key":"SMITH"},{"data":"champ:TripleStrike","floor":18.0,"key":"SMITH"},{"floor":28.0,"key":"REST"},{"floor":30.0,"key":"REST"},{"floor":45.0,"key":"REST"}],"circlet_count":0,"master_deck":["champ:Strike","champ:Strike","champ:Strike","champ:Strike","champ:Defend","champ:Defend","champ:Defend","champ:Defend","champ:Execute","champ:Taunt","champ:EnGarde+1","champ:TornadoPunch","champ:Shatter","champ:SetATrap","champ:DancingMaster","champ:CrookedStrike","champ:FancyFootwork","champ:Devastate","champ:BerserkersShout","champ:DefensiveShout","champ:TripleStrike+1","champ:RisingSlash+1","Pain","champ:FlashCut+1","champ:IronFortress+1","champ:Lariat","infinitespire:Starlight","champ:TripleStrike","champ:HeartStrike","champ:HeavySlash","champ:ShieldWall","champ:PreciseThrust","champ:FlashCut","champ:HoldFirm+1","champ:BringItOn","champ:Haymaker","Replay:SS_hec_1","expansioncontent:PolyBeam","expansioncontent:Hexaburn","champ:DeathBlow+1","champ:ShieldSigil","champ:GutPunch+1","champ:EnGarde"],"relics":["champ:ChampionCrown","infinitespire:Beetle Shell","Pocketwatch","downfall:HeartBlessingRed","downfall:HeartBlessingGreen","ReplayTheSpireMod:Lightbulb","conspire:SpecialSausage","downfall:HeartBlessingBlue","WarpedTongs","aspiration:ChemicalBlood","Bronze Scales","SlaversCollar","Happy Flower","Bottled Tornado","Philosopher\u0027s Stone","hubris:TinFlute"],"acts_visited":["Exordium","TheCity","TheBeyond"],"potions_floor_usage":[47,48,48],"damage_taken":[{"damage":20.0,"enemies":"Cultist","floor":2.0,"turns":3.0},{"damage":10.0,"enemies":"Small Slimes","floor":3.0,"turns":4.0},{"damage":0.0,"enemies":"2 Louse","floor":4.0,"turns":3.0},{"damage":10.0,"enemies":"Lots of Slimes","floor":5.0,"turns":3.0},{"damage":71.0,"enemies":"Gremlin Nob","floor":6.0,"turns":5.0},{"damage":26.0,"enemies":"Large Slime","floor":8.0,"turns":4.0},{"damage":10.0,"enemies":"3 Louse","floor":10.0,"turns":3.0},{"damage":40.0,"enemies":"downfall:FleeingMerchant","floor":11.0,"turns":4.0},{"damage":25.0,"enemies":"downfall:FleeingMerchant","floor":12.0,"turns":4.0},{"damage":24.0,"enemies":"Lagavulin","floor":14.0,"turns":6.0},{"damage":42.0,"enemies":"Exordium Wildlife","floor":15.0,"turns":6.0},{"damage":32.0,"enemies":"IC_STATUS_ARCHETYPE","floor":16.0,"turns":8.0},{"damage":28.0,"enemies":"Chosen","floor":19.0,"turns":4.0},{"damage":44.0,"enemies":"Centurion and Healer","floor":21.0,"turns":7.0},{"damage":47.0,"enemies":"Snecko","floor":22.0,"turns":3.0},{"damage":29.0,"enemies":"Cultist and Chosen","floor":23.0,"turns":4.0},{"damage":101.0,"enemies":"Nightmare","floor":25.0,"turns":8.0},{"damage":25.0,"enemies":"Centurion and Healer","floor":26.0,"turns":5.0},{"damage":11.0,"enemies":"Snecko","floor":27.0,"turns":3.0},{"damage":8.0,"enemies":"Chosen and Byrds","floor":29.0,"turns":6.0},{"damage":24.0,"enemies":"Shelled Parasite and Fungi","floor":31.0,"turns":4.0},{"damage":45.0,"enemies":"3 Cultists","floor":32.0,"turns":6.0},{"damage":78.0,"enemies":"DF_ARCHETYPE_CLAW","floor":33.0,"turns":6.0},{"damage":21.0,"enemies":"Orb Walker","floor":37.0,"turns":4.0},{"damage":41.0,"enemies":"3 Shapes","floor":38.0,"turns":7.0},{"damage":63.0,"enemies":"Writhing Mass","floor":40.0,"turns":4.0},{"damage":36.0,"enemies":"conspire:MimicChest","floor":42.0,"turns":6.0},{"damage":27.0,"enemies":"4 Shapes","floor":44.0,"turns":6.0},{"damage":56,"enemies":"Maw","floor":47,"turns":5},{"damage":57,"enemies":"Giant Head","floor":48,"turns":5}],"seed_played":"-6140769650503131360","potions_obtained":[{"floor":3.0,"key":"champ:TechniquePotion"},{"floor":6.0,"key":"Weak Potion"},{"floor":14.0,"key":"Flashbang"},{"floor":15.0,"key":"bronze:BurnAndBuffPotion"},{"floor":16.0,"key":"SteroidPotion"},{"floor":21.0,"key":"EntropicBrew"},{"floor":23.0,"key":"Elixir"},{"floor":25.0,"key":"PowerPotion"},{"floor":27.0,"key":"SkillPotion"},{"floor":31.0,"key":"Dexterity Potion"},{"floor":32.0,"key":"Cursed Concoction"},{"floor":33.0,"key":"Slimebound:ThreeZeroPotion"},{"floor":38.0,"key":"EntropicBrew"},{"floor":40.0,"key":"bronze:BurnAndBuffPotion"},{"floor":44.0,"key":"SkillPotion"},{"floor":48,"key":"champ:CounterPotion"}],"is_trial":false,"path_per_floor":["R","M","M","M","M","E","T","M","R","M","$","$","R","E","M","B",null,"R","M","?","M","M","M","T","NM","M","M","R","M","R","M","M","B",null,"R","?","M","M","?","M","T","?","?","M","R","AVR","M","E"],"character_chosen":"THE_CHAMP","items_purchased":[],"campfire_rested":4,"item_purchase_floors":[],"current_hp_per_floor":[90,90,90,90,90,39,39,33,60,50,50,50,50,46,34,27,90,100,92,92,78,61,57,57,17,12,12,42,44,74,60,35,6,100,100,100,94,93,83,40,40,34,34,17,47,47,53,0,0,0],"gold":488,"neow_bonus":"RANDOM_COMMON_RELIC","is_daily":false,"chose_seed":false,"campfire_upgraded":2,"win_rate":0.0,"timestamp":1613159630,"path_taken":["R","M","M","M","M","E","T","M","R","M","?","$","R","E","M","BOSS","R","M","?","M","?","M","T","NM","M","M","R","M","R","M","M","BOSS","R","?","M","M","?","M","T","?","?","M","R","AVR","M","E"],"items_purchased_type":[],"build_version":"2020-12-22","purchased_purges":0,"victory":false,"max_hp_per_floor":[90,90,90,90,90,90,90,90,90,90,90,90,90,90,90,90,90,100,100,100,100,100,100,100,100,100,100,100,100,100,100,100,100,100,100,100,100,100,100,100,100,100,100,100,100,100,100,100,100,100],"card_choices":[{"not_picked":["champ:PreemptiveStrike","champ:AdrenalArmor"],"picked":"champ:EnGarde","floor":2.0},{"not_picked":["champ:PerfectedStrike","champ:EnGarde"],"picked":"champ:TornadoPunch","floor":3.0},{"not_picked":["champ:BladeFlurry","champ:CrownThrow"],"picked":"champ:GutPunch","floor":4.0},{"not_picked":["champ:DefensiveShout","champ:Parry"],"picked":"champ:Shatter","floor":5.0},{"not_picked":["champ:TornadoPunch","champ:CrownThrow"],"picked":"champ:SetATrap","floor":6.0},{"not_picked":["champ:StanceDance","champ:PerfectedStrike"],"picked":"champ:DancingMaster","floor":8.0},{"not_picked":["champ:PreemptiveStrike","champ:ShieldSigil"],"picked":"champ:CrookedStrike","floor":10.0},{"not_picked":["champ:EndlessRage","champ:BringItOn"],"picked":"champ:FancyFootwork","floor":11.0},{"not_picked":["champ:Lariat","champ:CrownThrow"],"picked":"champ:Devastate","floor":12.0},{"not_picked":["champ:TornadoPunch","champ:CrownThrow"],"picked":"champ:BerserkersShout","floor":14.0},{"not_picked":["champ:FancyFootwork","champ:GladiatorStyle"],"picked":"champ:DefensiveShout","floor":15.0},{"not_picked":["champ:IgnorePain","champ:SteelEdge"],"picked":"champ:TripleStrike","floor":16.0},{"not_picked":["champ:BladeFlurry","champ:Haymaker"],"picked":"champ:RisingSlash+1","floor":19.0},{"not_picked":["champ:RageSigil","champ:CrownThrow"],"picked":"champ:FlashCut+1","floor":21.0},{"not_picked":["champ:TornadoPunch","champ:Lariat"],"picked":"champ:IronFortress+1","floor":22.0},{"not_picked":["champ:IronFortress+1","champ:TornadoPunch"],"picked":"champ:Lariat","floor":23.0},{"not_picked":["Replay:Fractal Strike","infinitespire:SevenWalls"],"picked":"infinitespire:Starlight","floor":25.0},{"not_picked":["champ:GladiatorStyle","champ:RapidStrikes"],"picked":"champ:TripleStrike","floor":25.0},{"not_picked":["champ:ShieldSigil","champ:Backstep"],"picked":"champ:HeartStrike","floor":26.0},{"not_picked":["champ:BringItOn","champ:StanceDance"],"picked":"champ:HeavySlash","floor":27.0},{"not_picked":["champ:StanceDance+1","champ:CalledShot"],"picked":"champ:ShieldWall","floor":29.0},{"not_picked":["champ:GutPunch+1","champ:CrownThrow"],"picked":"champ:PreciseThrust","floor":31.0},{"not_picked":["champ:DefensiveShout","champ:StanceDance"],"picked":"champ:FlashCut","floor":32.0},{"not_picked":["champ:MurderStrike","champ:SwordThrow"],"picked":"champ:HoldFirm","floor":33.0},{"not_picked":["champ:SetATrap+1","champ:BladeFlurry+1"],"picked":"champ:BringItOn","floor":37.0},{"not_picked":["champ:BerserkersShout+1","champ:AdrenalArmor"],"picked":"champ:Haymaker","floor":38.0},{"not_picked":["expansioncontent:InvincibleStrength","expansioncontent:Hexaburn"],"picked":"Replay:SS_hec_1","floor":39.0},{"not_picked":["Replay:SS_fish_1","expansioncontent:HyperBeam"],"picked":"expansioncontent:PolyBeam","floor":39.0},{"not_picked":["expansioncontent:PrepareCrush","expansioncontent:PolyBeam"],"picked":"expansioncontent:Hexaburn","floor":39.0},{"not_picked":["champ:Haymaker","champ:CrookedStrike+1"],"picked":"champ:DeathBlow+1","floor":40.0},{"not_picked":["champ:FlashCut","champ:FocusedDefense+1"],"picked":"champ:ShieldSigil","floor":42.0},{"not_picked":["champ:ShieldSigil","champ:TripleStrike"],"picked":"champ:GutPunch+1","floor":44.0},{"not_picked":["champ:BerserkerStyle","champ:StanceDance+1"],"picked":"champ:EnGarde","floor":47}],"player_experience":248889,"relics_obtained":[{"floor":6.0,"key":"Pocketwatch"},{"floor":14.0,"key":"ReplayTheSpireMod:Lightbulb"},{"floor":24.0,"key":"aspiration:ChemicalBlood"},{"floor":25.0,"key":"Bronze Scales"},{"floor":41.0,"key":"Happy Flower"},{"floor":42.0,"key":"Bottled Tornado"}],"event_choices":[{"damage_healed":0.0,"max_hp_gain":0.0,"max_hp_loss":0.0,"gold_gain":0.0,"event_name":"Accursed Blacksmith","player_choice":"Rummage","floor":20.0,"gold_loss":0.0,"damage_taken":0.0,"relics_obtained":["WarpedTongs"],"cards_obtained":["Pain"]},{"cards_removed":["champ:GutPunch"],"damage_healed":0.0,"max_hp_gain":0.0,"max_hp_loss":0.0,"gold_gain":0.0,"event_name":"Falling","player_choice":"Removed Attack","floor":43.0,"gold_loss":0.0,"damage_taken":0.0}],"is_beta":false,"boss_relics":[{"not_picked":["Abe\u0027s Treasure","aspiration:IroncladSkillbook"],"picked":"conspire:SpecialSausage"},{"not_picked":["hubris:Backtick","hubris:BlackHole"],"picked":"SlaversCollar"}],"items_purged_floors":[],"is_endless":true,"potions_floor_spawned":[3,6,14,15,16,21,23,25,27,31,33,40,44],"killed_by":"Giant Head","ascension_level":0}}