{"host":"1vqon1dbpr5c1qll","time":1613125278,"event":{"mods":["2.2 Compatiblity","AchievementEnabler","BaseMod","BetterRewards","Colored Map","DeckTracker","Hermit","Highlight Path","Lobotomy","Minty Spire (QoL Compilation)","Permanent Neow","Quick Restart","Random Character Button","Replay The Spire","StSLib","SuperFastMode","The Cursed","The Servant 0.9.4","everything is the same but u backflip on backflip"],"gold_per_floor":[114,114,114,114,129,159,189,219,294,104,104,134,164,179,179,279,279,294,300,300,300,315,345,375,405,405,435,465,19,34,34,34,134,134,149,164,164,164,194,224,224,25,50,65,65,80,80,110,110,110],"floor_reached":51,"language":"KOR","playtime":3253,"items_purged":[],"score":1167,"play_id":"1c71a7a8-7205-403c-9c66-4e428e306674","local_time":"20210212192118","daily_mods":["Chimera","Flight","DeadlyEvents"],"is_ascension_mode":false,"campfire_choices":[{"floor":11,"key":"REST"},{"data":"Crescendo","floor":15,"key":"SMITH"},{"floor":32,"key":"DIG"},{"data":"1","floor":41,"key":"LIFT"},{"data":"2","floor":45,"key":"LIFT"},{"data":"3","floor":47,"key":"LIFT"}],"circlet_count":0,"master_deck":["Bash","Survivor+1","Zap","Eruption","Strike_R+1","Strike_G+1","Strike_B+1","Defend_R+1","Defend_G+1","Defend_P+1","Consecrate","SignatureMove","Trip","Protect","Halt","Crescendo+1","Indignation","EmptyFist+1","Consecrate","FlurryOfBlows","ForeignInfluence","Ragnarok","InnerPeace","Consecrate","Conclude+1","FollowUp+1","SandsOfTime","TalkToTheHand","FlurryOfBlows+1","EmptyFist","Pot Of Greed","Pot Of Greed","Pot Of Greed","Brilliance","Devotion","LessonLearned","Wallop","Consecrate","EmptyBody+1","Protect+1","FlurryOfBlows","ForeignInfluence+1","Devotion+1","Tantrum"],"relics":["PureWater","TungstenRod","Sundial","Question Card","Yang","ReplayTheSpireMod:TigerMarble","Tiny Chest","Bag of Preparation","Honey Jar","Red Mask","ReplayTheSpireMod:Shallot","CaptainsWheel","Meat on the Bone","Pear","Mango","Counterbalance","Bag of Marbles","ReplayFunnel","Grinning Jar","StrikeDummy","Cursed Key","Replay:WaspNest","MealTicket","Girya","Matryoshka","Omamori","Golden Egg","Akabeko","Toy Ornithopter"],"acts_visited":["Exordium","TheCity","TheBeyond"],"potions_floor_usage":[6,16,31,33,33,33,40,44,50],"damage_taken":[{"damage":5.0,"enemies":"Small Slimes","floor":1.0,"turns":3.0},{"damage":0,"enemies":"Cultist","floor":5,"turns":3},{"damage":0,"enemies":"Gremlin Nob","floor":6,"turns":2},{"damage":17,"enemies":"3 Sentries","floor":7,"turns":9},{"damage":8,"enemies":"Replay:BlueRogue","floor":8,"turns":3},{"damage":0,"enemies":"Gremlin Nob","floor":12,"turns":3},{"damage":0,"enemies":"Lagavulin","floor":13,"turns":2},{"damage":0,"enemies":"2 Louse","floor":14,"turns":1},{"damage":26,"enemies":"Fading Forest","floor":16,"turns":11},{"damage":9,"enemies":"2 Thieves","floor":18,"turns":2},{"damage":0,"enemies":"Masked Bandits","floor":19,"turns":3},{"damage":0,"enemies":"3 Byrds","floor":22,"turns":3},{"damage":0,"enemies":"Slavers","floor":23,"turns":2},{"damage":3,"enemies":"Book of Stabbing","floor":24,"turns":3},{"damage":0,"enemies":"Gremlin Leader","floor":25,"turns":4},{"damage":0,"enemies":"Slavers","floor":27,"turns":4},{"damage":0,"enemies":"Gremlin Leader","floor":28,"turns":3},{"damage":0,"enemies":"Centurion and Healer","floor":30,"turns":2},{"damage":0,"enemies":"Snake Plant","floor":31,"turns":1},{"damage":0,"enemies":"Collector","floor":33,"turns":7},{"damage":0,"enemies":"3 Darklings","floor":35,"turns":1},{"damage":0,"enemies":"3 Shapes","floor":36,"turns":1},{"damage":0,"enemies":"Nemesis","floor":39,"turns":5},{"damage":0,"enemies":"Giant Head","floor":40,"turns":5},{"damage":0,"enemies":"Spire Growth","floor":44,"turns":2},{"damage":0,"enemies":"4 Shapes","floor":46,"turns":1},{"damage":0,"enemies":"R_Hoarder","floor":48,"turns":3},{"damage":0,"enemies":"Replay:Hell Engine","floor":50,"turns":4}],"seed_played":"-8399458303924539785","potions_obtained":[{"floor":5,"key":"Strength Potion"},{"floor":7,"key":"Block Potion"},{"floor":8,"key":"Fire Potion"},{"floor":16,"key":"Block Potion"},{"floor":22,"key":"SpeedPotion"},{"floor":25,"key":"LifebloodPotion"},{"floor":28,"key":"PowerPotion"},{"floor":30,"key":"SmokeBomb"},{"floor":33,"key":"Languid Potion"},{"floor":36,"key":"Dexterity Potion"},{"floor":39,"key":"Strength Potion"},{"floor":40,"key":"Adrenaline Potion"},{"floor":46,"key":"Fire Potion"}],"is_trial":false,"path_per_floor":["M","?","$","?","M","E","E","E","T","$","R","E","E","M","R","B",null,"M","?","?","T","M","E","E","E","T","E","E","$","M","M","R_BF","B",null,"M","M","T","?","E","E","R","$","T","M","R","M","R","E","R_BF","B",null],"character_chosen":"WATCHER","items_purchased":["ReplayTheSpireMod:TigerMarble","EmptyFist+1","ReplayFunnel","Grinning Jar","Brilliance","Omamori","FlurryOfBlows"],"campfire_rested":1,"item_purchase_floors":[10,10,29,29,29,42,42],"current_hp_per_floor":[67,67,67,53,53,53,36,28,28,28,49,49,49,49,49,45,72,63,63,63,63,63,63,60,70,84,84,84,84,84,84,84,84,96,96,96,96,96,96,96,96,96,96,96,96,96,96,96,96,96],"gold":110,"neow_bonus":"","is_daily":true,"chose_seed":false,"campfire_upgraded":1,"win_rate":0.0,"timestamp":1613125278,"path_taken":["M","?","?","?","?","E","E","E","T","$","R","E","?","M","R","BOSS","M","?","?","?","M","E","?","E","T","E","E","$","?","?","R_BF","BOSS","M","M","?","?","?","E","R","$","T","M","R","?","R","E","R_BF","BOSS"],"items_purchased_type":["Relic","Card","Relic","Relic","Card","Relic","Card"],"build_version":"2020-12-22","purchased_purges":0,"victory":true,"max_hp_per_floor":[72,72,72,72,72,72,72,72,72,72,72,72,72,72,72,72,72,72,72,72,72,72,72,72,82,96,96,96,96,96,96,96,96,96,96,96,96,96,96,96,96,96,96,96,96,96,96,96,96,96],"card_choices":[{"not_picked":["JustLucky","Halt"],"picked":"Consecrate","floor":1.0},{"not_picked":["FlyingSleeves","Replay:Hum"],"picked":"Protect","floor":5},{"not_picked":["ThirdEye","Replay:AtTheReady"],"picked":"Halt","floor":6},{"not_picked":["ReachHeaven","CrushJoints"],"picked":"Crescendo","floor":7},{"not_picked":["Replay:Anticipation","SashWhip"],"picked":"Indignation","floor":8},{"not_picked":["Indignation","Conclude","Evaluate"],"picked":"Consecrate","floor":12},{"not_picked":["WreathOfFlame","Omniscience","Replay:BluntJabs"],"picked":"FlurryOfBlows","floor":13},{"not_picked":["Indignation","Replay:AtTheReady","Tantrum"],"picked":"ForeignInfluence","floor":14},{"not_picked":["Alpha","Blasphemy","Omniscience"],"picked":"Ragnarok","floor":16},{"not_picked":["EmptyBody","Replay:BluntJabs+1","Vengeance","Crescendo"],"picked":"InnerPeace","floor":18},{"not_picked":["Vengeance","Replay:BluntJabs+1","FollowUp","ReachHeaven"],"picked":"Consecrate","floor":19},{"not_picked":["PathToVictory","InnerPeace","FlurryOfBlows","FlyingSleeves+1"],"picked":"Conclude+1","floor":22},{"not_picked":["WindmillStrike","Replay:Anticipation","Replay:Cycle","DeceiveReality"],"picked":"FollowUp+1","floor":23},{"not_picked":["Worship","Replay:Hum","SignatureMove+1","DeceiveReality"],"picked":"SandsOfTime","floor":24},{"not_picked":["Meditate","Replay:LoomingThreat","Indignation","Worship"],"picked":"TalkToTheHand","floor":25},{"not_picked":["Replay:BluntJabs","Replay:Battleflow","EmptyMind","SandsOfTime"],"picked":"FlurryOfBlows","floor":27},{"not_picked":["WindmillStrike+1","Conclude+1","Protect+1","Replay:Battleflow"],"picked":"EmptyFist","floor":28},{"not_picked":["Consecrate","BattleHymn+1","ClearTheMind","Worship"],"picked":"Devotion","floor":30},{"not_picked":["MasterReality","Replay:LoomingThreat","DeusExMachina","Devotion"],"picked":"LessonLearned","floor":33},{"not_picked":["Evaluate","WreathOfFlame+1","Replay:ManipulateFuture+1","CutThroughFate"],"picked":"Wallop","floor":35},{"not_picked":["PathToVictory+1","Collect","Conclude","Crescendo"],"picked":"Consecrate","floor":36},{"not_picked":["WindmillStrike+1","FlyingSleeves","ReachHeaven","SignatureMove"],"picked":"EmptyBody+1","floor":39},{"not_picked":["BattleHymn+1","Blasphemy","SignatureMove+1","CutThroughFate"],"picked":"Protect+1","floor":40},{"not_picked":["FlurryOfBlows+1","FlyingSleeves","BowlingBash","Evaluate+1"],"picked":"ForeignInfluence+1","floor":44},{"not_picked":["EmptyBody+1","PathToVictory+1","Halt+1","Sanctity"],"picked":"Devotion","floor":46},{"not_picked":["ClearTheMind","Protect+1","JustLucky","Conclude"],"picked":"Tantrum","floor":48}],"player_experience":977206,"relics_obtained":[{"floor":6,"key":"TungstenRod"},{"floor":7,"key":"Sundial"},{"floor":8,"key":"Question Card"},{"floor":9,"key":"Yang"},{"floor":12,"key":"Tiny Chest"},{"floor":13,"key":"Bag of Preparation"},{"floor":19,"key":"Red Mask"},{"floor":21,"key":"ReplayTheSpireMod:Shallot"},{"floor":23,"key":"CaptainsWheel"},{"floor":24,"key":"Meat on the Bone"},{"floor":25,"key":"Pear"},{"floor":26,"key":"Mango"},{"floor":27,"key":"Counterbalance"},{"floor":28,"key":"Bag of Marbles"},{"floor":32,"key":"StrikeDummy"},{"floor":37,"key":"Replay:WaspNest"},{"floor":39,"key":"Girya"},{"floor":40,"key":"Matryoshka"},{"floor":43,"key":"Golden Egg"},{"floor":43,"key":"Akabeko"},{"floor":48,"key":"Toy Ornithopter"}],"event_choices":[{"damage_healed":0.0,"max_hp_gain":0.0,"max_hp_loss":0.0,"gold_gain":0.0,"event_name":"Match and Keep!","player_choice":"2 cards matched","floor":2.0,"gold_loss":0.0,"damage_taken":0.0,"cards_obtained":["SignatureMove","Trip"]},{"damage_healed":0,"gold_gain":0,"player_choice":"Entered Light","damage_taken":14,"max_hp_gain":0,"max_hp_loss":0,"event_name":"Shining Light","floor":4,"gold_loss":0,"cards_upgraded":["Survivor","Defend_P"]},{"damage_healed":0,"gold_gain":0,"player_choice":"Fought Bandits","damage_taken":0,"max_hp_gain":0,"max_hp_loss":0,"event_name":"Masked Bandits","floor":19,"gold_loss":0},{"damage_healed":0,"gold_gain":0,"player_choice":"Simplicity","damage_taken":0,"max_hp_gain":0,"max_hp_loss":0,"event_name":"Back to Basics","floor":20,"gold_loss":0,"cards_upgraded":["Strike_R","Strike_G","Strike_B","Defend_R","Defend_G"]},{"cards_removed":["Pot Of Greed"],"damage_healed":0,"gold_gain":0,"player_choice":"Gave Card","damage_taken":0,"relics_obtained":["MealTicket"],"max_hp_gain":0,"max_hp_loss":0,"event_name":"WeMeetAgain","floor":38,"gold_loss":0}],"is_beta":false,"boss_relics":[{"not_picked":["Runic Pyramid","Philosopher\u0027s Stone"],"picked":"Honey Jar"},{"not_picked":["Ring of Chaos","Replay:Drink Me"],"picked":"Cursed Key"}],"items_purged_floors":[],"is_endless":false,"potions_floor_spawned":[5,7,8,16,22,25,28,30,31,33,36,39,40,46],"ascension_level":0}}