{"host":"s24sb66hw4a4sfft","time":1613095577,"event":{"mods":["AchievementEnabler","BaseMod","Colored Map","Colored Powertips","Googly Eyes","Hermit","Hubris","Minty Spire (QoL Compilation)","Quick Restart","Shop Mod","StSLib"],"gold_per_floor":[117,127,127,127,140,165,182,194,220,220,220,27,27,58,58,82,82,72,72,87,87,8,8,8,42,42,42,42],"floor_reached":27,"language":"ENG","playtime":831,"items_purged":["Regret"],"score":406,"play_id":"5a66ceff-f349-4562-88ac-15793eb1ab01","local_time":"20210211210617","is_ascension_mode":true,"campfire_choices":[{"floor":13,"key":"REST"},{"floor":15,"key":"REST"},{"floor":23,"key":"REST"}],"circlet_count":0,"master_deck":["AscendersBane","Strike_G","Strike_G","Strike_G","Strike_G","Defend_G","Defend_G","Defend_G+1","Defend_G","Defend_G","Survivor","Neutralize","Slice","Terror+1","Dagger Spray","Backflip","Poisoned Stab","Poisoned Stab","Blade Dance","Finesse","Blade Dance","Venomology","Prepared","RitualDagger","Crippling Poison","Die Die Die","Heel Hook"],"relics":["Ring of the Snake","NeowsBlessing","War Paint","Blood Vial","hubris:Icosahedron","FaceOfCleric","hubris:MysteriousPyramids","hubris:RunicObelisk","MutagenicStrength","Ancient Tea Set","hubris:Metronome"],"acts_visited":["Exordium","TheCity"],"potions_floor_usage":[7,14,18,20,20,25,25,25],"damage_taken":[{"damage":0.0,"enemies":"Jaw Worm","floor":1.0,"turns":1.0},{"damage":0.0,"enemies":"2 Louse","floor":2.0,"turns":1.0},{"damage":0.0,"enemies":"Small Slimes","floor":5.0,"turns":1.0},{"damage":43.0,"enemies":"3 Sentries","floor":6.0,"turns":10.0},{"damage":0,"enemies":"3 Louse","floor":7,"turns":1},{"damage":4,"enemies":"Red Slaver","floor":8,"turns":4},{"damage":18,"enemies":"Gremlin Nob","floor":14,"turns":3},{"damage":11,"enemies":"Hexaghost","floor":16,"turns":9},{"damage":27,"enemies":"2 Thieves","floor":18,"turns":4},{"damage":9,"enemies":"Spheric Guardian","floor":20,"turns":4},{"damage":18,"enemies":"Book of Stabbing","floor":25,"turns":4},{"damage":0,"enemies":"Slavers","floor":27,"turns":1}],"seed_played":"-99239080808938741","potions_obtained":[{"floor":5.0,"key":"BlessingOfTheForge"},{"floor":6.0,"key":"Explosive Potion"},{"floor":7,"key":"Ancient Potion"},{"floor":16,"key":"FearPotion"},{"floor":20,"key":"Weak Potion"}],"is_trial":false,"path_per_floor":["M","M","?","?","M","E","M","M","T","?","?","$","R","E","R","B",null,"M","?","M","?","$","R","?","E","T","E"],"character_chosen":"THE_SILENT","items_purchased":["Blade Dance","Finesse","Die Die Die"],"campfire_rested":3,"item_purchase_floors":[12,12,22],"current_hp_per_floor":[59,59,52,52,52,9,11,9,9,9,9,9,28,13,33,25,57,33,27,21,21,21,42,29,14,14,16,16],"gold":42,"neow_bonus":"THREE_ENEMY_KILL","is_daily":false,"chose_seed":false,"campfire_upgraded":0,"win_rate":0.0,"timestamp":1613095577,"path_taken":["M","M","?","?","M","E","M","M","T","?","?","$","R","E","R","BOSS","M","?","M","?","$","R","?","E","T","E"],"items_purchased_type":["Card","Card","Card"],"build_version":"2020-12-22","purchased_purges":1,"victory":false,"max_hp_per_floor":[66,66,66,66,66,66,66,66,66,66,66,66,66,67,67,68,68,69,69,70,70,70,70,75,76,76,76,76],"card_choices":[{"not_picked":["Backflip","Crippling Poison"],"picked":"Slice","floor":1.0},{"not_picked":["Reflex","Deflect"],"picked":"Terror","floor":2.0},{"not_picked":["Eviscerate","Night Terror"],"picked":"Dagger Spray","floor":5.0},{"not_picked":["Outmaneuver","Sucker Punch"],"picked":"Backflip","floor":6.0},{"not_picked":["Dagger Throw","PiercingWail"],"picked":"Poisoned Stab","floor":7},{"not_picked":["Catalyst","Prepared"],"picked":"Poisoned Stab","floor":8},{"not_picked":["Blade Dance","Terror","hubris:SlightOfHand"],"picked":"SKIP","floor":14},{"not_picked":["Terror","hubris:SlightOfHand"],"picked":"Blade Dance","floor":14},{"not_picked":["Bullet Time","Wraith Form v2"],"picked":"Venomology","floor":16},{"not_picked":["Finisher","PiercingWail+1"],"picked":"Prepared","floor":18},{"not_picked":["Catalyst","Reflex+1"],"picked":"Crippling Poison","floor":20},{"not_picked":["Flying Knee","Bane+1"],"picked":"Heel Hook","floor":25}],"player_experience":611675,"relics_obtained":[{"floor":6.0,"key":"Blood Vial"},{"floor":14,"key":"hubris:MysteriousPyramids"},{"floor":25,"key":"Ancient Tea Set"},{"floor":26,"key":"hubris:Metronome"}],"event_choices":[{"cards_removed":["Strike_G"],"damage_healed":0.0,"max_hp_gain":0.0,"max_hp_loss":0.0,"gold_gain":0.0,"event_name":"Golden Wing","player_choice":"Card Removal","floor":3.0,"gold_loss":0.0,"damage_taken":7.0},{"damage_healed":0.0,"max_hp_gain":0.0,"max_hp_loss":0.0,"gold_gain":0.0,"event_name":"Big Fish","player_choice":"Box","floor":4.0,"gold_loss":0.0,"damage_taken":0.0,"relics_obtained":["War Paint"],"cards_obtained":["Regret"]},{"damage_healed":0,"gold_gain":0,"player_choice":"Trade","damage_taken":0,"relics_obtained":["FaceOfCleric"],"max_hp_gain":0,"max_hp_loss":0,"event_name":"FaceTrader","floor":11,"gold_loss":0},{"damage_healed":0,"gold_gain":0,"player_choice":"Joined the Cult","damage_taken":6,"max_hp_gain":0,"max_hp_loss":0,"event_name":"Nest","floor":19,"gold_loss":0,"cards_obtained":["RitualDagger"]},{"damage_healed":0,"gold_gain":0,"player_choice":"Inject Mutagens","damage_taken":0,"relics_obtained":["MutagenicStrength"],"max_hp_gain":0,"max_hp_loss":0,"event_name":"Drug Dealer","floor":21,"gold_loss":0},{"damage_healed":0,"gold_gain":0,"player_choice":"Shed Blood","damage_taken":18,"max_hp_gain":5,"max_hp_loss":0,"event_name":"Forgotten Altar","floor":24,"gold_loss":0}],"is_beta":false,"boss_relics":[{"not_picked":["Runic Dome","Astrolabe"],"picked":"hubris:RunicObelisk"}],"items_purged_floors":[12],"is_endless":false,"potions_floor_spawned":[5,6,7,16,20],"killed_by":"Slavers","ascension_level":14}}