{"host":"n605f8gctjc87d7h","time":1613164942,"event":{"mods":["Aspiration","Bard","BaseMod","Better Match","Better Note","Better Skull","Better Third Choice","Conspire","Downfall","Halation","Hermit","Infinite Spire","Minty Spire (QoL Compilation)","Reliquary","Replay The Spire","Retaliation","Shade Mod","Spicy Shops","StSLib","The IronCluck","The Jungle","The Runesmith"],"gold_per_floor":[117,117,129,141,161,192,192,120,120,191,209,287,305,334,334,412,412,426,426,426,440,440,440],"floor_reached":22,"language":"ENG","playtime":1708,"items_purged":[],"score":343,"play_id":"ec16baa3-4153-4af0-9b40-15b0ab0f2459","local_time":"20210212132222","is_ascension_mode":true,"campfire_choices":[{"floor":15,"key":"REST"}],"circlet_count":0,"master_deck":["AscendersBane","Strike_R","Strike_R","Strike_R","Strike_R","Defend_R","Defend_R","Defend_R","Defend_R","Pot Of Greed","Ghostly Armor","Pot Of Greed","infinitespire:OneForAll","Flex","Warcry","Shrug It Off","Battle Trance","Survivor","Neutralize","Pain","Anger","Rage","Spot Weakness","Sword Boomerang","Pot Of Greed","Exhume","Rage+1","Dual Wield+1"],"relics":["Burning Blood","Grinning Jar","Shovel","halation:AfternoonTea","infinitespire:Lucky Rock","Iron Hammer","reliquary:Aerogel","SacredBark","aspiration:RitualStick"],"acts_visited":["Exordium","TheCity"],"potions_floor_usage":[6,6,13],"damage_taken":[{"damage":1,"enemies":"2 Louse","floor":1,"turns":4},{"damage":6,"enemies":"Cultist","floor":3,"turns":4},{"damage":1,"enemies":"conspire:RoseBush","floor":4,"turns":4},{"damage":0,"enemies":"Blue Slaver","floor":5,"turns":5},{"damage":26,"enemies":"Replay:BlueRogue","floor":6,"turns":11},{"damage":9,"enemies":"conspire:2 RoseBushes","floor":11,"turns":7},{"damage":2,"enemies":"Looter","floor":13,"turns":4},{"damage":18,"enemies":"3 Sentries","floor":14,"turns":7},{"damage":10,"enemies":"Slime Boss","floor":16,"turns":6},{"damage":10,"enemies":"Chosen","floor":18,"turns":4},{"damage":22,"enemies":"2 Thieves","floor":21,"turns":4},{"damage":46,"enemies":"Cultist and Chosen","floor":22,"turns":8}],"seed_played":"102665295717730988","potions_obtained":[{"floor":1,"key":"Block Potion"},{"floor":3,"key":"SpeedPotion"},{"floor":6,"key":"AttackPotion"},{"floor":21,"key":"Energy Potion"}],"is_trial":false,"path_per_floor":["M","?","M","M","M","E","?","$","T","?","M","T","M","E","R","B",null,"M","?","?","M","M"],"character_chosen":"IRONCLAD","items_purchased":["halation:AfternoonTea"],"campfire_rested":1,"item_purchase_floors":[8],"current_hp_per_floor":[73,73,73,75,75,55,55,55,55,55,52,52,56,44,66,75,75,71,52,52,36,0,0],"gold":440,"neow_bonus":"RANDOM_COMMON_RELIC","is_daily":false,"chose_seed":false,"campfire_upgraded":0,"win_rate":0.0,"timestamp":1613164942,"path_taken":["M","?","M","?","M","E","?","$","T","?","M","?","?","E","R","BOSS","M","?","?","M","M"],"items_purchased_type":["Relic"],"build_version":"2020-12-22","purchased_purges":0,"victory":false,"max_hp_per_floor":[75,75,75,75,75,75,75,75,75,75,75,75,75,75,75,75,75,75,75,75,75,75,75],"card_choices":[{"not_picked":["Havoc","Abandon"],"picked":"Ghostly Armor","floor":1},{"not_picked":["DDmod:UnstoppableAttack","Body Slam"],"picked":"Flex","floor":3},{"not_picked":["Armaments","ReplayTheSpireMod:Limb From Limb"],"picked":"Warcry","floor":4},{"not_picked":["conspire:HitWhereItHurts","ReplayReversal"],"picked":"Shrug It Off","floor":5},{"not_picked":["Sword Boomerang","Havoc"],"picked":"Battle Trance","floor":6},{"not_picked":["Dropkick","Flex"],"picked":"Anger","floor":10},{"not_picked":["DDmod:UnstoppableAttack","Body Slam"],"picked":"Rage","floor":10},{"not_picked":["DDmod:PokeAttack","Pummel"],"picked":"Spot Weakness","floor":11},{"not_picked":["Clash","Run Through","Armaments"],"picked":"SKIP","floor":13},{"not_picked":["Shrug It Off","DDmod:RapidStrikeAttack"],"picked":"Sword Boomerang","floor":14},{"not_picked":["conspire:HitWhereItHurts","Demon Form"],"picked":"Exhume","floor":16},{"not_picked":["Thunderclap","Blood for Blood"],"picked":"Rage+1","floor":18},{"not_picked":["Reckless Charge","Disarm"],"picked":"Dual Wield+1","floor":21}],"player_experience":856955,"relics_obtained":[{"floor":6,"key":"Shovel"},{"floor":9,"key":"infinitespire:Lucky Rock"},{"floor":12,"key":"Iron Hammer"},{"floor":14,"key":"reliquary:Aerogel"}],"event_choices":[{"damage_healed":0,"gold_gain":0,"cards_transformed":["Strike_R"],"player_choice":"Transformed","damage_taken":0,"max_hp_gain":0,"max_hp_loss":0,"event_name":"Transmorgrifier","floor":2,"gold_loss":0,"cards_obtained":["infinitespire:OneForAll"]},{"damage_healed":0,"gold_gain":0,"player_choice":"Ignored","damage_taken":0,"max_hp_gain":0,"max_hp_loss":0,"event_name":"Cursed Tome","floor":20,"gold_loss":0}],"is_beta":false,"boss_relics":[{"not_picked":["halation:PlatinumPhoenix","Snecko Eye"],"picked":"SacredBark"}],"items_purged_floors":[],"is_endless":false,"potions_floor_spawned":[1,3,5,6,21],"killed_by":"Cultist and Chosen","ascension_level":15}}