{"host":"362zhnvmfmhc3u7b","time":1613103077,"event":{"mods":["BaseMod","Colored Powertips","Minty Spire (QoL Compilation)","Quick Restart","Rare Cards Sparkle","StSLib"],"gold_per_floor":[113,129,146,161,180,180,196,228,228,255,255,270,270,286,286,363,363,379,398,411,14,14,14,31,44,115,115,133,133,151,151,151,227,227,239,289,305,316,316,648,648,648],"floor_reached":41,"language":"ENG","playtime":2907,"items_purged":["Strike_R"],"score":889,"play_id":"96cf81ec-81b5-4304-b683-49ed02c21966","local_time":"20210211231117","is_ascension_mode":true,"campfire_choices":[{"floor":6,"key":"REST"},{"floor":15,"key":"REST"},{"data":"Rupture","floor":27,"key":"SMITH"},{"floor":29,"key":"REST"},{"data":"Impervious","floor":32,"key":"SMITH"}],"circlet_count":0,"master_deck":["AscendersBane","Strike_R+1","Strike_R+1","Strike_R+1","Strike_R+1","Defend_R+1","Defend_R+1","Defend_R+1","Defend_R+1","Bash","Cleave","Fire Breathing","Flex","Hemokinesis","Wild Strike","Pommel Strike","Barricade","Armaments+1","Wild Strike","Evolve","Feed","Rupture+1","Iron Wave+1","Mayhem","True Grit+1","Hemokinesis","Sword Boomerang+1","Hemokinesis+1","Impervious+1","Impervious","Sentinel+1","Parasite","Battle Trance"],"relics":["Burning Blood","Thread and Needle","Kunai","Pocketwatch","Snecko Eye","Meat on the Bone","Busted Crown","Old Coin"],"acts_visited":["Exordium","TheCity","TheBeyond"],"potions_floor_usage":[8,8,10,14,16,19,19,23,25,35,38,40],"damage_taken":[{"damage":11.0,"enemies":"Jaw Worm","floor":1.0,"turns":5.0},{"damage":0.0,"enemies":"2 Louse","floor":2.0,"turns":2.0},{"damage":7.0,"enemies":"Cultist","floor":3.0,"turns":4.0},{"damage":12.0,"enemies":"Looter","floor":4.0,"turns":4.0},{"damage":26,"enemies":"Gremlin Gang","floor":5,"turns":5},{"damage":2,"enemies":"Large Slime","floor":7,"turns":4},{"damage":47,"enemies":"Lagavulin","floor":8,"turns":6},{"damage":27,"enemies":"Gremlin Nob","floor":10,"turns":4},{"damage":2,"enemies":"2 Fungi Beasts","floor":12,"turns":2},{"damage":0,"enemies":"Gremlin Gang","floor":14,"turns":3},{"damage":25,"enemies":"Hexaghost","floor":16,"turns":8},{"damage":8,"enemies":"Spheric Guardian","floor":18,"turns":5},{"damage":28,"enemies":"3 Byrds","floor":19,"turns":5},{"damage":9,"enemies":"Cultist and Chosen","floor":20,"turns":6},{"damage":0,"enemies":"Snake Plant","floor":23,"turns":1},{"damage":6,"enemies":"Sentry and Sphere","floor":24,"turns":6},{"damage":6,"enemies":"3 Cultists","floor":25,"turns":6},{"damage":35,"enemies":"Snecko","floor":28,"turns":6},{"damage":33,"enemies":"Snake Plant","floor":30,"turns":7},{"damage":29,"enemies":"Automaton","floor":33,"turns":12},{"damage":14,"enemies":"3 Darklings","floor":35,"turns":5},{"damage":4,"enemies":"Orb Walker","floor":37,"turns":5},{"damage":8,"enemies":"Writhing Mass","floor":38,"turns":6},{"damage":63,"enemies":"Nemesis","floor":40,"turns":8},{"damage":39,"enemies":"Transient","floor":41,"turns":6}],"seed_played":"-1376433565299764373","potions_obtained":[{"floor":2.0,"key":"Ancient Potion"},{"floor":7,"key":"Energy Potion"},{"floor":8,"key":"Swift Potion"},{"floor":13,"key":"SneckoOil"},{"floor":13,"key":"DistilledChaos"},{"floor":16,"key":"Strength Potion"},{"floor":18,"key":"Explosive Potion"},{"floor":20,"key":"SmokeBomb"},{"floor":24,"key":"Weak Potion"},{"floor":33,"key":"AttackPotion"},{"floor":35,"key":"SkillPotion"},{"floor":38,"key":"Strength Potion"}],"is_trial":false,"path_per_floor":["M","M","M","M","M","R","M","E","T","E","?","M","?","M","R","B",null,"M","M","M","$","?","M","M","M","T","R","M","R","M","?","R","B",null,"M","?","M","M","?","E","M"],"character_chosen":"IRONCLAD","items_purchased":["Mayhem","True Grit","Hemokinesis"],"campfire_rested":3,"item_purchase_floors":[21,21,21],"current_hp_per_floor":[70,76,75,69,49,73,77,36,36,15,15,19,19,25,49,30,69,71,52,52,52,52,58,58,58,58,58,41,68,53,53,53,45,83,79,79,81,79,79,34,0,0],"gold":648,"neow_bonus":"TEN_PERCENT_HP_BONUS","is_daily":false,"chose_seed":false,"campfire_upgraded":2,"win_rate":0.0,"timestamp":1613103077,"path_taken":["M","M","M","M","M","R","M","E","T","E","?","M","?","?","R","BOSS","M","M","M","$","?","M","M","M","T","R","M","R","?","?","R","BOSS","M","?","M","?","?","E","M"],"items_purchased_type":["Card","Card","Card"],"build_version":"2020-12-22","purchased_purges":1,"victory":false,"max_hp_per_floor":[82,82,82,82,82,82,82,82,82,82,82,82,82,82,82,82,82,86,89,92,92,92,92,92,92,92,92,92,92,92,92,92,95,95,99,99,99,99,99,99,99,99],"card_choices":[{"not_picked":["Heavy Blade","Havoc"],"picked":"Cleave","floor":1.0},{"not_picked":["Brutality","Perfected Strike"],"picked":"Fire Breathing","floor":2.0},{"not_picked":["Intimidate","Infernal Blade"],"picked":"Flex","floor":3.0},{"not_picked":["Feel No Pain","Clothesline"],"picked":"Hemokinesis","floor":4.0},{"not_picked":["Searing Blow","Headbutt"],"picked":"Wild Strike","floor":5},{"not_picked":["Cleave","Iron Wave"],"picked":"Pommel Strike","floor":7},{"not_picked":["Shrug It Off","Iron Wave"],"picked":"Barricade","floor":8},{"not_picked":["Flex","Blood for Blood"],"picked":"Armaments","floor":10},{"not_picked":["Sword Boomerang","Inflame"],"picked":"Wild Strike","floor":12},{"not_picked":["Sword Boomerang","Inflame"],"picked":"Evolve","floor":14},{"not_picked":["Impervious","Bludgeon"],"picked":"Feed","floor":16},{"not_picked":["Heavy Blade","Clash+1"],"picked":"Rupture","floor":18},{"not_picked":["True Grit","Armaments"],"picked":"Iron Wave+1","floor":19},{"not_picked":["Searing Blow","Bloodletting","Flex"],"picked":"SKIP","floor":20},{"not_picked":["Wild Strike","Cleave"],"picked":"Sword Boomerang+1","floor":24},{"not_picked":["Havoc","Pommel Strike"],"picked":"Hemokinesis+1","floor":25},{"not_picked":["Body Slam","Pummel","Flex"],"picked":"SKIP","floor":28},{"not_picked":["Inflame+1","True Grit"],"picked":"Impervious","floor":30},{"not_picked":["Demon Form","Juggernaut"],"picked":"Impervious","floor":33},{"not_picked":[],"picked":"Sentinel+1","floor":35},{"not_picked":["Anger"],"picked":"SKIP","floor":37},{"not_picked":["Clash+1"],"picked":"SKIP","floor":38},{"not_picked":[],"picked":"Battle Trance","floor":40}],"player_experience":1593554,"relics_obtained":[{"floor":8,"key":"Thread and Needle"},{"floor":9,"key":"Kunai"},{"floor":10,"key":"Pocketwatch"},{"floor":26,"key":"Meat on the Bone"},{"floor":40,"key":"Old Coin"}],"event_choices":[{"damage_healed":0,"gold_gain":0,"player_choice":"Grow","damage_taken":0,"max_hp_gain":0,"max_hp_loss":0,"event_name":"Living Wall","floor":11,"gold_loss":0,"cards_upgraded":["Armaments"]},{"damage_healed":0,"gold_gain":0,"player_choice":"Got Potions","damage_taken":0,"max_hp_gain":0,"max_hp_loss":0,"event_name":"Lab","floor":13,"gold_loss":0},{"damage_healed":0,"gold_gain":0,"player_choice":"Forge","damage_taken":0,"max_hp_gain":0,"max_hp_loss":0,"event_name":"Accursed Blacksmith","floor":22,"gold_loss":0,"cards_upgraded":["True Grit"]},{"damage_healed":0,"gold_gain":0,"player_choice":"Simplicity","damage_taken":0,"max_hp_gain":0,"max_hp_loss":0,"event_name":"Back to Basics","floor":31,"gold_loss":0,"cards_upgraded":["Strike_R","Strike_R","Strike_R","Strike_R","Defend_R","Defend_R","Defend_R","Defend_R"]},{"damage_healed":0,"gold_gain":50,"player_choice":"Pray","damage_taken":0,"max_hp_gain":0,"max_hp_loss":0,"event_name":"Golden Shrine","floor":36,"gold_loss":0},{"damage_healed":0,"gold_gain":0,"player_choice":"Ignored","damage_taken":0,"max_hp_gain":0,"max_hp_loss":0,"event_name":"Mysterious Sphere","floor":39,"gold_loss":0}],"is_beta":false,"boss_relics":[{"not_picked":["Runic Cube","Runic Dome"],"picked":"Snecko Eye"},{"not_picked":["Pandora\u0027s Box","Calling Bell"],"picked":"Busted Crown"}],"items_purged_floors":[21],"is_endless":false,"potions_floor_spawned":[2,7,8,16,18,20,24,33,35,38],"killed_by":"Transient","ascension_level":19}}