{"host":"rspt8ghchagqewrq","time":1613149079,"event":{"mods":["AchievementEnabler","BaseMod","Colored Map","Colored Powertips","Minty Spire (QoL Compilation)","Quick Restart"],"gold_per_floor":[111,24,40,40,55,82,96,112,138,138,156,10,10,24,24,128,128,128,128,128,128,128,128,128,128,128,128,128,128,31,31,31,31,31],"floor_reached":33,"language":"FRA","playtime":1198,"items_purged":[],"score":287,"play_id":"71b640a3-0478-4590-845c-9c8bc468a087","local_time":"20210212175759","is_ascension_mode":true,"campfire_choices":[{"data":"Bouncing Flask","floor":10.0,"key":"SMITH"},{"data":"Poisoned Stab","floor":15.0,"key":"SMITH"},{"data":"Corpse Explosion","floor":24.0,"key":"SMITH"},{"data":"Crippling Poison","floor":32.0,"key":"SMITH"}],"circlet_count":0,"master_deck":["Strike_G+1","Strike_G+1","Strike_G+1","Strike_G+1","Strike_G+1","Defend_G+1","Defend_G+1","Defend_G+1","Defend_G+1","Defend_G+1","Survivor","Neutralize","Deadly Poison","Bouncing Flask+1","Poisoned Stab+1","Masterful Stab","Blur","Envenom","Sucker Punch","Masterful Stab","Bane","Masterful Stab","Corpse Explosion+1","Crippling Poison+1","Poisoned Stab","Sucker Punch+1","Bouncing Flask+1"],"relics":["Coffee Dripper","Nunchaku","Toy Ornithopter","Vajra","TwistedFunnel","Ectoplasm","Regal Pillow","Matryoshka"],"acts_visited":["Exordium","TheCity"],"potions_floor_usage":[33,33],"damage_taken":[{"damage":0.0,"enemies":"2 Louse","floor":1.0,"turns":4.0},{"damage":0.0,"enemies":"Cultist","floor":3.0,"turns":2.0},{"damage":6.0,"enemies":"Jaw Worm","floor":5.0,"turns":3.0},{"damage":6.0,"enemies":"Lagavulin","floor":6.0,"turns":5.0},{"damage":0.0,"enemies":"3 Louse","floor":7.0,"turns":3.0},{"damage":2.0,"enemies":"Blue Slaver","floor":8.0,"turns":3.0},{"damage":0.0,"enemies":"Looter","floor":11.0,"turns":2.0},{"damage":0.0,"enemies":"2 Fungi Beasts","floor":14.0,"turns":1.0},{"damage":17.0,"enemies":"Hexaghost","floor":16.0,"turns":7.0},{"damage":14.0,"enemies":"Spheric Guardian","floor":18.0,"turns":4.0},{"damage":2.0,"enemies":"3 Byrds","floor":20.0,"turns":3.0},{"damage":18.0,"enemies":"Snake Plant","floor":21.0,"turns":4.0},{"damage":21.0,"enemies":"Centurion and Healer","floor":22.0,"turns":5.0},{"damage":15.0,"enemies":"Book of Stabbing","floor":23.0,"turns":4.0},{"damage":0.0,"enemies":"Snecko","floor":25.0,"turns":3.0},{"damage":6.0,"enemies":"Sentry and Sphere","floor":28.0,"turns":4.0},{"damage":17.0,"enemies":"Snake Plant","floor":31.0,"turns":3.0},{"damage":57,"enemies":"Automaton","floor":33,"turns":6}],"seed_played":"-3330665056048200613","potions_obtained":[{"floor":3.0,"key":"FearPotion"},{"floor":6.0,"key":"BlessingOfTheForge"},{"floor":7.0,"key":"Weak Potion"},{"floor":14.0,"key":"Swift Potion"},{"floor":18.0,"key":"Poison Potion"},{"floor":22.0,"key":"Block Potion"},{"floor":23.0,"key":"Fire Potion"},{"floor":28.0,"key":"AttackPotion"}],"is_trial":false,"path_per_floor":["M","$","M","?","M","E","M","M","T","R","M","$","$","M","R","B",null,"M","?","M","M","M","E","R","M","T","?","M","?","$","M","R","B"],"character_chosen":"THE_SILENT","items_purchased":["Bouncing Flask","Poisoned Stab","TwistedFunnel","Strength Potion","Strength Potion"],"campfire_rested":0,"item_purchase_floors":[2,2,12,30,30],"current_hp_per_floor":[70,70,70,70,64,58,58,56,56,56,61,61,61,61,61,49,70,56,47,50,32,16,11,11,16,16,16,10,33,33,21,21,0,0],"gold":31,"neow_bonus":"BOSS_RELIC","is_daily":false,"chose_seed":false,"campfire_upgraded":4,"win_rate":0.0,"timestamp":1613149079,"path_taken":["M","$","M","?","M","E","M","?","T","R","M","?","$","M","R","BOSS","M","?","M","M","M","E","R","M","T","?","M","?","?","M","R","BOSS"],"items_purchased_type":["Card","Card","Relic","Potion","Potion"],"build_version":"2020-12-22","purchased_purges":0,"victory":false,"max_hp_per_floor":[70,70,70,70,70,70,70,70,70,70,70,70,70,70,70,70,70,70,70,70,70,70,70,70,70,70,70,70,70,70,70,70,70,70],"card_choices":[{"not_picked":["Underhanded Strike","Outmaneuver"],"picked":"Deadly Poison","floor":1.0},{"not_picked":["Reflex","Flechettes"],"picked":"Masterful Stab","floor":3.0},{"not_picked":["Sucker Punch","Acrobatics"],"picked":"Blur","floor":5.0},{"not_picked":["Quick Slash","Dagger Throw"],"picked":"Envenom","floor":6.0},{"not_picked":["Slice","Cloak And Dagger"],"picked":"Sucker Punch","floor":7.0},{"not_picked":["Leg Sweep","Deflect"],"picked":"Masterful Stab","floor":8.0},{"not_picked":["Wraith Form v2","Underhanded Strike"],"picked":"Bane","floor":11.0},{"not_picked":["Prepared","Caltrops"],"picked":"Masterful Stab","floor":14.0},{"not_picked":["Bullet Time","Malaise"],"picked":"Corpse Explosion","floor":16.0},{"not_picked":["Flechettes","Endless Agony","Dagger Throw"],"picked":"SKIP","floor":18.0},{"not_picked":["Eviscerate","Blade Dance","Dodge and Roll"],"picked":"SKIP","floor":20.0},{"not_picked":["Dagger Throw","Prepared","Phantasmal Killer"],"picked":"SKIP","floor":21.0},{"not_picked":["Endless Agony+1","Dagger Throw"],"picked":"Crippling Poison","floor":22.0},{"not_picked":["Storm of Steel","Dodge and Roll+1","Accuracy"],"picked":"SKIP","floor":23.0},{"not_picked":["Deadly Poison","Flying Knee"],"picked":"Poisoned Stab","floor":25.0},{"not_picked":["Poisoned Stab","Heel Hook"],"picked":"Sucker Punch+1","floor":28.0},{"not_picked":["Eviscerate","Blade Dance"],"picked":"Bouncing Flask+1","floor":31.0}],"player_experience":86602,"relics_obtained":[{"floor":4.0,"key":"Nunchaku"},{"floor":6.0,"key":"Toy Ornithopter"},{"floor":9.0,"key":"Vajra"},{"floor":23.0,"key":"Regal Pillow"},{"floor":26.0,"key":"Matryoshka"}],"event_choices":[{"damage_healed":0.0,"max_hp_gain":0.0,"max_hp_loss":0.0,"gold_gain":0.0,"event_name":"Wheel of Change","player_choice":"Relic","floor":4.0,"gold_loss":0.0,"damage_taken":0.0},{"damage_healed":0.0,"max_hp_gain":0.0,"max_hp_loss":0.0,"gold_gain":0.0,"event_name":"Cursed Tome","player_choice":"Stopped","floor":19.0,"gold_loss":0.0,"damage_taken":9.0},{"damage_healed":0.0,"max_hp_gain":0.0,"max_hp_loss":0.0,"gold_gain":0.0,"event_name":"Back to Basics","player_choice":"Simplicity","floor":27.0,"gold_loss":0.0,"damage_taken":0.0,"cards_upgraded":["Strike_G","Strike_G","Strike_G","Strike_G","Strike_G","Defend_G","Defend_G","Defend_G","Defend_G","Defend_G"]},{"damage_healed":23.0,"max_hp_gain":0.0,"max_hp_loss":0.0,"gold_gain":0.0,"event_name":"The Library","player_choice":"Heal","floor":29.0,"gold_loss":0.0,"damage_taken":0.0}],"is_beta":false,"boss_relics":[{"not_picked":["Black Star","Runic Pyramid"],"picked":"Ectoplasm"}],"items_purged_floors":[],"is_endless":false,"potions_floor_spawned":[3,6,7,8,14,18,22,23,28],"killed_by":"Automaton","ascension_level":1}}