{"host":"pi8b3ffzwvxqztac","time":1613158152,"event":{"mods":["BaseMod","Colored Map","Custom Start","Downfall","Minty Spire (QoL Compilation)","StSLib"],"gold_per_floor":[113,32,32,50,60,60,10,10,64,89,89,109,109,124,124,223,223,240,250,250,250,200,200,226,226,226,226,237,237,267,267,267,371,371,387,387,402,87,107,107,125,125,125,145,157,157,157,65,65,65],"floor_reached":51,"language":"ENG","playtime":2053,"items_purged":[],"score":938,"play_id":"94933614-991a-42aa-8dfb-505330a38f76","local_time":"20210213082912","is_ascension_mode":true,"campfire_choices":[{"data":"Eruption","floor":6,"key":"SMITH"},{"data":"LikeWater","floor":11,"key":"SMITH"},{"data":"TalkToTheHand","floor":13,"key":"SMITH"},{"data":"Vigilance","floor":15,"key":"SMITH"},{"data":"1","floor":23,"key":"LIFT"},{"data":"2","floor":25,"key":"LIFT"},{"data":"3","floor":27,"key":"LIFT"},{"data":"FollowUp","floor":29,"key":"SMITH"},{"floor":32,"key":"REST"},{"data":"Scrawl","floor":40,"key":"SMITH"},{"data":"WheelKick","floor":42,"key":"SMITH"},{"data":"Tantrum","floor":47,"key":"SMITH"},{"data":"ThirdEye","floor":49,"key":"SMITH"}],"circlet_count":0,"master_deck":["Defend_P","Defend_P","Defend_P","Eruption+1","Vigilance+1","WheelKick+1","BattleHymn","BowlingBash","FearNoEvil","LikeWater+1","TalkToTheHand+1","Consecrate","DeusExMachina","CurseOfTheBell","FollowUp+1","ThirdEye+1","Halt+1","FearNoEvil","Scrawl+1","InnerPeace+1","Weave+1","Meditate+1","SashWhip+1","DeusExMachina","Tantrum+1","Sanctity+1","Consecrate+1","Flash of Steel"],"relics":["PureWater","hexamod:BolsterEngine","Pen Nib","Art of War","Calling Bell","Oddly Smooth Stone","Shuriken","Girya","bronze:BronzeIdol","Mercury Hourglass","Bronze Scales","Astrolabe","champ:DuelingGlove","Meat on the Bone"],"acts_visited":["Exordium","TheCity","TheBeyond"],"potions_floor_usage":[14,19,24,33,35,50,50,50],"damage_taken":[{"damage":4,"enemies":"Small Slimes","floor":1,"turns":3},{"damage":0,"enemies":"2 Louse","floor":4,"turns":2},{"damage":0,"enemies":"Cultist","floor":5,"turns":2},{"damage":0,"enemies":"3 Sentries","floor":10,"turns":5},{"damage":0,"enemies":"2 Fungi Beasts","floor":12,"turns":2},{"damage":0,"enemies":"Lots of Slimes","floor":14,"turns":3},{"damage":19,"enemies":"The Guardian","floor":16,"turns":8},{"damage":3,"enemies":"3 Byrds","floor":18,"turns":5},{"damage":2,"enemies":"Shell Parasite","floor":19,"turns":5},{"damage":10,"enemies":"Book of Stabbing","floor":24,"turns":4},{"damage":0,"enemies":"3 Cultists","floor":28,"turns":4},{"damage":4,"enemies":"Gremlin Leader","floor":30,"turns":3},{"damage":16,"enemies":"Collector","floor":33,"turns":7},{"damage":1,"enemies":"3 Shapes","floor":35,"turns":3},{"damage":5,"enemies":"Orb Walker","floor":37,"turns":3},{"damage":0,"enemies":"4 Shapes","floor":39,"turns":4},{"damage":0,"enemies":"Sphere and 2 Shapes","floor":41,"turns":2},{"damage":0,"enemies":"Maw","floor":44,"turns":4},{"damage":0,"enemies":"Transient","floor":45,"turns":5},{"damage":15,"enemies":"Donu and Deca","floor":50,"turns":5}],"seed_played":"8423761418441917414","potions_obtained":[{"floor":1,"key":"Energy Potion"},{"floor":14,"key":"PowerPotion"},{"floor":16,"key":"Guardian:BlockOnCardUsePotion"},{"floor":18,"key":"Block Potion"},{"floor":19,"key":"LiquidBronze"},{"floor":24,"key":"BlessingOfTheForge"},{"floor":30,"key":"DuplicationPotion"},{"floor":35,"key":"Fire Potion"},{"floor":44,"key":"Dexterity Potion"},{"floor":45,"key":"CultistPotion"}],"is_trial":false,"path_per_floor":["M","$","?","M","M","R","?","?","T","E","R","M","R","M","R","B",null,"M","M","?","?","?","R","E","R","T","R","M","R","E","?","R","B",null,"M","?","M","$","M","R","M","R","T","M","M","?","R","$","R","B",null],"character_chosen":"WATCHER","items_purchased":["BattleHymn","champ:DuelingGlove","Flash of Steel"],"campfire_rested":1,"item_purchase_floors":[2,38,48],"current_hp_per_floor":[61,61,61,61,61,61,61,61,61,61,61,61,61,61,61,42,65,62,60,60,60,60,60,50,50,50,50,50,50,46,33,56,40,68,67,67,62,62,62,62,62,62,62,62,62,62,62,62,62,47],"gold":65,"neow_bonus":"RANDOM_COMMON_RELIC","is_daily":false,"chose_seed":false,"campfire_upgraded":9,"win_rate":0.0,"timestamp":1613158152,"path_taken":["M","$","?","M","M","R","?","?","T","E","R","M","R","M","R","BOSS","M","M","?","?","?","R","E","R","T","R","?","R","E","?","R","BOSS","M","?","M","?","M","R","M","R","T","?","M","?","R","$","R","BOSS"],"items_purchased_type":["Card","Relic","Card"],"build_version":"2020-12-22","purchased_purges":0,"victory":true,"max_hp_per_floor":[72,72,72,72,72,72,72,72,72,72,72,72,72,72,72,72,72,72,72,72,72,72,72,72,72,72,72,72,72,72,77,77,77,77,77,77,77,77,77,77,77,77,77,77,77,77,77,77,77,77],"card_choices":[{"not_picked":["Collect","Conclude"],"picked":"WheelKick","floor":1},{"not_picked":["Weave","JustLucky"],"picked":"BowlingBash","floor":4},{"not_picked":["MentalFortress","Fasting2"],"picked":"FearNoEvil","floor":5},{"not_picked":["Vengeance","Evaluate"],"picked":"LikeWater","floor":10},{"not_picked":["Swivel","FlyingSleeves"],"picked":"TalkToTheHand","floor":12},{"not_picked":["SashWhip","Sanctity"],"picked":"Consecrate","floor":14},{"not_picked":["Alpha","Vault"],"picked":"DeusExMachina","floor":16},{"not_picked":["CrushJoints","Tantrum","Protect"],"picked":"SKIP","floor":18},{"not_picked":["PathToVictory+1","Indignation"],"picked":"FollowUp","floor":19},{"not_picked":["CarveReality+1","SandsOfTime"],"picked":"ThirdEye","floor":24},{"not_picked":["Crescendo","BattleHymn+1"],"picked":"Halt+1","floor":28},{"not_picked":["PathToVictory","Study+1"],"picked":"FearNoEvil","floor":30},{"not_picked":["Alpha","Omniscience"],"picked":"Scrawl","floor":33},{"not_picked":["Vengeance","EmptyFist+1"],"picked":"SashWhip+1","floor":35},{"not_picked":["JustLucky+1","Nirvana+1"],"picked":"Tantrum","floor":37},{"not_picked":["Weave","InnerPeace+1"],"picked":"Sanctity+1","floor":39},{"not_picked":["Pray","BowlingBash+1"],"picked":"Consecrate+1","floor":41},{"not_picked":["Prostrate","JustLucky","Consecrate"],"picked":"SKIP","floor":44},{"not_picked":["ClearTheMind+1","Halt","Crescendo+1"],"picked":"SKIP","floor":45}],"player_experience":777202,"relics_obtained":[{"floor":9,"key":"Pen Nib"},{"floor":10,"key":"Art of War"},{"floor":17,"key":"Oddly Smooth Stone"},{"floor":17,"key":"Shuriken"},{"floor":17,"key":"Girya"},{"floor":24,"key":"bronze:BronzeIdol"},{"floor":26,"key":"Mercury Hourglass"},{"floor":30,"key":"Bronze Scales"},{"floor":43,"key":"Meat on the Bone"}],"event_choices":[{"damage_healed":0,"gold_gain":0,"player_choice":"Ignored","damage_taken":0,"max_hp_gain":0,"max_hp_loss":0,"event_name":"Liars Game","floor":3,"gold_loss":0},{"cards_removed":["Strike_P"],"damage_healed":0,"gold_gain":0,"player_choice":"Card Removal","damage_taken":0,"max_hp_gain":0,"max_hp_loss":0,"event_name":"The Cleric","floor":7,"gold_loss":50},{"cards_removed":["Strike_P"],"damage_healed":0,"gold_gain":0,"player_choice":"Offered Basic","damage_taken":0,"max_hp_gain":0,"max_hp_loss":0,"event_name":"Bonfire Elementals","floor":8,"gold_loss":0},{"damage_healed":0,"gold_gain":0,"player_choice":"Ignored","damage_taken":0,"max_hp_gain":0,"max_hp_loss":0,"event_name":"Ghosts","floor":20,"gold_loss":0},{"damage_healed":0,"gold_gain":0,"player_choice":"Ignored","damage_taken":0,"max_hp_gain":0,"max_hp_loss":0,"event_name":"Vampires","floor":21,"gold_loss":0},{"damage_healed":0,"gold_gain":0,"player_choice":"Bet on Owner","damage_taken":0,"max_hp_gain":0,"max_hp_loss":0,"event_name":"The Joust","floor":22,"gold_loss":50},{"damage_healed":0,"gold_gain":0,"player_choice":"Shed Blood","damage_taken":18,"max_hp_gain":5,"max_hp_loss":0,"event_name":"Forgotten Altar","floor":31,"gold_loss":0},{"damage_healed":0,"gold_gain":0,"player_choice":"1 cards matched","damage_taken":0,"max_hp_gain":0,"max_hp_loss":0,"event_name":"Match and Keep!","floor":36,"gold_loss":0,"cards_obtained":["DeusExMachina"]},{"damage_healed":0,"gold_gain":0,"player_choice":"Ignored","damage_taken":0,"max_hp_gain":0,"max_hp_loss":0,"event_name":"SecretPortal","floor":46,"gold_loss":0}],"is_beta":false,"boss_relics":[{"not_picked":["Sozu","HolyWater"],"picked":"Calling Bell"},{"not_picked":["bronze:MakeshiftBattery","Black Star"],"picked":"Astrolabe"}],"items_purged_floors":[],"is_endless":false,"potions_floor_spawned":[1,14,16,18,19,24,30,35,44,45],"ascension_level":6}}