{"host":"27wa8ufp4ryspt1p","time":1613100119,"event":{"mods":["2.2 Compatiblity","A Penny For Your Troubles","Abigail Mod","Act Like it!","Aspiration","BaseMod","Better Altar","Better Match","Better Note","Better Skull","Better Third Choice","Colored Map","Conspire","Curses Come First","Dota2Spire","Downfall-Rebalance","Elementarium","Energized Spire","Fox Events","Friendly Minions","Gensokyo","GifTheSpireLib","Gold Saver","Halation","Hallownest","HololiveMod","Hubris","Humility","Infinite Spire","Keyboard Shortcuts","Menagerie","Mimic Mod","Minty Spire (QoL Compilation)","Pale of the Ancients","Poor People Problems","Quarter Circle Forward PUNCH!","Reimu??????","Relic Filter Mod","Relic Sorter","Relic Stats","Reliquary","Replay The Spire","Reworked Bosses","Shop Mod","Spicy Shops","Spikes Relics","Spire Arcade","StSLib","Stuff the Spire","SuperFastMode","The Cursed","The Exalted","The Judge","The Necromancer","Trackpad","Waifu the Spire","Wandering Minibosses","[IsaacMod]????","??????REMEMod","????"],"gold_per_floor":[936,520,534,545,545,545,545,545,578,612,627,627,627,368,368,444,444,471,571,571,571,590,590,557,157,196,226,206,206,206,206,206,224,224,297,297,332,332,332,332,349,512,544,179,222,222,254,254,310,310,310,310,321,339,339,339,167,167,185,185,55,55,60,60],"floor_reached":63,"language":"SPA","playtime":2916,"items_purged":["Pride"],"score":1879,"play_id":"11b46d09-3e51-45d6-a5e7-a854fac8bae3","local_time":"20210211212159","daily_mods":["SealedDeck","Colorless Cards","Heirloom","Elite Swarm","Lethality"],"is_ascension_mode":true,"campfire_choices":[{"data":"Defragment","floor":6,"key":"SMITH"},{"data":"DoctorFetus","floor":8,"key":"SMITH"},{"floor":13,"key":"RECALL"},{"data":"conspire:Banana","floor":15,"key":"SMITH"},{"data":"infinitespire:SevenWalls","floor":23,"key":"SMITH"},{"data":"Loop","floor":32,"key":"SMITH"},{"data":"expansioncontent:DefensiveStance","floor":32,"key":"SMITH"},{"data":"expansioncontent:DefensiveStance","floor":34,"key":"SMITH"},{"data":"ReplayTheSpireMod:Brewmster","floor":34,"key":"SMITH"},{"data":"expansioncontent:DashGenerateEvil","floor":46,"key":"SMITH"},{"data":"ReplayTheSpireMod:Calculation Training","floor":46,"key":"SMITH"},{"data":"EpicFetus","floor":51,"key":"SMITH"},{"data":"Loop","floor":51,"key":"SMITH"},{"data":"Caltrops","floor":58,"key":"SMITH"},{"data":"StuffTheSpire:Synthwave","floor":58,"key":"SMITH"},{"data":"Bromod:FashionFrame","floor":60,"key":"SMITH"},{"data":"wanderingMiniBosses:FinaleOfPromise","floor":60,"key":"SMITH"}],"circlet_count":0,"master_deck":["AscendersBane","DoctorFetus+1","expansioncontent:TimeRipple","Ball Lightning","Conserve Battery","Rebound","Ball Lightning","Defragment+1","Rebound","Barrage+1","Loop+1","Conserve Battery","Caltrops+1","expansioncontent:DefensiveStance+1","conspire:SharedLibrary+1","REME_AllRoundStrike","conspire:Banana+1","ReplayTheSpireMod:Brewmster+1","infinitespire:SevenWalls+1","Self Repair","expansioncontent:DefensiveStance+1","Glacier+1","Conserve Battery","conspire:SharedLibrary+1","ReplayTheSpireMod:Calculation Training+1","expansioncontent:DashGenerateEvil+1","EpicFetus+1","Bromod:LethalTorrent+1","wanderingMiniBosses:FinaleOfPromise+1","Loop+1","REME_HeartOfCthun","StuffTheSpire:Synthwave+1","Turbo","Bromod:LethalTorrent+1","Bromod:FashionFrame+1","Defragment+1"],"relics":["Cracked Core","HushsDoor","REME_ComplimentaryCards","Leech","infinitespire:SolderingIron","MerchantsRug","Menagerie:HuntersKnife","halation:PinkSoulGem","Dota2Spire:Butterfly","hubris:Icosahedron","energizedSpire:NeverEndingSparkler","hubris:DisguiseKit","DataDisk","Elementarium:ElementariumTrophy","SlaversCollar","halation:EternalFortune","hubris:DeckOfHolding","YumHeart","wanderingMiniBosses:Blackblade","paleoftheancients:Timepiece","paleoftheancients:KeyRelic","paleoftheancients:SoulOfTheDefect","DataDisk"],"acts_visited":["Menagerie:Menagerie","Elementarium:Elementarium","TheBeyond","paleoftheancients:PaleOfTheAncients"],"potions_floor_usage":[12,24,24,26,26,27,27,35,35,35,59,59,59,59],"damage_taken":[{"damage":8,"enemies":"Menagerie:2_RABBITS","floor":1,"turns":3},{"damage":1,"enemies":"Menagerie:MonstrousExperiment","floor":3,"turns":4},{"damage":10,"enemies":"Menagerie:StygianBoar","floor":4,"turns":2},{"damage":12,"enemies":"Menagerie:KEEPER_AND_YOUNG_SUNEATER","floor":9,"turns":4},{"damage":42,"enemies":"Menagerie:VoidReaper","floor":10,"turns":6},{"damage":0,"enemies":"Menagerie:MaskedSummoner","floor":12,"turns":1},{"damage":7,"enemies":"Menagerie:Suneater","floor":16,"turns":4},{"damage":14,"enemies":"Elementarium:MUD_AND_TAR_GOLEMS","floor":18,"turns":4},{"damage":1,"enemies":"Elementarium:Cyclone","floor":22,"turns":3},{"damage":46,"enemies":"Elementarium:Hydrostalker","floor":24,"turns":4},{"damage":0,"enemies":"Elementarium:RubyGolem","floor":26,"turns":5},{"damage":17,"enemies":"Elementarium:WarGolem","floor":27,"turns":4},{"damage":0,"enemies":"Elementarium:RubyGolem","floor":33,"turns":3},{"damage":45,"enemies":"Elementarium:PHOENIXES","floor":35,"turns":6},{"damage":44,"enemies":"3 Shapes","floor":37,"turns":4},{"damage":0,"enemies":"Orb Walker","floor":41,"turns":3},{"damage":1,"enemies":"Reptomancer","floor":43,"turns":4},{"damage":34,"enemies":"3 Darklings","floor":45,"turns":8},{"damage":0,"enemies":"R_Hoarder","floor":47,"turns":4},{"damage":80,"enemies":"Replay:Hell Engine","floor":52,"turns":6},{"damage":0,"enemies":"bossMod:newAwakened","floor":53,"turns":6},{"damage":41,"enemies":"bossMod:newAwakened","floor":54,"turns":5},{"damage":136,"enemies":"bossMod:newAwakened","floor":55,"turns":4},{"damage":31,"enemies":"bossMod:newAwakened","floor":59,"turns":17},{"damage":229,"enemies":"paleoftheancients:N","floor":63,"turns":7}],"seed_played":"-7039536849111809157","potions_obtained":[{"floor":1,"key":"Fire Potion"},{"floor":10,"key":"SmokeBomb"},{"floor":16,"key":"Dexterity Potion"},{"floor":18,"key":"Adrenaline Potion"}],"is_trial":true,"path_per_floor":["M","$","M","M","?","R","?","R","MIM","E","?","E","R","$","R","B",null,"M","?","?","AVR","M","R","M","$","MIM","E","$","PTL","PTL","?","R","M","R","B",null,"M","?","?","?","M","R","E","$","MIM","R","E","?","$","?","R","B","B","M","M","?","$","R","M","R","$","?","B"],"character_chosen":"DEFECT","items_purchased":["infinitespire:SolderingIron","MerchantsRug","conspire:Banana","Self Repair","DataDisk","expansioncontent:DefensiveStance","Glacier","Conserve Battery","conspire:SharedLibrary","ReplayTheSpireMod:Calculation Training","expansioncontent:DashGenerateEvil","StuffTheSpire:Synthwave","DollysMirror","Defragment+1","reliquary:SculptingSteel"],"campfire_rested":0,"item_purchase_floors":[2,2,14,25,25,25,25,25,28,44,44,49,57,61,61],"current_hp_per_floor":[58,58,61,52,52,52,52,52,44,7,7,7,7,7,7,6,51,44,44,44,44,46,46,5,5,19,24,24,24,24,24,24,33,33,17,63,37,37,37,40,52,52,62,62,50,50,94,94,94,94,94,31,87,86,106,106,106,106,126,126,126,126,0,0],"gold":60,"neow_bonus":"","is_daily":false,"chose_seed":false,"campfire_upgraded":16,"win_rate":0.0,"timestamp":1613100119,"path_taken":["M","$","M","?","?","R","?","R","MIM","E","?","E","R","$","R","BOSS","M","?","?","AVR","M","R","M","?","MIM","E","$","PTL","PTL","?","R","?","R","BOSS","M","?","?","?","?","R","E","$","MIM","R","E","?","?","?","R","BOSS","BOSS","M","M","?","$","R","M","R","$","?","BOSS"],"items_purchased_type":["Relic","Relic","Card","Card","Relic","Card","Card","Card","Card","Card","Card","Card","Relic","Card","Relic"],"build_version":"2020-12-22","purchased_purges":1,"victory":false,"max_hp_per_floor":[71,71,71,71,64,64,64,64,64,64,64,64,64,64,64,66,66,70,70,70,70,70,70,72,72,74,76,76,76,76,76,76,76,76,78,78,78,78,78,81,83,83,83,83,85,85,94,94,94,94,94,100,102,104,106,106,106,106,126,126,126,126,128,128],"relic_stats":{"counters":[25,119],"obtain_stats":[{"Menagerie:HuntersKnife":5,"paleoftheancients:SoulOfTheDefect":59,"Leech":0,"infinitespire:SolderingIron":2,"hubris:Icosahedron":20,"DollysMirror":57,"Strawberry":47,"hubris:DeckOfHolding":43,"Void":0,"Cracked Core":0,"KeepersGift":0,"MerchantsRug":2,"hubris:DisguiseKit":21,"paleoftheancients:KeyRelic":53,"reliquary:Sideboard":26,"energizedSpire:SpiderWeb":17,"Replay:Arrowhead":27,"paleoftheancients:Timepiece":53,"SlaversCollar":36,"DataDisk":25,"YumHeart":45,"Dota2Spire:Butterfly":10,"Elementarium:ElementariumTrophy":35,"wanderingMiniBosses:Blackblade":45,"energizedSpire:NeverEndingSparkler":21,"halation:EternalFortune":40,"reliquary:SculptingSteel":61,"HushsDoor":0,"halation:PinkSoulGem":7,"REME_ComplimentaryCards":0},{"Menagerie:HuntersKnife":3,"paleoftheancients:SoulOfTheDefect":24,"Leech":0,"infinitespire:SolderingIron":1,"hubris:Icosahedron":8,"DollysMirror":23,"Strawberry":19,"hubris:DeckOfHolding":17,"Void":0,"Cracked Core":0,"KeepersGift":0,"MerchantsRug":1,"hubris:DisguiseKit":8,"paleoftheancients:KeyRelic":21,"reliquary:Sideboard":11,"energizedSpire:SpiderWeb":7,"Replay:Arrowhead":12,"paleoftheancients:Timepiece":21,"SlaversCollar":14,"DataDisk":10,"YumHeart":18,"Dota2Spire:Butterfly":5,"Elementarium:ElementariumTrophy":14,"wanderingMiniBosses:Blackblade":18,"energizedSpire:NeverEndingSparkler":8,"halation:EternalFortune":15,"reliquary:SculptingSteel":24,"HushsDoor":0,"halation:PinkSoulGem":3,"REME_ComplimentaryCards":0},{"Menagerie:HuntersKnife":8,"paleoftheancients:SoulOfTheDefect":112,"Leech":0,"infinitespire:SolderingIron":2,"hubris:Icosahedron":27,"DollysMirror":95,"Strawberry":74,"hubris:DeckOfHolding":62,"Void":0,"Cracked Core":0,"KeepersGift":0,"MerchantsRug":2,"hubris:DisguiseKit":27,"paleoftheancients:KeyRelic":86,"reliquary:Sideboard":39,"energizedSpire:SpiderWeb":23,"Replay:Arrowhead":43,"paleoftheancients:Timepiece":86,"SlaversCollar":51,"DataDisk":34,"YumHeart":70,"Dota2Spire:Butterfly":18,"Elementarium:ElementariumTrophy":51,"wanderingMiniBosses:Blackblade":70,"energizedSpire:NeverEndingSparkler":27,"halation:EternalFortune":55,"reliquary:SculptingSteel":112,"HushsDoor":0,"halation:PinkSoulGem":8,"REME_ComplimentaryCards":0}]},"card_choices":[{"not_picked":[],"picked":"DoctorFetus","floor":0},{"not_picked":["Finesse","Streamline"],"picked":"expansioncontent:DefensiveStance","floor":1},{"not_picked":["aspiration:Polymerization","Streamline","Go for the Eyes"],"picked":"SKIP","floor":3},{"not_picked":["Beam Cell","hubris:PowerSurge","StuffTheSpire:LoadUp"],"picked":"SKIP","floor":4},{"not_picked":["Degenerate","expansioncontent:HyperBeam"],"picked":"conspire:SharedLibrary","floor":9},{"not_picked":["hubris:SpecializedCircuitry","Secret Technique"],"picked":"REME_AllRoundStrike","floor":10},{"not_picked":["StuffTheSpire:ForEach","Feint"],"picked":"ReplayTheSpireMod:Brewmster","floor":16},{"not_picked":["REME_TwoStrings","Darkness","Gash"],"picked":"SKIP","floor":18},{"not_picked":["Redo","Beam Cell","Impatience","Bromod:PressurePoint"],"picked":"SKIP","floor":22},{"not_picked":["Rebound+1","Degenerate","Steam","Bromod:OrganShatter"],"picked":"SKIP","floor":24},{"not_picked":["REME_BodyOfCthun","DoctorFetus","Bromod:Flow"],"picked":"REME_HeartOfCthun","floor":27},{"not_picked":["Cold Snap","expansioncontent:YouAreMine","Bromod:Foundry"],"picked":"Loop","floor":33},{"not_picked":["ReplayTheSpireMod:Necrogeddon","Transmutation","The Bomb"],"picked":"Bromod:LethalTorrent","floor":35},{"not_picked":["Go for the Eyes","Redo","Beam Cell","Bromod:ShatteringImpact"],"picked":"SKIP","floor":37},{"not_picked":["Conserve Battery","Steam","Degenerate","Bromod:Vitality"],"picked":"SKIP","floor":41},{"not_picked":["Biased Cognition","expansioncontent:DashGenerateEvil","Bromod:FocusEnergy"],"picked":"EpicFetus","floor":43},{"not_picked":[],"picked":"wanderingMiniBosses:FinaleOfPromise","floor":45},{"not_picked":["Master of Strategy","REME_PuzzleBox","Bromod:Rage"],"picked":"ChaosCard","floor":47},{"not_picked":["Redo","Coolheaded","Ball Lightning+1","Bromod:SlipMagazine"],"picked":"SKIP","floor":54},{"not_picked":["Tempest","Steam","Fan"],"picked":"Bromod:FashionFrame","floor":59}],"player_experience":4010314,"relics_obtained":[{"floor":10,"key":"Dota2Spire:Butterfly"},{"floor":26,"key":"reliquary:Sideboard"},{"floor":27,"key":"Replay:Arrowhead"},{"floor":43,"key":"hubris:DeckOfHolding"},{"floor":45,"key":"YumHeart"},{"floor":45,"key":"wanderingMiniBosses:Blackblade"},{"floor":47,"key":"Strawberry"},{"floor":59,"key":"paleoftheancients:SoulOfTheDefect"}],"event_choices":[{"damage_healed":0,"gold_gain":0,"player_choice":"Take","damage_taken":0,"relics_obtained":["Menagerie:HuntersKnife"],"max_hp_gain":0,"max_hp_loss":7,"event_name":"Menagerie:BigGameHunter","floor":5,"gold_loss":0},{"damage_healed":0,"gold_gain":15,"player_choice":"Cunning","damage_taken":0,"max_hp_gain":0,"max_hp_loss":0,"event_name":"Menagerie:CloudVision","floor":11,"gold_loss":0,"cards_upgraded":["Barrage"]},{"damage_healed":0,"gold_gain":0,"player_choice":"Meditate","damage_taken":0,"max_hp_gain":0,"max_hp_loss":0,"event_name":"Elementarium:SculptureGarden","floor":31,"gold_loss":0,"cards_upgraded":["conspire:SharedLibrary","Glacier","conspire:SharedLibrary"]},{"damage_healed":0,"gold_gain":0,"cards_transformed":["Self Repair"],"player_choice":"Transformed","damage_taken":0,"max_hp_gain":0,"max_hp_loss":0,"event_name":"Transmorgrifier","floor":50,"gold_loss":0,"cards_obtained":["REME_ForAll"]},{"damage_healed":0,"gold_gain":0,"cards_transformed":["REME_ForAll"],"player_choice":"Transformed","damage_taken":0,"max_hp_gain":0,"max_hp_loss":0,"event_name":"Transmorgrifier","floor":56,"gold_loss":0,"cards_obtained":["Turbo"]}],"is_beta":false,"boss_relics":[{"not_picked":["halation:SmartPhone","Nuclear Battery"],"picked":"energizedSpire:SpiderWeb"},{"not_picked":[]},{"not_picked":["Painkiller Herb","aspiration:RitualDagger"],"picked":"SlaversCollar"},{"not_picked":[]}],"items_purged_floors":[25],"is_endless":false,"potions_floor_spawned":[1,10,12,16,18,22,27,37,59],"killed_by":"paleoftheancients:N","ascension_level":20,"is_humility":true}}