{"host":"jlz4is0nf6zo9oab","time":1613158309,"event":{"mods":["AchievementEnabler","BaseMod","Colored Map","Colored Powertips","Highlight Path","Minty Spire (QoL Compilation)","StSLib"],"gold_per_floor":[217,234,234,250,23,23,39,39,39,39,53,67,67,82,82,184,184,204,119,119,119,119,119,218,218,287,319,319,319,319,334,334,436,436,456,456,467,467,467,467,500,453,524,524,160,160,172,0,0,0],"floor_reached":51,"language":"SPA","playtime":1199,"items_purged":[],"score":1121,"play_id":"9561652b-3dce-4337-84c1-417686257a5a","local_time":"20210212203149","is_ascension_mode":true,"campfire_choices":[{"data":"Spot Weakness","floor":6,"key":"SMITH"},{"data":"Bash","floor":8,"key":"SMITH"},{"data":"Shrug It Off","floor":10,"key":"SMITH"},{"data":"Uppercut","floor":15,"key":"SMITH"},{"floor":28,"key":"REST"},{"data":"Limit Break","floor":30,"key":"SMITH"},{"data":"Panacea","floor":32,"key":"SMITH"},{"floor":40,"key":"REST"},{"data":"Shrug It Off","floor":46,"key":"SMITH"},{"data":"Cleave","floor":49,"key":"SMITH"}],"circlet_count":0,"master_deck":["AscendersBane","Strike_R+1","Strike_R+1","Strike_R+1","Defend_R+1","Defend_R+1","Defend_R+1","Bash+1","Shrug It Off+1","Spot Weakness+1","Twin Strike+1","Uppercut+1","Limit Break+1","Cleave+1","Panacea+1","Limit Break+1","Dramatic Entrance+1","Shrug It Off+1"],"relics":["Burning Blood","Regal Pillow","Gambling Chip","Velvet Choker","StoneCalendar","Juzu Bracelet","Letter Opener","Akabeko","SacredBark","Pen Nib","Gremlin Horn","Bag of Marbles","Whetstone","Red Mask"],"acts_visited":["Exordium","TheCity","TheBeyond"],"potions_floor_usage":[12,16,33,41,47,50,50],"damage_taken":[{"damage":9,"enemies":"Jaw Worm","floor":1,"turns":4},{"damage":1,"enemies":"Cultist","floor":2,"turns":3},{"damage":3,"enemies":"Small Slimes","floor":4,"turns":4},{"damage":11,"enemies":"Looter","floor":7,"turns":2},{"damage":10,"enemies":"Large Slime","floor":11,"turns":5},{"damage":8,"enemies":"Blue Slaver","floor":12,"turns":2},{"damage":1,"enemies":"2 Fungi Beasts","floor":14,"turns":3},{"damage":29,"enemies":"Hexaghost","floor":16,"turns":7},{"damage":22,"enemies":"Spheric Guardian","floor":18,"turns":4},{"damage":27,"enemies":"Book of Stabbing","floor":27,"turns":5},{"damage":14,"enemies":"2 Thieves","floor":31,"turns":3},{"damage":52,"enemies":"Champ","floor":33,"turns":11},{"damage":39,"enemies":"3 Darklings","floor":35,"turns":6},{"damage":11,"enemies":"Orb Walker","floor":37,"turns":3},{"damage":48,"enemies":"Giant Head","floor":41,"turns":7},{"damage":0,"enemies":"Sphere and 2 Shapes","floor":47,"turns":1},{"damage":53,"enemies":"Awakened One","floor":50,"turns":8}],"seed_played":"-8980280354335225306","potions_obtained":[{"floor":2,"key":"Explosive Potion"},{"floor":11,"key":"Strength Potion"},{"floor":12,"key":"FearPotion"},{"floor":33,"key":"CultistPotion"},{"floor":41,"key":"Fire Potion"},{"floor":47,"key":"BloodPotion"}],"is_trial":false,"path_per_floor":["M","M","?","M","$","R","M","R","T","R","M","M","?","M","R","B",null,"M","?","?","?","?","?","?","?","T","E","R","?","R","M","R","B",null,"M","?","M","?","?","R","E","$","T","?","$","R","M","?","R","B",null],"character_chosen":"IRONCLAD","items_purchased":["Spot Weakness","Regal Pillow","Shrug It Off","Bag of Marbles","Whetstone","Dexterity Potion"],"campfire_rested":2,"item_purchase_floors":[5,5,42,45,45,45],"current_hp_per_floor":[69,74,74,77,77,77,72,72,72,72,68,66,59,64,64,41,70,54,54,39,39,67,67,67,67,67,46,85,85,85,77,77,31,72,39,39,34,34,34,74,32,32,32,85,85,85,85,85,85,67],"gold":0,"neow_bonus":"HUNDRED_GOLD","is_daily":false,"chose_seed":false,"campfire_upgraded":8,"win_rate":0.0,"timestamp":1613158309,"path_taken":["M","M","?","M","$","R","M","R","T","R","M","?","?","M","R","BOSS","M","?","?","?","?","?","?","?","T","E","R","?","R","M","R","BOSS","M","?","M","?","?","R","E","$","T","?","$","R","M","?","R","BOSS"],"items_purchased_type":["Card","Relic","Card","Relic","Relic","Potion"],"build_version":"2020-12-22","purchased_purges":0,"victory":true,"max_hp_per_floor":[80,80,80,80,80,80,80,80,80,80,80,80,80,80,80,80,80,80,80,85,85,85,85,85,85,85,85,85,85,85,85,85,85,85,85,85,85,85,85,85,85,85,85,85,85,85,85,85,85,85],"card_choices":[{"not_picked":["Havoc","Body Slam","Clothesline"],"picked":"SKIP","floor":1},{"not_picked":["Body Slam","Rupture"],"picked":"Shrug It Off","floor":2},{"not_picked":["Sword Boomerang","Sentinel","Heavy Blade"],"picked":"SKIP","floor":4},{"not_picked":["Clothesline","Clash"],"picked":"Twin Strike","floor":7},{"not_picked":["Clash","Disarm"],"picked":"Uppercut","floor":11},{"not_picked":["Burning Pact","Infernal Blade","Headbutt"],"picked":"SKIP","floor":12},{"not_picked":["Iron Wave","Thunderclap","Dark Embrace"],"picked":"SKIP","floor":14},{"not_picked":["Impervious","Exhume"],"picked":"Limit Break","floor":16},{"not_picked":["Sever Soul","Heavy Blade"],"picked":"Cleave","floor":18},{"not_picked":["Rupture","Sentinel+1","Iron Wave"],"picked":"SKIP","floor":27},{"not_picked":["Reckless Charge","Clash","Body Slam+1"],"picked":"SKIP","floor":31},{"not_picked":["Ghostly Armor","Twin Strike","Armaments+1"],"picked":"SKIP","floor":35},{"not_picked":["Cleave","Rupture","Havoc"],"picked":"SKIP","floor":37},{"not_picked":["Blind","Impatience"],"picked":"Dramatic Entrance","floor":39},{"not_picked":["Iron Wave","Warcry","Flex"],"picked":"SKIP","floor":41},{"not_picked":["Intimidate","Cleave+1","Perfected Strike+1"],"picked":"SKIP","floor":47}],"player_experience":966606,"relics_obtained":[{"floor":9,"key":"Gambling Chip"},{"floor":23,"key":"Juzu Bracelet"},{"floor":26,"key":"Letter Opener"},{"floor":27,"key":"Akabeko"},{"floor":41,"key":"Pen Nib"},{"floor":43,"key":"Gremlin Horn"}],"event_choices":[{"cards_removed":["Defend_R"],"damage_healed":0,"gold_gain":0,"player_choice":"Purged","damage_taken":0,"max_hp_gain":0,"max_hp_loss":0,"event_name":"Purifier","floor":3,"gold_loss":0},{"cards_removed":["Strike_R"],"damage_healed":0,"gold_gain":0,"player_choice":"Card Removal","damage_taken":7,"max_hp_gain":0,"max_hp_loss":0,"event_name":"Golden Wing","floor":13,"gold_loss":0},{"damage_healed":0,"gold_gain":0,"player_choice":"Obtained Relic","damage_taken":0,"relics_obtained":["StoneCalendar"],"max_hp_gain":0,"max_hp_loss":0,"event_name":"Addict","floor":19,"gold_loss":85},{"damage_healed":0,"gold_gain":0,"player_choice":"Shed Blood","damage_taken":20,"max_hp_gain":5,"max_hp_loss":0,"event_name":"Forgotten Altar","floor":20,"gold_loss":0},{"damage_healed":0,"gold_gain":0,"player_choice":"Simplicity","damage_taken":0,"max_hp_gain":0,"max_hp_loss":0,"event_name":"Back to Basics","floor":21,"gold_loss":0,"cards_upgraded":["Strike_R","Strike_R","Strike_R","Strike_R","Defend_R","Defend_R","Defend_R"]},{"damage_healed":28,"gold_gain":0,"player_choice":"Heal","damage_taken":0,"max_hp_gain":0,"max_hp_loss":0,"event_name":"The Library","floor":22,"gold_loss":0},{"damage_healed":0,"gold_gain":0,"player_choice":"Relic","damage_taken":0,"max_hp_gain":0,"max_hp_loss":0,"event_name":"Wheel of Change","floor":23,"gold_loss":0},{"damage_healed":0,"gold_gain":99,"player_choice":"Stole From Cult","damage_taken":0,"max_hp_gain":0,"max_hp_loss":0,"event_name":"Nest","floor":24,"gold_loss":0},{"damage_healed":0,"gold_gain":0,"player_choice":"1 cards matched","damage_taken":0,"max_hp_gain":0,"max_hp_loss":0,"event_name":"Match and Keep!","floor":25,"gold_loss":0,"cards_obtained":["Panacea"]},{"damage_healed":0,"gold_gain":0,"player_choice":"Ignored","damage_taken":0,"max_hp_gain":0,"max_hp_loss":0,"event_name":"Beggar","floor":29,"gold_loss":0},{"damage_healed":0,"gold_gain":0,"player_choice":"Copied","damage_taken":0,"max_hp_gain":0,"max_hp_loss":0,"event_name":"Duplicator","floor":36,"gold_loss":0,"cards_obtained":["Limit Break"]},{"cards_removed":["Strike_R"],"damage_healed":0,"gold_gain":0,"player_choice":"Removed Attack","damage_taken":0,"max_hp_gain":0,"max_hp_loss":0,"event_name":"Falling","floor":38,"gold_loss":0},{"damage_healed":0,"gold_gain":0,"player_choice":"Memory 1","damage_taken":0,"max_hp_gain":0,"max_hp_loss":0,"event_name":"SensoryStone","floor":39,"gold_loss":0},{"damage_healed":53,"gold_gain":0,"player_choice":"Full Heal","damage_taken":0,"max_hp_gain":0,"max_hp_loss":0,"event_name":"Wheel of Change","floor":44,"gold_loss":0},{"damage_healed":0,"gold_gain":0,"player_choice":"Paid","damage_taken":0,"relics_obtained":["Red Mask"],"max_hp_gain":0,"max_hp_loss":0,"event_name":"Tomb of Lord Red Mask","floor":48,"gold_loss":172}],"is_beta":false,"boss_relics":[{"not_picked":["Ectoplasm","Empty Cage"],"picked":"Velvet Choker"},{"not_picked":["Busted Crown","Runic Dome"],"picked":"SacredBark"}],"items_purged_floors":[],"is_endless":false,"potions_floor_spawned":[2,11,12,33,41,47],"ascension_level":12}}