{"host":"cvgfrai8nrtinf2y","time":1613135302,"event":{"mods":["A Magickal Journey","Act Like it!","BaseMod","Better Third Choice","Challenge The Spire","Colored Map","Downfall","Gensokyo","Googly Eyes","Hermit","Highlight Path","Hubris","Infinite Spire","Minty Spire (QoL Compilation)","Rare Cards Sparkle","Relic Sorter","Remilia??????","Spicy Shops","StSLib","The Disciple","The Hierophant","The Necromancer","The Runesmith"],"gold_per_floor":[115,115,35,310,325,277,277,193,193,206,217,217,242,258,258,361,361,375,392,424,434,450,463,388,398,398,398,416,416,51,51,51,160,160,186,286,286,286,305,305,305],"floor_reached":41,"language":"ENG","playtime":1320,"items_purged":["hermit:Strike_Hermit"],"score":493,"play_id":"189b8971-cebd-4ba2-bb47-4eecb3c1627b","local_time":"20210212140822","is_ascension_mode":false,"campfire_choices":[{"data":"infinitespire:Menacing","floor":7.0,"key":"SMITH"},{"data":"hermit:CursedWeapon","floor":12.0,"key":"SMITH"},{"data":"hermit:Manifest","floor":15.0,"key":"SMITH"},{"floor":27.0,"key":"REST"},{"floor":29.0,"key":"REST"},{"data":"hermit:Scavenge","floor":32.0,"key":"SMITH"}],"circlet_count":0,"master_deck":["hermit:Strike_Hermit","hermit:Strike_Hermit","hermit:Defend_Hermit","hermit:Defend_Hermit","hermit:Defend_Hermit","hermit:Defend_Hermit","hermit:Snapshot","hermit:Covet","hermit:Ricochet","infinitespire:Menacing+1","hermit:CursedWeapon+1","Regret","hermit:Manifest+1","hermit:Feint","hermit:Desperado","hermit:FinalCanter","hermit:Vantage","hermit:Grudge","hermit:GhostlyPresence","hermit:EyeOfTheStorm+1","hermit:WideOpen+1","hermit:BigShot","hermit:Scavenge+1","Pride","hermit:BlackWind","hermit:Snipe","CurseOfTheBell","CurseOfTheBell","downfall:Bewildered","hermit:OverwhelmingPower","hubris:Despair","Doubt"],"relics":["hermit:Momento","NeowsBlessing","betterThird:SlimedRelic","Peace Pipe","Anchor","Bottled Lightning","Philosopher\u0027s Stone","Red Mask","Turnip","MealTicket","GreatHeart","hubris:Backtick","Burning Blood","downfall:ExtraCursedBell","Smiling Mask","InkBottle","hubris:Teleporter"],"acts_visited":["Exordium","TheCity","TheBeyond"],"potions_floor_usage":[],"damage_taken":[{"damage":0.0,"enemies":"Jaw Worm","floor":1.0,"turns":1.0},{"damage":0.0,"enemies":"Cultist","floor":5.0,"turns":1.0},{"damage":2.0,"enemies":"Small Slimes","floor":10.0,"turns":1.0},{"damage":2.0,"enemies":"2 Fungi Beasts","floor":11.0,"turns":4.0},{"damage":14.0,"enemies":"Gremlin Nob","floor":13.0,"turns":5.0},{"damage":0.0,"enemies":"Looter","floor":14.0,"turns":5.0},{"damage":4.0,"enemies":"Hexaghost","floor":16.0,"turns":14.0},{"damage":23.0,"enemies":"Spheric Guardian","floor":18.0,"turns":4.0},{"damage":2.0,"enemies":"Shell Parasite","floor":19.0,"turns":5.0},{"damage":6.0,"enemies":"Masked Bandits","floor":20.0,"turns":3.0},{"damage":5.0,"enemies":"3 Cultists","floor":21.0,"turns":6.0},{"damage":10.0,"enemies":"Snake Plant","floor":22.0,"turns":5.0},{"damage":5.0,"enemies":"Chosen and Byrds","floor":23.0,"turns":7.0},{"damage":6.0,"enemies":"Centurion and Healer","floor":25.0,"turns":8.0},{"damage":2.0,"enemies":"Snake Plant","floor":28.0,"turns":3.0},{"damage":34.0,"enemies":"Automaton","floor":33.0,"turns":10.0},{"damage":29.0,"enemies":"3 Darklings","floor":35.0,"turns":9.0},{"damage":40.0,"enemies":"3 Shapes","floor":40.0,"turns":4.0},{"damage":0,"enemies":"3 Darklings","floor":41,"turns":1}],"seed_played":"-5543996558206999320","potions_obtained":[{"floor":10.0,"key":"Slimebound:ThreeZeroPotion"},{"floor":13.0,"key":"Explosive Potion"},{"floor":16.0,"key":"DistilledChaos"},{"floor":18.0,"key":"ColorlessPotion"},{"floor":20.0,"key":"FearPotion"},{"floor":23.0,"key":"Strength Potion"},{"floor":33.0,"key":"SpeedPotion"},{"floor":35.0,"key":"Energy Potion"}],"is_trial":false,"path_per_floor":["M","?","$","?","M","?","R","?","T","M","M","R","E","M","R","B",null,"M","M","?","M","M","M","?","M","T","R","M","R","$","?","R","B",null,"M","?","?","?","M","M"],"character_chosen":"HERMIT","items_purchased":["hermit:CursedWeapon","MealTicket","hermit:BigShot","hermit:Scavenge"],"campfire_rested":2,"item_purchase_floors":[3,30,30,30],"current_hp_per_floor":[75,56,56,56,56,45,45,45,45,43,41,41,27,27,27,23,75,52,50,44,39,29,24,24,18,18,40,38,60,60,60,60,26,75,52,57,57,57,23,23,23],"gold":305,"neow_bonus":"THREE_ENEMY_KILL","is_daily":false,"chose_seed":false,"campfire_upgraded":4,"win_rate":0.0,"timestamp":1613135302,"path_taken":["M","?","$","?","?","?","R","?","T","M","M","R","E","M","R","BOSS","M","?","?","M","M","M","?","M","T","R","M","R","$","?","R","BOSS","M","?","?","?","M","M"],"items_purchased_type":["Card","Relic","Card","Card"],"build_version":"2020-12-22","purchased_purges":1,"victory":false,"max_hp_per_floor":[75,75,75,75,75,75,75,75,75,75,75,75,75,75,75,75,75,75,75,75,75,75,75,75,75,75,75,75,75,75,75,75,75,75,75,80,80,76,76,76,76],"card_choices":[{"not_picked":["hermit:LowProfile","hermit:Grudge"],"picked":"hermit:Ricochet","floor":1.0},{"not_picked":["infinitespire:Execution","infinitespire:TheBestDefense"],"picked":"infinitespire:Menacing","floor":2.0},{"not_picked":["hermit:Headshot","hermit:Determination"],"picked":"hermit:Manifest","floor":5.0},{"not_picked":["hermit:HoleUp","hermit:CalledShot","hermit:NoHoldsBarred"],"picked":"SKIP","floor":10.0},{"not_picked":["hermit:BodyArmor","hermit:Brawl"],"picked":"hermit:Feint","floor":11.0},{"not_picked":["hermit:Headshot","hermit:Dissolve","hermit:Horror"],"picked":"SKIP","floor":13.0},{"not_picked":["hermit:Snipe","hermit:Horror"],"picked":"hermit:Desperado","floor":14.0},{"not_picked":["hermit:BlackWind","hermit:FromBeyond"],"picked":"hermit:FinalCanter","floor":16.0},{"not_picked":["hermit:DeadMansHand","hermit:LowProfile"],"picked":"hermit:Vantage","floor":18.0},{"not_picked":["hermit:Headshot","hermit:LowProfile"],"picked":"hermit:Grudge","floor":19.0},{"not_picked":["hermit:WideOpen","hermit:Coalescence"],"picked":"hermit:GhostlyPresence","floor":20.0},{"not_picked":["hermit:EyeOfTheStorm","hermit:NoHoldsBarred","hermit:Maintenance+1"],"picked":"SKIP","floor":21.0},{"not_picked":["hermit:Brawl+1","hermit:CursedWeapon","hermit:Grudge+1"],"picked":"SKIP","floor":22.0},{"not_picked":["hermit:GoldenBullet","hermit:Roulette","hermit:SprayPray"],"picked":"SKIP","floor":23.0},{"not_picked":["hermit:GoldenBullet","hermit:Roulette","hermit:SprayPray"],"picked":"SKIP","floor":23.0},{"not_picked":["hermit:GhostlyPresence","hermit:Gestalt"],"picked":"hermit:EyeOfTheStorm+1","floor":25.0},{"not_picked":["hermit:Shortfuse","hermit:CalledShot+1"],"picked":"hermit:WideOpen+1","floor":28.0},{"not_picked":["hermit:Dissolve","hermit:FinalCanter"],"picked":"hermit:BlackWind","floor":33.0},{"not_picked":["hermit:Misfire","hermit:Ricochet+1"],"picked":"hermit:Snipe","floor":35.0},{"not_picked":["hermit:Cheat","hermit:Ricochet","hermit:Spite+1"],"picked":"SKIP","floor":40.0}],"player_experience":1263626,"relics_obtained":[{"floor":9.0,"key":"Anchor"},{"floor":13.0,"key":"Bottled Lightning"},{"floor":20.0,"key":"Red Mask"},{"floor":26.0,"key":"Turnip"},{"floor":36.0,"key":"Smiling Mask"},{"floor":36.0,"key":"InkBottle"},{"floor":36.0,"key":"hubris:Teleporter"}],"event_choices":[{"damage_healed":0.0,"max_hp_gain":0.0,"max_hp_loss":0.0,"gold_gain":275.0,"event_name":"Golden Shrine","player_choice":"Desecrate","floor":4.0,"gold_loss":0.0,"damage_taken":0.0,"cards_obtained":["Regret"]},{"damage_healed":0.0,"max_hp_gain":0.0,"max_hp_loss":0.0,"gold_gain":0.0,"event_name":"betterThird:BetterGoop","player_choice":"Slimed","floor":6.0,"gold_loss":48.0,"damage_taken":11.0},{"damage_healed":0.0,"max_hp_gain":0.0,"max_hp_loss":0.0,"gold_gain":0.0,"event_name":"WeMeetAgain","player_choice":"Paid Gold","floor":8.0,"gold_loss":84.0,"damage_taken":0.0,"relics_obtained":["Peace Pipe"]},{"damage_healed":0.0,"max_hp_gain":0.0,"max_hp_loss":0.0,"gold_gain":0.0,"event_name":"Masked Bandits","player_choice":"Fought Bandits","floor":20.0,"gold_loss":0.0,"damage_taken":0.0},{"cards_removed":["hermit:Strike_Hermit"],"damage_healed":0.0,"max_hp_gain":0.0,"max_hp_loss":0.0,"gold_gain":0.0,"event_name":"Beggar","player_choice":"Gave Gold","floor":24.0,"gold_loss":75.0,"damage_taken":0.0},{"damage_healed":0.0,"max_hp_gain":0.0,"max_hp_loss":0.0,"gold_gain":0.0,"event_name":"SensoryStone","player_choice":"Memory 1","floor":38.0,"gold_loss":0.0,"damage_taken":0.0},{"damage_healed":0.0,"max_hp_gain":0.0,"max_hp_loss":4.0,"gold_gain":0.0,"event_name":"Winding Halls","player_choice":"Max HP","floor":39.0,"gold_loss":0.0,"damage_taken":0.0}],"is_beta":false,"boss_relics":[{"not_picked":["hubris:HollowSoul","Coffee Dripper"],"picked":"Philosopher\u0027s Stone"},{"not_picked":["hubris:GrandSneckoEye","Empty Cage"],"picked":"hubris:Backtick"}],"items_purged_floors":[30],"is_endless":false,"potions_floor_spawned":[10,13,16,18,20,23,28,33,35],"killed_by":"3 Darklings","ascension_level":0}}