{"host":"59wnhi65kiwmnpg4","time":1613125659,"event":{"mods":["2.2 Compatiblity","AchievementEnabler","BaseMod","BetterRewards","Colored Map","Custom Start","Disable Question Mark Monsters","Highlight Path","Minty Spire (QoL Compilation)","Permanent Neow","Relic Sorter","Relic Stats"],"gold_per_floor":[113,113,125,125,144,173,187,187,187,10,10,29,29,54,54,153,153,168,188,113,133,53,78,78,95,95,95,95,115,115,127,127,232,232,244,258,258,218,20,20,32,51,51,71,71,90,108,8,8,8],"floor_reached":51,"language":"ENG","playtime":3694,"items_purged":["Strike_P","Consecrate"],"score":845,"play_id":"b63ba338-2ec5-4f9e-9b9d-0809eec86a70","local_time":"20210212102739","is_ascension_mode":true,"campfire_choices":[{"data":"Blasphemy","floor":8.0,"key":"SMITH"},{"data":"TalkToTheHand","floor":11.0,"key":"SMITH"},{"floor":13.0,"key":"REST"},{"floor":15.0,"key":"REST"},{"floor":24.0,"key":"REST"},{"floor":30.0,"key":"REST"},{"floor":32.0,"key":"REST"},{"floor":40.0,"key":"REST"},{"floor":49,"key":"REST"}],"circlet_count":0,"master_deck":["Strike_P+1","Strike_P+1","Strike_P+1","Defend_P+1","Defend_P+1","Defend_P+1","Eruption+1","Vigilance","BowlingBash","ClearTheMind","Blasphemy+1","Collect","TalkToTheHand+1","FlyingSleeves","FlyingSleeves","ThirdEye","WreathOfFlame","WheelKick","BattleHymn","RitualDagger","Evaluate+1","Perseverance","Omniscience+1","CurseOfTheBell","Crescendo+1","Wireheading+1","ThirdEye+1","Wallop","Omniscience"],"relics":["PureWater","MealTicket","Question Card","Lizard Tail","Fusion Hammer","Darkstone Periapt","InkBottle","Calling Bell","Regal Pillow","Meat on the Bone","Pocketwatch","ClockworkSouvenir","CloakClasp"],"acts_visited":["Exordium","TheCity","TheBeyond"],"potions_floor_usage":[41,50,50,50,50,50],"damage_taken":[{"damage":2.0,"enemies":"2 Louse","floor":1.0,"turns":2.0},{"damage":2.0,"enemies":"Jaw Worm","floor":3.0,"turns":5.0},{"damage":0.0,"enemies":"Cultist","floor":5.0,"turns":2.0},{"damage":27.0,"enemies":"3 Sentries","floor":6.0,"turns":8.0},{"damage":6.0,"enemies":"Looter","floor":7.0,"turns":3.0},{"damage":22.0,"enemies":"Large Slime","floor":12.0,"turns":6.0},{"damage":28.0,"enemies":"Lagavulin","floor":14.0,"turns":5.0},{"damage":18.0,"enemies":"The Guardian","floor":16.0,"turns":12.0},{"damage":0.0,"enemies":"Spheric Guardian","floor":18.0,"turns":1.0},{"damage":29.0,"enemies":"2 Thieves","floor":19.0,"turns":4.0},{"damage":10.0,"enemies":"Snecko","floor":21.0,"turns":3.0},{"damage":44.0,"enemies":"Slavers","floor":23.0,"turns":6.0},{"damage":16.0,"enemies":"3 Cultists","floor":25.0,"turns":5.0},{"damage":4.0,"enemies":"Chosen and Byrds","floor":29.0,"turns":3.0},{"damage":9.0,"enemies":"Centurion and Healer","floor":31.0,"turns":4.0},{"damage":33.0,"enemies":"Automaton","floor":33.0,"turns":8.0},{"damage":8.0,"enemies":"3 Shapes","floor":35.0,"turns":4.0},{"damage":3.0,"enemies":"3 Darklings","floor":36.0,"turns":6.0},{"damage":0,"enemies":"Jaw Worm Horde","floor":41,"turns":2},{"damage":52,"enemies":"4 Shapes","floor":42,"turns":3},{"damage":0,"enemies":"Maw","floor":44,"turns":7},{"damage":24,"enemies":"3 Darklings","floor":46,"turns":5},{"damage":33,"enemies":"Sphere and 2 Shapes","floor":47,"turns":5},{"damage":62,"enemies":"Awakened One","floor":50,"turns":8}],"seed_played":"8424173072734693249","potions_obtained":[{"floor":1.0,"key":"Swift Potion"},{"floor":3.0,"key":"Ancient Potion"},{"floor":7.0,"key":"Weak Potion"},{"floor":14.0,"key":"Fire Potion"},{"floor":19.0,"key":"BlessingOfTheForge"},{"floor":25.0,"key":"Fruit Juice"},{"floor":29.0,"key":"EntropicBrew"},{"floor":36.0,"key":"FearPotion"},{"floor":42,"key":"EntropicBrew"},{"floor":44,"key":"Strength Potion"}],"is_trial":false,"path_per_floor":["M","?","M","?","M","E","M","R","T","$","R","M","R","E","R","B",null,"M","M","$","M","$","E","R","M","T","?","?","M","R","M","R","B",null,"M","M","?","?","$","R","M","M","T","M","?","M","M","$","R","B",null],"character_chosen":"WATCHER","items_purchased":["TalkToTheHand","EntropicBrew","BattleHymn","ClockworkSouvenir","SteroidPotion"],"campfire_rested":7,"item_purchase_floors":[10,10,22,39,39],"current_hp_per_floor":[63,68,66,66,66,39,33,33,33,48,48,26,49,21,44,26,64,64,35,50,40,55,11,34,23,23,23,17,13,37,28,52,19,72,64,61,61,61,76,88,88,48,48,48,98,74,53,68,98,48],"gold":8,"neow_bonus":"UPGRADE_CARD","is_daily":false,"chose_seed":false,"campfire_upgraded":2,"win_rate":0.0,"timestamp":1613125659,"path_taken":["M","?","M","?","M","E","M","R","T","$","R","M","R","E","R","BOSS","M","M","$","?","$","E","R","M","T","?","?","M","R","M","R","BOSS","M","M","?","?","$","R","M","?","T","M","?","M","M","$","R","BOSS"],"items_purchased_type":["Card","Potion","Card","Relic","Potion"],"build_version":"2020-12-22","purchased_purges":2,"victory":true,"max_hp_per_floor":[72,77,77,77,77,77,77,77,77,77,77,77,77,77,77,77,77,77,77,77,77,77,77,77,82,82,82,82,82,82,82,82,82,88,88,88,88,88,88,88,88,88,88,88,98,98,98,98,98,98],"relic_stats":{"Darkstone Periapt":6,"Lizard Tail":0,"Regal Pillow":1,"counters":[24,117],"MealTicket":75,"CloakClasp":[110],"Question Card":19,"obtain_stats":[{"Darkstone Periapt":23,"Regal Pillow":34,"CloakClasp":43,"Question Card":9,"ClockworkSouvenir":39,"Calling Bell":34,"Lizard Tail":14,"MealTicket":6,"Fusion Hammer":17,"PureWater":0,"InkBottle":26,"Meat on the Bone":34,"Pocketwatch":34},{"Darkstone Periapt":12,"Regal Pillow":16,"CloakClasp":20,"Question Card":5,"ClockworkSouvenir":18,"Calling Bell":16,"Lizard Tail":7,"MealTicket":4,"Fusion Hammer":8,"PureWater":0,"InkBottle":13,"Meat on the Bone":16,"Pocketwatch":16},{"Darkstone Periapt":57,"Regal Pillow":77,"CloakClasp":92,"Question Card":20,"ClockworkSouvenir":87,"Calling Bell":77,"Lizard Tail":31,"MealTicket":17,"Fusion Hammer":43,"PureWater":0,"InkBottle":62,"Meat on the Bone":77,"Pocketwatch":77}],"InkBottle":[23],"Meat on the Bone":36,"Pocketwatch":[17]},"card_choices":[{"not_picked":["Indignation","CutThroughFate","CrushJoints"],"picked":"SKIP","floor":1.0},{"not_picked":["Indignation","FollowUp"],"picked":"BowlingBash","floor":3.0},{"not_picked":["Indignation","Pray"],"picked":"ClearTheMind","floor":5.0},{"not_picked":["InnerPeace","SignatureMove"],"picked":"Blasphemy","floor":6.0},{"not_picked":["EmptyBody","CrushJoints"],"picked":"Collect","floor":7.0},{"not_picked":["ThirdEye","Pray","Protect"],"picked":"FlyingSleeves","floor":12.0},{"not_picked":["Worship","CarveReality","ThirdEye"],"picked":"FlyingSleeves","floor":14.0},{"not_picked":["DevaForm","Brilliance","Devotion"],"picked":"Judgement","floor":16.0},{"not_picked":["FlyingSleeves","Collect","CrushJoints"],"picked":"ThirdEye","floor":18.0},{"not_picked":["Consecrate","Protect","PathToVictory"],"picked":"WreathOfFlame","floor":19.0},{"not_picked":["SignatureMove+1","SashWhip","FlurryOfBlows"],"picked":"WheelKick","floor":21.0},{"not_picked":["WreathOfFlame","CarveReality+1","CrushJoints","SashWhip"],"picked":"SKIP","floor":23.0},{"not_picked":["Scrawl","Swivel","FlyingSleeves"],"picked":"Consecrate","floor":25.0},{"not_picked":["Study","FollowUp","CrushJoints"],"picked":"Evaluate+1","floor":29.0},{"not_picked":["CutThroughFate","ThirdEye","Prostrate+1"],"picked":"Perseverance","floor":31.0},{"not_picked":["Establishment","DevaForm","Alpha"],"picked":"Omniscience","floor":33.0},{"not_picked":["InnerPeace","CutThroughFate","ConjureBlade","Sanctity+1"],"picked":"SKIP","floor":35.0},{"not_picked":["FollowUp","JustLucky","FlyingSleeves"],"picked":"Crescendo+1","floor":36.0},{"not_picked":["Vengeance","WaveOfTheHand","CrushJoints"],"picked":"Wireheading+1","floor":41},{"not_picked":["Swivel","PathToVictory+1","Indignation+1"],"picked":"ThirdEye+1","floor":42},{"not_picked":["Protect+1","FlurryOfBlows","CutThroughFate+1","Fasting2"],"picked":"SKIP","floor":44},{"not_picked":["EmptyBody+1","FlurryOfBlows","ClearTheMind"],"picked":"Wallop","floor":46},{"not_picked":["CutThroughFate","Worship+1","Fasting2"],"picked":"Omniscience","floor":47}],"player_experience":905936,"relics_obtained":[{"floor":6.0,"key":"MealTicket"},{"floor":9.0,"key":"Question Card"},{"floor":14.0,"key":"Lizard Tail"},{"floor":23.0,"key":"Darkstone Periapt"},{"floor":26.0,"key":"InkBottle"},{"floor":34.0,"key":"Regal Pillow"},{"floor":34.0,"key":"Meat on the Bone"},{"floor":34.0,"key":"Pocketwatch"},{"floor":43,"key":"CloakClasp"}],"event_choices":[{"damage_healed":0.0,"max_hp_gain":5.0,"max_hp_loss":0.0,"gold_gain":0.0,"event_name":"Big Fish","player_choice":"Donut","floor":2.0,"gold_loss":0.0,"damage_taken":0.0},{"cards_removed":["Defend_P"],"damage_healed":0.0,"max_hp_gain":0.0,"max_hp_loss":0.0,"gold_gain":0.0,"event_name":"Purifier","player_choice":"Purged","floor":4.0,"gold_loss":0.0,"damage_taken":0.0},{"damage_healed":0.0,"max_hp_gain":0.0,"max_hp_loss":0.0,"gold_gain":0.0,"event_name":"Back to Basics","player_choice":"Simplicity","floor":27.0,"gold_loss":0.0,"damage_taken":0.0,"cards_upgraded":["Strike_P","Strike_P","Strike_P","Defend_P","Defend_P","Defend_P"]},{"damage_healed":0.0,"max_hp_gain":0.0,"max_hp_loss":0.0,"gold_gain":0.0,"event_name":"Nest","player_choice":"Joined the Cult","floor":28.0,"gold_loss":0.0,"damage_taken":6.0,"cards_obtained":["RitualDagger"]},{"damage_healed":0.0,"max_hp_gain":0.0,"max_hp_loss":0.0,"gold_gain":0.0,"event_name":"Tomb of Lord Red Mask","player_choice":"Ignored","floor":37.0,"gold_loss":0.0,"damage_taken":0.0},{"damage_healed":0.0,"max_hp_gain":0.0,"max_hp_loss":0.0,"gold_gain":0.0,"event_name":"Designer","player_choice":"Upgrade","floor":38.0,"gold_loss":40.0,"damage_taken":0.0,"cards_upgraded":["Omniscience"]},{"cards_removed":["Judgement"],"damage_healed":40,"gold_gain":0,"player_choice":"Offered Rare","damage_taken":0,"max_hp_gain":10,"max_hp_loss":0,"event_name":"Bonfire Elementals","floor":45,"gold_loss":0}],"is_beta":false,"boss_relics":[{"not_picked":["Sozu","Coffee Dripper"],"picked":"Fusion Hammer"},{"not_picked":["Runic Dome","Pandora\u0027s Box"],"picked":"Calling Bell"}],"items_purged_floors":[20,48],"is_endless":false,"potions_floor_spawned":[1,3,7,14,19,21,25,29,36,42,44,46],"ascension_level":6}}