{"host":"5inz41fcnifmg6v2","time":1613115265,"event":{"mods":["BaseMod","Downfall","Minty Spire (QoL Compilation)","Reliquary","Replay The Spire","StSLib"],"gold_per_floor":[111,129,145,145,220,250,250,275,275,330,330,27,40,215,215,313,313,326,326,338,388,388,388],"floor_reached":22,"language":"ZHS","playtime":1465,"items_purged":["Strike_R"],"score":236,"play_id":"0663377d-df8a-4a0f-80ce-8f578b01115b","local_time":"20210212153425","is_ascension_mode":true,"campfire_choices":[{"floor":7,"key":"REST"},{"floor":11,"key":"RECALL"},{"data":"Rage","floor":15,"key":"SMITH"}],"circlet_count":0,"master_deck":["Strike_R","Strike_R","Strike_R","Strike_R","Defend_R","Defend_R","Defend_R","Defend_R","Bash","Pommel Strike","Intimidate","Rage+1","ReplayTheSpireMod:Muscle Training","Havoc","Combust","Combust","Shrug It Off+1","Pummel","Doubt","Double Tap","CurseOfTheBell","Uppercut","Cleave"],"relics":["Burning Blood","NeowsBlessing","Red Skull","reliquary:PrincelyHelmet","Blue Doll","Pear","Lee\u0027s Waffle","Calling Bell","Bag of Marbles","Shuriken","Replay:Kaleidoscope"],"acts_visited":["Exordium","TheCity"],"potions_floor_usage":[6,8,16,18,22],"damage_taken":[{"damage":0,"enemies":"Small Slimes","floor":1,"turns":1},{"damage":0,"enemies":"2 Louse","floor":2,"turns":1},{"damage":0,"enemies":"Jaw Worm","floor":3,"turns":1},{"damage":17,"enemies":"Gremlin Nob","floor":6,"turns":4},{"damage":11,"enemies":"Lagavulin","floor":8,"turns":6},{"damage":48,"enemies":"Gremlin Nob","floor":10,"turns":5},{"damage":4,"enemies":"Looter","floor":13,"turns":4},{"damage":59,"enemies":"Slime Boss","floor":16,"turns":7},{"damage":39,"enemies":"Shell Parasite","floor":18,"turns":7},{"damage":38,"enemies":"3 Byrds","floor":20,"turns":6},{"damage":26,"enemies":"Shelled Parasite and Fungi","floor":22,"turns":3}],"seed_played":"5419415423440272817","potions_obtained":[{"floor":3,"key":"AttackPotion"},{"floor":6,"key":"Fire Potion"},{"floor":10,"key":"AttackPotion"},{"floor":16,"key":"SteroidPotion"},{"floor":20,"key":"Regen Potion"}],"is_trial":false,"path_per_floor":["M","M","M","?","?","E","R","E","T","?","R","$","M","?","R","B",null,"M","?","M","?","M"],"character_chosen":"IRONCLAD","items_purchased":["Lee\u0027s Waffle","Combust","Shrug It Off+1"],"campfire_rested":1,"item_purchase_floors":[12,12,12],"current_hp_per_floor":[80,80,80,77,66,55,79,74,74,42,42,97,97,97,97,44,97,64,45,13,13,0,0],"gold":388,"neow_bonus":"THREE_ENEMY_KILL","is_daily":false,"chose_seed":false,"campfire_upgraded":1,"win_rate":0.0,"timestamp":1613115265,"path_taken":["M","M","M","?","?","E","R","E","T","?","R","?","?","?","R","BOSS","M","?","M","?","?"],"items_purchased_type":["Relic","Card","Card"],"build_version":"2020-12-22","purchased_purges":1,"victory":false,"max_hp_per_floor":[80,80,80,80,80,80,80,80,80,90,90,97,97,97,97,97,97,97,102,102,102,102,102],"card_choices":[{"not_picked":["Replay:Undeath\u0027s Touch","Body Slam"],"picked":"Pommel Strike","floor":1},{"not_picked":["Massacre","Second Wind","ReplayTheSpireMod:Strike From Hell"],"picked":"SKIP","floor":2},{"not_picked":["Havoc","Warcry"],"picked":"Intimidate","floor":3},{"not_picked":["Infernal Blade","Perfected Strike"],"picked":"Rage","floor":6},{"not_picked":["Warcry","ReplayTheSpireMod:Strike From Hell"],"picked":"ReplayTheSpireMod:Muscle Training","floor":8},{"not_picked":["Sentinel","Warcry"],"picked":"Havoc","floor":10},{"not_picked":["Dual Wield","Anger"],"picked":"Pummel","floor":13},{"not_picked":["Immolate","Reaper"],"picked":"Double Tap","floor":16},{"not_picked":["Metallicize","Havoc+1"],"picked":"Uppercut","floor":18},{"not_picked":["Pommel Strike+1","Iron Wave"],"picked":"Cleave","floor":20}],"player_experience":83127,"relics_obtained":[{"floor":6,"key":"reliquary:PrincelyHelmet"},{"floor":8,"key":"Blue Doll"},{"floor":10,"key":"Pear"},{"floor":17,"key":"Bag of Marbles"},{"floor":17,"key":"Shuriken"},{"floor":17,"key":"Replay:Kaleidoscope"}],"event_choices":[{"damage_healed":0,"gold_gain":0,"player_choice":"Success","damage_taken":3,"relics_obtained":["Red Skull"],"max_hp_gain":0,"max_hp_loss":0,"event_name":"Scrap Ooze","floor":4,"gold_loss":0},{"damage_healed":0,"gold_gain":75,"player_choice":"Gather Gold","damage_taken":11,"max_hp_gain":0,"max_hp_loss":0,"event_name":"World of Goop","floor":5,"gold_loss":0},{"damage_healed":0,"gold_gain":0,"player_choice":"Searched \u00271\u0027 times","damage_taken":0,"max_hp_gain":0,"max_hp_loss":0,"event_name":"Dead Adventurer","floor":10,"gold_loss":0},{"damage_healed":0,"gold_gain":175,"player_choice":"AGREE","damage_taken":0,"max_hp_gain":0,"max_hp_loss":0,"event_name":"Liars Game","floor":14,"gold_loss":0,"cards_obtained":["Doubt"]},{"damage_healed":0,"gold_gain":0,"player_choice":"Shed Blood","damage_taken":24,"max_hp_gain":5,"max_hp_loss":0,"event_name":"Forgotten Altar","floor":19,"gold_loss":0},{"damage_healed":0,"gold_gain":100,"player_choice":"Bet on Murderer","damage_taken":0,"max_hp_gain":0,"max_hp_loss":0,"event_name":"The Joust","floor":21,"gold_loss":50}],"is_beta":false,"boss_relics":[{"not_picked":["Ooze Armor","reliquary:RedPaperclip"],"picked":"Calling Bell"}],"items_purged_floors":[12],"is_endless":false,"potions_floor_spawned":[3,6,10,16,20],"killed_by":"Shelled Parasite and Fungi","ascension_level":2}}