{"host":"6p0attdrtjqaih7v","time":1613148077,"event":{"mods":["2.2 Compatiblity","AchievementEnabler","Bard","BaseMod","Better Skull","Better Third Choice","Card Filter","Colored Powertips","Hermit","Highlight Path","Hubris","Key Reminder","Minty Spire (QoL Compilation)","Permanent Neow","Quick Restart","Random Character Button","Relic Filter","Relic Stats","Reliquary","Replay The Spire","Robot Space Explorer","StSLib","The Hayseed","The Witch"],"gold_per_floor":[114,132,0,0,14,47,47,72,96,96,108,123,5,5,5,99,99,122,122,147,168,184,228,228,228,228,244,287,287,306,306,306,401,401,416,439,463,796,375,375,97,97,175,175,189,309,321,333,333,333,333,333],"floor_reached":51,"language":"ENG","playtime":3256,"items_purged":["Pain","hermit:RoundhouseKick"],"score":1323,"play_id":"926121e7-4482-473f-aa44-b751a57d4928","local_time":"20210212114117","is_ascension_mode":true,"campfire_choices":[{"data":"hermit:FlashPowder","floor":7.0,"key":"SMITH"},{"data":"hermit:Horror","floor":10.0,"key":"SMITH"},{"data":"hermit:Snapshot","floor":15.0,"key":"SMITH"},{"floor":24,"key":"REST"},{"data":"hermit:Maintenance","floor":25,"key":"SMITH"},{"data":"J.A.X.","floor":29,"key":"SMITH"},{"floor":32,"key":"REST"},{"data":"hermit:PistolWhip","floor":40,"key":"SMITH"},{"floor":42,"key":"REST"},{"data":"hermit:Brawl","floor":44,"key":"SMITH"},{"floor":49,"key":"REST"}],"circlet_count":0,"master_deck":["AscendersBane","hermit:Strike_Hermit","hermit:Strike_Hermit","hermit:Defend_Hermit","hermit:Defend_Hermit","hermit:Defend_Hermit","hermit:Defend_Hermit","hermit:Snapshot+1","hermit:Covet","hermit:Vantage","hermit:Horror+1","hermit:LuckOfTheDraw","hermit:FlashPowder+1","hermit:Misfire","hermit:Manifest","hermit:PistolWhip+1","hermit:Enervate","J.A.X.+1","hermit:Enervate","hermit:Maintenance+1","hermit:Horror","hermit:Grudge","hermit:WideOpen+1","hermit:FromBeyond","hermit:Spite","hermit:Brawl+1","hermit:GhostlyPresence","Sadistic Nature"],"relics":["hubris:Backtick","Pondfish Scales","WarpedTongs","WingedGreaves","hubris:DeckOfHolding","Oddly Smooth Stone","Replay:Grab Bag","Velvet Choker","Replay:Drink Me","Darkstone Periapt","reliquary:PurpleTingedLeaf","hubris:GlazedTorus","hermit:BartenderGlass","Mango","Centennial Puzzle","Mirror","Mercury Hourglass"],"acts_visited":["Exordium","TheCity","TheBeyond"],"potions_floor_usage":[20,22,28,35,35,37,37,37,48,48,50,50,51,51,51],"damage_taken":[{"damage":0.0,"enemies":"2 Louse","floor":1.0,"turns":2.0},{"damage":0.0,"enemies":"Cultist","floor":2.0,"turns":4.0},{"damage":2.0,"enemies":"Jaw Worm","floor":5.0,"turns":4.0},{"damage":9.0,"enemies":"3 Sentries","floor":6.0,"turns":10.0},{"damage":14.0,"enemies":"Gremlin Nob","floor":8.0,"turns":4.0},{"damage":4.0,"enemies":"Blue Slaver","floor":11.0,"turns":3.0},{"damage":20.0,"enemies":"Gremlin Gang","floor":12.0,"turns":6.0},{"damage":7.0,"enemies":"Hexaghost","floor":16.0,"turns":8.0},{"damage":0,"enemies":"Spheric Guardian","floor":18,"turns":4},{"damage":6,"enemies":"2 Thieves","floor":20,"turns":4},{"damage":7,"enemies":"Shelled Parasite and Fungi","floor":21,"turns":5},{"damage":3,"enemies":"Snake Plant","floor":22,"turns":5},{"damage":7,"enemies":"Replay:Snechameleon","floor":23,"turns":7},{"damage":3,"enemies":"Snecko","floor":27,"turns":5},{"damage":21,"enemies":"Gremlin Leader","floor":28,"turns":8},{"damage":3,"enemies":"Shelled Parasite and Fungi","floor":30,"turns":5},{"damage":21,"enemies":"Collector","floor":33,"turns":6},{"damage":3,"enemies":"Orb Walker","floor":35,"turns":4},{"damage":3,"enemies":"3 Darklings","floor":36,"turns":8},{"damage":7,"enemies":"Transient","floor":37,"turns":6},{"damage":3,"enemies":"4 Shapes","floor":45,"turns":8},{"damage":6,"enemies":"Spire Growth","floor":47,"turns":5},{"damage":22,"enemies":"Jaw Worm Horde","floor":48,"turns":3},{"damage":30,"enemies":"Donu and Deca","floor":50,"turns":10},{"damage":77,"enemies":"Time Eater","floor":51,"turns":12}],"seed_played":"1725477857933529997","potions_obtained":[{"floor":6.0,"key":"Ancient Potion"},{"floor":12.0,"key":"BlessingOfTheForge"},{"floor":16.0,"key":"Languid Potion"},{"floor":18,"key":"ColorlessPotion"},{"floor":23,"key":"Doom Potion"},{"floor":28,"key":"Death Potion"},{"floor":33,"key":"Venom Potion"},{"floor":35,"key":"Strength Potion"},{"floor":37,"key":"FearPotion"},{"floor":46,"key":"FairyPotion"}],"is_trial":false,"path_per_floor":["M","M","$","?","M","E","R","E","T","R","M","M","$","?","R","B",null,"M","?","M","M","M","E","R","R","T","M","E","R","M","?","R","B",null,"M","M","M","?","$","R","$","R","T","R","M","?","M","M","R","B","B"],"character_chosen":"HERMIT","items_purchased":["hermit:LuckOfTheDraw","hermit:Tonic","hermit:Enervate","Mango","hermit:Brawl","hermit:GhostlyPresence","Centennial Puzzle"],"campfire_rested":4,"item_purchase_floors":[3,3,13,39,41,41,41],"current_hp_per_floor":[64,64,64,64,62,53,53,39,39,39,35,15,15,15,15,8,43,43,43,37,30,27,20,36,36,36,34,14,14,12,12,28,9,43,41,40,34,34,48,48,48,68,68,68,66,66,61,40,60,32,0,0],"gold":333,"neow_bonus":"BOSS_RELIC","is_daily":false,"chose_seed":false,"campfire_upgraded":7,"win_rate":0.0,"timestamp":1613148077,"path_taken":["M","M","$","?","?","E","R","E","T","R","M","M","$","?","R","BOSS","M","?","M","M","M","E","R","R","T","M","E","R","M","?","R","BOSS","M","?","?","?","$","R","$","R","T","R","M","?","?","M","R","BOSS","BOSS"],"items_purchased_type":["Card","Potion","Card","Relic","Card","Card","Relic"],"build_version":"2020-12-22","purchased_purges":2,"victory":false,"max_hp_per_floor":[71,71,71,71,71,71,71,71,71,71,71,71,71,71,71,71,54,54,54,54,54,54,54,54,54,54,54,54,54,54,54,54,54,54,54,54,54,54,68,68,68,68,68,68,68,68,68,68,68,68,68,68],"relic_stats":{"Darkstone Periapt":0,"Centennial Puzzle":[15],"counters":[25,146],"obtain_stats":[{"Darkstone Periapt":23,"Golden Idol":14,"Replay:Grab Bag":17,"Oddly Smooth Stone":9,"Velvet Choker":17,"Mango":39,"WarpedTongs":4,"Mercury Hourglass":46,"Pondfish Scales":0,"Centennial Puzzle":41,"hubris:Backtick":0,"hubris:DeckOfHolding":8,"hermit:BartenderGlass":34,"WingedGreaves":6,"Replay:Drink Me":17,"Mirror":43,"hermit:Momento":0,"reliquary:PurpleTingedLeaf":26,"hubris:GlazedTorus":28},{"Darkstone Periapt":13,"Golden Idol":7,"Replay:Grab Bag":8,"Oddly Smooth Stone":5,"Velvet Choker":8,"Mango":20,"WarpedTongs":2,"Mercury Hourglass":21,"Pondfish Scales":0,"Centennial Puzzle":20,"hubris:Backtick":0,"hubris:DeckOfHolding":5,"hermit:BartenderGlass":17,"WingedGreaves":4,"Replay:Drink Me":8,"Mirror":20,"hermit:Momento":0,"reliquary:PurpleTingedLeaf":13,"hubris:GlazedTorus":15},{"Darkstone Periapt":66,"Golden Idol":33,"Replay:Grab Bag":41,"Oddly Smooth Stone":24,"Velvet Choker":41,"Mango":108,"WarpedTongs":6,"Mercury Hourglass":116,"Pondfish Scales":0,"Centennial Puzzle":108,"hubris:Backtick":0,"hubris:DeckOfHolding":24,"hermit:BartenderGlass":90,"WingedGreaves":20,"Replay:Drink Me":41,"Mirror":108,"hermit:Momento":0,"reliquary:PurpleTingedLeaf":66,"hubris:GlazedTorus":79}],"WarpedTongs":[135],"Mercury Hourglass":[66]},"card_choices":[{"not_picked":["hermit:Cheat","hermit:Ricochet"],"picked":"hermit:Vantage","floor":1.0},{"not_picked":["hermit:Glare","hermit:ShadowCloak"],"picked":"hermit:Horror","floor":2.0},{"not_picked":["hermit:Glare","hermit:CalledShot"],"picked":"hermit:LuckOfTheDraw","floor":5.0},{"not_picked":["hermit:Midnight","hermit:Gambit"],"picked":"hermit:FlashPowder","floor":6.0},{"not_picked":["hermit:SprayPray","hermit:TrackingShot"],"picked":"hermit:Misfire","floor":8.0},{"not_picked":["hermit:ItchyTrigger","hermit:Vantage"],"picked":"hermit:Manifest","floor":11.0},{"not_picked":["hermit:HoleUp","hermit:Desperado"],"picked":"hermit:PistolWhip","floor":12.0},{"not_picked":["hermit:OverwhelmingPower","hermit:Gambit"],"picked":"hermit:RoundhouseKick","floor":16.0},{"not_picked":["hermit:HighCaliber","hermit:Deadeye","hermit:Cheat"],"picked":"SKIP","floor":18},{"not_picked":["hermit:FlashPowder","hermit:GoldenBullet"],"picked":"hermit:Enervate","floor":20},{"not_picked":["hermit:WideOpen","hermit:Roulette"],"picked":"hermit:Maintenance","floor":21},{"not_picked":["hermit:Dive","hermit:Quickdraw","hermit:Ricochet"],"picked":"SKIP","floor":22},{"not_picked":["hermit:BigShot","hermit:Feint"],"picked":"hermit:Horror","floor":23},{"not_picked":["hermit:FatalDesire","hermit:Manifest","hermit:BigShot"],"picked":"SKIP","floor":27},{"not_picked":["hermit:Desperado","hermit:Dive"],"picked":"hermit:Grudge","floor":28},{"not_picked":["hermit:SprayPray","hermit:Determination"],"picked":"hermit:WideOpen+1","floor":30},{"not_picked":["hermit:Gambit","hermit:FatalDesire"],"picked":"hermit:FromBeyond","floor":33},{"not_picked":["hermit:HoleUp","hermit:Coalescence"],"picked":"hermit:Spite","floor":35},{"not_picked":["hermit:Ricochet","hermit:LowProfile+1","hermit:Manifest"],"picked":"SKIP","floor":36},{"not_picked":["hermit:HighCaliber","hermit:CalledShot","hermit:Ricochet+1"],"picked":"SKIP","floor":37},{"not_picked":["hermit:LowProfile","hermit:TakeCover+1","hermit:Cheat+1"],"picked":"SKIP","floor":45},{"not_picked":["Deep Breath","Enlightenment"],"picked":"Sadistic Nature","floor":46},{"not_picked":["hermit:Headshot","hermit:Combo","hermit:Malice"],"picked":"SKIP","floor":47},{"not_picked":["hermit:TakeCover","hermit:Misfire","hermit:Dive"],"picked":"SKIP","floor":48}],"player_experience":1108001,"relics_obtained":[{"floor":6.0,"key":"WingedGreaves"},{"floor":8.0,"key":"hubris:DeckOfHolding"},{"floor":9.0,"key":"Oddly Smooth Stone"},{"floor":23,"key":"Darkstone Periapt"},{"floor":26,"key":"reliquary:PurpleTingedLeaf"},{"floor":28,"key":"hubris:GlazedTorus"},{"floor":43,"key":"Mirror"},{"floor":46,"key":"Mercury Hourglass"}],"event_choices":[{"damage_healed":0.0,"max_hp_gain":0.0,"max_hp_loss":0.0,"gold_gain":0.0,"event_name":"Accursed Blacksmith","player_choice":"Rummage","floor":4.0,"gold_loss":0.0,"damage_taken":0.0,"relics_obtained":["WarpedTongs"],"cards_obtained":["Pain"]},{"damage_healed":0.0,"max_hp_gain":0.0,"max_hp_loss":0.0,"gold_gain":0.0,"event_name":"Golden Idol","player_choice":"Take Wound","floor":14.0,"gold_loss":0.0,"damage_taken":0.0,"relics_obtained":["Golden Idol"],"cards_obtained":["Injury"]},{"damage_healed":0,"gold_gain":0,"player_choice":"Obtain J.A.X.","damage_taken":0,"max_hp_gain":0,"max_hp_loss":0,"event_name":"Drug Dealer","floor":19,"gold_loss":0,"cards_obtained":["J.A.X."]},{"cards_removed":["Injury"],"damage_healed":0,"gold_gain":0,"player_choice":"Removed Curses","damage_taken":0,"max_hp_gain":0,"max_hp_loss":0,"event_name":"Fountain of Cleansing","floor":31,"gold_loss":0},{"damage_healed":0,"gold_gain":333,"player_choice":"Gave Idol","damage_taken":0,"max_hp_gain":0,"max_hp_loss":0,"event_name":"The Moai Head","floor":38,"relics_lost":["Golden Idol"],"gold_loss":0},{"damage_healed":0,"gold_gain":0,"player_choice":"Random: Red","damage_taken":0,"max_hp_gain":0,"max_hp_loss":0,"event_name":"betterThird:BetterPortal","floor":46,"gold_loss":0}],"is_beta":false,"boss_relics":[{"not_picked":["Coffee Dripper","reliquary:RedPaperclip"],"picked":"Replay:Grab Bag"},{"not_picked":["Sozu","Busted Crown"],"picked":"Velvet Choker"},{"not_picked":["Snecko Eye","Astrolabe"],"picked":"Replay:Drink Me"},{"not_picked":["hermit:DentedPlate","Tiny House"],"picked":"hermit:BartenderGlass"}],"items_purged_floors":[13,39],"is_endless":false,"potions_floor_spawned":[6,12,16,18,23,28,33,35,37],"killed_by":"Time Eater","ascension_level":20}}