{"host":"ix07nhfx4o3nf6kx","time":1613109160,"event":{"mods":["BaseMod","Hermit","Minty Spire (QoL Compilation)","StSLib","The Bug Knight","The Cursed","The Dragon Tamer","The Hierophant","The Jungle","The Runesmith"],"gold_per_floor":[118,118,134,134,153,153,188,198,198,209,174,187,187,72,72,177,177,161,161,40,53,68,68,81,81,81,113,113,133,143,103,103,103,103,103],"floor_reached":33,"language":"KOR","playtime":5866,"items_purged":[],"score":319,"play_id":"1da567fb-ba58-41f6-95bf-1e1b068d680f","local_time":"20210212145240","is_ascension_mode":false,"metric_token":671,"campfire_choices":[{"data":"DTMod:CleansingStrike","floor":6,"key":"SMITH"},{"data":"DTMod:Dissolve","floor":13,"key":"SMITH"},{"data":"DTMod:Overwhelm","floor":15,"key":"SMITH"},{"data":"DTMod:SealedStrike","floor":23,"key":"SMITH"},{"data":"DTMod:SealedStrike+1","floor":25,"key":"SMITH"},{"data":"DTMod:SealedStrike+2","floor":28,"key":"SMITH"},{"floor":32,"key":"REST"}],"dtmod_dragon_data":[16,50,1,-1,12,0],"circlet_count":0,"master_deck":["DTMod:Strike","DTMod:Strike","DTMod:Strike","DTMod:Strike","DTMod:DoubleHit","DTMod:TargetDefense","DTMod:TargetDefense","DTMod:TargetDefense","DTMod:TargetDefense","DTMod:SwitchingTactic","DTMod:ShadowImage+1","DTMod:BlueScale","DTMod:Dissolve+1","DTMod:CleansingStrike+1","DTMod:MagicField","DTMod:Hide","DTMod:InvisibleFlame","DTMod:BurningEnergy","DTMod:LowKick","DTMod:Overwhelm+1","DTMod:SealedStrike+3","DTMod:BlazingStrike","DTMod:BurningForce","DTMod:Dissolve","DTMod:LastStand","DTMod:ComboAttack","DTMod:BlazingStrike+1","DTMod:RecklessFlurry","DTMod:Observe","DTMod:Shift"],"relics":["DTMod:PactStone","Gremlin Horn","InkBottle","SacredBark","Runesmith:AutoHammer","Matryoshka","Potion Belt"],"acts_visited":["Exordium","TheCity"],"potions_floor_usage":[7,16,16,21,21,22,22,24,30,33,33,33,33],"damage_taken":[{"damage":3,"enemies":"Small Slimes","floor":1,"turns":3},{"damage":0,"enemies":"Jaw Worm","floor":3,"turns":4},{"damage":0,"enemies":"2 Louse","floor":5,"turns":3},{"damage":10,"enemies":"Lagavulin","floor":7,"turns":12},{"damage":0,"enemies":"2 Fungi Beasts","floor":8,"turns":4},{"damage":0,"enemies":"Lots of Slimes","floor":10,"turns":5},{"damage":3,"enemies":"Exordium Wildlife","floor":12,"turns":13},{"damage":0,"enemies":"Hexaghost","floor":16,"turns":15},{"damage":0,"enemies":"2 Thieves","floor":18,"turns":4},{"damage":0,"enemies":"3 Byrds","floor":21,"turns":5},{"damage":54,"enemies":"Centurion and Healer","floor":22,"turns":9},{"damage":3,"enemies":"Shelled Parasite and Fungi","floor":24,"turns":5},{"damage":13,"enemies":"Gremlin Leader","floor":27,"turns":9},{"damage":2,"enemies":"Snake Plant","floor":29,"turns":4},{"damage":10,"enemies":"Cultist and Chosen","floor":30,"turns":5},{"damage":24,"enemies":"Champ","floor":33,"turns":3}],"seed_played":"-7669135340716217436","potions_obtained":[{"floor":1,"key":"SkillPotion"},{"floor":5,"key":"LiquidMemories"},{"floor":8,"key":"EntropicBrew"},{"floor":12,"key":"Energy Potion"},{"floor":22,"key":"FearPotion"},{"floor":27,"key":"EssenceOfSteel"},{"floor":30,"key":"Explosive Potion"},{"floor":31,"key":"Fire Potion"},{"floor":31,"key":"FearPotion"},{"floor":31,"key":"Ancient Potion"}],"is_trial":false,"path_per_floor":["M","?","M","?","M","R","E","M","T","M","?","M","R","$","R","B",null,"M","?","$","M","M","R","M","R","T","E","R","M","M","?","R","B"],"character_chosen":"THE_DT","items_purchased":["DTMod:LowKick","DTMod:Overwhelm","DTMod:BurningForce","DTMod:Dissolve"],"campfire_rested":1,"item_purchase_floors":[14,14,20,20],"current_hp_per_floor":[42,42,42,47,47,47,37,37,37,37,49,46,46,46,46,46,50,50,50,50,50,30,30,27,27,27,14,14,12,2,2,17,0,0,0],"gold":103,"neow_bonus":"ONE_RANDOM_RARE_CARD","is_daily":false,"chose_seed":false,"campfire_upgraded":6,"win_rate":0.0,"timestamp":1613109160,"path_taken":["M","?","M","?","M","R","E","M","T","M","?","M","R","$","R","BOSS","M","?","$","M","M","R","M","R","T","E","R","M","M","?","R","BOSS"],"items_purchased_type":["Card","Card","Card","Card"],"build_version":"2020-12-22","purchased_purges":0,"victory":false,"max_hp_per_floor":[45,45,45,50,50,50,50,50,50,50,50,50,50,50,50,50,50,50,50,50,50,50,50,50,50,50,50,50,50,50,50,50,50,50,50],"card_choices":[{"not_picked":["DTMod:MasterPlan","DTMod:Feint"],"picked":"DTMod:BlueScale","floor":1},{"not_picked":["DTMod:MagicField","DTMod:Threaten"],"picked":"DTMod:Dissolve","floor":3},{"not_picked":["DTMod:Overwhelm","DTMod:QuickFly"],"picked":"DTMod:CleansingStrike","floor":5},{"not_picked":["DTMod:BreakAttack","DTMod:DragonDance"],"picked":"DTMod:MagicField","floor":7},{"not_picked":["DTMod:MasterPlan","DTMod:CleansingStrike"],"picked":"DTMod:Hide","floor":8},{"not_picked":["DTMod:MagicField","DTMod:MasterPlan"],"picked":"DTMod:InvisibleFlame","floor":10},{"not_picked":["DTMod:QuickFly","DTMod:Weaken"],"picked":"DTMod:BurningEnergy","floor":12},{"not_picked":["DTMod:ShadowImage","DTMod:GearUp"],"picked":"DTMod:SealedStrike","floor":16},{"not_picked":["DTMod:TagTeam","DTMod:StarRain+1"],"picked":"DTMod:BlazingStrike","floor":18},{"not_picked":["DTMod:TagTeam+1","DTMod:BuildUp"],"picked":"DTMod:LastStand","floor":21},{"not_picked":["DTMod:Weaken","DTMod:InvisibleFlame+1"],"picked":"DTMod:ComboAttack","floor":22},{"not_picked":["DTMod:BalancedStrike+1","DTMod:Punisher+1"],"picked":"DTMod:BlazingStrike+1","floor":24},{"not_picked":["DTMod:BizarreTactic","DTMod:QuickFly"],"picked":"DTMod:RecklessFlurry","floor":27},{"not_picked":["DTMod:InvisibleFlame+1","DTMod:HeatWave"],"picked":"DTMod:Observe","floor":29},{"not_picked":["DTMod:Safeguard","DTMod:BurningEnergy"],"picked":"DTMod:Shift","floor":30}],"player_experience":234421,"relics_obtained":[{"floor":7,"key":"Gremlin Horn"},{"floor":9,"key":"InkBottle"},{"floor":26,"key":"Matryoshka"},{"floor":27,"key":"Potion Belt"}],"event_choices":[{"damage_healed":0,"gold_gain":0,"player_choice":"Grow","damage_taken":0,"max_hp_gain":0,"max_hp_loss":0,"event_name":"Living Wall","floor":2,"gold_loss":0,"cards_upgraded":["DTMod:ShadowImage"]},{"damage_healed":0,"gold_gain":0,"player_choice":"Donut","damage_taken":0,"max_hp_gain":5,"max_hp_loss":0,"event_name":"Big Fish","floor":4,"gold_loss":0},{"damage_healed":12,"gold_gain":0,"player_choice":"Healed","damage_taken":0,"max_hp_gain":0,"max_hp_loss":0,"event_name":"The Cleric","floor":11,"gold_loss":35},{"damage_healed":0,"gold_gain":0,"player_choice":"Opened","damage_taken":0,"relics_obtained":["Runesmith:AutoHammer"],"max_hp_gain":0,"max_hp_loss":0,"event_name":"The Mausoleum","floor":19,"gold_loss":0},{"damage_healed":0,"gold_gain":0,"player_choice":"Bought 3 Potions","damage_taken":0,"max_hp_gain":0,"max_hp_loss":0,"event_name":"The Woman in Blue","floor":31,"gold_loss":0}],"is_beta":false,"boss_relics":[{"not_picked":["Busted Crown","Snecko Eye"],"picked":"SacredBark"}],"items_purged_floors":[],"is_endless":false,"potions_floor_spawned":[1,5,8,12,22,27,30],"killed_by":"Champ","ascension_level":0}}