{"host":"kcvncuxxsb6xpuus","time":1613135656,"event":{"mods":["BaseMod","Minty Spire (QoL Compilation)","Replay The Spire","StSLib"],"gold_per_floor":[109,184,184,194,42,71,71,71,71,106,106,118,118,148,148,253,253,266,285,301,316,66,95,95,120,120,60,60,60,70,70,70],"floor_reached":31,"language":"ZHS","playtime":1906,"items_purged":["Regret","Streamline"],"score":332,"play_id":"80789833-e6c2-4b17-93b8-dd05ca99cd45","local_time":"20210212211416","is_ascension_mode":true,"campfire_choices":[{"data":"FIFO Queue","floor":13,"key":"SMITH"},{"floor":15,"key":"REST"},{"floor":24,"key":"REST"}],"circlet_count":0,"master_deck":["Strike_B","Strike_B","Defend_B+1","Defend_B+1","Defend_B+1","Defend_B+1","Zap+1","Dualcast","Mirror Shield","Consume","Redo","ReplayTheSpireMod:Omega Cannon","FIFO Queue+1","Redo+1","BootSequence","Rip and Tear+1","ReplaySort+1","Echo Form"],"relics":["Cracked Core","NeowsBlessing","ReplayFunnel","Kunai","Replay:Bottled Eggs","Orichalcum","Replay:Arrowhead","Busted Crown","Prayer Wheel","War Paint","Omamori","InkBottle","GremlinMask"],"acts_visited":["Exordium","TheCity"],"potions_floor_usage":[21,23,23,25,30,31],"damage_taken":[{"damage":0,"enemies":"2 Louse","floor":1,"turns":1},{"damage":0,"enemies":"Small Slimes","floor":4,"turns":1},{"damage":0,"enemies":"Replay:BlueRogue","floor":6,"turns":1},{"damage":21,"enemies":"3 Sentries","floor":10,"turns":9},{"damage":0,"enemies":"Cultist","floor":12,"turns":2},{"damage":3,"enemies":"Replay:BlueRogue","floor":14,"turns":9},{"damage":9,"enemies":"Fading Forest","floor":16,"turns":11},{"damage":46,"enemies":"2 Thieves","floor":18,"turns":5},{"damage":8,"enemies":"Spheric Guardian","floor":19,"turns":6},{"damage":0,"enemies":"Snecko","floor":20,"turns":5},{"damage":7,"enemies":"Chosen and Byrds","floor":21,"turns":5},{"damage":5,"enemies":"Replay:Snechameleon","floor":23,"turns":6},{"damage":19,"enemies":"Gremlin Leader","floor":25,"turns":8},{"damage":7,"enemies":"Colosseum Slavers","floor":28,"turns":2},{"damage":0,"enemies":"Snake Plant","floor":30,"turns":3},{"damage":11,"enemies":"Cultist and Chosen","floor":31,"turns":4}],"seed_played":"-2495446627323849807","potions_obtained":[{"floor":4,"key":"Swift Potion"},{"floor":10,"key":"DuplicationPotion"},{"floor":14,"key":"DuplicationPotion"},{"floor":21,"key":"Adrenaline Potion"},{"floor":23,"key":"Block Potion"},{"floor":25,"key":"FocusPotion"}],"is_trial":false,"path_per_floor":["M","?","?","M","$","E","?","?","T","E","?","M","R","E","R","B",null,"M","M","M","M","$","E","R","E","T","?","?","?","M","M"],"character_chosen":"DEFECT","items_purchased":["Consume","War Paint"],"campfire_rested":2,"item_purchase_floors":[5,22],"current_hp_per_floor":[75,64,64,64,64,64,57,57,57,36,36,36,36,33,55,46,75,29,21,21,14,14,9,31,12,12,12,5,5,5,0,0],"gold":70,"neow_bonus":"THREE_ENEMY_KILL","is_daily":false,"chose_seed":false,"campfire_upgraded":1,"win_rate":0.0,"timestamp":1613135656,"path_taken":["M","?","?","M","$","E","?","?","T","E","?","M","R","E","R","BOSS","M","M","M","M","$","E","R","E","T","?","?","?","?","M"],"items_purchased_type":["Card","Relic"],"build_version":"2020-12-22","purchased_purges":2,"victory":false,"max_hp_per_floor":[75,75,75,75,75,75,75,75,75,75,75,75,75,75,75,75,75,75,75,75,75,75,75,75,75,75,75,75,75,75,75,75],"card_choices":[{"not_picked":["BasicCrystalCard","Gash","Coolheaded"],"picked":"SKIP","floor":1},{"not_picked":["Coolheaded","Barrage"],"picked":"Mirror Shield","floor":4},{"not_picked":["Steam","ReplayTheSpireMod:System Scan"],"picked":"Redo","floor":6},{"not_picked":["Rip and Tear","Chaos"],"picked":"Streamline","floor":10},{"not_picked":["Panic Button","Turbo"],"picked":"FIFO Queue","floor":12},{"not_picked":["Leap","Tempest","Stack"],"picked":"SKIP","floor":14},{"not_picked":["Thunder Strike","Fission"],"picked":"ReplayTheSpireMod:Fabricate Wheel","floor":16},{"not_picked":[],"picked":"Redo","floor":18},{"not_picked":[],"picked":"BootSequence","floor":18},{"not_picked":[],"picked":"Rip and Tear+1","floor":19},{"not_picked":["Hologram+1"],"picked":"SKIP","floor":19},{"not_picked":["White Noise"],"picked":"SKIP","floor":20},{"not_picked":["Beam Cell"],"picked":"SKIP","floor":20},{"not_picked":[],"picked":"ReplaySort+1","floor":21},{"not_picked":["Go for the Eyes+1"],"picked":"SKIP","floor":21},{"not_picked":["Leap"],"picked":"SKIP","floor":23},{"not_picked":[],"picked":"Echo Form","floor":25},{"not_picked":["Rebound+1"],"picked":"SKIP","floor":30},{"not_picked":["Panic Button"],"picked":"SKIP","floor":30}],"player_experience":119994,"relics_obtained":[{"floor":6,"key":"Kunai"},{"floor":9,"key":"Replay:Bottled Eggs"},{"floor":10,"key":"Orichalcum"},{"floor":14,"key":"Replay:Arrowhead"},{"floor":23,"key":"Omamori"},{"floor":25,"key":"InkBottle"}],"event_choices":[{"damage_healed":0,"gold_gain":75,"player_choice":"Gather Gold","damage_taken":11,"max_hp_gain":0,"max_hp_loss":0,"event_name":"World of Goop","floor":2,"gold_loss":0},{"damage_healed":0,"gold_gain":0,"player_choice":"Box","damage_taken":0,"relics_obtained":["ReplayFunnel"],"max_hp_gain":0,"max_hp_loss":0,"event_name":"Big Fish","floor":3,"gold_loss":0,"cards_obtained":["Regret"]},{"cards_removed":["Strike_B"],"damage_healed":0,"gold_gain":0,"player_choice":"Card Removal","damage_taken":7,"max_hp_gain":0,"max_hp_loss":0,"event_name":"Golden Wing","floor":7,"gold_loss":0},{"damage_healed":0,"gold_gain":0,"player_choice":"1 cards matched","damage_taken":0,"max_hp_gain":0,"max_hp_loss":0,"event_name":"Match and Keep!","floor":11,"gold_loss":0,"cards_obtained":["ReplayTheSpireMod:Omega Cannon"]},{"damage_healed":0,"gold_gain":0,"player_choice":"1 cards matched","damage_taken":0,"max_hp_gain":0,"max_hp_loss":0,"event_name":"Match and Keep!","floor":11,"gold_loss":0,"cards_obtained":["ReplayTheSpireMod:Omega Cannon"]},{"damage_healed":0,"gold_gain":0,"player_choice":"Fight","damage_taken":0,"max_hp_gain":0,"max_hp_loss":0,"event_name":"Colosseum","floor":28,"gold_loss":0},{"damage_healed":0,"gold_gain":0,"player_choice":"Fled From Nobs","damage_taken":0,"max_hp_gain":0,"max_hp_loss":0,"event_name":"Colosseum","floor":28,"gold_loss":0},{"damage_healed":0,"gold_gain":0,"player_choice":"Trade","damage_taken":0,"relics_obtained":["GremlinMask"],"max_hp_gain":0,"max_hp_loss":0,"event_name":"FaceTrader","floor":29,"gold_loss":0}],"is_beta":false,"boss_relics":[{"not_picked":["SlaversCollar","Calling Bell"],"picked":"Busted Crown"}],"items_purged_floors":[5,22],"is_endless":false,"potions_floor_spawned":[4,10,14,16,19,21,23,25],"killed_by":"Cultist and Chosen","ascension_level":1}}