{"host":"m0a8wxl9o3yrknox","time":1613161436,"event":{"mods":["BaseMod","Bossed Relics","Energized Spire","Minty Spire (QoL Compilation)","Relic Filter Mod","Relic Stats","Replay The Spire","Spicy Shops","StSLib","¡¾ÒÅÎï¿¨ÅÆ¡¿REMEMod"],"gold_per_floor":[110,124,124,199,199,199,245,245,245,261,286,286,32,50,50,175,175,198,198,648,661,601,601,78,78,78,113,113,113,113,128,128,249,249,274,0,333,352,377,377,407,407,407,407,418,418,418,94,94,196,146,166,178,78,78,98,98,98,98,98,98,98,98,117,131,131,232,232,251,166,166,166,42,42,42,42,73,73,98,98,117,117,117,217,217,231,249,249,298,298,298,298,298,328,328,328,328,346,396,396,501,501,519,538,538,538,83,83,118,118],"floor_reached":109,"language":"ZHS","playtime":5355,"items_purged":["Iron Wave","Hemogenesis","Sickly"],"score":1994,"play_id":"3d5a1f15-c0c3-44b2-b161-7a68a8d1e472","local_time":"20210212152356","daily_mods":["SealedDeck","Colorless Cards","Heirloom","Time Dilation","Flight"],"is_ascension_mode":false,"campfire_choices":[{"data":"Searing Blow","floor":6,"key":"SMITH"},{"data":"Searing Blow+1","floor":8,"key":"SMITH"},{"data":"Searing Blow+2","floor":12,"key":"SMITH"},{"data":"Searing Blow+3","floor":15,"key":"SMITH"},{"data":"Searing Blow+4","floor":23,"key":"SMITH"},{"data":"Searing Blow+5","floor":25,"key":"SMITH"},{"data":"Searing Blow+6","floor":28,"key":"SMITH"},{"data":"Searing Blow+7","floor":29,"key":"SMITH"},{"data":"Searing Blow+8","floor":30,"key":"SMITH"},{"data":"Searing Blow+9","floor":32,"key":"SMITH"},{"data":"Searing Blow+10","floor":40,"key":"SMITH"},{"data":"Searing Blow+11","floor":42,"key":"SMITH"},{"data":"Searing Blow+12","floor":44,"key":"SMITH"},{"data":"Searing Blow+13","floor":47,"key":"SMITH"},{"data":"Searing Blow+14","floor":49,"key":"SMITH"},{"data":"Searing Blow+15","floor":57,"key":"SMITH"},{"data":"Searing Blow+16","floor":59,"key":"SMITH"},{"data":"Searing Blow+17","floor":62,"key":"SMITH"},{"data":"Searing Blow+20","floor":66,"key":"SMITH"},{"data":"Searing Blow+22","floor":74,"key":"SMITH"},{"data":"Searing Blow+23","floor":75,"key":"SMITH"},{"data":"Searing Blow+24","floor":76,"key":"SMITH"},{"data":"Searing Blow+26","floor":78,"key":"SMITH"},{"data":"Searing Blow+27","floor":83,"key":"SMITH"},{"data":"Searing Blow+30","floor":91,"key":"SMITH"},{"data":"Searing Blow+31","floor":92,"key":"SMITH"},{"data":"Searing Blow+32","floor":93,"key":"SMITH"},{"data":"Searing Blow+34","floor":95,"key":"SMITH"},{"data":"Searing Blow+35","floor":96,"key":"SMITH"},{"data":"Searing Blow+37","floor":100,"key":"SMITH"},{"data":"Searing Blow+41","floor":108,"key":"SMITH"}],"circlet_count":0,"master_deck":["Burning Pact+1","Headbutt+1","Pommel Strike+1","REME_TwoStrings+1","Pommel Strike+1","Discovery+1","Replay:Undeath\u0027s Touch+1","Searing Blow+43","Battle Trance+1","Dual Wield+1","REME_ACTH+1","REME_TheoryOfElimination+1","ReplaySort+1","Well Laid Plans+1","ReplayTheSpireMod:The Works+1","LessonLearned+1","Strike_R+1","REME_FirmDetermination+1","Acrobatics+1","REME_TwoStrings+1","Amplify+1","Madness+1","Madness+1","Panache+1"],"relics":["Burning Blood","REME_ComplimentaryCards","Magic Flower","Replay:Wax Seal","Pondfish Scales","Ancient Tea Set","Quantum Egg","Astrolabe","HandDrill","PrismaticShard","Chameleon Ring","Frozen Egg 2","Ooze Armor","Red Mask","Gambling Chip","King of Hearts","Toxic Egg 2","HornCleat","Replay:WaspNest","energizedSpire:HugeHouse","The Courier","Bottled Tornado","Meat on the Bone","Whetstone","MutagenicStrength","Runic Pyramid","Counterbalance","Replay:Kaleidoscope","Busted Crown","Replay:Arrowhead","Omamori"],"acts_visited":["Exordium","TheCity","TheBeyond","Exordium","TheCity","TheBeyond","Exordium"],"potions_floor_usage":[],"damage_taken":[{"damage":0,"enemies":"Jaw Worm","floor":1,"turns":1},{"damage":0,"enemies":"Small Slimes","floor":2,"turns":2},{"damage":2,"enemies":"2 Louse","floor":10,"turns":2},{"damage":0,"enemies":"Looter","floor":14,"turns":1},{"damage":4,"enemies":"Slime Boss","floor":16,"turns":5},{"damage":15,"enemies":"3 Byrds","floor":18,"turns":4},{"damage":0,"enemies":"2 Thieves","floor":21,"turns":2},{"damage":0,"enemies":"Book of Stabbing","floor":27,"turns":1},{"damage":0,"enemies":"3 Cultists","floor":31,"turns":2},{"damage":0,"enemies":"Collector","floor":33,"turns":2},{"damage":0,"enemies":"Orb Walker","floor":35,"turns":1},{"damage":2,"enemies":"3 Shapes","floor":38,"turns":2},{"damage":0,"enemies":"R_Hoarder","floor":41,"turns":1},{"damage":0,"enemies":"Sphere and 2 Shapes","floor":45,"turns":1},{"damage":0,"enemies":"Replay:Hell Engine","floor":50,"turns":1},{"damage":0,"enemies":"Small Slimes","floor":52,"turns":1},{"damage":0,"enemies":"Jaw Worm","floor":53,"turns":1},{"damage":2,"enemies":"Cultist","floor":56,"turns":3},{"damage":0,"enemies":"2 Fungi Beasts","floor":64,"turns":1},{"damage":3,"enemies":"Gremlin Gang","floor":65,"turns":2},{"damage":0,"enemies":"The Guardian","floor":67,"turns":2},{"damage":2,"enemies":"Spheric Guardian","floor":69,"turns":1},{"damage":0,"enemies":"Slavers","floor":77,"turns":1},{"damage":0,"enemies":"Book of Stabbing","floor":79,"turns":1},{"damage":0,"enemies":"3 Byrds","floor":81,"turns":1},{"damage":0,"enemies":"Champ","floor":84,"turns":1},{"damage":0,"enemies":"Orb Walker","floor":86,"turns":1},{"damage":0,"enemies":"3 Darklings","floor":87,"turns":1},{"damage":0,"enemies":"2 Orb Walkers","floor":89,"turns":1},{"damage":3,"enemies":"R_Hoarder","floor":94,"turns":2},{"damage":0,"enemies":"Spire Growth","floor":98,"turns":1},{"damage":0,"enemies":"Mind Bloom Boss Battle","floor":99,"turns":1},{"damage":47,"enemies":"Replay:Hell Engine","floor":101,"turns":2},{"damage":0,"enemies":"2 Louse","floor":103,"turns":1},{"damage":22,"enemies":"Jaw Worm","floor":104,"turns":2},{"damage":0,"enemies":"Lagavulin","floor":109,"turns":2}],"seed_played":"1166940777135430127","potions_obtained":[{"floor":16,"key":"GamblersBrew"},{"floor":21,"key":"Regen Potion"},{"floor":31,"key":"GamblersBrew"},{"floor":38,"key":"Strength Potion"},{"floor":52,"key":"SteroidPotion"},{"floor":65,"key":"SpeedPotion"},{"floor":69,"key":"Venom Potion"}],"is_trial":true,"path_per_floor":["M","M","?","?","?","R","T","R","T","M","T","R","$","M","R","B",null,"M","?","?","M","?","R","$","R","T","E","R","R","R","M","R","B",null,"M","?","?","M","?","R","E","R","T","R","M","T","R","$","R","B",null,"M","M","$","?","M","R","?","R","T","$","R","?","M","M","R","B",null,"M","?","?","?","$","R","R","R","E","R","E","?","M","?","R","B",null,"M","M","?","?","?","R","R","R","E","R","R","?","M","?","R","B",null,"M","M","?","?","$","R","E"],"character_chosen":"IRONCLAD","items_purchased":["Quantum Egg","HandDrill","PrismaticShard","Life Link","Replay:WaspNest","Whetstone","Replay:Arrowhead","Omamori"],"campfire_rested":0,"item_purchase_floors":[13,24,24,24,48,73,107,107],"current_hp_per_floor":[80,80,85,74,53,53,53,53,53,60,60,60,60,69,69,74,85,85,85,33,50,50,50,50,50,50,59,59,59,59,68,68,77,85,85,85,85,85,64,64,73,73,73,73,82,82,82,82,82,85,80,80,80,80,80,82,82,82,82,82,82,82,82,82,82,82,82,82,84,84,84,84,84,84,84,84,84,84,84,84,84,84,84,84,84,84,84,84,84,73,73,73,73,79,79,79,79,84,84,84,64,84,84,71,54,59,59,59,68,68],"gold":118,"neow_bonus":"","is_daily":false,"chose_seed":false,"campfire_upgraded":31,"win_rate":0.0,"timestamp":1613161436,"path_taken":["M","M","?","?","?","R","?","R","T","?","?","R","?","M","R","BOSS","M","?","?","?","?","R","?","R","T","E","R","R","R","?","R","BOSS","M","?","?","M","?","R","E","R","T","R","?","?","R","?","R","BOSS","M","?","$","?","?","R","?","R","T","?","R","?","M","?","R","BOSS","M","?","?","?","$","R","R","R","E","R","E","?","?","?","R","BOSS","M","M","?","?","?","R","R","R","E","R","R","?","?","?","R","BOSS","M","M","?","?","$","R","E"],"items_purchased_type":["Relic","Relic","Relic","Card","Relic","Relic","Relic","Relic"],"build_version":"2020-12-22","purchased_purges":3,"victory":false,"max_hp_per_floor":[80,80,85,85,85,85,85,85,85,85,85,85,85,85,85,85,85,85,85,85,85,85,85,85,85,85,85,85,85,85,85,85,85,85,85,85,85,85,85,85,85,85,85,85,85,85,85,85,85,85,80,80,80,80,80,82,82,82,82,82,82,82,82,82,82,82,82,82,84,84,84,84,84,84,84,84,84,84,84,84,84,84,84,84,84,84,84,84,84,84,84,84,84,84,84,84,84,84,84,84,84,84,84,84,84,89,89,89,89,89],"relic_stats":{"Busted Crown":6,"counters":[36,57],"Astrolabe":[],"Gambling Chip":[52],"Magic Flower":[53],"HandDrill":[20],"Whetstone":["Pommel Strike","Searing Blow"],"obtain_stats":[{"Magic Flower":0,"King of Hearts":41,"Whetstone":73,"Bottled Tornado":60,"Ancient Tea Set":11,"PrismaticShard":24,"Burning Blood":0,"Chameleon Ring":26,"HornCleat":46,"Gambling Chip":39,"HandDrill":24,"Red Mask":36,"energizedSpire:HugeHouse":51,"Replay:Wax Seal":7,"Toxic Egg 2":43,"Runic Pyramid":85,"Golden Idol":5,"Quantum Egg":13,"Astrolabe":17,"Counterbalance":89,"Replay:WaspNest":48,"The Courier":55,"Omamori":107,"Replay:Kaleidoscope":99,"Frozen Egg 2":27,"Replay:Arrowhead":107,"Pondfish Scales":9,"Busted Crown":102,"Ooze Armor":34,"MutagenicStrength":80,"REME_ComplimentaryCards":0,"Meat on the Bone":70},{"Magic Flower":0,"King of Hearts":13,"Whetstone":22,"Bottled Tornado":18,"Ancient Tea Set":3,"PrismaticShard":7,"Burning Blood":0,"Chameleon Ring":7,"HornCleat":14,"Gambling Chip":12,"HandDrill":7,"Red Mask":11,"energizedSpire:HugeHouse":15,"Replay:Wax Seal":2,"Toxic Egg 2":13,"Runic Pyramid":26,"Golden Idol":2,"Quantum Egg":3,"Astrolabe":5,"Counterbalance":29,"Replay:WaspNest":14,"The Courier":17,"Omamori":35,"Replay:Kaleidoscope":32,"Frozen Egg 2":8,"Replay:Arrowhead":35,"Pondfish Scales":2,"Busted Crown":33,"Ooze Armor":10,"MutagenicStrength":24,"REME_ComplimentaryCards":0,"Meat on the Bone":22},{"Magic Flower":0,"King of Hearts":26,"Whetstone":39,"Bottled Tornado":33,"Ancient Tea Set":5,"PrismaticShard":17,"Burning Blood":0,"Chameleon Ring":17,"HornCleat":27,"Gambling Chip":25,"HandDrill":17,"Red Mask":23,"energizedSpire:HugeHouse":28,"Replay:Wax Seal":3,"Toxic Egg 2":26,"Runic Pyramid":43,"Golden Idol":3,"Quantum Egg":5,"Astrolabe":11,"Counterbalance":46,"Replay:WaspNest":27,"The Courier":30,"Omamori":55,"Replay:Kaleidoscope":50,"Frozen Egg 2":18,"Replay:Arrowhead":55,"Pondfish Scales":3,"Busted Crown":52,"Ooze Armor":22,"MutagenicStrength":41,"REME_ComplimentaryCards":0,"Meat on the Bone":39}],"Burning Blood":135,"Meat on the Bone":18},"card_choices":[{"not_picked":["Body Slam","Defy Death"],"picked":"Battle Trance","floor":1},{"not_picked":["Trip","True Grit"],"picked":"Dual Wield","floor":2},{"not_picked":["Heavy Blade","REME_FearOfPain","Wild Strike"],"picked":"SKIP","floor":10},{"not_picked":["Body Slam","Anger"],"picked":"Hemogenesis","floor":14},{"not_picked":["REME_HeartOfCthun","Midas Touch"],"picked":"REME_ACTH","floor":16},{"not_picked":["Clash+1","Disarm+1","Searing Blow"],"picked":"SKIP","floor":18},{"not_picked":["Shrug It Off+1","Thunderclap","Body Slam"],"picked":"SKIP","floor":21},{"not_picked":["Vengeance","BasicCrystalCard+1"],"picked":"ReplaySort+1","floor":27},{"not_picked":["Quick Slash","SashWhip"],"picked":"Well Laid Plans+1","floor":31},{"not_picked":["Evaluate","Thunderclap+1","Reprogram+1"],"picked":"SKIP","floor":35},{"not_picked":["Protect","Hidden Blade+1","ReplayGash"],"picked":"SKIP","floor":38},{"not_picked":["Evolve+1","Crescendo"],"picked":"ReplayTheSpireMod:The Works","floor":41},{"not_picked":["ReplayTheSpireMod:Trickstab+1","Cloak And Dagger+1","Specialist+1"],"picked":"SKIP","floor":45},{"not_picked":["Wish+1","Grand Finale"],"picked":"LessonLearned","floor":50},{"not_picked":["Prepared+1","Blade Dance+1","Hologram+1"],"picked":"SKIP","floor":52},{"not_picked":["Metallicize+1","True Grit+1","ReplayTheSpireMod:Strike From Hell"],"picked":"SKIP","floor":53},{"not_picked":["ReplayTheSpireMod:Muscle Training+1","Pommel Strike","Leap+1"],"picked":"SKIP","floor":56},{"not_picked":["Headbutt","Sneak Up+1","Hidden Blade+1"],"picked":"SKIP","floor":64},{"not_picked":["Crescendo+1","Hidden Blade+1"],"picked":"Acrobatics+1","floor":65},{"not_picked":["Run Through","MentalFortress+1","Vengeance+1"],"picked":"SKIP","floor":69},{"not_picked":["Gash","ClearTheMind+1"],"picked":"REME_TwoStrings+1","floor":77},{"not_picked":["Barrage","Dark Shackles+1","Deadly Poison+1"],"picked":"SKIP","floor":79},{"not_picked":["Capacitor+1","Sweeping Beam","Steam+1"],"picked":"SKIP","floor":81},{"not_picked":["Headbutt","True Grit+1","Havoc+1"],"picked":"SKIP","floor":86},{"not_picked":["REME_Repentance+1","Prostrate+1","Underhanded Strike+1"],"picked":"SKIP","floor":87},{"not_picked":["Crescendo+1","ReplayTheSpireMod:Trickstab"],"picked":"Amplify+1","floor":89},{"not_picked":["REME_BodyOfCthun+1","Riddle With Holes+1","Carnage"],"picked":"SKIP","floor":94},{"not_picked":["Sword Boomerang+1","Protect+1","Panic Button+1"],"picked":"SKIP","floor":98},{"not_picked":["Bludgeon","Multi-Cast+1"],"picked":"Panache+1","floor":101},{"not_picked":["BasicCrystalCard+1"],"picked":"SKIP","floor":103},{"not_picked":["Crescendo+1"],"picked":"SKIP","floor":104},{"not_picked":["Anger"],"picked":"SKIP","floor":109}],"player_experience":761729,"relics_obtained":[{"floor":7,"key":"Replay:Wax Seal"},{"floor":9,"key":"Pondfish Scales"},{"floor":11,"key":"Ancient Tea Set"},{"floor":26,"key":"Chameleon Ring"},{"floor":27,"key":"Frozen Egg 2"},{"floor":39,"key":"Gambling Chip"},{"floor":41,"key":"King of Hearts"},{"floor":43,"key":"Toxic Egg 2"},{"floor":46,"key":"HornCleat"},{"floor":60,"key":"Bottled Tornado"},{"floor":89,"key":"Counterbalance"},{"floor":99,"key":"Replay:Kaleidoscope"}],"event_choices":[{"damage_healed":0,"gold_gain":0,"player_choice":"Donut","damage_taken":0,"max_hp_gain":5,"max_hp_loss":0,"event_name":"Big Fish","floor":3,"gold_loss":0},{"damage_healed":0,"gold_gain":75,"player_choice":"Gather Gold","damage_taken":11,"max_hp_gain":0,"max_hp_loss":0,"event_name":"World of Goop","floor":4,"gold_loss":0},{"damage_healed":0,"gold_gain":0,"player_choice":"Take Damage","damage_taken":21,"relics_obtained":["Golden Idol"],"max_hp_gain":0,"max_hp_loss":0,"event_name":"Golden Idol","floor":5,"gold_loss":0},{"damage_healed":0,"gold_gain":0,"player_choice":"Ignored","damage_taken":0,"max_hp_gain":0,"max_hp_loss":0,"event_name":"Ghosts","floor":19,"gold_loss":0},{"damage_healed":0,"gold_gain":450,"player_choice":"CARD GOLD GOLD GOLD GOLD GOLD ","damage_taken":52,"max_hp_gain":0,"max_hp_loss":0,"event_name":"Knowing Skull","floor":20,"potions_obtained":[],"gold_loss":0,"cards_obtained":["REME_TheoryOfElimination"]},{"damage_healed":0,"gold_gain":0,"player_choice":"Paid","damage_taken":0,"relics_obtained":["Red Mask"],"max_hp_gain":0,"max_hp_loss":0,"event_name":"Tomb of Lord Red Mask","floor":36,"gold_loss":274},{"damage_healed":0,"gold_gain":333,"player_choice":"Gave Idol","damage_taken":0,"max_hp_gain":0,"max_hp_loss":0,"event_name":"The Moai Head","floor":37,"relics_lost":["Golden Idol"],"gold_loss":0},{"damage_healed":0,"gold_gain":0,"player_choice":"Gave Potion","damage_taken":0,"relics_obtained":["The Courier"],"max_hp_gain":0,"max_hp_loss":0,"event_name":"WeMeetAgain","floor":55,"gold_loss":0},{"damage_healed":0,"gold_gain":0,"player_choice":"Ignored","damage_taken":0,"max_hp_gain":0,"max_hp_loss":0,"event_name":"Liars Game","floor":58,"gold_loss":0},{"damage_healed":0,"gold_gain":0,"player_choice":"Upgraded","damage_taken":0,"max_hp_gain":0,"max_hp_loss":0,"event_name":"Upgrade Shrine","floor":63,"gold_loss":0,"cards_upgraded":["Searing Blow"]},{"damage_healed":0,"gold_gain":0,"player_choice":"Obtained Relic","damage_taken":0,"relics_obtained":["Meat on the Bone"],"max_hp_gain":0,"max_hp_loss":0,"event_name":"Addict","floor":70,"gold_loss":85},{"damage_healed":0,"gold_gain":0,"player_choice":"Ignored","damage_taken":0,"max_hp_gain":0,"max_hp_loss":0,"event_name":"Ghosts","floor":71,"gold_loss":0},{"damage_healed":0,"gold_gain":0,"player_choice":"Ignored","damage_taken":0,"max_hp_gain":0,"max_hp_loss":0,"event_name":"Vampires","floor":72,"gold_loss":0},{"damage_healed":0,"gold_gain":0,"player_choice":"Inject Mutagens","damage_taken":0,"relics_obtained":["MutagenicStrength"],"max_hp_gain":0,"max_hp_loss":0,"event_name":"Drug Dealer","floor":80,"gold_loss":0},{"damage_healed":0,"gold_gain":0,"player_choice":"Ignored","damage_taken":0,"max_hp_gain":0,"max_hp_loss":0,"event_name":"The Mausoleum","floor":82,"gold_loss":0},{"cards_removed":["Life Link"],"damage_healed":0,"gold_gain":0,"player_choice":"Removed Power","damage_taken":0,"max_hp_gain":0,"max_hp_loss":0,"event_name":"Falling","floor":88,"gold_loss":0},{"damage_healed":0,"gold_gain":0,"player_choice":"Fight","damage_taken":0,"max_hp_gain":0,"max_hp_loss":0,"event_name":"Mysterious Sphere","floor":89,"gold_loss":0},{"damage_healed":0,"gold_gain":0,"player_choice":"Embrace Madness","damage_taken":11,"max_hp_gain":0,"max_hp_loss":0,"event_name":"Winding Halls","floor":90,"gold_loss":0,"cards_obtained":["Madness","Madness"]},{"damage_healed":0,"gold_gain":0,"player_choice":"Fight","damage_taken":0,"max_hp_gain":0,"max_hp_loss":0,"event_name":"MindBloom","floor":99,"gold_loss":0},{"damage_healed":0,"gold_gain":0,"player_choice":"Entered Light","damage_taken":17,"max_hp_gain":0,"max_hp_loss":0,"event_name":"Shining Light","floor":105,"gold_loss":0,"cards_upgraded":["Searing Blow"]},{"damage_healed":0,"gold_gain":0,"player_choice":"Donut","damage_taken":0,"max_hp_gain":5,"max_hp_loss":0,"event_name":"Big Fish","floor":106,"gold_loss":0}],"is_beta":false,"boss_relics":[{"not_picked":["energizedSpire:TabascoSauce","Velvet Choker"],"picked":"Astrolabe"},{"not_picked":["Replay:Ancient Bell","energizedSpire:OgreHead"],"picked":"Ooze Armor"},{"not_picked":["Tiny House","REME_ChargedStone"],"picked":"energizedSpire:HugeHouse"},{"not_picked":["energizedSpire:StickyHand","Kintsugi","Replay:Drink Me"]},{"not_picked":["ChewingGum","Velvet Choker"],"picked":"Runic Pyramid"},{"not_picked":["SacredBark","REME_DuelDisc"],"picked":"Busted Crown"}],"items_purged_floors":[48,54,107],"is_endless":true,"potions_floor_spawned":[16,21,31,38,41,52,65,67,69,81,86,89,94,99,103,109],"killed_by":"Lagavulin","ascension_level":0}}