{"host":"r5cycnjhcbwgkpkf","time":1613116696,"event":{"mods":["2.2 Compatiblity","AchievementEnabler","BaseMod","Bestiary","Better Altar","Better Match","Better Note","Better Skull","Better Third Choice","BetterRewards","Colored Map","Colored Powertips","Infinite Spire","Minty Spire (QoL Compilation)","Reliquary","Replay The Spire","Spicy Shops","StSLib"],"gold_per_floor":[118,118,41,41,51,51,84,104,104,104,124,139,168,168,168,239,239,256,256,256,269,269,304,304,323,323,69,69,86,86,96,96,169,169,187,205,222,2,2,2,16,16,61,80,48,67,67,83,83,83],"floor_reached":51,"language":"ENG","playtime":3182,"items_purged":["Strike_B","Decay"],"score":1805,"play_id":"b1a5aaef-0299-42cd-a60b-2119fb82ccce","local_time":"20210211235816","is_ascension_mode":true,"campfire_choices":[{"floor":6.0,"key":"REST"},{"data":"Zap","floor":10.0,"key":"SMITH"},{"data":"ReplayTheSpireMod:Calculation Training","floor":15.0,"key":"SMITH"},{"floor":24.0,"key":"REST"},{"floor":28.0,"key":"REST"},{"floor":30.0,"key":"REST"},{"floor":32.0,"key":"REST"},{"floor":40.0,"key":"REST"},{"floor":42.0,"key":"REST"},{"floor":47.0,"key":"REST"},{"floor":49.0,"key":"REST"}],"circlet_count":0,"master_deck":["AscendersBane","Strike_B+1","Strike_B+1","Defend_B+1","Defend_B+1","Defend_B+1","Defend_B","Zap+1","Dualcast+1","Static Discharge+1","Conserve Battery+1","Lockon+1","Buffer+1","Ball Lightning","Reboot+1","Crystallizer","Sweeping Beam","ReplayTheSpireMod:Calculation Training+1","Rebound+1","Conserve Battery+1","Ball Lightning+1","Creative AI+1","Creative AI+1","Seek+1","Redo","Mirror Shield+1"],"relics":["Cracked Core","Golden Egg","reliquary:PartyBalloon","Garlic","reliquary:WeakTea","reliquary:NewFriend","reliquary:TuningFork","Nuclear Battery","Replay:Accelerometer","Omamori","Gremlin Food","Replay:Grab Bag","reliquary:RedPaperclip","Busted Crown","Black Star","infinitespire:EvilPickle","reliquary:Aerogel","reliquary:TatteredRug"],"acts_visited":["Exordium","TheCity","TheBeyond"],"potions_floor_usage":[50],"damage_taken":[{"damage":0.0,"enemies":"2 Louse","floor":1.0,"turns":2.0},{"damage":0.0,"enemies":"Jaw Worm","floor":5.0,"turns":3.0},{"damage":3.0,"enemies":"Replay:BlueRogue","floor":7.0,"turns":5.0},{"damage":0.0,"enemies":"Cultist","floor":8.0,"turns":3.0},{"damage":0.0,"enemies":"Large Slime","floor":11.0,"turns":5.0},{"damage":0.0,"enemies":"Exordium Wildlife","floor":12.0,"turns":2.0},{"damage":8.0,"enemies":"3 Sentries","floor":13.0,"turns":5.0},{"damage":18.0,"enemies":"Fading Forest","floor":16.0,"turns":11.0},{"damage":6.0,"enemies":"Chosen","floor":18.0,"turns":4.0},{"damage":8.0,"enemies":"Spheric Guardian","floor":21.0,"turns":5.0},{"damage":56.0,"enemies":"Slavers","floor":23.0,"turns":6.0},{"damage":16.0,"enemies":"Centurion and Healer","floor":25.0,"turns":6.0},{"damage":0.0,"enemies":"Snecko","floor":29.0,"turns":6.0},{"damage":21.0,"enemies":"Snake Plant","floor":31.0,"turns":4.0},{"damage":55.0,"enemies":"Pondfish","floor":33.0,"turns":9.0},{"damage":0.0,"enemies":"Orb Walker","floor":35.0,"turns":4.0},{"damage":33.0,"enemies":"3 Darklings","floor":36.0,"turns":4.0},{"damage":13.0,"enemies":"Transient","floor":37.0,"turns":5.0},{"damage":32.0,"enemies":"Spire Growth","floor":41.0,"turns":5.0},{"damage":4.0,"enemies":"4 Shapes","floor":44.0,"turns":6.0},{"damage":13.0,"enemies":"Jaw Worm Horde","floor":46.0,"turns":4.0},{"damage":0.0,"enemies":"Maw","floor":48.0,"turns":7.0},{"damage":66,"enemies":"Time Eater","floor":50,"turns":8}],"seed_played":"-4335170719177974765","potions_obtained":[{"floor":5.0,"key":"SpeedPotion"},{"floor":12.0,"key":"Strength Potion"},{"floor":21.0,"key":"Energy Potion"},{"floor":35.0,"key":"Energy Potion"},{"floor":39.0,"key":"FairyPotion"}],"is_trial":false,"path_per_floor":["M","?","$","?","M","R","E","M","T","R","M","M","E","?","R","B",null,"M","AVR","?","M","?","E","R","M","T","$","R","M","R","M","R","B",null,"M","M","M","$","?","R","M","R","T","M","$","M","R","M","R","B",null],"character_chosen":"DEFECT","items_purchased":["Golden Egg","reliquary:PartyBalloon","Static Discharge","Conserve Battery","Lockon","Strawberry","BlessingOfTheForge","Buffer","Gremlin Food","Creative AI","reliquary:Aerogel","Mirror Shield","DuplicationPotion"],"campfire_rested":9,"item_purchase_floors":[0,0,0,0,0,0,0,3,27,27,38,38,45],"current_hp_per_floor":[51,51,51,51,51,75,72,72,72,72,72,72,64,57,57,64,78,72,72,72,64,64,8,32,16,16,16,40,40,64,43,67,27,68,68,35,22,22,22,46,14,38,38,34,34,21,45,45,69,3],"gold":83,"neow_bonus":"","is_daily":false,"chose_seed":false,"campfire_upgraded":2,"win_rate":0.0,"timestamp":1613116696,"path_taken":["M","?","$","?","M","R","E","M","T","R","M","?","E","?","R","BOSS","M","AVR","?","?","?","E","R","?","T","$","R","M","R","?","R","BOSS","M","?","M","$","?","R","M","R","T","M","?","M","R","M","R","BOSS"],"items_purchased_type":["Relic","Relic","Card","Card","Card","Relic","Potion","Card","Relic","Card","Relic","Card","Potion"],"build_version":"2020-12-22","purchased_purges":2,"victory":true,"max_hp_per_floor":[82,82,82,82,82,82,82,82,82,82,82,82,82,82,82,82,82,82,82,82,82,82,82,82,82,82,82,82,82,82,82,82,82,82,82,82,82,82,82,82,82,82,82,82,82,82,82,82,82,82],"card_choices":[{"not_picked":["Compile Driver","Go for the Eyes","Conserve Battery"],"picked":"SKIP","floor":1.0},{"not_picked":["Sweeping Beam","Beam Cell"],"picked":"Ball Lightning","floor":5.0},{"not_picked":["Glacier","Fusion"],"picked":"Reboot","floor":7.0},{"not_picked":["Redo","Leap"],"picked":"Crystallizer","floor":8.0},{"not_picked":["Redo","Beam Cell"],"picked":"Sweeping Beam","floor":11.0},{"not_picked":["Coolheaded","Genetic Algorithm"],"picked":"ReplayTheSpireMod:Calculation Training","floor":12.0},{"not_picked":["Beam Cell","Leap"],"picked":"Rebound","floor":13.0},{"not_picked":["Double Energy","Redo","Stack"],"picked":"SKIP","floor":18.0},{"not_picked":["Coolheaded","Beam Cell+1","ReplayTheSpireMod:Calculation Training"],"picked":"SKIP","floor":21.0},{"not_picked":["Rainbow","Conserve Battery","Barrage"],"picked":"SKIP","floor":23.0},{"not_picked":["Time Bomb","Gash"],"picked":"Ball Lightning+1","floor":25.0},{"not_picked":["Gash","ReplayTheSpireMod:Reroute Power","Hologram"],"picked":"SKIP","floor":29.0},{"not_picked":["Sweeping Beam","Skim","Crystallizer"],"picked":"SKIP","floor":31.0},{"not_picked":["Meteor Strike","All For One"],"picked":"Seek","floor":33.0},{"not_picked":["Rebound"],"picked":"SKIP","floor":35.0},{"not_picked":["Streamline"],"picked":"SKIP","floor":36.0},{"not_picked":[],"picked":"Redo","floor":37.0},{"not_picked":["Gash+1"],"picked":"SKIP","floor":41.0},{"not_picked":["Ball Lightning+1"],"picked":"SKIP","floor":44.0},{"not_picked":["Force Field"],"picked":"SKIP","floor":46.0},{"not_picked":["ReplayTheSpireMod:GoodbyeWorld"],"picked":"SKIP","floor":48.0}],"player_experience":414226,"relics_obtained":[{"floor":7.0,"key":"reliquary:WeakTea"},{"floor":9.0,"key":"reliquary:NewFriend"},{"floor":13.0,"key":"Pantograph"},{"floor":23.0,"key":"Replay:Accelerometer"},{"floor":26.0,"key":"Omamori"},{"floor":43.0,"key":"reliquary:TatteredRug"}],"event_choices":[{"damage_healed":51.0,"max_hp_gain":0.0,"max_hp_loss":82.0,"gold_gain":0.0,"event_name":"betterThird:BetterShining","player_choice":"Leave","floor":2.0,"gold_loss":0.0,"damage_taken":0.0},{"damage_healed":0.0,"max_hp_gain":0.0,"max_hp_loss":0.0,"gold_gain":0.0,"event_name":"WeMeetAgain","player_choice":"Gave Potion","floor":4.0,"gold_loss":0.0,"damage_taken":0.0,"relics_obtained":["Garlic"]},{"cards_removed":["Strike_B"],"damage_healed":0.0,"max_hp_gain":0.0,"max_hp_loss":0.0,"gold_gain":0.0,"event_name":"Golden Wing","player_choice":"Card Removal","floor":14.0,"gold_loss":0.0,"damage_taken":7.0},{"damage_healed":0.0,"max_hp_gain":0.0,"max_hp_loss":0.0,"gold_gain":0.0,"event_name":"Duplicator","player_choice":"Copied","floor":20.0,"gold_loss":0.0,"damage_taken":0.0,"cards_obtained":["Conserve Battery"]},{"damage_healed":0.0,"max_hp_gain":0.0,"max_hp_loss":0.0,"gold_gain":0.0,"event_name":"Wheel of Change","player_choice":"Cursed","floor":22.0,"gold_loss":0.0,"damage_taken":0.0,"cards_obtained":["Decay"]},{"damage_healed":0.0,"max_hp_gain":0.0,"max_hp_loss":0.0,"gold_gain":0.0,"event_name":"Lab","player_choice":"Got Potions","floor":39.0,"gold_loss":0.0,"damage_taken":0.0}],"is_beta":false,"boss_relics":[{"not_picked":["Snecko Eye","ReplayTheSpireMod:DimensionalGlitch","Ring of Chaos"]},{"not_picked":["Velvet Choker","Pandora\u0027s Box"],"picked":"Replay:Grab Bag"},{"not_picked":["Coffee Dripper","infinitespire:Cupcake"],"picked":"reliquary:RedPaperclip"},{"not_picked":["ReplayTheSpireMod:Onyx Gauntlets","Painkiller Herb"],"picked":"Busted Crown"},{"not_picked":["Inserter","SacredBark"],"picked":"Black Star"}],"items_purged_floors":[19,27],"is_endless":false,"potions_floor_spawned":[5,12,13,21,23,33,35,41,46,48],"ascension_level":13}}