{"host":"j4g6ia6asvpyu2b0","time":1613088658,"event":{"mods":["BaseMod","Colored Map","Infinite Spire","Minty Spire (QoL Compilation)","Permanent Neow","Quick Restart","Relic Stats","StSLib","Unceasing Turn Reminder"],"gold_per_floor":[114,134,134,134,147,179,194,194,221,396,396,425,425,457,457,457,457],"floor_reached":16,"language":"ENG","playtime":423,"items_purged":[],"score":130,"play_id":"13658c10-3326-4582-8b89-97d9c794db7f","local_time":"20210211171058","is_ascension_mode":true,"campfire_choices":[{"data":"Noxious Fumes","floor":8,"key":"SMITH"},{"data":"Bouncing Flask","floor":13,"key":"SMITH"},{"data":"Burst","floor":15,"key":"SMITH"}],"circlet_count":0,"master_deck":["Strike_G","Strike_G","Strike_G","Strike_G","Strike_G","Defend_G","Defend_G","Defend_G","Defend_G","Defend_G","Survivor","Neutralize+1","Flying Knee","Blade Dance+1","Bouncing Flask+1","Caltrops+1","Noxious Fumes+1","Normality","Doubt","Footwork","Burst+1"],"relics":["Cursed Key","Happy Flower","Tiny Chest","Art of War","Strawberry"],"acts_visited":["Exordium"],"potions_floor_usage":[6,12,16],"damage_taken":[{"damage":0,"enemies":"Jaw Worm","floor":1,"turns":3},{"damage":0,"enemies":"2 Louse","floor":2,"turns":2},{"damage":0,"enemies":"Small Slimes","floor":5,"turns":3},{"damage":12,"enemies":"3 Sentries","floor":6,"turns":8},{"damage":2,"enemies":"Exordium Wildlife","floor":7,"turns":5},{"damage":8,"enemies":"Lagavulin","floor":12,"turns":6},{"damage":7,"enemies":"3 Sentries","floor":14,"turns":6},{"damage":19,"enemies":"Slime Boss","floor":16,"turns":5}],"seed_played":"1547431154424400447","potions_obtained":[{"floor":2,"key":"Fire Potion"},{"floor":6,"key":"Weak Potion"},{"floor":7,"key":"Poison Potion"},{"floor":12,"key":"Block Potion"}],"is_trial":false,"path_per_floor":["M","M","?","?","M","E","M","R","T","?","?","E","R","E","R","B"],"character_chosen":"THE_SILENT","items_purchased":[],"campfire_rested":0,"item_purchase_floors":[],"current_hp_per_floor":[70,70,70,58,58,46,44,44,44,44,30,22,22,22,22,3,3],"gold":457,"neow_bonus":"BOSS_RELIC","is_daily":false,"chose_seed":false,"campfire_upgraded":3,"win_rate":0.0,"timestamp":1613088658,"path_taken":["M","M","?","?","M","E","M","R","T","?","?","E","R","E","R","BOSS"],"items_purchased_type":[],"build_version":"2020-12-22","purchased_purges":0,"victory":false,"max_hp_per_floor":[70,70,70,70,70,70,70,70,70,70,70,70,70,77,77,77,77],"relic_stats":{"Happy Flower":[11],"counters":[8,38],"Tiny Chest":0,"Art of War":[0],"Cursed Key":1,"obtain_stats":[{"Happy Flower":4,"Strawberry":14,"Tiny Chest":6,"Art of War":12,"Cursed Key":0,"Ring of the Snake":0},{"Happy Flower":2,"Strawberry":7,"Tiny Chest":4,"Art of War":6,"Cursed Key":0,"Ring of the Snake":0},{"Happy Flower":5,"Strawberry":33,"Tiny Chest":16,"Art of War":27,"Cursed Key":0,"Ring of the Snake":0}]},"card_choices":[{"not_picked":["Blur","Dodge and Roll"],"picked":"Flying Knee","floor":1},{"not_picked":["Bane","Terror"],"picked":"Blade Dance","floor":2},{"not_picked":["Cloak And Dagger","Flying Knee"],"picked":"Bouncing Flask","floor":5},{"not_picked":["Cloak And Dagger","Terror"],"picked":"Caltrops","floor":6},{"not_picked":["Dodge and Roll","Dagger Throw"],"picked":"Noxious Fumes","floor":7},{"not_picked":["Endless Agony","Sucker Punch"],"picked":"Footwork","floor":12},{"not_picked":["Deflect","Choke"],"picked":"Burst","floor":14}],"player_experience":1236583,"relics_obtained":[{"floor":6,"key":"Tiny Chest"},{"floor":12,"key":"Art of War"},{"floor":14,"key":"Strawberry"}],"event_choices":[{"damage_healed":0,"gold_gain":0,"player_choice":"Success","damage_taken":12,"relics_obtained":["Happy Flower"],"max_hp_gain":0,"max_hp_loss":0,"event_name":"Scrap Ooze","floor":4,"gold_loss":0},{"damage_healed":0,"gold_gain":175,"player_choice":"AGREE","damage_taken":0,"max_hp_gain":0,"max_hp_loss":0,"event_name":"Liars Game","floor":10,"gold_loss":0,"cards_obtained":["Doubt"]},{"damage_healed":0,"gold_gain":0,"player_choice":"Entered Light","damage_taken":14,"max_hp_gain":0,"max_hp_loss":0,"event_name":"Shining Light","floor":11,"gold_loss":0,"cards_upgraded":["Neutralize","Caltrops"]}],"is_beta":false,"boss_relics":[],"items_purged_floors":[],"is_endless":false,"potions_floor_spawned":[2,6,7,12],"killed_by":"Slime Boss","ascension_level":2}}