{"host":"ymw71f7rc9ndansy","time":1613104198,"event":{"mods":["ATMod(阿瑾Mod)","Act Like it!","Arknights","Aspiration","BaseMod","DeckTracker","Hubris","Library of Ruina","Library of Ruina Extra","Minty Spire (QoL Compilation)","MostiFishMod","NanayaShiki（七夜志贵）","Relic Filter Mod","Remove Card Discount Mod","Replay The Spire","RumiaBox-露米娅的神秘盒子","StSLib","TestMod","【功能Mod】精心准备","【遗物卡牌】REMEMod"],"gold_per_floor":[118,135,154,154,172,172,190,190,272,16,16,32,57,76,76,195,195,215,233,253,253],"floor_reached":20,"language":"ZHS","playtime":495,"items_purged":["ShikiMod:B","ShikiMod:B","ShikiMod:A","ShikiMod:A","ShikiMod:A","ShikiMod:A"],"score":222,"play_id":"7959227b-087e-4440-ab53-85bcece3ecbd","local_time":"20210212122958","is_ascension_mode":false,"campfire_choices":[{"data":"ShikiMod:Q","floor":6,"key":"SMITH"},{"data":"ShikiMod:bokinohana___","floor":11,"key":"SMITH"},{"data":"TraceOfFumes","floor":15,"key":"SMITH"}],"circlet_count":0,"master_deck":["ShikiMod:B","ShikiMod:B","ShikiMod:kongjo","ShikiMod:kakaa","AT_WindFlip","TraceOfFumes+1","ShikiMod:Q+1","ShikiMod:G","ShikiMod:cc","ShikiMod:bokinohana___+1","Finesse","ShikiMod:Gensokyo"],"relics":["youmenomizu","nanaya","testmod-TestBox","DaveBox","REME_ComplimentaryCards","AT_ATBox","SentryEyes","testmod-RainbowHikingShoes","SynthV:TestCard","hubris:Towel","Golden Idol","Bottled Lightning","Civilization","Transparent"],"acts_visited":["Exordium","TheCity"],"potions_floor_usage":[],"damage_taken":[{"damage":0,"enemies":"2 Louse","floor":1,"turns":2},{"damage":9,"enemies":"ats:Genji","floor":2,"turns":3},{"damage":1,"enemies":"Small Slimes","floor":3,"turns":3},{"damage":9,"enemies":"Blue Slaver","floor":5,"turns":3},{"damage":0,"enemies":"Exordium Thugs","floor":7,"turns":3},{"damage":0,"enemies":"2 Fungi Beasts","floor":12,"turns":2},{"damage":0,"enemies":"Red Slaver","floor":13,"turns":2},{"damage":0,"enemies":"3 Louse","floor":14,"turns":2},{"damage":0,"enemies":"Slime Boss","floor":16,"turns":2},{"damage":0,"enemies":"Chosen","floor":18,"turns":1},{"damage":0,"enemies":"3 Byrds","floor":19,"turns":1},{"damage":0,"enemies":"Centurion and Healer","floor":20,"turns":2}],"seed_played":"-4353178241963566087","potions_obtained":[{"floor":1,"key":"SteroidPotion"},{"floor":2,"key":"LifebloodPotion"},{"floor":13,"key":"LiquidMemories"},{"floor":14,"key":"Adrenaline Potion"}],"is_trial":false,"path_per_floor":["M","M","M","?","M","R","M","?","T","$","R","M","M","M","R","B",null,"M","M","M"],"character_chosen":"Nanaya","items_purchased":["Civilization","Finesse"],"campfire_rested":0,"item_purchase_floors":[10,10],"current_hp_per_floor":[45,36,35,35,26,26,26,26,26,26,26,26,26,26,26,26,56,56,56,56,56],"gold":253,"neow_bonus":"TWENTY_PERCENT_HP_BONUS","is_daily":false,"chose_seed":false,"campfire_upgraded":3,"win_rate":0.0,"timestamp":1613104198,"path_taken":["M","M","M","?","M","R","M","?","T","$","R","M","M","M","R","BOSS","M","M","M"],"items_purchased_type":["Relic","Card"],"build_version":"2020-12-22","purchased_purges":6,"victory":false,"max_hp_per_floor":[60,60,60,60,60,60,60,56,56,56,56,56,56,56,56,56,56,56,56,56,56],"card_choices":[{"not_picked":["ShikiMod:E2","ShikiMod:C"],"picked":"ShikiMod:Q","floor":1},{"not_picked":["ShikiMod:E1","ShikiMod:M1","ShikiMod:E3","ShikiMod:C"],"picked":"ShikiMod:G","floor":2},{"not_picked":["ShikiMod:M","ShikiMod:B6","ShikiMod:U","ShikiMod:P","ShikiMod:B8"],"picked":"SKIP","floor":3},{"not_picked":["ShikiMod:U","ShikiMod:Q","ShikiMod:B8","ShikiMod:Z"],"picked":"ShikiMod:bokinohana___","floor":5},{"not_picked":["ShikiMod:E6","ShikiMod:E9","ShikiMod:E12","ShikiMod:E7","ShikiMod:B5"],"picked":"SKIP","floor":14},{"not_picked":["ShikiMod:E13","ShikiMod:E9","ShikiMod:M1","ShikiMod:E10"],"picked":"ShikiMod:Gensokyo","floor":16}],"player_experience":1083749,"relics_obtained":[{"floor":1,"key":"SynthV:TestCard"},{"floor":9,"key":"Bottled Lightning"}],"event_choices":[{"damage_healed":0,"gold_gain":0,"player_choice":"Lose Max HP","damage_taken":0,"relics_obtained":["Golden Idol"],"max_hp_gain":0,"max_hp_loss":4,"event_name":"Golden Idol","floor":8,"gold_loss":0}],"is_beta":false,"boss_relics":[{"not_picked":["ExusiaiGun","testmod-Nine"],"picked":"Transparent"}],"items_purged_floors":[10,10,10,10,10,10],"is_endless":false,"potions_floor_spawned":[1,2,13,14,16,19],"killed_by":"Centurion and Healer","ascension_level":0}}