{"host":"adi","time":1613138044,"event":{"mods":["AchievementEnabler","BaseMod","Bestiary","Colored Powertips","Minty Spire (QoL Compilation)","StSLib"],"gold_per_floor":[110,110,110,110,185,204,204,184,199,224,224,224,189,219,235,235,310,310,326,337,387,302,312,312,312,312,312,312,312,312,312,163,182,182,182,202,216,216,295,295,315,315,150,169,183,183,183,183,183,208,288,288,288,288,338,349,349,349],"floor_reached":59,"language":"ENG","playtime":2945,"items_purged":[],"score":1323,"play_id":"d076025a-a2a2-4b4c-885d-d016b8f0b827","local_time":"20210212145404","is_ascension_mode":true,"campfire_choices":[{"data":"Darkness","floor":7.0,"key":"SMITH"},{"data":"Dualcast","floor":11.0,"key":"SMITH"},{"data":"Hello World","floor":16.0,"key":"SMITH"},{"data":"Glacier","floor":25,"key":"SMITH"},{"data":"Machine Learning","floor":26,"key":"SMITH"},{"data":"Redo","floor":28,"key":"SMITH"},{"data":"Self Repair","floor":31,"key":"SMITH"},{"data":"Glacier","floor":34,"key":"SMITH"},{"floor":38,"key":"REST"},{"data":"White Noise","floor":46,"key":"SMITH"},{"data":"Undo","floor":47,"key":"SMITH"},{"floor":49,"key":"REST"},{"data":"Redo","floor":53,"key":"SMITH"},{"data":"Panacea","floor":57,"key":"SMITH"}],"circlet_count":0,"master_deck":["AscendersBane","Strike_B+1","Defend_B","Defend_B+1","Defend_B","Defend_B","Zap","Dualcast+1","Darkness+1","Self Repair+1","Cold Snap","Hello World+1","Glacier+1","Machine Learning+1","Ball Lightning","Undo+1","Redo+1","Redo+1","Electrodynamics+1","Glacier+1","Loop+1","White Noise+1","Electrodynamics+1","Barrage+1","Panacea+1","Loop+1"],"relics":["Cracked Core","Happy Flower","Bag of Marbles","Smiling Mask","SlaversCollar","WingedGreaves","Frozen Egg 2","Mummified Hand","Velvet Choker","Runic Capacitor","Eternal Feather","Bottled Lightning"],"acts_visited":["Exordium","TheCity","TheBeyond"],"potions_floor_usage":[41,58,58],"damage_taken":[{"damage":6.0,"enemies":"Cultist","floor":1.0,"turns":3.0},{"damage":9.0,"enemies":"Jaw Worm","floor":6.0,"turns":4.0},{"damage":0.0,"enemies":"2 Louse","floor":9.0,"turns":2.0},{"damage":18.0,"enemies":"Gremlin Nob","floor":14.0,"turns":3.0},{"damage":0.0,"enemies":"2 Fungi Beasts","floor":15.0,"turns":2.0},{"damage":35.0,"enemies":"Hexaghost","floor":17.0,"turns":10.0},{"damage":38,"enemies":"3 Byrds","floor":19,"turns":7},{"damage":3,"enemies":"Spheric Guardian","floor":20,"turns":5},{"damage":26,"enemies":"Snecko","floor":23,"turns":7},{"damage":13,"enemies":"Snake Plant","floor":33,"turns":4},{"damage":0,"enemies":"3 Cultists","floor":36,"turns":4},{"damage":7,"enemies":"Shelled Parasite and Fungi","floor":37,"turns":4},{"damage":6,"enemies":"Champ","floor":39,"turns":7},{"damage":27,"enemies":"3 Darklings","floor":41,"turns":5},{"damage":22,"enemies":"Orb Walker","floor":44,"turns":3},{"damage":9,"enemies":"Maw","floor":45,"turns":7},{"damage":17,"enemies":"Giant Head","floor":50,"turns":7},{"damage":16,"enemies":"4 Shapes","floor":56,"turns":4},{"damage":80,"enemies":"Awakened One","floor":58,"turns":22}],"seed_played":"-833592741265250866","potions_obtained":[{"floor":6.0,"key":"Swift Potion"},{"floor":8.0,"key":"Fruit Juice"},{"floor":15.0,"key":"GamblersBrew"},{"floor":23,"key":"Weak Potion"},{"floor":33,"key":"Swift Potion"},{"floor":41,"key":"Swift Potion"}],"is_trial":false,"path_per_floor":["M","?","?","$","?","M","R","?","M","T","R","?","?","E","M","R","B",null,"M","M","?","?","M","?","R","R","?","R","T","T","R","$","M","R","$","M","M","R","B",null,"M","?","$","M","M","R","R","?","R","E","T","$","R","$","?","M","R","B",null],"character_chosen":"DEFECT","items_purchased":["Electrodynamics+1","Runic Capacitor"],"campfire_rested":2,"item_purchase_floors":[32,43],"current_hp_per_floor":[58,63,40,40,29,20,20,25,32,32,32,32,52,41,41,41,6,62,31,35,35,35,16,32,32,32,32,32,32,32,32,32,29,29,29,39,42,66,70,78,61,61,61,39,50,50,50,50,74,67,67,67,81,81,81,75,81,1],"gold":349,"neow_bonus":"RANDOM_COMMON_RELIC","is_daily":false,"chose_seed":false,"campfire_upgraded":12,"win_rate":0.0,"timestamp":1613138044,"path_taken":["M","?","?","$","?","M","R","?","?","T","R","?","?","E","M","R","BOSS","M","M","?","?","M","?","R","R","?","R","T","T","R","$","M","R","?","?","M","R","BOSS","M","?","$","M","?","R","R","?","R","E","T","$","R","$","?","?","R","BOSS"],"items_purchased_type":["Card","Relic"],"build_version":"2020-12-18","purchased_purges":0,"victory":true,"max_hp_per_floor":[71,76,76,76,76,76,76,81,81,81,81,81,81,81,81,81,81,81,81,81,81,81,81,81,81,81,81,81,81,81,81,81,81,81,81,81,81,81,81,81,81,81,81,81,81,81,81,81,81,81,81,81,81,81,81,81,81,81],"card_choices":[{"not_picked":["Turbo","Doom and Gloom"],"picked":"Darkness","floor":1.0},{"not_picked":["Ball Lightning","Redo"],"picked":"Self Repair","floor":6.0},{"not_picked":["Compile Driver","Go for the Eyes"],"picked":"Cold Snap","floor":9.0},{"not_picked":["Scrape","Leap"],"picked":"Glacier","floor":14.0},{"not_picked":["Chaos","Recycle","Cold Snap"],"picked":"SKIP","floor":15.0},{"not_picked":["Seek","Rainbow"],"picked":"Machine Learning","floor":17.0},{"not_picked":["Redo","Darkness"],"picked":"Ball Lightning","floor":19},{"not_picked":["FTL","Gash","Cold Snap"],"picked":"SKIP","floor":20},{"not_picked":["Beam Cell","Lockon"],"picked":"Undo","floor":23},{"not_picked":["Heatsinks+1","Static Discharge+1"],"picked":"Glacier","floor":33},{"not_picked":["Scrape","Double Energy"],"picked":"Loop+1","floor":36},{"not_picked":["Compile Driver","Rip and Tear"],"picked":"White Noise","floor":37},{"not_picked":["Meteor Strike","Hyperbeam"],"picked":"Electrodynamics+1","floor":39},{"not_picked":["Turbo","Cold Snap","Steam"],"picked":"SKIP","floor":41},{"not_picked":["Conserve Battery","Turbo+1"],"picked":"Barrage+1","floor":44},{"not_picked":["Gash","Streamline","Redo"],"picked":"SKIP","floor":45},{"not_picked":["Flash of Steel","Secret Technique"],"picked":"Panacea","floor":48},{"not_picked":["Ball Lightning","Cold Snap","Steam"],"picked":"SKIP","floor":50},{"not_picked":["Beam Cell","Reinforced Body"],"picked":"Loop+1","floor":56}],"player_experience":408571,"relics_obtained":[{"floor":10.0,"key":"Bag of Marbles"},{"floor":14.0,"key":"Smiling Mask"},{"floor":29,"key":"Frozen Egg 2"},{"floor":30,"key":"Mummified Hand"},{"floor":50,"key":"Eternal Feather"},{"floor":51,"key":"Bottled Lightning"}],"event_choices":[{"damage_healed":0.0,"max_hp_gain":5.0,"max_hp_loss":0.0,"gold_gain":0.0,"event_name":"Big Fish","player_choice":"Donut","floor":2.0,"gold_loss":0.0,"damage_taken":0.0},{"damage_healed":0.0,"max_hp_gain":0.0,"max_hp_loss":0.0,"gold_gain":0.0,"event_name":"Shining Light","player_choice":"Entered Light","floor":3.0,"gold_loss":0.0,"damage_taken":23.0,"cards_upgraded":["Strike_B","Defend_B"]},{"damage_healed":0.0,"max_hp_gain":0.0,"max_hp_loss":0.0,"gold_gain":75.0,"event_name":"World of Goop","player_choice":"Gather Gold","floor":5.0,"gold_loss":0.0,"damage_taken":11.0},{"damage_healed":0.0,"max_hp_gain":0.0,"max_hp_loss":0.0,"gold_gain":0.0,"event_name":"The Woman in Blue","player_choice":"Bought 1 Potion","floor":8.0,"gold_loss":0.0,"damage_taken":0.0},{"damage_healed":0.0,"max_hp_gain":0.0,"max_hp_loss":0.0,"gold_gain":0.0,"cards_transformed":["Strike_B"],"event_name":"Living Wall","player_choice":"Change","floor":12.0,"gold_loss":0.0,"damage_taken":0.0,"cards_obtained":["Hello World"]},{"damage_healed":20.0,"max_hp_gain":0.0,"max_hp_loss":0.0,"gold_gain":0.0,"event_name":"The Cleric","player_choice":"Healed","floor":13.0,"gold_loss":35.0,"damage_taken":0.0},{"damage_healed":0,"gold_gain":50,"player_choice":"Stole From Cult","damage_taken":0,"max_hp_gain":0,"max_hp_loss":0,"event_name":"Nest","floor":21,"gold_loss":0},{"damage_healed":0,"gold_gain":0,"player_choice":"Obtained Relic","damage_taken":0,"relics_obtained":["WingedGreaves"],"max_hp_gain":0,"max_hp_loss":0,"event_name":"Addict","floor":22,"gold_loss":85},{"damage_healed":16,"gold_gain":0,"player_choice":"Heal","damage_taken":0,"max_hp_gain":0,"max_hp_loss":0,"event_name":"The Library","floor":24,"gold_loss":0},{"damage_healed":0,"gold_gain":0,"cards_transformed":["Strike_B","Strike_B"],"player_choice":"Became Test Subject","damage_taken":0,"max_hp_gain":0,"max_hp_loss":0,"event_name":"Drug Dealer","floor":27,"gold_loss":0,"cards_obtained":["Redo","Redo"]},{"damage_healed":0,"gold_gain":0,"player_choice":"Ignored","damage_taken":0,"max_hp_gain":0,"max_hp_loss":0,"event_name":"SecretPortal","floor":42,"gold_loss":0},{"damage_healed":0,"gold_gain":0,"player_choice":"Memory 1","damage_taken":0,"max_hp_gain":0,"max_hp_loss":0,"event_name":"SensoryStone","floor":48,"gold_loss":0},{"damage_healed":0,"gold_gain":50,"player_choice":"Pray","damage_taken":0,"max_hp_gain":0,"max_hp_loss":0,"event_name":"Golden Shrine","floor":55,"gold_loss":0}],"is_beta":true,"boss_relics":[{"not_picked":["Philosopher\u0027s Stone","Runic Pyramid"],"picked":"SlaversCollar"},{"not_picked":["Runic Dome","Pandora\u0027s Box"],"picked":"Velvet Choker"}],"items_purged_floors":[],"is_endless":false,"potions_floor_spawned":[6,15,23,33,39,41,50,56],"ascension_level":17}}