{"host":"9tei3k72ipos80hh","time":1613088034,"event":{"mods":["BaseMod","Colored Map","Conspire","Downfall","Googly Eyes","Halation","Hubris","Minty Spire (QoL Compilation)","Relic Sorter","Replay The Spire","Shop Mod","StSLib"],"gold_per_floor":[99,112,127,196,196,211,235,268,1,18,51,151,151,170,186,291,291,91,109,19,39,24,24,24,24,24,40,73,73,84,111,125,221,221,121,136,147,196,207,220,220,235,235,249,107,132,132,164,179,179,179,213,109,109,109,109,109],"floor_reached":55,"language":"ENG","playtime":3673,"items_purged":["Guardian:Defend_Guardian"],"score":831,"play_id":"ecc7110c-5261-46ac-8bbb-f0f0eccfa5b7","local_time":"20210211190034","is_ascension_mode":false,"campfire_choices":[{"floor":1,"key":"RECALL"},{"data":"Guardian:RefractedBeam","floor":18,"key":"SMITH"},{"data":"Guardian:BaubleBeam","floor":23,"key":"SMITH"},{"data":"Guardian:TwinSlam","floor":26,"key":"SMITH"},{"floor":29,"key":"REST"},{"data":"Limit Break","floor":43,"key":"SMITH"},{"data":"Demon Form","floor":47,"key":"SMITH"},{"floor":54,"key":"REST"}],"circlet_count":0,"master_deck":["Guardian:Strike_Guardian+1","Guardian:Strike_Guardian","Guardian:Strike_Guardian","Guardian:Defend_Guardian","Guardian:Defend_Guardian","Guardian:Defend_Guardian","Guardian:CurlUp","Guardian:TwinSlam+1","Guardian:FloatingOrbs","Guardian:RefractedBeam+1","Guardian:RollAttack","Guardian:FloatingOrbs","Guardian:PrismaticBeam","Guardian:HyperBeam_Guardian","Guardian:EvasiveProtocol","Guardian:DonusPower","Guardian:BaubleBeam+1","Guardian:PrimingBeam","Demon Form+1","Guardian:ArmoredProtocol+1","Limit Break+1","Dual Wield","Guardian:ConstructionForm","Pot Of Greed","Pot Of Greed","Pot Of Greed","Guardian:PolyBeam","Guardian:SpikerProtocol+1","Guardian:TimeBomb","Guardian:Preprogram+1","Guardian:FastForward"],"relics":["Guardian:ModeShifter","Mercury Hourglass","Replay:Rubber Ducky","Art of War","MerchantsRug","hubris:DisguiseKit","hubris:CrackedHourglass","downfall:HeartBlessingGreen","downfall:HeartBlessingRed","ReplayTheSpireMod:Ninjato","Replay:Bronze Core","downfall:HeartBlessingBlue","halation:Thesaurus","Boot","Grinning Jar","Blue Candle","hubris:MysteriousPyramids","halation:TwoAmDonut","Blood Vial"],"acts_visited":["Exordium","TheCity","TheBeyond","TheEnding"],"potions_floor_usage":[8,9,11,15,16,20,32,38,39,46,46,49],"damage_taken":[{"damage":0,"enemies":"Cultist","floor":2,"turns":5},{"damage":3,"enemies":"Jaw Worm","floor":3,"turns":5},{"damage":5,"enemies":"Small Slimes","floor":6,"turns":3},{"damage":15,"enemies":"Lagavulin","floor":8,"turns":4},{"damage":7,"enemies":"downfall:FleeingMerchant","floor":9,"turns":4},{"damage":8,"enemies":"Lots of Slimes","floor":10,"turns":3},{"damage":19,"enemies":"Gremlin Nob","floor":11,"turns":4},{"damage":6,"enemies":"Blue Slaver","floor":14,"turns":4},{"damage":0,"enemies":"Large Slime","floor":15,"turns":5},{"damage":35,"enemies":"WA_ARCHETYPE_RETAIN","floor":16,"turns":9},{"damage":1,"enemies":"Shell Parasite","floor":19,"turns":3},{"damage":0,"enemies":"downfall:FleeingMerchant","floor":20,"turns":4},{"damage":4,"enemies":"Spheric Guardian","floor":21,"turns":3},{"damage":0,"enemies":"downfall:FleeingMerchant","floor":22,"turns":4},{"damage":7,"enemies":"Snake Plant","floor":27,"turns":2},{"damage":21,"enemies":"Slavers","floor":28,"turns":3},{"damage":6,"enemies":"Shelled Parasite and Fungi","floor":30,"turns":4},{"damage":15,"enemies":"Replay:Snechameleon","floor":31,"turns":5},{"damage":6,"enemies":"3 Cultists","floor":32,"turns":5},{"damage":24,"enemies":"DF_ARCHETYPE_CLAW","floor":33,"turns":6},{"damage":15,"enemies":"Orb Walker","floor":36,"turns":3},{"damage":12,"enemies":"3 Shapes","floor":37,"turns":3},{"damage":0,"enemies":"downfall:FleeingMerchant","floor":38,"turns":3},{"damage":1,"enemies":"Spire Growth","floor":39,"turns":4},{"damage":0,"enemies":"Transient","floor":40,"turns":5},{"damage":0,"enemies":"Maw","floor":42,"turns":5},{"damage":0,"enemies":"Spire Growth","floor":44,"turns":4},{"damage":11,"enemies":"Reptomancer","floor":46,"turns":5},{"damage":10,"enemies":"R_Hoarder","floor":48,"turns":5},{"damage":0,"enemies":"Transient","floor":49,"turns":5},{"damage":0,"enemies":"IC_BLOCK_ARCHETYPE","floor":50,"turns":6},{"damage":73,"enemies":"downfall:CharBossMerchant","floor":52,"turns":7},{"damage":7,"enemies":"downfall:NeowBoss","floor":55,"turns":7}],"seed_played":"-337333695264846148","potions_obtained":[{"floor":3,"key":"DistilledChaos"},{"floor":8,"key":"Regen Potion"},{"floor":10,"key":"Languid Potion"},{"floor":15,"key":"SteroidPotion"},{"floor":16,"key":"SkillPotion"},{"floor":21,"key":"Guardian:AcceleratePotion"},{"floor":31,"key":"BlessingOfTheForge"},{"floor":33,"key":"Reflective Coating"},{"floor":35,"key":"Flashbang"},{"floor":35,"key":"hexamod:SoulburnPotion"},{"floor":39,"key":"hexamod:SoulburnPotion"},{"floor":42,"key":"SkillPotion"},{"floor":44,"key":"SkillPotion"},{"floor":46,"key":"Guardian:AcceleratePotion"},{"floor":48,"key":"Explosive Potion"}],"is_trial":false,"path_per_floor":["R","M","M","T","?","M","T","E","$","M","E","?","?","M","M","B",null,"R","M","$","M","$","R","T","?","R","M","E","R","M","E","M","B",null,"R_BF","M","M","$","M","M","T","M","R","M","$","E","R","E","M","B",null,"E","$","R","B"],"character_chosen":"GUARDIAN","items_purchased":["Guardian:RollAttack","MerchantsRug","Block Potion","Guardian:DonusPower","halation:Thesaurus","Grinning Jar","Guardian:FastForward","Flashbang"],"campfire_rested":2,"item_purchase_floors":[9,9,9,20,38,38,45,53],"current_hp_per_floor":[88,88,85,85,85,80,80,65,70,62,43,43,43,37,37,2,88,88,87,87,83,83,83,83,75,75,68,47,73,67,52,46,22,88,98,83,71,71,70,70,70,70,70,70,70,59,59,49,49,49,98,25,25,54,0,0,0],"gold":109,"neow_bonus":"TEN_PERCENT_HP_BONUS","is_daily":false,"chose_seed":false,"campfire_upgraded":5,"win_rate":0.0,"timestamp":1613088034,"path_taken":["R","M","M","?","?","M","T","E","$","M","E","?","?","M","M","BOSS","R","M","$","M","?","R","T","?","R","M","E","R","M","E","M","BOSS","R_BF","M","?","$","M","M","T","M","R","M","$","E","R","E","M","BOSS","E","$","R","BOSS"],"items_purchased_type":["Card","Relic","Potion","Card","Relic","Relic","Card","Potion"],"build_version":"2020-12-22","purchased_purges":1,"victory":false,"max_hp_per_floor":[88,88,88,88,88,88,88,88,88,88,88,88,88,88,88,88,88,88,88,88,88,88,88,88,88,88,88,88,88,88,88,88,88,88,98,98,98,98,98,98,98,98,98,98,98,98,98,98,98,98,98,98,98,98,98,98,98],"card_choices":[{"not_picked":["Guardian:Reroute","Guardian:PrimingBeam"],"picked":"Guardian:FloatingOrbs","floor":2},{"not_picked":["Guardian:Gem_Cyan","Guardian:RollAttack"],"picked":"Guardian:Gem_Red","floor":3},{"not_picked":["Guardian:Gem_Red","Guardian:Clone"],"picked":"Guardian:RefractedBeam","floor":6},{"not_picked":["Guardian:Gem_Blue","Guardian:TimeCapacitor"],"picked":"Guardian:WalkerClaw","floor":8},{"not_picked":["Guardian:SpikerProtocol","Guardian:CrystalBeam"],"picked":"Guardian:Harden","floor":9},{"not_picked":["Guardian:SentryBeam","Guardian:ChargeCore"],"picked":"Guardian:FloatingOrbs","floor":10},{"not_picked":["Guardian:Incinerate","Guardian:Gem_Red"],"picked":"Guardian:Gem_Orange","floor":11},{"not_picked":["Guardian:Planning","Guardian:Preprogram","Thunderclap"],"picked":"Guardian:Gem_Lightblue","floor":14},{"not_picked":["Guardian:VentSteam","Guardian:StasisStrike","Guardian:PolyBeam","Run Through"],"picked":"SKIP","floor":15},{"not_picked":["Guardian:FastForward","Guardian:TimeSifter","Corruption"],"picked":"Guardian:HyperBeam_Guardian","floor":16},{"not_picked":["Guardian:Harden","Guardian:TemporalStrike","Fire Breathing"],"picked":"Guardian:EvasiveProtocol","floor":19},{"not_picked":["Guardian:CrystalBeam","Guardian:WalkerClaw","ReplayTheSpireMod:Strike From Hell"],"picked":"Guardian:Gem_Red","floor":20},{"not_picked":["Guardian:RollAttack+1","Guardian:TemporalStrike","Guardian:ShieldCharger","conspire:ExplosiveBarrier"],"picked":"SKIP","floor":21},{"not_picked":["Guardian:Gem_Green","Guardian:Reroute","Havoc"],"picked":"Guardian:BaubleBeam","floor":22},{"not_picked":["Guardian:RollAttack+1","Guardian:DecasProtection+1","Dual Wield"],"picked":"Guardian:PrimingBeam","floor":27},{"not_picked":["Guardian:RollAttack","Guardian:TemporalShield","Guardian:GuardianWhirl"],"picked":"Demon Form","floor":28},{"not_picked":["Guardian:Gem_Fragmented","Guardian:EvasiveProtocol","Twin Strike"],"picked":"Guardian:ArmoredProtocol+1","floor":30},{"not_picked":["Guardian:CrystalBeam","Guardian:RevengeProtocol","Guardian:PiercingHide"],"picked":"Limit Break","floor":31},{"not_picked":["Guardian:Gem_Lightblue","Guardian:TimeCapacitor","Flame Barrier"],"picked":"Guardian:Gem_Blue","floor":32},{"not_picked":["Guardian:StasisField","Guardian:ExploitGems","Immolate"],"picked":"Guardian:Gem_Orange","floor":33},{"not_picked":["Guardian:Recover+1","Guardian:SentryBeam","Guardian:ChargeCore+1"],"picked":"Dual Wield","floor":36},{"not_picked":["Guardian:Reroute+1","Guardian:Gem_Lightblue","Guardian:Suspension+1","True Grit"],"picked":"SKIP","floor":37},{"not_picked":["Guardian:RefractedBeam+1","Guardian:TemporalShield+1","Burning Pact"],"picked":"Guardian:ConstructionForm","floor":38},{"not_picked":["Guardian:RollAttack","Guardian:Recover+1","Abandon"],"picked":"Guardian:PolyBeam","floor":39},{"not_picked":["Guardian:DonusPower","Guardian:Preprogram+1","Rage"],"picked":"Guardian:SpikerProtocol+1","floor":40},{"not_picked":["Guardian:TemporalStrike","Guardian:Gem_Blue","Evolve"],"picked":"Guardian:TimeBomb","floor":42},{"not_picked":["Guardian:Recover+1","Guardian:Gem_Cyan","hubris:CleavingFinish"],"picked":"Guardian:Preprogram+1","floor":44},{"not_picked":["Guardian:Incinerate+1","Guardian:BronzeArmor+1","Guardian:Planning+1","conspire:Charge"],"picked":"SKIP","floor":46},{"not_picked":["Guardian:Reroute","Guardian:DecasProtection","Guardian:BronzeArmor","ReplayTheSpireMod:Stacked"],"picked":"SKIP","floor":48},{"not_picked":["Guardian:GuardianWhirl+1","Guardian:Gem_Cyan","Dropkick"],"picked":"Guardian:Gem_Red","floor":49},{"not_picked":["Guardian:Harden","Guardian:StasisStrike","Guardian:Incinerate","Clash"],"picked":"SKIP","floor":52}],"player_experience":437063,"relics_obtained":[{"floor":4,"key":"Mercury Hourglass"},{"floor":7,"key":"Replay:Rubber Ducky"},{"floor":8,"key":"Art of War"},{"floor":11,"key":"hubris:DisguiseKit"},{"floor":28,"key":"ReplayTheSpireMod:Ninjato"},{"floor":31,"key":"hubris:TenFootPole"},{"floor":41,"key":"Blue Candle"},{"floor":46,"key":"hubris:MysteriousPyramids"},{"floor":48,"key":"halation:TwoAmDonut"},{"floor":52,"key":"Blood Vial"}],"event_choices":[],"is_beta":false,"boss_relics":[{"not_picked":["hubris:GrandSneckoEye","hubris:BlackHole"],"picked":"hubris:CrackedHourglass"},{"not_picked":["Honey Jar","hubris:TerracottaHorce"],"picked":"Replay:Bronze Core"}],"items_purged_floors":[45],"is_endless":false,"potions_floor_spawned":[3,8,10,15,16,21,31,33,37,39,42,44,46,48],"killed_by":"downfall:NeowBoss","ascension_level":0}}