{"host":"m9osufisr3agwk96","time":1613114683,"event":{"mods":["AchievementEnabler","Aspiration","BaseMod","Colored Map","Colored Powertips","Downfall","Friendly Minions","Hermit","Highlight Path","Hubris","Minty Spire (QoL Compilation)","Rare Cards Sparkle","Reliquary","Replay The Spire","Shop Mod","StSLib"],"gold_per_floor":[99,99,99,99,99,99,99,116,129,129,149,162,162,177,193,193,193,193],"floor_reached":16,"language":"ENG","playtime":787,"items_purged":[],"score":92,"play_id":"a0b295b5-6376-4d68-ba1b-8910d91c9684","local_time":"20210211232443","is_ascension_mode":false,"campfire_choices":[{"data":"sneckomod:Unknown","floor":1,"key":"SMITH"},{"data":"sneckomod:DiceBoulder","floor":10,"key":"SMITH"},{"data":"sneckomod:UnknownDraw","floor":13,"key":"SMITH"}],"circlet_count":0,"master_deck":["sneckomod:Strike","sneckomod:Strike","sneckomod:Defend","sneckomod:Defend","sneckomod:Defend","sneckomod:TailWhip","sneckomod:SnekBite","sneckomod:Unknown+1","sneckomod:Unknown+1","sneckomod:UnknownStrike","sneckomod:SoulRoll","sneckomod:UnknownBlock","sneckomod:DiceBlock","sneckomod:UnknownVulnerable","sneckomod:DiceBoulder+1","sneckomod:UnknownDraw+1","sneckomod:UnknownCommonSkill","sneckomod:Unknown3Cost","sneckomod:UnknownX"],"relics":["sneckomod:SneckoSoul","downfall:HeartsMalice","Ancient Tea Set"],"acts_visited":["Exordium"],"potions_floor_usage":[12,16],"damage_taken":[{"damage":0,"enemies":"Small Slimes","floor":2,"turns":1},{"damage":0,"enemies":"Cultist","floor":3,"turns":1},{"damage":0,"enemies":"Jaw Worm","floor":4,"turns":1},{"damage":2,"enemies":"Blue Slaver","floor":8,"turns":6},{"damage":4,"enemies":"3 Louse","floor":9,"turns":5},{"damage":4,"enemies":"2 Fungi Beasts","floor":11,"turns":3},{"damage":0,"enemies":"Exordium Thugs","floor":12,"turns":4},{"damage":5,"enemies":"Exordium Wildlife","floor":14,"turns":4},{"damage":19,"enemies":"Lots of Slimes","floor":15,"turns":5},{"damage":70,"enemies":"IC_STATUS_ARCHETYPE","floor":16,"turns":4}],"seed_played":"-4554240074449557803","potions_obtained":[{"floor":8,"key":"FearPotion"},{"floor":11,"key":"FearPotion"},{"floor":15,"key":"FearPotion"}],"is_trial":false,"path_per_floor":["R","M","M","M","?","?","T","M","M","R","M","M","R","M","M","B"],"character_chosen":"THE_SNECKO","items_purchased":[],"campfire_rested":0,"item_purchase_floors":[],"current_hp_per_floor":[90,90,90,90,90,90,90,88,84,84,80,80,80,75,56,0,0,0],"gold":193,"neow_bonus":"THREE_ENEMY_KILL","is_daily":false,"chose_seed":false,"campfire_upgraded":3,"win_rate":0.0,"timestamp":1613114683,"path_taken":["R","M","M","M","?","?","T","M","M","R","M","M","R","?","M","BOSS"],"items_purchased_type":[],"build_version":"2020-12-22","purchased_purges":0,"victory":false,"max_hp_per_floor":[90,90,90,90,90,90,90,90,90,90,90,90,90,90,90,90,90,90],"card_choices":[{"not_picked":["sneckomod:MasterEye","sneckomod:ImprovisedGuard"],"picked":"sneckomod:UnknownStrike","floor":2},{"not_picked":["sneckomod:WideSting","sneckomod:ImprovisedAttack"],"picked":"sneckomod:SoulRoll","floor":3},{"not_picked":["sneckomod:Unknown1Cost","sneckomod:DiceBlock"],"picked":"sneckomod:UnknownBlock","floor":4},{"not_picked":["sneckomod:SnakeSap","sneckomod:SoulDraw"],"picked":"sneckomod:UnknownVulnerable","floor":8},{"not_picked":["sneckomod:WideSting","sneckomod:Unknown1Cost"],"picked":"sneckomod:DiceBoulder","floor":9},{"not_picked":["sneckomod:SoulDraw","sneckomod:QuickBite"],"picked":"sneckomod:UnknownDraw","floor":11},{"not_picked":["sneckomod:SerpentIdol","sneckomod:QuickBite"],"picked":"sneckomod:UnknownCommonSkill","floor":12},{"not_picked":["sneckomod:Unknown1Cost","sneckomod:CheapStock"],"picked":"sneckomod:Unknown3Cost","floor":14},{"not_picked":["sneckomod:DiceBoulder","sneckomod:CheapStock"],"picked":"sneckomod:UnknownX","floor":15}],"player_experience":454467,"relics_obtained":[{"floor":7,"key":"Ancient Tea Set"}],"event_choices":[],"is_beta":false,"boss_relics":[],"items_purged_floors":[],"is_endless":false,"potions_floor_spawned":[8,11,15],"killed_by":"IC_STATUS_ARCHETYPE","ascension_level":0}}