{"host":"aduepa6pof7ckcrz","time":1613110520,"event":{"mods":["Act Like it!","Arknights","Aspiration","BaseMod","CapriCore","Colored Map","Colored Powertips","Downfall","Hallownest","Hermit","Hubris","Minty Spire (QoL Compilation)","Quick Restart","Replay The Spire","Robot Space Explorer","Shop Mod","StSLib","The Bug Knight","The Marked"],"gold_per_floor":[115,115,130,143,153,187,199,219,246,265,281,281,311,327,327,427,427,444,444,444,456,250,285,285,343,397,397,397,408,408,418,418,418,418],"floor_reached":33,"language":"FRA","playtime":2141,"items_purged":["HollowMod:NailStrikeStart"],"score":283,"play_id":"dc64c235-59bf-4274-a416-893aaf455d69","local_time":"20210212071520","is_ascension_mode":false,"campfire_choices":[{"floor":12,"key":"REST"},{"floor":15,"key":"REST"},{"floor":24,"key":"REST"},{"floor":28,"key":"REST"},{"floor":30,"key":"REST"},{"floor":32,"key":"REST"}],"circlet_count":0,"master_deck":["HollowMod:NailStrikeStart","HollowMod:NailStrikeStart","HollowMod:NailStrikeStart","HollowMod:QuickDashStart","HollowMod:QuickDashStart","HollowMod:QuickDashStart","HollowMod:QuickDashStart","HollowMod:FocusHealStart+1","HollowMod:PogoStrike","HollowMod:DungDefenderAura","HollowMod:GreatSlash+1","HollowMod:FastStrike+1","HollowMod:NewGlowingWomb+1","HollowMod:NewJinnsSoul","HollowMod:MothsMistake+1","HollowMod:CornifersMapStart","HollowMod:BrokenVessel+1","HollowMod:NewInfectedGuardian","HollowMod:NewGlowingWomb+1","HollowMod:CloakDash","HollowMod:SharpenedNail+1","HollowMod:InfectionAssault","HollowMod:DashSlash+1","HollowMod:CloakDash"],"relics":["HollowMod:VesselMask","ReplayTheSpireMod:TigerMarble","Gremlin Food","Boot","Honey Jar","Replay:Wax Seal","Happy Flower","Blood Vial"],"acts_visited":["Exordium","Hallownest:CityofTears"],"potions_floor_usage":[6,8,16,18,18,18,23,23],"damage_taken":[{"damage":0,"enemies":"Small Slimes","floor":1,"turns":3},{"damage":4,"enemies":"ats:Genji","floor":3,"turns":6},{"damage":0,"enemies":"Cultist","floor":4,"turns":3},{"damage":3,"enemies":"Red Slaver","floor":5,"turns":5},{"damage":15,"enemies":"Replay:BlueRogue","floor":6,"turns":7},{"damage":0,"enemies":"Blue Slaver","floor":7,"turns":2},{"damage":7,"enemies":"3 Louse","floor":8,"turns":4},{"damage":10,"enemies":"Looter","floor":10,"turns":4},{"damage":7,"enemies":"2 Fungi Beasts","floor":11,"turns":3},{"damage":15,"enemies":"HollowMod:MossKnight","floor":13,"turns":6},{"damage":11,"enemies":"Red Slaver","floor":14,"turns":4},{"damage":38,"enemies":"Fading Forest","floor":16,"turns":11},{"damage":39,"enemies":"Hallownest:Guard_and_Sentry","floor":18,"turns":5},{"damage":33,"enemies":"Hallownest:Flukemon_and_Top","floor":21,"turns":6},{"damage":6,"enemies":"Hallownest:eliteSoulWarrior","floor":23,"turns":6},{"damage":36,"enemies":"Hallownest:Glutton_and_Coward","floor":25,"turns":3},{"damage":18,"enemies":"Hallownest:Warrior_and_Youth","floor":29,"turns":3},{"damage":36,"enemies":"Hallownest:3_Mistakes","floor":31,"turns":6},{"damage":47,"enemies":"Hallownest:BossMantisLord","floor":33,"turns":4}],"seed_played":"-2785181253891916704","potions_obtained":[{"floor":1,"key":"Explosive Potion"},{"floor":5,"key":"Elixir"},{"floor":6,"key":"Swift Potion"},{"floor":13,"key":"sneckomod:MuddlingPotion"},{"floor":14,"key":"sneckomod:MuddlingPotion"},{"floor":16,"key":"Reflective Coating"},{"floor":18,"key":"hexamod:SoulburnPotion"}],"is_trial":false,"path_per_floor":["M","?","M","M","M","E","M","M","T","M","M","R","E","M","R","B",null,"M","?","?","M","$","E","R","M","T","?","R","M","R","M","R","B"],"character_chosen":"THE_BUGKNIGHT","items_purchased":["Replay:Wax Seal","PowerPotion"],"campfire_rested":6,"item_purchase_floors":[22,22],"current_hp_per_floor":[75,75,71,71,75,60,60,53,53,49,42,64,49,38,60,38,75,36,32,46,19,19,19,41,5,5,13,35,19,41,17,39,0,0],"gold":418,"neow_bonus":"ONE_RANDOM_RARE_CARD","is_daily":false,"chose_seed":false,"campfire_upgraded":0,"win_rate":0.0,"timestamp":1613110520,"path_taken":["M","?","M","M","M","E","M","M","T","M","M","R","E","M","R","BOSS","M","?","?","M","$","E","R","M","T","?","R","M","R","M","R","BOSS"],"items_purchased_type":["Relic","Potion"],"build_version":"2020-12-22","purchased_purges":1,"victory":false,"max_hp_per_floor":[75,75,75,75,75,75,75,75,75,75,75,75,75,75,75,75,75,75,75,75,75,75,75,75,75,75,75,75,75,75,75,75,75,75],"card_choices":[{"not_picked":["HollowMod:SiblingsShadow","HollowMod:LifebloodCocoon"],"picked":"HollowMod:DungDefenderAura","floor":1},{"not_picked":["HollowMod:CloakDash","HollowMod:ShadowDash"],"picked":"HollowMod:GreatSlash","floor":3},{"not_picked":["HollowMod:HeavyBlow","HollowMod:DreamGate"],"picked":"HollowMod:FastStrike","floor":4},{"not_picked":["HollowMod:GreatSlash","HollowMod:SiblingsShadow"],"picked":"HollowMod:NewGlowingWomb","floor":5},{"not_picked":["HollowMod:SoulVessel","HollowMod:HowlingWraiths"],"picked":"HollowMod:NewJinnsSoul","floor":6},{"not_picked":["HollowMod:SoulStrike","HollowMod:VoidDash"],"picked":"HollowMod:MothsMistake","floor":7},{"not_picked":["HollowMod:ShadowDash","HollowMod:BlackTendrils","HollowMod:SoulSplash"],"picked":"SKIP","floor":8},{"not_picked":["HollowMod:GreatSlash","HollowMod:NewLittleFool","HollowMod:GrimmsGift"],"picked":"SKIP","floor":10},{"not_picked":["HollowMod:CycloneSlash","HollowMod:HowlingWraiths"],"picked":"HollowMod:CornifersMapStart","floor":11},{"not_picked":["HollowMod:SoulShaman","HollowMod:SiblingsSouls"],"picked":"HollowMod:BrokenVessel","floor":13},{"not_picked":["HollowMod:SharpenedNail","HollowMod:DoubleDash","HollowMod:DashSlash"],"picked":"SKIP","floor":14},{"not_picked":["HollowMod:AwokenDreamNail","HollowMod:SoulMaster"],"picked":"HollowMod:NewInfectedGuardian","floor":16},{"not_picked":["HollowMod:WraithStrike","HollowMod:DashSlash","HollowMod:CoiledNail"],"picked":"HollowMod:NewGlowingWomb+1","floor":18},{"not_picked":["HollowMod:FastStrike","HollowMod:DoubleDash+1","HollowMod:SiblingsSouls"],"picked":"HollowMod:CloakDash","floor":21},{"not_picked":["HollowMod:CycloneSlash","HollowMod:SoulEater","HollowMod:LifebloodCocoon"],"picked":"HollowMod:SharpenedNail+1","floor":23},{"not_picked":["HollowMod:HornetsHelp","HollowMod:VengefulVoid","HollowMod:DashSlash"],"picked":"HollowMod:InfectionAssault","floor":25},{"not_picked":["HollowMod:GreatSlash","HollowMod:ChannelNail","HollowMod:GoodIntentions"],"picked":"HollowMod:DashSlash+1","floor":29},{"not_picked":["HollowMod:SiblingsShadow","HollowMod:NewLittleFool","HollowMod:RecoilStrike+1"],"picked":"HollowMod:CloakDash","floor":31}],"player_experience":1040610,"relics_obtained":[{"floor":6,"key":"ReplayTheSpireMod:TigerMarble"},{"floor":9,"key":"Gremlin Food"},{"floor":13,"key":"Boot"},{"floor":23,"key":"Happy Flower"},{"floor":26,"key":"Blood Vial"}],"event_choices":[{"damage_healed":0,"gold_gain":0,"player_choice":"Ignored","damage_taken":0,"max_hp_gain":0,"max_hp_loss":0,"event_name":"Golden Idol","floor":2,"gold_loss":0}],"is_beta":false,"boss_relics":[{"not_picked":["aspiration:RunicSpoon","Kintsugi"],"picked":"Honey Jar"}],"items_purged_floors":[22],"is_endless":false,"potions_floor_spawned":[1,5,6,13,14,16,18],"killed_by":"Hallownest:BossMantisLord","ascension_level":0}}