{"host":"1vy6j31128f61x2z","time":1613107250,"event":{"mods":["AchievementEnabler","BaseMod","Colored Powertips","Minty Spire (QoL Compilation)","Permanent Neow"],"gold_per_floor":[361,23,35,110,174,174,205,96,149,176,192,212,227,262,262,357,357,370,469,394,200,200,200,227,227,227,227,14,14,14],"floor_reached":29,"language":"ENG","playtime":1167,"items_purged":["Defend_P"],"score":338,"play_id":"1e1bdff6-808b-42e5-a32f-a87db5de8ec5","local_time":"20210212002050","is_ascension_mode":true,"campfire_choices":[{"data":"Eruption","floor":6.0,"key":"SMITH"},{"data":"SignatureMove","floor":15,"key":"SMITH"},{"data":"Blasphemy","floor":23,"key":"SMITH"},{"data":"BowlingBash","floor":27,"key":"SMITH"}],"circlet_count":0,"master_deck":["Strike_P","Strike_P","Strike_P","Strike_P","Defend_P","Defend_P","Eruption+1","Vigilance","SignatureMove+1","Meditate","Prostrate","Crescendo","Adaptation","Pray","Swivel","Meditate","BowlingBash+1","Pray","LikeWater","Blasphemy+1","MasterReality","Crescendo+1","Perseverance","Prostrate+1","Blind","Doubt","Wireheading"],"relics":["PureWater","Vajra","Gremlin Horn","Juzu Bracelet","Lantern","Potion Belt","Cursed Key","Bronze Scales","Pen Nib","HornCleat","Sling"],"acts_visited":["Exordium","TheCity"],"potions_floor_usage":[14,24,24,24],"damage_taken":[{"damage":2.0,"enemies":"Cultist","floor":1.0,"turns":3.0},{"damage":0.0,"enemies":"Small Slimes","floor":3.0,"turns":3.0},{"damage":0.0,"enemies":"Lagavulin","floor":7.0,"turns":4.0},{"damage":4.0,"enemies":"3 Sentries","floor":10.0,"turns":5.0},{"damage":0.0,"enemies":"2 Louse","floor":11.0,"turns":3.0},{"damage":1.0,"enemies":"Gremlin Gang","floor":12.0,"turns":2.0},{"damage":0.0,"enemies":"Exordium Thugs","floor":13.0,"turns":2.0},{"damage":18,"enemies":"Gremlin Nob","floor":14,"turns":3},{"damage":25,"enemies":"Slime Boss","floor":16,"turns":4},{"damage":10,"enemies":"Chosen","floor":18,"turns":4},{"damage":46,"enemies":"Gremlin Leader","floor":24,"turns":4},{"damage":9,"enemies":"Slavers","floor":29,"turns":1}],"seed_played":"8217455732809478183","potions_obtained":[{"floor":1.0,"key":"SteroidPotion"},{"floor":7.0,"key":"EssenceOfSteel"},{"floor":12.0,"key":"Swift Potion"},{"floor":16,"key":"SkillPotion"},{"floor":18,"key":"Swift Potion"}],"is_trial":false,"path_per_floor":["M","$","M","?","?","R","E","$","T","E","M","M","M","E","R","B",null,"M","?","?","$","?","R","E","?","T","R","$","E"],"character_chosen":"WATCHER","items_purchased":["Meditate","Vajra","Prostrate","Pray","Swivel","Perseverance","Bronze Scales","Wireheading","Sling"],"campfire_rested":0,"item_purchase_floors":[2,2,2,8,8,21,21,28,28],"current_hp_per_floor":[63,63,63,52,52,52,52,52,52,48,48,47,47,29,29,4,65,55,55,55,55,49,49,3,3,3,3,3,0,0],"gold":14,"neow_bonus":"TWO_FIFTY_GOLD","is_daily":false,"chose_seed":false,"campfire_upgraded":4,"win_rate":0.0,"timestamp":1613107250,"path_taken":["M","?","M","?","?","R","E","$","T","E","M","M","M","E","R","BOSS","M","?","?","$","?","R","E","?","T","R","?","E"],"items_purchased_type":["Card","Relic","Card","Card","Card","Card","Relic","Card","Relic"],"build_version":"2020-12-22","purchased_purges":1,"victory":false,"max_hp_per_floor":[65,65,65,65,65,65,65,65,65,65,65,65,65,65,65,65,65,65,65,65,65,65,65,65,65,65,65,65,65,65],"card_choices":[{"not_picked":["FlyingSleeves","DeceiveReality"],"picked":"SignatureMove","floor":1.0},{"not_picked":["CutThroughFate","EmptyBody"],"picked":"Crescendo","floor":3.0},{"not_picked":["CutThroughFate","Crescendo"],"picked":"Adaptation","floor":7.0},{"not_picked":["CutThroughFate","WaveOfTheHand"],"picked":"Meditate","floor":10.0},{"not_picked":["SandsOfTime","MentalFortress"],"picked":"BowlingBash","floor":11.0},{"not_picked":["Weave","PathToVictory"],"picked":"Pray","floor":12.0},{"not_picked":["PathToVictory","Crescendo"],"picked":"LikeWater","floor":13.0},{"not_picked":["ThirdEye","Fasting2"],"picked":"Blasphemy","floor":14},{"not_picked":["Blasphemy","Alpha"],"picked":"MasterReality","floor":16},{"not_picked":["FlurryOfBlows","Fasting2"],"picked":"Crescendo+1","floor":18},{"not_picked":["FollowUp","FlurryOfBlows"],"picked":"Prostrate+1","floor":24}],"player_experience":63975,"relics_obtained":[{"floor":7.0,"key":"Gremlin Horn"},{"floor":9.0,"key":"Juzu Bracelet"},{"floor":10.0,"key":"Lantern"},{"floor":14,"key":"Potion Belt"},{"floor":24,"key":"Pen Nib"},{"floor":26,"key":"HornCleat"}],"event_choices":[{"damage_healed":0.0,"max_hp_gain":0.0,"max_hp_loss":0.0,"gold_gain":75.0,"event_name":"World of Goop","player_choice":"Gather Gold","floor":4.0,"gold_loss":0.0,"damage_taken":11.0},{"damage_healed":0.0,"max_hp_gain":0.0,"max_hp_loss":0.0,"gold_gain":64.0,"event_name":"Golden Wing","player_choice":"Gained Gold","floor":5.0,"gold_loss":0.0,"damage_taken":0.0},{"damage_healed":0,"gold_gain":99,"player_choice":"Stole From Cult","damage_taken":0,"max_hp_gain":0,"max_hp_loss":0,"event_name":"Nest","floor":19,"gold_loss":0},{"cards_removed":["Defend_P"],"damage_healed":0,"gold_gain":0,"player_choice":"Gave Gold","damage_taken":0,"max_hp_gain":0,"max_hp_loss":0,"event_name":"Beggar","floor":20,"gold_loss":75},{"damage_healed":0,"gold_gain":0,"player_choice":"","damage_taken":6,"max_hp_gain":0,"max_hp_loss":0,"event_name":"Knowing Skull","floor":22,"potions_obtained":[],"gold_loss":0,"cards_obtained":[]},{"damage_healed":0,"gold_gain":0,"player_choice":"1 cards matched","damage_taken":0,"max_hp_gain":0,"max_hp_loss":0,"event_name":"Match and Keep!","floor":25,"gold_loss":0,"cards_obtained":["Blind"]}],"is_beta":false,"boss_relics":[{"not_picked":["Philosopher\u0027s Stone","Fusion Hammer"],"picked":"Cursed Key"}],"items_purged_floors":[2],"is_endless":false,"potions_floor_spawned":[1,7,12,16,18],"killed_by":"Slavers","ascension_level":4}}