{"host":"bgyhjzqafgkxdxsh","time":1613106100,"event":{"mods":["BaseMod","Colored Map","Minty Spire (QoL Compilation)","Relic Stats","StSLib","everything is the same but u backflip on backflip"],"gold_per_floor":[110,128,143,155,165,198,198,230,285,317,317,20,33,58,58,58,58],"floor_reached":16,"language":"ENG","playtime":521,"items_purged":[],"score":207,"play_id":"f12559a9-ac7a-4303-8c5b-666099093dbb","local_time":"20210212150140","is_ascension_mode":true,"campfire_choices":[{"floor":7,"key":"REST"},{"floor":11,"key":"REST"},{"data":"Noxious Fumes","floor":15,"key":"SMITH"}],"circlet_count":0,"master_deck":["AscendersBane","Strike_G","Strike_G","Strike_G","Strike_G","Strike_G","Defend_G","Defend_G","Defend_G","Defend_G","Defend_G","Survivor","Neutralize","Bouncing Flask","Noxious Fumes+1","Crippling Poison","Cloak And Dagger","Quick Slash","PiercingWail","Blur","Tools of the Trade","Acrobatics"],"relics":["Philosopher\u0027s Stone","Toy Ornithopter","Pen Nib","Tiny Chest","Bottled Lightning","TwistedFunnel","Juzu Bracelet","Odd Mushroom"],"acts_visited":["Exordium"],"potions_floor_usage":[6,6,10],"damage_taken":[{"damage":0,"enemies":"Cultist","floor":1,"turns":4},{"damage":8,"enemies":"Small Slimes","floor":2,"turns":4},{"damage":13,"enemies":"2 Louse","floor":3,"turns":3},{"damage":17,"enemies":"Red Slaver","floor":4,"turns":4},{"damage":0,"enemies":"Looter","floor":5,"turns":4},{"damage":20,"enemies":"Gremlin Nob","floor":6,"turns":4},{"damage":10,"enemies":"Lagavulin","floor":8,"turns":5},{"damage":12,"enemies":"Gremlin Nob","floor":10,"turns":4},{"damage":3,"enemies":"3 Louse","floor":13,"turns":2},{"damage":5,"enemies":"The Mushroom Lair","floor":14,"turns":3},{"damage":24,"enemies":"Slime Boss","floor":16,"turns":3}],"seed_played":"-5953635031889453490","potions_obtained":[{"floor":2,"key":"Strength Potion"},{"floor":3,"key":"DistilledChaos"},{"floor":4,"key":"BlessingOfTheForge"},{"floor":8,"key":"CunningPotion"}],"is_trial":false,"path_per_floor":["M","M","M","M","M","E","R","E","T","E","R","$","M","?","R","B"],"character_chosen":"THE_SILENT","items_purchased":["TwistedFunnel","Juzu Bracelet"],"campfire_rested":2,"item_purchase_floors":[12,12],"current_hp_per_floor":[59,51,38,21,21,1,20,10,10,3,22,22,19,14,14,0,0],"gold":58,"neow_bonus":"BOSS_RELIC","is_daily":false,"chose_seed":false,"campfire_upgraded":1,"win_rate":0.0,"timestamp":1613106100,"path_taken":["M","M","M","M","M","E","R","E","T","E","R","$","M","?","R","BOSS"],"items_purchased_type":["Relic","Relic"],"build_version":"2020-12-22","purchased_purges":0,"victory":false,"max_hp_per_floor":[66,66,66,66,66,66,66,66,66,66,66,66,66,66,66,66,66],"relic_stats":{"counters":[11,40],"Tiny Chest":0,"Pen Nib":[1],"Juzu Bracelet":0,"obtain_stats":[{"TwistedFunnel":12,"Philosopher\u0027s Stone":0,"Tiny Chest":9,"Pen Nib":8,"Juzu Bracelet":12,"Bottled Lightning":10,"Odd Mushroom":14,"Toy Ornithopter":6,"Ring of the Snake":0},{"TwistedFunnel":8,"Philosopher\u0027s Stone":0,"Tiny Chest":7,"Pen Nib":7,"Juzu Bracelet":8,"Bottled Lightning":8,"Odd Mushroom":10,"Toy Ornithopter":6,"Ring of the Snake":0},{"TwistedFunnel":32,"Philosopher\u0027s Stone":0,"Tiny Chest":28,"Pen Nib":28,"Juzu Bracelet":32,"Bottled Lightning":32,"Odd Mushroom":37,"Toy Ornithopter":23,"Ring of the Snake":0}],"Toy Ornithopter":5},"card_choices":[{"not_picked":["Backflip","Setup"],"picked":"Bouncing Flask","floor":1},{"not_picked":["Dagger Spray","Infinite Blades"],"picked":"Noxious Fumes","floor":2},{"not_picked":["Sucker Punch","PiercingWail"],"picked":"Crippling Poison","floor":3},{"not_picked":["Masterful Stab","Outmaneuver"],"picked":"Cloak And Dagger","floor":4},{"not_picked":["Acrobatics","Deflect"],"picked":"Quick Slash","floor":5},{"not_picked":["Caltrops","Dagger Spray"],"picked":"PiercingWail","floor":6},{"not_picked":["Dodge and Roll","Acrobatics"],"picked":"Blur","floor":8},{"not_picked":["Prepared","Backflip"],"picked":"Tools of the Trade","floor":10},{"not_picked":["Outmaneuver","Riddle With Holes","Heel Hook"],"picked":"SKIP","floor":13},{"not_picked":["Well Laid Plans","Slice"],"picked":"Acrobatics","floor":14}],"player_experience":508074,"relics_obtained":[{"floor":6,"key":"Toy Ornithopter"},{"floor":8,"key":"Pen Nib"},{"floor":9,"key":"Tiny Chest"},{"floor":10,"key":"Bottled Lightning"},{"floor":14,"key":"Odd Mushroom"}],"event_choices":[{"damage_healed":0,"gold_gain":0,"player_choice":"Fought Mushrooms","damage_taken":0,"max_hp_gain":0,"max_hp_loss":0,"event_name":"Mushrooms","floor":14,"gold_loss":0}],"is_beta":false,"boss_relics":[],"items_purged_floors":[],"is_endless":false,"potions_floor_spawned":[2,3,4,8],"killed_by":"Slime Boss","ascension_level":14}}