{"host":"7ij4m6ehapfophuy","time":1613154595,"event":{"mods":["BaseMod","Bestiary","Curses Come First","Filter the Spire","Minty Spire (QoL Compilation)","Relic Stats","StSLib","ojb\u0027s Better Paths Mod"],"gold_per_floor":[214,232,10,28,28,28,28,59,59,59,59,74,74,109,109,202,202,222,222,222,245,10,50,50,0,0,39,39,57,90,113,113,209,209,233,246,0,15,46,82,52,52,52],"floor_reached":42,"language":"ENG","playtime":3269,"items_purged":["Strike_B+1"],"score":1030,"play_id":"2b8aeb51-e00a-4536-8b4b-4954e59aab8e","local_time":"20210212132955","is_ascension_mode":true,"campfire_choices":[{"data":"Dualcast","floor":6.0,"key":"SMITH"},{"data":"Tempest","floor":10.0,"key":"SMITH"},{"data":"Zap","floor":13.0,"key":"SMITH"},{"data":"Beam Cell","floor":15.0,"key":"SMITH"},{"data":"Recycle","floor":24.0,"key":"SMITH"},{"data":"Turbo","floor":28.0,"key":"SMITH"},{"floor":32.0,"key":"REST"}],"circlet_count":0,"master_deck":["AscendersBane","Strike_B+1","Strike_B+1","Strike_B+1","Defend_B+1","Defend_B+1","Defend_B+1","Defend_B+1","Zap+1","Dualcast+1","Beam Cell+1","Tempest+1","Self Repair","Melter","Cold Snap","Electrodynamics","Biased Cognition","Chill","Biased Cognition","Recycle+1","Reinforced Body","Turbo+1","Hologram","Conserve Battery+1","Hologram","Cold Snap","Buffer","Consume","Compile Driver"],"relics":["Cracked Core","ClockworkSouvenir","Golden Idol","Calipers","Letter Opener","Mango","Pear","Runic Dome","Bag of Marbles","Turnip","Shuriken","Bottled Lightning","Dream Catcher","Inserter","Red Mask","Girya","Boot"],"acts_visited":["Exordium","TheCity","TheBeyond"],"potions_floor_usage":[42],"damage_taken":[{"damage":14.0,"enemies":"Small Slimes","floor":1.0,"turns":3.0},{"damage":8.0,"enemies":"2 Louse","floor":2.0,"turns":2.0},{"damage":4.0,"enemies":"Jaw Worm","floor":4.0,"turns":3.0},{"damage":15.0,"enemies":"Lagavulin","floor":8.0,"turns":6.0},{"damage":6.0,"enemies":"2 Fungi Beasts","floor":12.0,"turns":2.0},{"damage":17.0,"enemies":"Gremlin Nob","floor":14.0,"turns":4.0},{"damage":25.0,"enemies":"The Guardian","floor":16.0,"turns":9.0},{"damage":19.0,"enemies":"Shell Parasite","floor":18.0,"turns":3.0},{"damage":0.0,"enemies":"Spheric Guardian","floor":21.0,"turns":1.0},{"damage":0.0,"enemies":"Gremlin Leader","floor":23.0,"turns":5.0},{"damage":13.0,"enemies":"Slavers","floor":27.0,"turns":4.0},{"damage":1.0,"enemies":"Centurion and Healer","floor":29.0,"turns":4.0},{"damage":35.0,"enemies":"Gremlin Leader","floor":30.0,"turns":5.0},{"damage":16.0,"enemies":"Champ","floor":33.0,"turns":8.0},{"damage":0.0,"enemies":"Orb Walker","floor":35.0,"turns":3.0},{"damage":42.0,"enemies":"3 Darklings","floor":36.0,"turns":5.0},{"damage":0.0,"enemies":"Jaw Worm Horde","floor":38.0,"turns":5.0},{"damage":8.0,"enemies":"Mind Bloom Boss Battle","floor":39.0,"turns":7.0},{"damage":20.0,"enemies":"Reptomancer","floor":40.0,"turns":6.0},{"damage":41,"enemies":"Giant Head","floor":42,"turns":8}],"seed_played":"-949847291256274376","potions_obtained":[{"floor":2.0,"key":"GamblersBrew"},{"floor":8.0,"key":"SpeedPotion"},{"floor":12.0,"key":"Weak Potion"},{"floor":16.0,"key":"FocusPotion"},{"floor":21.0,"key":"DuplicationPotion"},{"floor":27.0,"key":"SteroidPotion"},{"floor":36.0,"key":"DistilledChaos"},{"floor":40.0,"key":"LiquidMemories"},{"floor":41.0,"key":"DuplicationPotion"}],"is_trial":false,"path_per_floor":["M","M","$","M","?","R","?","E","T","R","T","M","R","E","R","B",null,"M","?","?","M","$","E","R","$","T","E","R","M","E","T","R","B",null,"M","M","?","M","?","E","?","E"],"character_chosen":"DEFECT","items_purchased":["ClockworkSouvenir","Weak Potion","Bag of Marbles","Turbo"],"campfire_rested":1,"item_purchase_floors":[3,3,22,25],"current_hp_per_floor":[50,42,42,38,38,38,38,30,30,30,44,45,45,45,45,27,73,61,61,61,61,61,68,68,68,68,55,55,61,33,33,59,50,79,79,44,44,51,50,37,37,0,0],"gold":52,"neow_bonus":"HUNDRED_GOLD","is_daily":false,"chose_seed":false,"campfire_upgraded":6,"win_rate":0.0,"timestamp":1613154595,"path_taken":["M","M","$","M","?","R","?","E","T","R","?","M","R","E","R","BOSS","M","?","?","?","$","E","R","?","T","E","R","M","E","?","R","BOSS","M","M","?","M","?","E","?","E"],"items_purchased_type":["Relic","Potion","Relic","Card"],"build_version":"2020-12-22","purchased_purges":1,"victory":false,"max_hp_per_floor":[71,71,71,71,64,64,64,64,64,64,78,78,78,88,88,88,88,88,88,88,88,88,88,88,88,88,88,88,88,88,88,88,88,88,88,88,88,88,88,88,88,88,88],"relic_stats":{"Dream Catcher":1,"Inserter":[17],"counters":[20,93],"Golden Idol":114,"Shuriken":[2],"Turnip":[5],"Letter Opener":[125],"Boot":[1],"obtain_stats":[{"Girya":39,"Calipers":8,"Pear":14,"Inserter":34,"Golden Idol":5,"Mango":11,"Letter Opener":9,"Boot":40,"ClockworkSouvenir":3,"Runic Dome":17,"Dream Catcher":31,"Shuriken":27,"Turnip":23,"Bag of Marbles":22,"Red Mask":37,"Bottled Lightning":30,"Cracked Core":0},{"Girya":18,"Calipers":4,"Pear":6,"Inserter":14,"Golden Idol":3,"Mango":4,"Letter Opener":4,"Boot":19,"ClockworkSouvenir":2,"Runic Dome":7,"Dream Catcher":13,"Shuriken":11,"Turnip":10,"Bag of Marbles":9,"Red Mask":16,"Bottled Lightning":13,"Cracked Core":0},{"Girya":79,"Calipers":14,"Pear":20,"Inserter":59,"Golden Idol":8,"Mango":14,"Letter Opener":14,"Boot":85,"ClockworkSouvenir":5,"Runic Dome":29,"Dream Catcher":51,"Shuriken":42,"Turnip":38,"Bag of Marbles":33,"Red Mask":67,"Bottled Lightning":51,"Cracked Core":0}]},"card_choices":[{"not_picked":["Hologram","Loop"],"picked":"Beam Cell","floor":1.0},{"not_picked":["Hologram","Reprogram"],"picked":"Tempest","floor":2.0},{"not_picked":["Recycle","White Noise"],"picked":"Self Repair","floor":4.0},{"not_picked":["Creative AI","White Noise"],"picked":"Melter","floor":8.0},{"not_picked":["Sweeping Beam","Turbo"],"picked":"Cold Snap","floor":12.0},{"not_picked":["Steam","White Noise"],"picked":"Electrodynamics","floor":14.0},{"not_picked":["Thunder Strike","Rainbow"],"picked":"Biased Cognition","floor":16.0},{"not_picked":["Darkness","Sweeping Beam"],"picked":"Chill","floor":18.0},{"not_picked":["Stack","Barrage"],"picked":"Recycle","floor":21.0},{"not_picked":["Seek","Defragment"],"picked":"Reinforced Body","floor":23.0},{"not_picked":["Steam","Chill"],"picked":"Hologram","floor":27.0},{"not_picked":["Static Discharge","Turbo+1"],"picked":"Conserve Battery+1","floor":29.0},{"not_picked":["Steam","Go for the Eyes"],"picked":"Hologram","floor":30.0},{"not_picked":["Turbo","Go for the Eyes"],"picked":"Cold Snap","floor":32.0},{"not_picked":["Hyperbeam","Electrodynamics"],"picked":"Buffer","floor":33.0},{"not_picked":["Hologram","BootSequence","Ball Lightning"],"picked":"SKIP","floor":35.0},{"not_picked":["Force Field+1","Go for the Eyes+1"],"picked":"Consume","floor":36.0},{"not_picked":["Rebound","Ball Lightning","White Noise"],"picked":"SKIP","floor":38.0},{"not_picked":["Ball Lightning","Glacier"],"picked":"Compile Driver","floor":39.0},{"not_picked":["Static Discharge","FTL+1","Ball Lightning"],"picked":"SKIP","floor":40.0}],"player_experience":1104100,"relics_obtained":[{"floor":8.0,"key":"Calipers"},{"floor":9.0,"key":"Letter Opener"},{"floor":11.0,"key":"Mango"},{"floor":14.0,"key":"Pear"},{"floor":23.0,"key":"Turnip"},{"floor":27.0,"key":"Shuriken"},{"floor":30.0,"key":"Bottled Lightning"},{"floor":31.0,"key":"Dream Catcher"},{"floor":39.0,"key":"Girya"},{"floor":40.0,"key":"Boot"}],"event_choices":[{"damage_healed":0.0,"max_hp_gain":0.0,"max_hp_loss":7.0,"gold_gain":0.0,"event_name":"Golden Idol","player_choice":"Lose Max HP","floor":5.0,"gold_loss":0.0,"damage_taken":0.0,"relics_obtained":["Golden Idol"]},{"damage_healed":0.0,"max_hp_gain":0.0,"max_hp_loss":0.0,"gold_gain":0.0,"event_name":"Liars Game","player_choice":"Ignored","floor":7.0,"gold_loss":0.0,"damage_taken":0.0},{"damage_healed":0.0,"max_hp_gain":0.0,"max_hp_loss":0.0,"gold_gain":0.0,"event_name":"Back to Basics","player_choice":"Simplicity","floor":19.0,"gold_loss":0.0,"damage_taken":0.0,"cards_upgraded":["Strike_B","Strike_B","Strike_B","Strike_B","Defend_B","Defend_B","Defend_B","Defend_B"]},{"damage_healed":0.0,"max_hp_gain":0.0,"max_hp_loss":0.0,"gold_gain":0.0,"event_name":"Duplicator","player_choice":"Copied","floor":20.0,"gold_loss":0.0,"damage_taken":0.0,"cards_obtained":["Biased Cognition"]},{"damage_healed":0.0,"max_hp_gain":0.0,"max_hp_loss":0.0,"gold_gain":0.0,"event_name":"Tomb of Lord Red Mask","player_choice":"Paid","floor":37.0,"gold_loss":246.0,"damage_taken":0.0,"relics_obtained":["Red Mask"]},{"damage_healed":0.0,"max_hp_gain":0.0,"max_hp_loss":0.0,"gold_gain":0.0,"event_name":"MindBloom","player_choice":"Fight","floor":39.0,"gold_loss":0.0,"damage_taken":0.0},{"damage_healed":0.0,"max_hp_gain":0.0,"max_hp_loss":0.0,"gold_gain":0.0,"event_name":"The Woman in Blue","player_choice":"Bought 2 Potions","floor":41.0,"gold_loss":0.0,"damage_taken":0.0}],"is_beta":false,"boss_relics":[{"not_picked":["SacredBark","Ectoplasm"],"picked":"Runic Dome"},{"not_picked":["Black Star","FrozenCore"],"picked":"Inserter"}],"items_purged_floors":[22],"is_endless":false,"potions_floor_spawned":[2,8,12,16,18,21,27,36,40],"killed_by":"Giant Head","ascension_level":20}}