{"host":"6p0attdrtjqaih7v","time":1613111457,"event":{"mods":["2.2 Compatiblity","AchievementEnabler","Bard","BaseMod","Better Skull","Better Third Choice","Card Filter","Colored Powertips","Hermit","Highlight Path","Hubris","Key Reminder","Minty Spire (QoL Compilation)","Permanent Neow","Quick Restart","Random Character Button","Relic Filter","Relic Stats","Reliquary","Replay The Spire","Robot Space Explorer","StSLib","The Hayseed","The Witch"],"gold_per_floor":[113,132,174,193,33,33,62,62,62,75,86,86,103,133,133,210,210,221,41,41,60,75,75,75,108,108,134,234,253,253,264,264,341,341,341],"floor_reached":34,"language":"ENG","playtime":1459,"items_purged":["Strike_G","Strike_G"],"score":804,"play_id":"2594ce47-d287-4ee3-be4c-d37e5abdb3a4","local_time":"20210212013057","is_ascension_mode":true,"campfire_choices":[{"data":"Neutralize","floor":6,"key":"SMITH"},{"floor":8,"key":"REST"},{"floor":12,"key":"REST"},{"data":"Bouncing Flask","floor":15,"key":"SMITH"},{"data":"Deflect","floor":15,"key":"SMITH"},{"data":"Footwork","floor":23,"key":"SMITH"},{"data":"Noxious Fumes","floor":23,"key":"SMITH"},{"data":"Die Die Die","floor":30,"key":"SMITH"},{"data":"Well Laid Plans","floor":30,"key":"SMITH"},{"floor":32,"key":"REST"}],"circlet_count":0,"master_deck":["AscendersBane","Strike_G","Strike_G","Strike_G","Defend_G","Defend_G","Defend_G","Defend_G","Survivor","Neutralize+1","Dagger Spray","Cloak And Dagger","Quick Slash","Backflip","Bouncing Flask+1","Dagger Throw","Backstab","Dash","Deflect+1","Die Die Die+1","Phantasmal Killer","Footwork+1","Die Die Die","Noxious Fumes+1","Dash","Well Laid Plans+1","Venomology"],"relics":["Ring of the Snake","reliquary:HotPoker","Replay:Arrowhead","ReplayFunnel","Torii","reliquary:Ember","hubris:TenFootPole","Art of War","hubris:Zylophone","Blue Doll","hubris:FunFungus","TheSimpletonMod:Moonshine","Snecko Scales"],"acts_visited":["Exordium","TheCity","TheBeyond"],"potions_floor_usage":[7,16,16,25,28,31,31],"damage_taken":[{"damage":8,"enemies":"Small Slimes","floor":1,"turns":4},{"damage":1,"enemies":"2 Louse","floor":2,"turns":3},{"damage":0,"enemies":"Cultist","floor":4,"turns":3},{"damage":21,"enemies":"Gremlin Nob","floor":7,"turns":4},{"damage":0,"enemies":"Exordium Wildlife","floor":10,"turns":3},{"damage":9,"enemies":"Red Slaver","floor":11,"turns":3},{"damage":3,"enemies":"Lots of Slimes","floor":13,"turns":4},{"damage":5,"enemies":"Replay:BlueRogue","floor":14,"turns":5},{"damage":6,"enemies":"The Guardian","floor":16,"turns":11},{"damage":8,"enemies":"2 Thieves","floor":18,"turns":4},{"damage":0,"enemies":"Spheric Guardian","floor":21,"turns":3},{"damage":0,"enemies":"Centurion and Healer","floor":22,"turns":5},{"damage":5,"enemies":"Book of Stabbing","floor":25,"turns":6},{"damage":3,"enemies":"Replay:Snechameleon","floor":27,"turns":6},{"damage":1,"enemies":"Colosseum Slavers","floor":28,"turns":4},{"damage":2,"enemies":"Colosseum Nobs","floor":28,"turns":4},{"damage":0,"enemies":"Snecko","floor":29,"turns":3},{"damage":14,"enemies":"Snake Plant","floor":31,"turns":4},{"damage":30,"enemies":"hubris:MusketHawk","floor":33,"turns":9}],"seed_played":"9034881074718325238","potions_obtained":[{"floor":2,"key":"Milkshake"},{"floor":4,"key":"PowerPotion"},{"floor":13,"key":"LiquidMemories"},{"floor":14,"key":"Swift Potion"},{"floor":18,"key":"Reflective Coating"},{"floor":25,"key":"Fire Potion"},{"floor":27,"key":"Energy Potion"},{"floor":28,"key":"Swift Potion"}],"is_trial":false,"path_per_floor":["M","M","?","M","$","R","E","R","T","M","M","R","M","E","R","B",null,"M","$","?","M","M","R","?","E","T","E","?","M","R","M","R","B",null],"character_chosen":"THE_SILENT","items_purchased":["Backstab","Footwork"],"campfire_rested":3,"item_purchase_floors":[5,19],"current_hp_per_floor":[51,50,29,29,29,29,8,27,27,27,18,37,34,29,29,23,55,47,47,47,47,47,47,47,42,42,39,36,37,37,24,43,15,53,53],"gold":341,"neow_bonus":"THREE_CARDS","is_daily":false,"chose_seed":false,"campfire_upgraded":7,"win_rate":0.0,"timestamp":1613111457,"path_taken":["M","M","?","?","$","R","E","R","T","M","M","R","M","E","R","BOSS","M","$","?","?","?","R","?","E","T","E","?","M","R","M","R","BOSS"],"items_purchased_type":["Card","Card"],"build_version":"2020-12-22","purchased_purges":2,"victory":false,"max_hp_per_floor":[66,66,66,66,66,66,66,66,66,66,66,66,66,66,66,66,66,66,66,66,66,66,66,66,66,66,66,66,66,66,66,66,66,66,66],"relic_stats":{"Torii":48,"counters":[19,88],"Art of War":[0],"obtain_stats":[{"ReplayFunnel":9,"Torii":14,"Blue Doll":27,"Replay:Arrowhead":7,"hubris:Zylophone":26,"reliquary:HotPoker":3,"Snecko Scales":34,"hubris:FunFungus":28,"reliquary:Ember":17,"hubris:TenFootPole":24,"Art of War":25,"TheSimpletonMod:Moonshine":28,"Ring of the Snake":0},{"ReplayFunnel":4,"Torii":8,"Blue Doll":14,"Replay:Arrowhead":4,"hubris:Zylophone":13,"reliquary:HotPoker":2,"Snecko Scales":19,"hubris:FunFungus":16,"reliquary:Ember":9,"hubris:TenFootPole":12,"Art of War":13,"TheSimpletonMod:Moonshine":16,"Ring of the Snake":0},{"ReplayFunnel":14,"Torii":29,"Blue Doll":64,"Replay:Arrowhead":14,"hubris:Zylophone":58,"reliquary:HotPoker":7,"Snecko Scales":88,"hubris:FunFungus":72,"reliquary:Ember":40,"hubris:TenFootPole":52,"Art of War":58,"TheSimpletonMod:Moonshine":72,"Ring of the Snake":0}],"Ring of the Snake":[38]},"card_choices":[{"not_picked":["Replay:Poison Smokescreen","Flying Knee"],"picked":"Dagger Spray","floor":0},{"not_picked":["Slice","All Out Attack"],"picked":"Cloak And Dagger","floor":1},{"not_picked":["Well Laid Plans","Flying Knee"],"picked":"Quick Slash","floor":2},{"not_picked":["Replay:Poison Smokescreen","Bouncing Flask"],"picked":"Backflip","floor":3},{"not_picked":["Well Laid Plans","Accuracy"],"picked":"Bouncing Flask","floor":3},{"not_picked":["Outmaneuver","Toxin Wave"],"picked":"Dagger Throw","floor":4},{"not_picked":["Dagger Throw","Glass Knife"],"picked":"Dash","floor":7},{"not_picked":["Riddle With Holes","Cloak And Dagger","Backflip"],"picked":"SKIP","floor":10},{"not_picked":["Outmaneuver","Eviscerate"],"picked":"Deflect","floor":11},{"not_picked":["Dagger Spray","Reflex","Riddle With Holes"],"picked":"SKIP","floor":13},{"not_picked":["Prepared","Bane"],"picked":"Die Die Die","floor":14},{"not_picked":["Die Die Die","Bullet Time"],"picked":"Phantasmal Killer","floor":16},{"not_picked":["Dodge and Roll","Deflect","Flying Knee+1"],"picked":"SKIP","floor":18},{"not_picked":["Deflect","Bouncing Flask"],"picked":"Noxious Fumes","floor":21},{"not_picked":["Riddle With Holes","Dagger Spray"],"picked":"Dash","floor":22},{"not_picked":["Doppelganger","PiercingWail","Dash"],"picked":"SKIP","floor":25},{"not_picked":["Slice","Deflect","Heel Hook"],"picked":"SKIP","floor":27},{"not_picked":["Deflect","Flying Knee"],"picked":"Well Laid Plans","floor":29},{"not_picked":["Underhanded Strike","Outmaneuver","All Out Attack"],"picked":"SKIP","floor":31},{"not_picked":["Grand Finale","Tools of the Trade"],"picked":"Venomology","floor":33}],"player_experience":1105986,"relics_obtained":[{"floor":3,"key":"reliquary:HotPoker"},{"floor":7,"key":"Replay:Arrowhead"},{"floor":9,"key":"ReplayFunnel"},{"floor":14,"key":"Torii"},{"floor":25,"key":"Art of War"},{"floor":26,"key":"hubris:Zylophone"},{"floor":27,"key":"Blue Doll"},{"floor":28,"key":"hubris:FunFungus"},{"floor":28,"key":"TheSimpletonMod:Moonshine"}],"event_choices":[{"damage_healed":0,"gold_gain":0,"player_choice":"Copied","damage_taken":0,"max_hp_gain":0,"max_hp_loss":0,"event_name":"Duplicator","floor":20,"gold_loss":0,"cards_obtained":["Die Die Die"]},{"damage_healed":0,"gold_gain":0,"player_choice":"Fight","damage_taken":0,"max_hp_gain":0,"max_hp_loss":0,"event_name":"Colosseum","floor":28,"gold_loss":0},{"damage_healed":0,"gold_gain":0,"player_choice":"Fought Nobs","damage_taken":0,"max_hp_gain":0,"max_hp_loss":0,"event_name":"Colosseum","floor":28,"gold_loss":0}],"is_beta":false,"boss_relics":[{"not_picked":["hubris:Backtick","Fusion Hammer"],"picked":"reliquary:Ember"},{"not_picked":["Astrolabe","ChewingGum"],"picked":"Snecko Scales"}],"items_purged_floors":[5,19],"is_endless":false,"potions_floor_spawned":[2,4,13,14,18,25,27,28,29],"ascension_level":20}}