{"host":"r0ye8pdzuq6zwfvs","time":1613108158,"event":{"mods":["AchievementEnabler","BaseMod","BetterRewards","CapriCore","Card Forge","Colored Map","Colored Powertips","Custom Start","DeckTracker","Luminous","Minty Spire (QoL Compilation)","Permanent Neow","Prisma Mod","Quick Restart","Relic Stats","Shop Mod","StSLib","SuperFastMode","Swap Starting Deck Mod","The Alterego","The Immortal","Uncapped"],"gold_per_floor":[112,125,125,138,148,180,180,215,264,264,281,313,331,188,188,291,291,302,376,393,466,485,580,580,600,682,716,732,750,750,825,825,982,1032,1052,1068,1081,1081,1101,1132,1132,1157,1183,1217,1232,1247,1296,1313,1313,1313,1313,1313,1015,1043,1043],"floor_reached":56,"language":"ENG","playtime":2738,"items_purged":[],"score":1954,"play_id":"763ca3ec-f354-4c8c-98e1-3b7a3b3351c3","local_time":"20210211223558","is_ascension_mode":true,"campfire_choices":[{"floor":7,"key":"RECALL"},{"floor":10,"key":"REST"},{"floor":15,"key":"REST"},{"floor":24,"key":"REST"},{"floor":32,"key":"REST"},{"floor":41,"key":"REST"},{"floor":49,"key":"REST"},{"floor":52,"key":"REST"}],"circlet_count":0,"master_deck":["PrismaMod:ChloeUnlimitedBladeWorks+1","PrismaMod:ChloeAnyRareTrace+1"],"relics":["PrismaMod:PrismaTraceOn","Hammer of Thor","Seething Fire","Anvil of the Gods","Peace Pipe","Pear","Vajra","Lee\u0027s Waffle","Philosopher\u0027s Stone","Strawberry","Toxic Egg 2","Ice Cream","Eternal Feather","Tiny House","Art of War","Dream Catcher","Bronze Scales","White Beast Statue","Mango","Oddly Smooth Stone","Blood Vial","Anchor"],"acts_visited":["Exordium","TheCity","TheBeyond","TheEnding"],"potions_floor_usage":[],"damage_taken":[{"damage":0.0,"enemies":"Jaw Worm","floor":1.0,"turns":1.0},{"damage":0.0,"enemies":"Cultist","floor":2.0,"turns":3.0},{"damage":0.0,"enemies":"2 Louse","floor":4.0,"turns":1.0},{"damage":0,"enemies":"Exordium Wildlife","floor":5,"turns":1},{"damage":9,"enemies":"3 Sentries","floor":6,"turns":6},{"damage":0,"enemies":"Lagavulin","floor":8,"turns":2},{"damage":0,"enemies":"2 Fungi Beasts","floor":11,"turns":1},{"damage":0,"enemies":"Gremlin Nob","floor":12,"turns":1},{"damage":0,"enemies":"3 Louse","floor":13,"turns":1},{"damage":0,"enemies":"Hexaghost","floor":16,"turns":1},{"damage":0,"enemies":"2 Thieves","floor":18,"turns":1},{"damage":0,"enemies":"Chosen","floor":19,"turns":1},{"damage":0,"enemies":"3 Cultists","floor":20,"turns":1},{"damage":0,"enemies":"Snecko","floor":21,"turns":1},{"damage":0,"enemies":"Centurion and Healer","floor":22,"turns":1},{"damage":0,"enemies":"Book of Stabbing","floor":23,"turns":1},{"damage":0,"enemies":"Sentry and Sphere","floor":25,"turns":1},{"damage":0,"enemies":"Slavers","floor":27,"turns":1},{"damage":0,"enemies":"Chosen and Byrds","floor":28,"turns":1},{"damage":0,"enemies":"Centurion and Healer","floor":29,"turns":1},{"damage":0,"enemies":"Automaton","floor":33,"turns":1},{"damage":0,"enemies":"3 Shapes","floor":35,"turns":1},{"damage":0,"enemies":"Orb Walker","floor":36,"turns":1},{"damage":0,"enemies":"3 Darklings","floor":37,"turns":1},{"damage":0,"enemies":"Sphere and 2 Shapes","floor":39,"turns":1},{"damage":0,"enemies":"Giant Head","floor":40,"turns":1},{"damage":0,"enemies":"Nemesis","floor":42,"turns":1},{"damage":0,"enemies":"Giant Head","floor":44,"turns":1},{"damage":0,"enemies":"Jaw Worm Horde","floor":45,"turns":1},{"damage":0,"enemies":"Writhing Mass","floor":46,"turns":1},{"damage":0,"enemies":"2 Orb Walkers","floor":47,"turns":1},{"damage":0,"enemies":"Spire Growth","floor":48,"turns":1},{"damage":0,"enemies":"Donu and Deca","floor":50,"turns":1},{"damage":0,"enemies":"Shield and Spear","floor":54,"turns":1},{"damage":0,"enemies":"The Heart","floor":55,"turns":3}],"seed_played":"-832956845276240633","potions_obtained":[{"floor":2.0,"key":"Regen Potion"},{"floor":3.0,"key":"SkillPotion"},{"floor":3.0,"key":"SmokeBomb"},{"floor":19,"key":"ColorlessPotion"},{"floor":34,"key":"LiquidBronze"}],"is_trial":false,"path_per_floor":["M","M","?","M","M","E","R","E","T","R","M","E","M","$","R","B",null,"M","M","M","M","M","E","R","M","T","E","M","M","?","T","R","B",null,"M","M","M","?","M","E","R","E","T","E","M","M","?","M","R","B",null,"R","$","E","B",null],"character_chosen":"CHLOE","items_purchased":["Lee\u0027s Waffle","Oddly Smooth Stone","Blood Vial"],"campfire_rested":7,"item_purchase_floors":[14,53,53],"current_hp_per_floor":[82,82,82,82,82,82,82,95,95,95,103,107,119,126,126,130,130,138,142,154,158,166,177,177,185,185,197,205,213,213,213,213,217,222,234,238,242,230,242,246,246,250,250,254,266,270,292,296,296,304,304,304,304,312,316],"gold":1043,"neow_bonus":"TEN_PERCENT_HP_BONUS","is_daily":false,"chose_seed":false,"campfire_upgraded":0,"win_rate":0.0,"timestamp":1613108158,"path_taken":["M","M","?","?","M","E","R","E","T","R","M","E","M","$","R","BOSS","M","M","M","M","M","E","R","?","T","E","M","M","?","?","R","BOSS","M","M","M","?","M","E","R","E","T","E","M","M","?","M","R","BOSS","R","$","E","BOSS"],"items_purchased_type":["Relic","Relic","Relic"],"build_version":"2020-12-22","purchased_purges":0,"victory":true,"max_hp_per_floor":[82,82,82,82,82,82,82,95,95,95,103,107,119,126,126,130,130,138,142,154,158,166,177,177,185,185,197,205,213,213,213,213,217,222,234,238,242,230,242,246,246,250,250,254,266,270,292,296,296,304,304,304,304,312,316],"relic_stats":{"Peace Pipe":0,"Blood Vial":0,"Lee\u0027s Waffle":7,"Dream Catcher":2,"counters":[35,45],"Bronze Scales":[0],"Eternal Feather":0,"Art of War":[0],"obtain_stats":[{"Ice Cream":27,"Lee\u0027s Waffle":14,"Pear":8,"Tiny House":34,"Vajra":12,"Oddly Smooth Stone":53,"Eternal Feather":31,"Mango":47,"Hammer of Thor":0,"Seething Fire":0,"PrismaMod:PrismaTraceOn":0,"White Beast Statue":44,"Peace Pipe":6,"Blood Vial":53,"Dream Catcher":42,"Anchor":54,"Anvil of the Gods":0,"Strawberry":23,"Bronze Scales":43,"Philosopher\u0027s Stone":17,"Art of War":40,"Toxic Egg 2":26},{"Ice Cream":18,"Lee\u0027s Waffle":9,"Pear":6,"Tiny House":21,"Vajra":8,"Oddly Smooth Stone":33,"Eternal Feather":20,"Mango":31,"Hammer of Thor":0,"Seething Fire":0,"PrismaMod:PrismaTraceOn":0,"White Beast Statue":28,"Peace Pipe":5,"Blood Vial":33,"Dream Catcher":27,"Anchor":34,"Anvil of the Gods":0,"Strawberry":16,"Bronze Scales":27,"Philosopher\u0027s Stone":10,"Art of War":26,"Toxic Egg 2":17},{"Ice Cream":26,"Lee\u0027s Waffle":17,"Pear":14,"Tiny House":29,"Vajra":16,"Oddly Smooth Stone":41,"Eternal Feather":28,"Mango":39,"Hammer of Thor":0,"Seething Fire":0,"PrismaMod:PrismaTraceOn":0,"White Beast Statue":36,"Peace Pipe":12,"Blood Vial":41,"Dream Catcher":35,"Anchor":42,"Anvil of the Gods":0,"Strawberry":24,"Bronze Scales":35,"Philosopher\u0027s Stone":18,"Art of War":34,"Toxic Egg 2":25}]},"card_choices":[{"not_picked":["PrismaMod:ChloeCheapDefend","PrismaMod:ChloeCheapDefendTwo","PrismaMod:ChloeDiscardRecovery"],"picked":"SKIP","floor":1.0},{"not_picked":["PrismaMod:ChloeDemonicTutor","PrismaMod:ChloeCheapDefend","PrismaMod:ChloeCheapDefendTwo"],"picked":"SKIP","floor":2.0},{"not_picked":["PrismaMod:ChloeCheapDefendTwo","PrismaMod:ChloeCheapAttackTwo","PrismaMod:ChloeRuleBreaker"],"picked":"SKIP","floor":4.0},{"not_picked":["PrismaMod:ChloeCheapDefend","PrismaMod:ChloeExhaustOne","PrismaMod:ChloeExhaustTwo"],"picked":"SKIP","floor":5},{"not_picked":["PrismaMod:ChloeCheapDefend","PrismaMod:ChloeBetterTracePools","PrismaMod:ChloeExcalibur"],"picked":"SKIP","floor":6},{"not_picked":["PrismaMod:ChloeExcalibur","PrismaMod:ChloeDiscardRecovery","PrismaMod:ChloeCheapAttack"],"picked":"SKIP","floor":8},{"not_picked":["PrismaMod:ChloeDiscardRecovery","PrismaMod:ChloeExhaustOne","PrismaMod:ChloeMaid"],"picked":"SKIP","floor":11},{"not_picked":["PrismaMod:ChloeCheapDefendTwo","PrismaMod:ChloeUncommonAttack","PrismaMod:ChloeUnlimitedBladeWorks"],"picked":"SKIP","floor":12},{"not_picked":["PrismaMod:ChloeCheapAttackTwo","PrismaMod:ChloeExcalibur","PrismaMod:ChloeCheapAttack"],"picked":"SKIP","floor":13},{"not_picked":["PrismaMod:ChloeUncommonAttack","PrismaMod:ChloeExhaustOne","PrismaMod:ChloeCheapDefendTwo+1"],"picked":"SKIP","floor":18},{"not_picked":["PrismaMod:ChloeCommonAOEAttack","PrismaMod:ChloeCheapAttackTwo","PrismaMod:ChloeCheapAttack+1"],"picked":"SKIP","floor":19},{"not_picked":["PrismaMod:ChloeDiscardRecovery+1","PrismaMod:ChloeChristmas","PrismaMod:ChloeExhaustOne+1"],"picked":"SKIP","floor":20},{"not_picked":["PrismaMod:ChloeCheapDefend","PrismaMod:ChloeCheapDefendTwo","PrismaMod:ChloeCheapAttackTwo"],"picked":"SKIP","floor":21},{"not_picked":["PrismaMod:ChloeDiscardRecovery","PrismaMod:ChloeCheapAttackTwo","PrismaMod:ChloeCheapAttack"],"picked":"SKIP","floor":22},{"not_picked":["PrismaMod:ChloeChristmas","PrismaMod:ChloeMaid","PrismaMod:ChloeCommonAOEAttack+1"],"picked":"SKIP","floor":23},{"not_picked":["PrismaMod:ChloeUncommonAOEAttack+1","PrismaMod:ChloeAnyCommonTrace","PrismaMod:ChloeDiscardRecovery"],"picked":"SKIP","floor":25},{"not_picked":["PrismaMod:ChloeDiscardRecovery+1","PrismaMod:ChloeUncommonDefend+1","PrismaMod:ChloeCheapDefendTwo+1"],"picked":"SKIP","floor":27},{"not_picked":["PrismaMod:ChloeExhaustThree+1","PrismaMod:ChloeMaid+1","PrismaMod:ChloeCommonAOEAttack+1"],"picked":"SKIP","floor":28},{"not_picked":["PrismaMod:ChloeMordred+1","PrismaMod:ChloeDiscardRecovery+1","PrismaMod:ChloeCheapAttack"],"picked":"SKIP","floor":29},{"not_picked":["PrismaMod:ChloeCheapDefend+1","PrismaMod:ChloeCheapAttack+1","PrismaMod:ChloeUncommonAOEAttack"],"picked":"SKIP","floor":35},{"not_picked":["PrismaMod:ChloeDiscardRecovery+1","PrismaMod:ChloeCheapAttackTwo+1","PrismaMod:ChloeRhongomyniad+1"],"picked":"SKIP","floor":36},{"not_picked":["PrismaMod:ChloeExhaustOne+1","PrismaMod:ChloeMordred+1","PrismaMod:ChloeDiscardRecovery+1"],"picked":"SKIP","floor":37},{"not_picked":["PrismaMod:ChloeCheapAttack+1","PrismaMod:ChloeCheapAttackTwo+1","PrismaMod:ChloeCaladbolg"],"picked":"SKIP","floor":39},{"not_picked":["PrismaMod:ChloeMaid+1","PrismaMod:ChloeCheapAttack","PrismaMod:ChloeCheapDefend+1"],"picked":"SKIP","floor":40},{"not_picked":["PrismaMod:ChloeCheapAttackTwo+1","PrismaMod:ChloeExhaustOne+1","PrismaMod:ChloeCheapDefend+1"],"picked":"SKIP","floor":42},{"not_picked":["PrismaMod:ChloeCommonAOEAttack+1","PrismaMod:ChloeDoubleRelicSpeed","PrismaMod:ChloeCheapDefendTwo+1"],"picked":"SKIP","floor":44},{"not_picked":["PrismaMod:ChloeCommonAOEAttack+1","PrismaMod:ChloeCheapDefendTwo+1","PrismaMod:ChloeCheapDefend+1"],"picked":"SKIP","floor":45},{"not_picked":["PrismaMod:ChloeCheapAttack","PrismaMod:ChloeExcalibur","PrismaMod:ChloeRitsuka+1"],"picked":"SKIP","floor":46},{"not_picked":["PrismaMod:ChloeMordred+1","PrismaMod:ChloeCheapAttack+1","PrismaMod:ChloeRitsuka+1"],"picked":"SKIP","floor":48},{"not_picked":["PrismaMod:ChloeDiscardRecovery+1","PrismaMod:ChloeCheapAttack","PrismaMod:ChloeEyeOfTheEuryale+1"],"picked":"SKIP","floor":54}],"player_experience":214259,"relics_obtained":[{"floor":6,"key":"Peace Pipe"},{"floor":8,"key":"Pear"},{"floor":12,"key":"Vajra"},{"floor":23,"key":"Strawberry"},{"floor":26,"key":"Toxic Egg 2"},{"floor":27,"key":"Ice Cream"},{"floor":31,"key":"Eternal Feather"},{"floor":40,"key":"Art of War"},{"floor":42,"key":"Dream Catcher"},{"floor":43,"key":"Bronze Scales"},{"floor":44,"key":"White Beast Statue"},{"floor":47,"key":"Mango"},{"floor":54,"key":"Anchor"}],"event_choices":[{"damage_healed":0.0,"max_hp_gain":0.0,"max_hp_loss":0.0,"gold_gain":0.0,"event_name":"Lab","player_choice":"Got Potions","floor":3.0,"gold_loss":0.0,"damage_taken":0.0},{"damage_healed":0,"gold_gain":0,"player_choice":"Max HP","damage_taken":0,"max_hp_gain":0,"max_hp_loss":12,"event_name":"Winding Halls","floor":38,"gold_loss":0},{"damage_healed":0,"gold_gain":0,"player_choice":"Fight","damage_taken":0,"max_hp_gain":0,"max_hp_loss":0,"event_name":"Mysterious Sphere","floor":47,"gold_loss":0}],"is_beta":false,"boss_relics":[{"not_picked":["Sozu","Astrolabe"],"picked":"Philosopher\u0027s Stone"},{"not_picked":["Snecko Eye","SacredBark"],"picked":"Tiny House"}],"items_purged_floors":[],"is_endless":false,"potions_floor_spawned":[2,4,5,19,21,23,27,29,33,37,39,40,45,46,47,48,54],"ascension_level":1}}