{"host":"y5jwc3gudndosepb","time":1613135564,"event":{"mods":["BaseMod","Downfall","Marisa£®ÏF”Í°°ƒß¿Ì…≥£©","Minty Spire (QoL Compilation)","Prisma Mod","StSLib","The Animator","Waifu the Spire"],"gold_per_floor":[119,131,144,69,69,112,112,93,116,136,101,101,117,127,127,229,229,229],"floor_reached":17,"language":"ZHS","playtime":1234,"items_purged":["animator:Strike"],"score":159,"play_id":"160abf31-3273-487b-b5c7-370b6bc66de9","local_time":"20210212211244","is_ascension_mode":false,"campfire_choices":[{"data":"animator:Eve","floor":12,"key":"SMITH"},{"data":"animator:Aqua","floor":15,"key":"SMITH"}],"circlet_count":0,"master_deck":["animator:Kazuma+1","animator:Aqua+1","animator:Caster","animator:EmiyaShirou+1","animator:Souei","animator:Shinoa","animator:Tyuule","animator:Eve+1","animator:FeridBathory","animator:Spearman","animator:Nanami","animator:Witch","animator:Alexander","animator:HiiragiShinya","animator:SilverFang"],"relics":["animator:LivingPicture","animator:TheMissingPiece","animator:PurgingStone","NeowsBlessing","HornCleat","Omamori","War Paint","Pandora\u0027s Box"],"acts_visited":["Exordium","TheCity"],"potions_floor_usage":[10],"damage_taken":[{"damage":0,"enemies":"Small Slimes","floor":1,"turns":1},{"damage":0,"enemies":"2 Louse","floor":2,"turns":1},{"damage":0,"enemies":"Jaw Worm","floor":3,"turns":1},{"damage":23,"enemies":"Lagavulin","floor":6,"turns":9},{"damage":4,"enemies":"Exordium Thugs","floor":8,"turns":7},{"damage":0,"enemies":"Gremlin Gang","floor":10,"turns":7},{"damage":0,"enemies":"Blue Slaver","floor":13,"turns":5},{"damage":2,"enemies":"Exordium Thugs","floor":14,"turns":4},{"damage":17,"enemies":"Hexaghost","floor":16,"turns":11}],"seed_played":"-8877585248620764700","potions_obtained":[{"floor":1,"key":"Weak Potion"},{"floor":3,"key":"ColorlessPotion"},{"floor":6,"key":"DistilledChaos"},{"floor":13,"key":"EntropicBrew"},{"floor":14,"key":"Dexterity Potion"}],"is_trial":false,"path_per_floor":["M","M","M","$","?","E","?","M","T","M","?","R","M","M","R","B",null],"character_chosen":"THE_ANIMATOR","items_purchased":[],"campfire_rested":0,"item_purchase_floors":[],"current_hp_per_floor":[66,66,66,66,59,38,38,36,36,38,54,54,57,57,57,44,67,67],"gold":229,"neow_bonus":"THREE_ENEMY_KILL","is_daily":false,"chose_seed":false,"campfire_upgraded":2,"win_rate":0.0,"timestamp":1613135564,"path_taken":["M","M","M","$","?","E","?","M","T","M","?","R","M","M","R","BOSS"],"items_purchased_type":[],"build_version":"2020-12-22","purchased_purges":1,"victory":false,"max_hp_per_floor":[66,66,66,66,66,66,66,66,66,66,66,66,66,66,66,67,67,67],"card_choices":[{"not_picked":["animator:NagisaMomoe","animator:Shion"],"picked":"animator:Caster","floor":1},{"not_picked":["animator:DolaRiku","animator:ChlammyZell"],"picked":"animator:EmiyaShirou","floor":2},{"not_picked":["animator:Chung","animator:Demiurge"],"picked":"animator:Souei","floor":3},{"not_picked":["animator:Mitsuba","animator:Mikaela"],"picked":"animator:Shinoa","floor":6},{"not_picked":["animator:Shigure","animator:OrikoMikuni"],"picked":"animator:Eve","floor":8},{"not_picked":["animator:Chris","animator:Millim","animator:Entoma"],"picked":"SKIP","floor":10},{"not_picked":["animator:Alexander","animator:SayakaMiki","animator:SilverFang"],"picked":"SKIP","floor":13},{"not_picked":["animator:Shizu","animator:Kyubey"],"picked":"animator:FeridBathory","floor":16}],"player_experience":388550,"relics_obtained":[{"floor":6,"key":"Omamori"},{"floor":9,"key":"War Paint"}],"event_choices":[{"damage_healed":0,"gold_gain":0,"player_choice":"Success","damage_taken":7,"relics_obtained":["HornCleat"],"max_hp_gain":0,"max_hp_loss":0,"event_name":"Scrap Ooze","floor":5,"gold_loss":0},{"damage_healed":0,"gold_gain":0,"cards_transformed":["animator:Strike"],"player_choice":"Change","damage_taken":0,"max_hp_gain":0,"max_hp_loss":0,"event_name":"Living Wall","floor":7,"gold_loss":0,"cards_obtained":["animator:Tyuule"]},{"damage_healed":16,"gold_gain":0,"player_choice":"Healed","damage_taken":0,"max_hp_gain":0,"max_hp_loss":0,"event_name":"The Cleric","floor":11,"gold_loss":35}],"is_beta":false,"boss_relics":[{"not_picked":["bronze:MakeshiftBattery","animator:CursedBlade"],"picked":"Pandora\u0027s Box"}],"items_purged_floors":[4],"is_endless":false,"potions_floor_spawned":[1,3,6,13,14],"ascension_level":0}}