{"host":"5vt7i1s0igmi3yzq","time":1613171960,"event":{"mods":["AchievementEnabler","Act Like it!","Aspiration","BaseMod","Better Altar","Better Match","Better Note","Better Sensory Stone","Better Skull","Better Third Choice","Better Vampires","BetterRewards","Colored Powertips","Fox Events","GifTheSpireLib","Hermit","Highlight Path","Minty Spire (QoL Compilation)","Morshu Shopkeeper - ENHANCED","Pale of the Ancients","Permanent Neow","Rare Cards Sparkle","Replay The Spire","Reworked Bosses","Shop Mod","StSLib","Stuff the Spire","Unceasing Turn Reminder","Wandering Minibosses","everything is the same but u backflip on backflip"],"gold_per_floor":[113,113,130,50,50,82,82,100,100,117,131,150,176,192,192,297,297,313,333,333,350,368,368,368],"floor_reached":23,"language":"ENG","playtime":2155,"items_purged":[],"score":207,"play_id":"e243bebd-5000-4547-b695-5e57c34d514c","local_time":"20210212171920","is_ascension_mode":false,"campfire_choices":[{"floor":7,"key":"DIG"},{"floor":15,"key":"DIG"}],"circlet_count":0,"master_deck":["hermit:Strike_Hermit","hermit:Strike_Hermit","hermit:Strike_Hermit","hermit:Strike_Hermit","hermit:Defend_Hermit","hermit:Defend_Hermit","hermit:Defend_Hermit","hermit:Snapshot","hermit:Covet","hermit:GoldenBullet","Regret","hermit:TakeCover","hermit:Showdown","hermit:Vantage","hermit:Dissolve","hermit:Quickdraw","hermit:ItchyTrigger","hermit:Showdown","hermit:TakeCover","hermit:Adapt","hermit:OverwhelmingPower","hermit:TakeAim","hermit:Brawl","hermit:Brawl","hermit:Virtue","hermit:CalledShot+1"],"relics":["hermit:Momento","aspiration:DSix","StuffTheSpire:RedRose","Shovel","Chameleon Ring","Bag of Marbles","Mummified Hand","aspiration:FutureDiary"],"acts_visited":["Exordium","TheCity"],"potions_floor_usage":[11,13,16,16],"damage_taken":[{"damage":2,"enemies":"Small Slimes","floor":1,"turns":3},{"damage":0,"enemies":"Cultist","floor":3,"turns":4},{"damage":17,"enemies":"Gremlin Nob","floor":6,"turns":4},{"damage":0,"enemies":"Jaw Worm","floor":8,"turns":4},{"damage":14,"enemies":"Gremlin Gang","floor":10,"turns":3},{"damage":0,"enemies":"2 Fungi Beasts","floor":11,"turns":2},{"damage":8,"enemies":"Exordium Thugs","floor":12,"turns":4},{"damage":13,"enemies":"3 Sentries","floor":13,"turns":5},{"damage":0,"enemies":"3 Louse","floor":14,"turns":3},{"damage":14,"enemies":"Fading Forest","floor":16,"turns":11},{"damage":5,"enemies":"Shell Parasite","floor":18,"turns":4},{"damage":10,"enemies":"3 Byrds","floor":19,"turns":5},{"damage":1,"enemies":"Snecko","floor":21,"turns":4},{"damage":8,"enemies":"Snake Plant","floor":22,"turns":4},{"damage":63,"enemies":"Gremlin Leader","floor":23,"turns":5}],"seed_played":"3753300613210713401","potions_obtained":[{"floor":6,"key":"Energy Potion"},{"floor":8,"key":"Swift Potion"},{"floor":10,"key":"DistilledChaos"},{"floor":13,"key":"Regen Potion"}],"is_trial":false,"path_per_floor":["M","?","M","$","?","E","R","M","T","M","M","M","E","M","R","B",null,"M","M","?","M","M","E"],"character_chosen":"HERMIT","items_purchased":["hermit:Showdown"],"campfire_rested":0,"item_purchase_floors":[4],"current_hp_per_floor":[73,73,73,73,73,56,56,56,56,42,42,34,21,21,21,45,75,70,60,60,59,51,0,0],"gold":368,"neow_bonus":"DSIX","is_daily":false,"chose_seed":false,"campfire_upgraded":0,"win_rate":0.0,"timestamp":1613171960,"path_taken":["M","?","M","$","?","E","R","?","T","M","M","M","E","M","R","BOSS","M","M","?","?","M","E"],"items_purchased_type":["Card"],"build_version":"2020-12-22","purchased_purges":0,"victory":false,"max_hp_per_floor":[75,75,75,75,75,75,75,75,75,75,75,75,75,75,75,75,75,75,75,75,75,75,75,75],"card_choices":[{"not_picked":["hermit:Ricochet","hermit:GhostlyPresence"],"picked":"hermit:GoldenBullet","floor":1},{"not_picked":["hermit:HoleUp","hermit:SprayPray"],"picked":"hermit:TakeCover","floor":3},{"not_picked":["hermit:Coalescence","hermit:Desperado"],"picked":"hermit:Vantage","floor":6},{"not_picked":["hermit:TakeAim","hermit:Feint"],"picked":"hermit:Dissolve","floor":8},{"not_picked":["hermit:LowProfile","hermit:Gestalt"],"picked":"hermit:Quickdraw","floor":10},{"not_picked":["hermit:HoleUp","hermit:Headshot"],"picked":"hermit:ItchyTrigger","floor":11},{"not_picked":["hermit:Coalescence","hermit:TrackingShot"],"picked":"hermit:Showdown","floor":12},{"not_picked":["hermit:CalledShot","hermit:Manifest"],"picked":"hermit:TakeCover","floor":13},{"not_picked":["hermit:SprayPray","hermit:HighCaliber"],"picked":"hermit:Adapt","floor":14},{"not_picked":["hermit:BlackWind","hermit:Purgatory"],"picked":"hermit:OverwhelmingPower","floor":16},{"not_picked":["hermit:Combo","hermit:ItchyTrigger"],"picked":"hermit:TakeAim","floor":18},{"not_picked":["hermit:Manifest+1","hermit:HoleUp+1"],"picked":"hermit:Brawl","floor":19},{"not_picked":["hermit:WideOpen","hermit:DeadMansHand"],"picked":"hermit:Virtue","floor":21},{"not_picked":["hermit:NoHoldsBarred","hermit:SprayPray+1"],"picked":"hermit:CalledShot+1","floor":22}],"player_experience":394223,"relics_obtained":[{"floor":6,"key":"Shovel"},{"floor":7,"key":"Chameleon Ring"},{"floor":13,"key":"Bag of Marbles"},{"floor":15,"key":"Mummified Hand"}],"event_choices":[{"cards_removed":["hermit:Defend_Hermit"],"damage_healed":0,"gold_gain":0,"player_choice":"Offered Basic","damage_taken":0,"max_hp_gain":0,"max_hp_loss":0,"event_name":"Bonfire Elementals","floor":5,"gold_loss":0},{"damage_healed":0,"gold_gain":0,"player_choice":"Copied","damage_taken":0,"max_hp_gain":0,"max_hp_loss":0,"event_name":"Duplicator","floor":20,"gold_loss":0,"cards_obtained":["hermit:Brawl"]}],"is_beta":false,"boss_relics":[{"not_picked":["aspiration:RunicSpoon","Replay:Drink Me"],"picked":"aspiration:FutureDiary"}],"items_purged_floors":[],"is_endless":false,"potions_floor_spawned":[6,8,10,13],"killed_by":"Gremlin Leader","ascension_level":0}}