{"host":"wyloba13dxa5qu9d","time":1613151986,"event":{"mods":["100% Spire Juice","AchievementEnabler","BaseMod","Bestiary","Colored Map","Colored Powertips","Curses Come First","Downfall","Lobotomy","Marked Mod","Minty Spire (QoL Compilation)","Quick Restart","Reliquary","StSLib","SuperFastMode"],"gold_per_floor":[99,199,199,199,199,229,229,248,48,60,87,109,121,43,53,152,152,152,165,181,198,208,208,208,219,219,232,232,232,243,273,273,273,273],"floor_reached":32,"language":"ZHS","playtime":1221,"items_purged":["downfall:Haunted"],"score":287,"play_id":"e68d66a8-a44c-4f5a-a405-1d9341347312","local_time":"20210213014626","is_ascension_mode":false,"campfire_choices":[{"floor":1.0,"key":"RECALL"},{"data":"hexamod:FastForward","floor":9.0,"key":"SMITH"},{"data":"hexamod:TimeWarp","floor":18.0,"key":"SMITH"},{"floor":23,"key":"REST"},{"floor":26,"key":"REST"},{"floor":28,"key":"REST"}],"circlet_count":0,"master_deck":["hexamod:Strike","hexamod:Strike","hexamod:Strike","hexamod:Strike","hexamod:Defend","hexamod:Defend","hexamod:Defend","hexamod:Defend","hexamod:Sear","hexamod:Float","Injury","hexamod:GhostflameInferno","hexamod:FastForward+1","hexamod:SpectralAdrenaline","hexamod:Incineration","hexamod:ForkedFlame","hexamod:FastForward","hexamod:GhostShield","hexamod:TimeWarp+1","Decay","Clumsy","Regret","hexamod:Incineration+1","hexamod:ExtraCrispy+1","hexamod:CatchUp+1","hexamod:Haunt","hexamod:HexaLevel"],"relics":["hexamod:SpiritBrand","downfall:HeartsMalice","Du-Vu Doll","Ornamental Fan","downfall:HeartBlessingRed","downfall:HeartBlessingBlue","MawBank","NlothsMask","Astrolabe","Akabeko"],"acts_visited":["Exordium","TheCity"],"potions_floor_usage":[],"damage_taken":[{"damage":0.0,"enemies":"Cultist","floor":3.0,"turns":1.0},{"damage":0.0,"enemies":"Small Slimes","floor":4.0,"turns":1.0},{"damage":0.0,"enemies":"Jaw Worm","floor":5.0,"turns":1.0},{"damage":2.0,"enemies":"Blue Slaver","floor":8.0,"turns":3.0},{"damage":3.0,"enemies":"Red Slaver","floor":10.0,"turns":3.0},{"damage":6.0,"enemies":"Gremlin Nob","floor":11.0,"turns":3.0},{"damage":5.0,"enemies":"Exordium Thugs","floor":12.0,"turns":2.0},{"damage":0.0,"enemies":"downfall:FleeingMerchant","floor":14.0,"turns":4.0},{"damage":0.0,"enemies":"3 Louse","floor":15.0,"turns":3.0},{"damage":44.0,"enemies":"DF_ARCHETYPE_STREAMLINE","floor":16.0,"turns":8.0},{"damage":24.0,"enemies":"3 Byrds","floor":19.0,"turns":5.0},{"damage":7.0,"enemies":"Chosen","floor":20.0,"turns":3.0},{"damage":9.0,"enemies":"Centurion and Healer","floor":21.0,"turns":4.0},{"damage":17,"enemies":"Snake Plant","floor":22,"turns":3},{"damage":8,"enemies":"Chosen and Byrds","floor":25,"turns":3},{"damage":5,"enemies":"Sentry and Sphere","floor":27,"turns":3},{"damage":1,"enemies":"Snecko","floor":30,"turns":3},{"damage":47,"enemies":"Slavers","floor":31,"turns":4},{"damage":38,"enemies":"3 Cultists","floor":32,"turns":4}],"seed_played":"3340367402141781893","potions_obtained":[{"floor":8.0,"key":"GamblersBrew"},{"floor":10.0,"key":"Dexterity Potion"},{"floor":11.0,"key":"Swift Potion"},{"floor":15.0,"key":"Fire Potion"},{"floor":20.0,"key":"Strength Potion"}],"is_trial":false,"path_per_floor":["R","?","M","M","M","?","T","M","R","M","E","M","?","$","M","B",null,"R","M","M","M","M","R","T","M","R","M","R","?","M","E","M"],"character_chosen":"THE_SPIRIT","items_purchased":[],"campfire_rested":3,"item_purchase_floors":[],"current_hp_per_floor":[70,75,75,75,75,75,75,73,83,80,74,69,69,69,69,25,85,85,61,54,45,28,53,53,45,70,65,85,85,84,37,0,0,0],"gold":273,"neow_bonus":"THREE_ENEMY_KILL","is_daily":false,"chose_seed":false,"campfire_upgraded":2,"win_rate":0.0,"timestamp":1613151986,"path_taken":["R","?","M","M","M","?","T","M","R","?","E","M","?","$","M","BOSS","R","M","M","M","M","R","T","M","R","M","R","?","M","E","M"],"items_purchased_type":[],"build_version":"2020-12-22","purchased_purges":1,"victory":false,"max_hp_per_floor":[70,75,75,75,75,75,75,75,85,85,85,85,85,85,85,85,85,85,85,85,85,85,85,85,85,85,85,85,85,85,85,85,85,85],"card_choices":[{"not_picked":["hexamod:SoulSteal","hexamod:ThirdSeal"],"picked":"hexamod:FastForward","floor":3.0},{"not_picked":["hexamod:NightmareGuise","hexamod:Haunt","hexamod:Firestarter"],"picked":"SKIP","floor":4.0},{"not_picked":["hexamod:ThermalTransfer","hexamod:SecondSeal","hexamod:NightmareGuise"],"picked":"SKIP","floor":5.0},{"not_picked":["hexamod:FastForward","hexamod:SpectersWail"],"picked":"hexamod:SpectralAdrenaline","floor":8.0},{"not_picked":["hexamod:PhantomCloak","hexamod:SoulSteal"],"picked":"hexamod:Incineration","floor":10.0},{"not_picked":["hexamod:PhantomCloak","hexamod:InspiringFlames"],"picked":"hexamod:ForkedFlame","floor":11.0},{"not_picked":["hexamod:SpectersWail","hexamod:SwordOfDarkness"],"picked":"hexamod:FastForward","floor":12.0},{"not_picked":["hexamod:ThirdSeal","hexamod:BurningTouch","hexamod:NightmareGuise"],"picked":"SKIP","floor":14.0},{"not_picked":["hexamod:HeatMetal","hexamod:ChargedBarrage"],"picked":"hexamod:GhostShield","floor":15.0},{"not_picked":["hexamod:SearingWound","hexamod:UnlimitedPower"],"picked":"hexamod:TimeWarp","floor":16.0},{"not_picked":["hexamod:Firestarter","hexamod:ExtraCrispy"],"picked":"hexamod:Incineration+1","floor":19.0},{"not_picked":["hexamod:SpectralAdrenaline","hexamod:Firestarter"],"picked":"hexamod:ExtraCrispy","floor":20.0},{"not_picked":["hexamod:HeatShield","hexamod:Firestarter","hexamod:SpectralAdrenaline"],"picked":"SKIP","floor":21.0},{"not_picked":["hexamod:GhostflameBarrier","hexamod:NightmareGuise"],"picked":"hexamod:CatchUp+1","floor":22},{"not_picked":["hexamod:GhostShield","hexamod:HauntingEcho+1"],"picked":"hexamod:Haunt","floor":25},{"not_picked":["hexamod:NightmareStrike","hexamod:BacktrackSmack","hexamod:ThermalTransfer"],"picked":"SKIP","floor":27},{"not_picked":["hexamod:BurningTouch","hexamod:PhantomFireball"],"picked":"hexamod:HexaLevel","floor":30},{"not_picked":["hexamod:HauntingEcho","hexamod:PhantomFireball+1","hexamod:HeatMetal"],"picked":"SKIP","floor":31}],"player_experience":154276,"relics_obtained":[{"floor":11.0,"key":"MawBank"},{"floor":31,"key":"Akabeko"}],"event_choices":[{"damage_healed":0.0,"max_hp_gain":0.0,"max_hp_loss":0.0,"gold_gain":0.0,"event_name":"FaceTrader","player_choice":"Trade","floor":13.0,"gold_loss":0.0,"damage_taken":0.0,"relics_obtained":["NlothsMask"]},{"damage_healed":0,"gold_gain":0,"player_choice":"Forge","damage_taken":0,"max_hp_gain":0,"max_hp_loss":0,"event_name":"Accursed Blacksmith","floor":29,"gold_loss":0,"cards_upgraded":["hexamod:ExtraCrispy"]}],"is_beta":false,"boss_relics":[{"not_picked":["Busted Crown","reliquary:KinkedSpring"],"picked":"Astrolabe"}],"items_purged_floors":[14],"is_endless":false,"potions_floor_spawned":[8,10,11,12,15,20,21,22],"killed_by":"3 Cultists","ascension_level":0}}