{"host":"dx8mnueonnkh60qu","time":1613173796,"event":{"mods":["AchievementEnabler","Act Like it!","Aspiration","BaseMod","Better Silent Start","Better Third Choice","Bossed Relics","CCEM2","Conspire","Defuse TimeMaze Blight","Dota2Spire","Downfall","Hubris","Infinite Spire","Marked Mod","Minty Spire (QoL Compilation)","Quarter Circle Forward PUNCH!","Rare Cards Sparkle","Relic Stats","Reliquary","Robot Space Explorer","Spicy Shops","Spikes Relics","StSLib","SuperFastMode","The Blue Laboratory","The Caster"],"gold_per_floor":[119,136,146,162,162,162,162,162,162,162,187,187,187,199,199,296,296,313,326,66,102,114,142,142,157,184,200,235,246,246,262,262,365,365,378,478,496,516,26,26,44,44,44,44,44,73,87,102,102,102,102],"floor_reached":50,"language":"ENG","playtime":2256,"items_purged":[],"score":668,"play_id":"fa9321e6-9b89-4647-be8d-05b0f509fae2","local_time":"20210212184956","is_ascension_mode":true,"campfire_choices":[{"data":"Dualcast","floor":6.0,"key":"SMITH"},{"floor":8.0,"key":"REST"},{"data":"Hologram","floor":13.0,"key":"SMITH"},{"data":"Zap","floor":15.0,"key":"SMITH"},{"data":"BlessedFruit","floor":24.0,"key":"SMITH"},{"floor":32.0,"key":"REST"},{"data":"Echo Form","floor":40.0,"key":"SMITH"},{"floor":45.0,"key":"RECALL"},{"floor":49.0,"key":"REST"}],"circlet_count":0,"master_deck":["Strike_B","Strike_B","Strike_B","Strike_B","Defend_B","Defend_B","Defend_B","Defend_B","Zap+1","Dualcast+1","Cold Snap","conspire:Rain","Ball Lightning","Conserve Battery","infinitespire:FinalStrike","Reboot","Melter","Hologram+1","Core Surge","Beam Cell","Compile Driver","BlessedFruit+1","BlessedFruit","Fission","Defragment","Chill+1","Steam+1","Echo Form+1","Leap+1","Defragment+1","Machine Learning","Writhe","Amplify","Hologram+1","Stack+1"],"relics":["conspire:RunicOctahedron","reliquary:QuartzCube","conspire:GiftBox","CCEMRelics:Barrel","Nuclear Battery","CCEMRelics:HeirloomTomato","reliquary:RosewoodLute","HeavenlyBonsai","CCEMRelics:TeddyBear","Turnip","sneckomod:SneckoTalon","CCEMRelics:SpiritsEdge","WizardHat","qcfpunch:Wild_Herbs_Ointment"],"acts_visited":["Exordium","TheCity","TheBeyond"],"potions_floor_usage":[50,50],"damage_taken":[{"damage":11.0,"enemies":"Small Slimes","floor":1.0,"turns":4.0},{"damage":2.0,"enemies":"2 Louse","floor":2.0,"turns":3.0},{"damage":2.0,"enemies":"conspire:RoseBush","floor":3.0,"turns":4.0},{"damage":19.0,"enemies":"3 Louse","floor":4.0,"turns":3.0},{"damage":9.0,"enemies":"Gremlin Nob","floor":11.0,"turns":3.0},{"damage":4.0,"enemies":"2 Fungi Beasts","floor":14.0,"turns":3.0},{"damage":9.0,"enemies":"Hexaghost","floor":16.0,"turns":7.0},{"damage":0.0,"enemies":"Shell Parasite","floor":18.0,"turns":1.0},{"damage":12.0,"enemies":"2 Thieves","floor":19.0,"turns":3.0},{"damage":16.0,"enemies":"conspire:MimicChest","floor":21.0,"turns":7.0},{"damage":1.0,"enemies":"3 Cultists","floor":22.0,"turns":5.0},{"damage":1.0,"enemies":"Slavers","floor":23.0,"turns":5.0},{"damage":9.0,"enemies":"Shelled Parasite and Fungi","floor":25.0,"turns":3.0},{"damage":10.0,"enemies":"Sentry and Sphere","floor":27.0,"turns":3.0},{"damage":12.0,"enemies":"conspire:Head Lice","floor":28.0,"turns":8.0},{"damage":11.0,"enemies":"Centurion and Healer","floor":29.0,"turns":5.0},{"damage":0.0,"enemies":"3 Cultists","floor":31.0,"turns":4.0},{"damage":54.0,"enemies":"Automaton","floor":33.0,"turns":9.0},{"damage":8.0,"enemies":"3 Shapes","floor":35.0,"turns":4.0},{"damage":0.0,"enemies":"Orb Walker","floor":37.0,"turns":3.0},{"damage":30.0,"enemies":"Writhing Mass","floor":38.0,"turns":5.0},{"damage":0.0,"enemies":"3 Darklings","floor":41.0,"turns":4.0},{"damage":80.0,"enemies":"Reptomancer","floor":46.0,"turns":9.0},{"damage":0.0,"enemies":"Maw","floor":47.0,"turns":7.0},{"damage":0.0,"enemies":"Sphere and 2 Shapes","floor":48.0,"turns":2.0},{"damage":37,"enemies":"Time Eater","floor":50,"turns":5}],"seed_played":"-4006767846828085647","potions_obtained":[{"floor":1.0,"key":"PowerPotion"},{"floor":14.0,"key":"EssenceOfSteel"},{"floor":16.0,"key":"SteroidPotion"},{"floor":21.0,"key":"LiquidMemories"},{"floor":23.0,"key":"Fire Potion"},{"floor":38.0,"key":"blueLaboratory:ConsumingVoid"},{"floor":46.0,"key":"DistilledChaos"}],"is_trial":false,"path_per_floor":["M","M","M","M","?","R","?","R","T","?","E","?","R","M","R","B",null,"M","M","$","?","M","E","R","M","T","M","E","M","?","M","R","B",null,"M","?","M","M","$","R","M","?","T","?","R","E","M","M","R","B"],"character_chosen":"DEFECT","items_purchased":["CCEMRelics:HeirloomTomato","CCEMRelics:SpiritsEdge","WizardHat","Machine Learning"],"campfire_rested":3,"item_purchase_floors":[20,39,39,39],"current_hp_per_floor":[64,62,60,41,41,41,23,45,45,50,41,41,41,37,37,28,80,80,68,73,59,60,61,61,57,57,52,45,39,39,44,74,25,103,100,100,105,82,82,82,95,117,117,117,117,50,55,59,96,62,62],"gold":102,"neow_bonus":"BOSS_RELIC","is_daily":false,"chose_seed":false,"campfire_upgraded":5,"win_rate":0.0,"timestamp":1613173796,"path_taken":["M","M","M","M","?","R","?","R","T","?","E","?","R","M","R","BOSS","M","M","$","?","M","E","R","M","T","M","E","M","?","M","R","BOSS","M","?","?","?","$","R","M","?","T","?","R","E","M","M","R","BOSS"],"items_purchased_type":["Relic","Relic","Relic","Card"],"build_version":"2020-12-22","purchased_purges":0,"victory":false,"max_hp_per_floor":[75,75,75,75,75,75,75,75,75,80,80,80,80,80,80,80,80,80,80,85,85,85,85,85,88,88,91,94,97,97,100,100,103,103,106,106,109,114,114,114,117,117,117,117,117,120,123,125,125,128,128],"relic_stats":{"counters":[26,119],"Turnip":[3],"obtain_stats":[{"CCEMRelics:Barrel":11,"WizardHat":39,"CCEMRelics:TeddyBear":26,"conspire:RunicOctahedron":0,"reliquary:RosewoodLute":21,"HeavenlyBonsai":23,"reliquary:QuartzCube":5,"sneckomod:SneckoTalon":34,"Nuclear Battery":17,"CCEMRelics:SpiritsEdge":39,"qcfpunch:Wild_Herbs_Ointment":46,"conspire:GiftBox":9,"Turnip":28,"CCEMRelics:HeirloomTomato":20,"Cracked Core":0},{"CCEMRelics:Barrel":5,"WizardHat":21,"CCEMRelics:TeddyBear":13,"conspire:RunicOctahedron":0,"reliquary:RosewoodLute":10,"HeavenlyBonsai":12,"reliquary:QuartzCube":4,"sneckomod:SneckoTalon":18,"Nuclear Battery":7,"CCEMRelics:SpiritsEdge":21,"qcfpunch:Wild_Herbs_Ointment":23,"conspire:GiftBox":4,"Turnip":15,"CCEMRelics:HeirloomTomato":9,"Cracked Core":0},{"CCEMRelics:Barrel":17,"WizardHat":92,"CCEMRelics:TeddyBear":51,"conspire:RunicOctahedron":0,"reliquary:RosewoodLute":38,"HeavenlyBonsai":48,"reliquary:QuartzCube":14,"sneckomod:SneckoTalon":80,"Nuclear Battery":27,"CCEMRelics:SpiritsEdge":92,"qcfpunch:Wild_Herbs_Ointment":105,"conspire:GiftBox":14,"Turnip":62,"CCEMRelics:HeirloomTomato":31,"Cracked Core":0}]},"card_choices":[{"not_picked":["Redo","Double Energy"],"picked":"Cold Snap","floor":1.0},{"not_picked":["Force Field","Turbo"],"picked":"conspire:Rain","floor":2.0},{"not_picked":["Redo","Beam Cell"],"picked":"Ball Lightning","floor":3.0},{"not_picked":["Coolheaded","Loop"],"picked":"Conserve Battery","floor":4.0},{"not_picked":["hubris:Rewind","infinitespire:NeuralNetwork"],"picked":"infinitespire:FinalStrike","floor":7.0},{"not_picked":["Fission","Amplify"],"picked":"Reboot","floor":9.0},{"not_picked":["conspire:Rain","BootSequence"],"picked":"Melter","floor":11.0},{"not_picked":["hubris:PowerSurge","Rebound","Double Energy"],"picked":"SKIP","floor":14.0},{"not_picked":["Buffer","Reboot"],"picked":"Core Surge","floor":16.0},{"not_picked":["Turbo","RefreshScreen"],"picked":"Beam Cell","floor":18.0},{"not_picked":["White Noise","conspire:Rain","Turbo"],"picked":"SKIP","floor":19.0},{"not_picked":["Rebound","Leap"],"picked":"Compile Driver","floor":21.0},{"not_picked":["Stack","Rebound","Compile Driver"],"picked":"SKIP","floor":22.0},{"not_picked":["Leap","Gash+1"],"picked":"Fission","floor":23.0},{"not_picked":["Gash+1","Double Energy+1"],"picked":"Defragment","floor":25.0},{"not_picked":["Sweeping Beam","Steam"],"picked":"Chill+1","floor":27.0},{"not_picked":["Go for the Eyes","Static Discharge"],"picked":"Steam+1","floor":28.0},{"not_picked":["Steam","Barrage","Chill"],"picked":"SKIP","floor":29.0},{"not_picked":["FTL","hubris:PowerSurge","Ball Lightning"],"picked":"SKIP","floor":31.0},{"not_picked":["Biased Cognition","Hyperbeam"],"picked":"Echo Form","floor":33.0},{"not_picked":["Steam","Gash","Turbo+1"],"picked":"SKIP","floor":35.0},{"not_picked":["conspire:SharedLibrary","Rebound+1"],"picked":"Leap+1","floor":37.0},{"not_picked":["Lockon+1","Melter"],"picked":"Defragment+1","floor":38.0},{"not_picked":["conspire:Rain","Streamline","RefreshScreen"],"picked":"SKIP","floor":41.0},{"not_picked":["Fusion","hubris:Ukulele"],"picked":"Amplify","floor":46.0},{"not_picked":["Ball Lightning","Compile Driver"],"picked":"Hologram+1","floor":47.0},{"not_picked":["Steam+1","Beam Cell"],"picked":"Stack+1","floor":48.0}],"player_experience":619962,"relics_obtained":[{"floor":5.0,"key":"reliquary:QuartzCube"},{"floor":9.0,"key":"conspire:GiftBox"},{"floor":11.0,"key":"CCEMRelics:Barrel"},{"floor":21.0,"key":"reliquary:RosewoodLute"},{"floor":23.0,"key":"HeavenlyBonsai"},{"floor":26.0,"key":"CCEMRelics:TeddyBear"},{"floor":28.0,"key":"Turnip"},{"floor":46.0,"key":"qcfpunch:Wild_Herbs_Ointment"}],"event_choices":[{"damage_healed":0.0,"max_hp_gain":5.0,"max_hp_loss":0.0,"gold_gain":0.0,"event_name":"Big Fish","player_choice":"Donut","floor":10.0,"gold_loss":0.0,"damage_taken":0.0},{"damage_healed":0.0,"max_hp_gain":0.0,"max_hp_loss":0.0,"gold_gain":0.0,"event_name":"Ghosts","player_choice":"Ignored","floor":30.0,"gold_loss":0.0,"damage_taken":0.0},{"damage_healed":0.0,"max_hp_gain":0.0,"max_hp_loss":0.0,"gold_gain":100.0,"event_name":"Golden Shrine","player_choice":"Pray","floor":36.0,"gold_loss":0.0,"damage_taken":0.0},{"damage_healed":29.0,"max_hp_gain":0.0,"max_hp_loss":0.0,"gold_gain":0.0,"event_name":"Winding Halls","player_choice":"Writhe","floor":42.0,"gold_loss":0.0,"damage_taken":0.0,"cards_obtained":["Writhe"]}],"is_beta":false,"boss_relics":[{"not_picked":["reliquary:KinkedSpring","qcfpunch:Killian_Engine_Alpha"],"picked":"Nuclear Battery"},{"not_picked":["SlaversCollar","Fusion Hammer"],"picked":"sneckomod:SneckoTalon"}],"items_purged_floors":[],"is_endless":false,"potions_floor_spawned":[1,14,16,21,23,28,29,38,46,47,48],"killed_by":"Time Eater","ascension_level":3}}