{"host":"jpzdg3po3tjxdjri","time":1613140125,"event":{"mods":["BaseMod","Better Third Choice","Colored Map","Colored Powertips","Minty Spire (QoL Compilation)","StSLib"],"gold_per_floor":[212,212,38,57,84,84,124,124,203,203,239,248,14,33,42,156,156,180,204,129,129,149,149,149,149],"floor_reached":24,"language":"ENG","playtime":647,"items_purged":["Strike_B"],"score":214,"play_id":"27d8744b-34e9-457f-82bc-85616386e6f5","local_time":"20210212142845","is_ascension_mode":true,"campfire_choices":[{"data":"Loop","floor":6,"key":"SMITH"},{"floor":12,"key":"REST"},{"floor":15,"key":"REST"},{"data":"Capacitor","floor":23,"key":"SMITH"}],"circlet_count":0,"master_deck":["Strike_B","Strike_B","Strike_B","Defend_B+1","Defend_B","Defend_B+1","Defend_B+1","Zap+1","Loop+1","Cold Snap","Streamline","Rebound","Core Surge","Ball Lightning","Rebound","Cold Snap","Conserve Battery","Skim","Loop","Reboot","Glacier+1","Capacitor+1","Conserve Battery+1"],"relics":["Cracked Core","CeramicFish","Dream Catcher","Mercury Hourglass","Shuriken","War Paint","Boot","Black Star","MutagenicStrength"],"acts_visited":["Exordium","TheCity"],"potions_floor_usage":[24],"damage_taken":[{"damage":6,"enemies":"2 Louse","floor":1,"turns":3},{"damage":0,"enemies":"Small Slimes","floor":4,"turns":3},{"damage":1,"enemies":"Jaw Worm","floor":5,"turns":3},{"damage":28,"enemies":"Gremlin Nob","floor":7,"turns":4},{"damage":15,"enemies":"Lagavulin","floor":11,"turns":5},{"damage":3,"enemies":"Looter","floor":14,"turns":3},{"damage":7,"enemies":"The Guardian","floor":16,"turns":9},{"damage":0,"enemies":"Spheric Guardian","floor":18,"turns":3},{"damage":1,"enemies":"Shell Parasite","floor":19,"turns":5},{"damage":31,"enemies":"Snake Plant","floor":22,"turns":4},{"damage":49,"enemies":"Gremlin Leader","floor":24,"turns":8}],"seed_played":"4283866270815979508","potions_obtained":[{"floor":1,"key":"DuplicationPotion"},{"floor":5,"key":"Swift Potion"},{"floor":7,"key":"SkillPotion"},{"floor":16,"key":"Energy Potion"}],"is_trial":false,"path_per_floor":["M","?","$","M","M","R","E","?","T","T","E","R","$","M","R","B",null,"M","M","$","?","M","R","E"],"character_chosen":"DEFECT","items_purchased":["Cold Snap","CeramicFish","Boot","Cold Snap","Conserve Battery"],"campfire_rested":2,"item_purchase_floors":[3,3,13,13,13],"current_hp_per_floor":[69,62,62,62,61,61,33,18,18,18,3,25,25,22,44,37,75,75,74,74,74,43,43,0,0],"gold":149,"neow_bonus":"HUNDRED_GOLD","is_daily":false,"chose_seed":false,"campfire_upgraded":2,"win_rate":0.0,"timestamp":1613140125,"path_taken":["M","?","$","M","M","R","E","?","T","?","E","R","?","M","R","BOSS","M","M","$","?","M","R","E"],"items_purchased_type":["Card","Relic","Relic","Card","Card"],"build_version":"2020-12-22","purchased_purges":1,"victory":false,"max_hp_per_floor":[75,75,75,75,75,75,75,75,75,75,75,75,75,75,75,75,75,75,75,75,75,75,75,75,75],"card_choices":[{"not_picked":["Steam","Rebound"],"picked":"Loop","floor":1},{"not_picked":["Heatsinks","Hologram"],"picked":"Streamline","floor":4},{"not_picked":["Beam Cell","Gash"],"picked":"Rebound","floor":5},{"not_picked":["Force Field","Conserve Battery"],"picked":"Core Surge","floor":7},{"not_picked":["Go for the Eyes","Turbo"],"picked":"Ball Lightning","floor":11},{"not_picked":["Consume","Streamline"],"picked":"Rebound","floor":12},{"not_picked":["Multi-Cast","Scrape"],"picked":"Skim","floor":14},{"not_picked":["Steam","Beam Cell"],"picked":"Loop","floor":15},{"not_picked":["Fission","All For One"],"picked":"Reboot","floor":16},{"not_picked":["Rebound","Chaos+1"],"picked":"Glacier+1","floor":18},{"not_picked":["Conserve Battery","Lockon"],"picked":"Capacitor","floor":19},{"not_picked":["Go for the Eyes","Darkness"],"picked":"Conserve Battery+1","floor":22}],"player_experience":899512,"relics_obtained":[{"floor":7,"key":"Dream Catcher"},{"floor":9,"key":"Mercury Hourglass"},{"floor":10,"key":"Shuriken"},{"floor":11,"key":"War Paint"}],"event_choices":[{"cards_removed":["Dualcast"],"damage_healed":0,"gold_gain":0,"player_choice":"Card Removal","damage_taken":7,"max_hp_gain":0,"max_hp_loss":0,"event_name":"Golden Wing","floor":2,"gold_loss":0},{"damage_healed":33,"gold_gain":0,"player_choice":"Upgrade","damage_taken":15,"max_hp_gain":0,"max_hp_loss":75,"event_name":"betterThird:BetterShining","floor":8,"gold_loss":1,"cards_upgraded":["Defend_B","Defend_B"]},{"damage_healed":0,"gold_gain":0,"player_choice":"Inject Mutagens","damage_taken":0,"relics_obtained":["MutagenicStrength"],"max_hp_gain":0,"max_hp_loss":0,"event_name":"Drug Dealer","floor":21,"gold_loss":0}],"is_beta":false,"boss_relics":[{"not_picked":["Snecko Eye","Velvet Choker"],"picked":"Black Star"}],"items_purged_floors":[20],"is_endless":false,"potions_floor_spawned":[1,5,7,11,16,18,22],"killed_by":"Gremlin Leader","ascension_level":1}}