{"host":"dn75ecfuf46shptz","time":1613146656,"event":{"mods":["AchievementEnabler","BaseMod","Bestiary","Better Match","Better Note","Better Sensory Stone","Better Third Choice","Better Vampires","Card Forge","Colored Powertips","Custom Start","Defuse TimeMaze Blight","Displayed Cursed Tome","Emptier Cage","Hermit","Highlight Path","Minty Spire (QoL Compilation)","Potionbrewer","Rare Cards Sparkle","Relic Filter","Reliquary","Shade Mod","Spicy Shops","StSLib","The Blue Laboratory","The Runesmith","TheFirefly","Unceasing Turn Reminder"],"gold_per_floor":[116,116,134,145,156,191,218,218,218,246,261,274,274,292,292,396,396,416,56,111,111,121,147,147,147,147,172,10,10,10,20,20,116,116,128,139,150,167,167,167],"floor_reached":39,"language":"ENG","playtime":6110,"items_purged":["Defend_G","Strike_R","Defend_R","Eruption"],"score":468,"play_id":"39668c0b-d422-43dd-b882-1bef781b2fec","local_time":"20210212101736","daily_mods":["Chimera","Diverse","Flight","DeadlyEvents","Elite Swarm"],"is_ascension_mode":false,"campfire_choices":[{"floor":8,"key":"REST"},{"floor":15,"key":"REST"},{"data":"Runesmith:Grindstone","floor":24,"key":"SMITH"},{"floor":25,"key":"REST"},{"floor":32,"key":"REST"}],"circlet_count":0,"master_deck":["Bash","Survivor","Zap","Strike_G","Strike_B","Defend_P","Runesmith:Grindstone+1","hermit:Virtue","hermit:LowProfile","Corpse Explosion","Blur","Echo Form","Runesmith:ChiselStab","Madness+1","Demon Form","Chaos+1","potionbrewer:PortableLab","Footwork","hermit:LoneWolf"],"relics":["Cracked Core","Hammer of Thor","Seething Fire","Anvil of the Gods","thefirefly:LongRangeScanner","Membership Card","Potion Belt","Pocketwatch","Runesmith:Nanobots","reliquary:PurpleTingedLeaf","Calipers","Nuclear Battery","Runic Capacitor","Sundial","Akabeko","Emotion Chip","reliquary:PrincelyHelmet","Bottled Tornado","PreservedInsect","Du-Vu Doll","Centennial Puzzle","Sozu"],"acts_visited":["Exordium","TheCity","TheBeyond"],"potions_floor_usage":[6,6,16],"damage_taken":[{"damage":1,"enemies":"2 Louse","floor":1,"turns":2},{"damage":0,"enemies":"Jaw Worm","floor":3,"turns":4},{"damage":0,"enemies":"Small Slimes","floor":4,"turns":4},{"damage":1,"enemies":"Blue Slaver","floor":5,"turns":5},{"damage":21,"enemies":"Lagavulin","floor":6,"turns":6},{"damage":28,"enemies":"Gremlin Nob","floor":7,"turns":4},{"damage":6,"enemies":"Lagavulin","floor":10,"turns":8},{"damage":14,"enemies":"Gremlin Gang","floor":11,"turns":6},{"damage":6,"enemies":"Lots of Slimes","floor":12,"turns":4},{"damage":9,"enemies":"Exordium Wildlife","floor":14,"turns":5},{"damage":45,"enemies":"Hexaghost","floor":16,"turns":13},{"damage":18,"enemies":"2 Thieves","floor":18,"turns":4},{"damage":13,"enemies":"Chosen","floor":22,"turns":3},{"damage":22,"enemies":"Gremlin Leader","floor":23,"turns":7},{"damage":21,"enemies":"Book of Stabbing","floor":27,"turns":6},{"damage":10,"enemies":"Centurion and Healer","floor":31,"turns":3},{"damage":22,"enemies":"Automaton","floor":33,"turns":8},{"damage":0,"enemies":"3 Shapes","floor":35,"turns":3},{"damage":23,"enemies":"3 Darklings","floor":36,"turns":3},{"damage":25,"enemies":"Transient","floor":37,"turns":5},{"damage":10,"enemies":"Sphere and 2 Shapes","floor":38,"turns":3},{"damage":71,"enemies":"2 Orb Walkers","floor":39,"turns":4}],"seed_played":"-4038941178441436639","potions_obtained":[{"floor":3,"key":"blueLaboratory:TeslaPotion"},{"floor":5,"key":"blueLaboratory:RelayPotion"},{"floor":10,"key":"FairyPotion"},{"floor":11,"key":"potionbrewer:InfectionPotion"},{"floor":14,"key":"blueLaboratory:BottleOfRum"},{"floor":16,"key":"blueLaboratory:BottleOfRum"},{"floor":27,"key":"blueLaboratory:PhilterOfMotion"},{"floor":31,"key":"potionbrewer:BarricadePotion"}],"is_trial":true,"path_per_floor":["M","?","M","M","M","E","E","R","T","E","M","M","?","M","R","B",null,"M","$","T","?","M","E","R","R","T","E","$","?","?","M","R","B",null,"M","M","M","M","?"],"character_chosen":"DEFECT","items_purchased":["Runic Capacitor","Sundial","Akabeko","Du-Vu Doll","Runesmith:ChiselStab"],"campfire_rested":4,"item_purchase_floors":[19,19,19,28,28],"current_hp_per_floor":[74,79,79,79,78,57,29,53,53,49,38,33,33,26,50,9,80,64,64,64,64,53,33,33,57,57,38,38,38,38,29,53,35,80,80,58,35,26,0,0],"gold":167,"neow_bonus":"","is_daily":false,"chose_seed":false,"campfire_upgraded":1,"win_rate":0.0,"timestamp":1613146656,"path_taken":["M","?","M","M","M","E","E","R","T","E","M","?","?","M","R","BOSS","M","$","?","?","M","E","R","R","T","E","?","?","?","M","R","BOSS","M","M","M","M","?"],"items_purchased_type":["Relic","Relic","Relic","Relic","Card"],"build_version":"2020-12-22","purchased_purges":4,"victory":false,"max_hp_per_floor":[75,80,80,80,80,80,80,80,80,80,80,80,80,80,80,80,80,80,80,80,80,80,80,80,80,80,80,80,80,80,80,80,80,80,80,80,80,80,80,80],"card_choices":[{"not_picked":["thefirefly:QuantumTunneling","Shade:FleshToFlesh"],"picked":"Runesmith:Grindstone","floor":1},{"not_picked":["potionbrewer:Biohazard","Shade:GraveStillness","hermit:SprayPray"],"picked":"SKIP","floor":3},{"not_picked":["CarveReality","Sucker Punch","Shade:BoneShards"],"picked":"SKIP","floor":4},{"not_picked":["Leg Sweep","Anger"],"picked":"hermit:Virtue","floor":5},{"not_picked":["Runesmith:UnlimitedPower","Offering","potionbrewer:RefinedProcess"],"picked":"SKIP","floor":6},{"not_picked":["Shade:OneIsEnough","Shade:OfferingToTheBeyond","hermit:Roughhouse"],"picked":"SKIP","floor":7},{"not_picked":["hermit:FatalDesire","thefirefly:Unburden","Shade:UnbarTheGrave"],"picked":"SKIP","floor":10},{"not_picked":["Shade:CallOfTheGrave","thefirefly:Boost","InnerPeace"],"picked":"SKIP","floor":11},{"not_picked":["Scrape","Havoc"],"picked":"Shade:FingerOfDeath","floor":12},{"not_picked":["Conclude","Prepared"],"picked":"hermit:LowProfile","floor":14},{"not_picked":["Offering","Scrawl"],"picked":"Corpse Explosion","floor":16},{"not_picked":["potionbrewer:TestFormula","Rupture"],"picked":"Blur","floor":18},{"not_picked":["Steam Power","hermit:BodyArmor+1","hermit:CalledShot"],"picked":"SKIP","floor":22},{"not_picked":["A Thousand Cuts","potionbrewer:AlchemistForm"],"picked":"Echo Form","floor":23},{"not_picked":["hermit:DeadOrAlive","hermit:HeroicBravado","Ragnarok"],"picked":"SKIP","floor":27},{"not_picked":["Sweeping Beam","thefirefly:MirrorShield","hermit:Midnight"],"picked":"SKIP","floor":31},{"not_picked":["Buffer","thefirefly:TachyonBeam"],"picked":"Demon Form","floor":33},{"not_picked":["potionbrewer:Smack+1","Outmaneuver+1"],"picked":"Chaos+1","floor":35},{"not_picked":["Dagger Spray+1","potionbrewer:Backhand"],"picked":"potionbrewer:PortableLab","floor":36},{"not_picked":["Runesmith:StaticCage","Twin Strike+1"],"picked":"Footwork","floor":37},{"not_picked":["hermit:Snipe+1","thefirefly:SearingEnigma+1"],"picked":"hermit:LoneWolf","floor":38}],"player_experience":146475,"relics_obtained":[{"floor":6,"key":"Pocketwatch"},{"floor":7,"key":"Runesmith:Nanobots"},{"floor":9,"key":"reliquary:PurpleTingedLeaf"},{"floor":10,"key":"Calipers"},{"floor":20,"key":"reliquary:FerryPass"},{"floor":23,"key":"Emotion Chip"},{"floor":23,"key":"reliquary:PrincelyHelmet"},{"floor":26,"key":"Bottled Tornado"},{"floor":27,"key":"PreservedInsect"}],"event_choices":[{"damage_healed":0,"gold_gain":0,"player_choice":"Donut","damage_taken":0,"max_hp_gain":5,"max_hp_loss":0,"event_name":"Big Fish","floor":2,"gold_loss":0},{"damage_healed":33,"gold_gain":0,"player_choice":"Leave","damage_taken":0,"max_hp_gain":0,"max_hp_loss":80,"event_name":"betterThird:BetterShining","floor":13,"gold_loss":0},{"damage_healed":0,"gold_gain":0,"player_choice":"Ignored","damage_taken":0,"max_hp_gain":0,"max_hp_loss":0,"event_name":"N\u0027loth","floor":21,"gold_loss":0},{"damage_healed":0,"gold_gain":0,"player_choice":"Gave Potion","damage_taken":0,"relics_obtained":["Centennial Puzzle"],"max_hp_gain":0,"max_hp_loss":0,"event_name":"WeMeetAgain","floor":29,"gold_loss":0},{"cards_removed":["Runesmith:Grindstone"],"damage_healed":0,"gold_gain":0,"player_choice":"Take \u0026 Give","damage_taken":0,"max_hp_gain":0,"max_hp_loss":0,"event_name":"betterNote:BetterNote","floor":30,"gold_loss":0,"cards_obtained":["Madness"]},{"damage_healed":0,"gold_gain":0,"player_choice":"Fight","damage_taken":0,"max_hp_gain":0,"max_hp_loss":0,"event_name":"Mysterious Sphere","floor":39,"gold_loss":0}],"is_beta":false,"boss_relics":[{"not_picked":["reliquary:KinkedSpring","Black Star"],"picked":"Nuclear Battery"},{"not_picked":["Runic Pyramid","Philosopher\u0027s Stone"],"picked":"Sozu"}],"items_purged_floors":[19,19,28,28],"is_endless":false,"potions_floor_spawned":[3,5,10,11,14,16,27,31,37,38],"killed_by":"2 Orb Walkers","ascension_level":0}}