{"host":"yg1n0qads92lo9wl","time":1613116034,"event":{"mods":["BaseMod","Downfall","Luminous","Minty Spire (QoL Compilation)","StSLib","Warlord Emblem"],"gold_per_floor":[99,112,168,268,268,53,53,65,65,82,82,82,82,114,130,225,225,225,240,240,252,137,149,175,175,192,192,203,237,237,237,237,334,334,334,353,370,386,396,496,496,496,508,24,24,49,49,65,82,82],"floor_reached":51,"language":"ZHS","playtime":4978,"items_purged":["hexamod:Strike","Pride","Regret"],"score":924,"play_id":"96787232-9e74-4838-972a-6f520edb7f24","local_time":"20210212154714","is_ascension_mode":true,"campfire_choices":[{"data":"hexamod:Float","floor":1.0,"key":"SMITH"},{"floor":9.0,"key":"DIG"},{"floor":11.0,"key":"DIG"},{"floor":18.0,"key":"DIG"},{"floor":25.0,"key":"DIG"},{"floor":27.0,"key":"DIG"},{"floor":30.0,"key":"DIG"},{"floor":35.0,"key":"DIG"},{"floor":42.0,"key":"DIG"},{"floor":45,"key":"DIG"},{"floor":47,"key":"DIG"}],"circlet_count":0,"master_deck":["hexamod:Strike","hexamod:Strike+1","hexamod:Strike+1","hexamod:Defend+1","hexamod:Defend","hexamod:Defend","hexamod:Defend+1","hexamod:Sear","hexamod:Float+1","hexamod:CatchUp","hexamod:StepThrough+1","hexamod:ThirdSeal","hexamod:BacktrackSmack+1","hexamod:SpectralAdrenaline","hexamod:FirstSeal","hexamod:SwordOfDarkness","hexamod:SkipABeat+1","hexamod:UnlimitedPower+1","hexamod:ApocalypticArmor","hexamod:Rewind","hexamod:GhostOfSpirePast+1","hexamod:SixthSeal","hexamod:HexaLevel+1","hexamod:CatchUp","hexamod:SkipABeat+1","hexamod:RadiantFlame+1","hexamod:Hexaguard+1","hexamod:TimeOfNeed+1","hexamod:HauntingEcho+1","hexamod:TimeWarp","hexamod:UnlimitedPower+1","hexamod:HexaLevel","hexamod:FastForward+1","hexamod:RadiantFlame+1","hexamod:PhantomFireball+1","hexamod:FourthSeal","hexamod:HeatCrush+1"],"relics":["hexamod:SpiritBrand","Regal Pillow","Shovel","InkBottle","Toy Ornithopter","Meat on the Bone","Happy Flower","Question Card","White Beast Statue","Thread and Needle","Busted Crown","Tiny Chest","Bag of Preparation","Boot","Nunchaku","Art of War","MealTicket","Ancient Tea Set","hexamod:IceCube","The Courier","Slimebound:PreparedRelic","Bronze Scales","Membership Card","Ice Cream","Mummified Hand","Prayer Wheel","Bag of Marbles","Orichalcum","Slimebound:StickyStick","Whetstone","HornCleat","Shuriken","Blue Candle"],"acts_visited":["Exordium","TheCity","TheBeyond"],"potions_floor_usage":[44,44,44],"damage_taken":[{"damage":0.0,"enemies":"Small Slimes","floor":2.0,"turns":3.0},{"damage":41.0,"enemies":"Lagavulin Event","floor":3.0,"turns":7.0},{"damage":0.0,"enemies":"downfall:FleeingMerchant","floor":6.0,"turns":4.0},{"damage":7.0,"enemies":"Jaw Worm","floor":8.0,"turns":2.0},{"damage":9.0,"enemies":"2 Louse","floor":10.0,"turns":2.0},{"damage":17.0,"enemies":"Lagavulin","floor":14.0,"turns":5.0},{"damage":10.0,"enemies":"2 Fungi Beasts","floor":15.0,"turns":4.0},{"damage":38.0,"enemies":"IC_STATUS_ARCHETYPE","floor":16.0,"turns":9.0},{"damage":37.0,"enemies":"3 Byrds","floor":19.0,"turns":6.0},{"damage":10.0,"enemies":"Centurion and Healer","floor":21.0,"turns":6.0},{"damage":6.0,"enemies":"downfall:FleeingMerchant","floor":22.0,"turns":4.0},{"damage":39.0,"enemies":"Shelled Parasite and Fungi","floor":23.0,"turns":7.0},{"damage":3.0,"enemies":"Snecko","floor":26.0,"turns":4.0},{"damage":6.0,"enemies":"Chosen and Byrds","floor":28.0,"turns":5.0},{"damage":25.0,"enemies":"Slavers","floor":29.0,"turns":4.0},{"damage":0.0,"enemies":"Shelled Parasite and Fungi","floor":32.0,"turns":1.0},{"damage":7.0,"enemies":"WA_ARCHETYPE_CALM","floor":33.0,"turns":9.0},{"damage":2.0,"enemies":"3 Shapes","floor":36.0,"turns":3.0},{"damage":0.0,"enemies":"Orb Walker","floor":37.0,"turns":2.0},{"damage":24.0,"enemies":"Sphere and 2 Shapes","floor":38.0,"turns":5.0},{"damage":16.0,"enemies":"Maw","floor":39.0,"turns":6.0},{"damage":17.0,"enemies":"3 Darklings","floor":43.0,"turns":3.0},{"damage":1,"enemies":"downfall:FleeingMerchant","floor":44,"turns":5},{"damage":0,"enemies":"Giant Head","floor":46,"turns":6},{"damage":0,"enemies":"Transient","floor":48,"turns":6},{"damage":16,"enemies":"4 Shapes","floor":49,"turns":3},{"damage":0,"enemies":"SI_POISON_ARCHETYPE","floor":50,"turns":4}],"seed_played":"-3112392955902177667","potions_obtained":[{"floor":2.0,"key":"Fire Potion"},{"floor":3.0,"key":"Fire Potion"},{"floor":14.0,"key":"SkillPotion"},{"floor":15.0,"key":"Fire Potion"},{"floor":16.0,"key":"LiquidBronze"},{"floor":19.0,"key":"SmokeBomb"},{"floor":21.0,"key":"FearPotion"},{"floor":22.0,"key":"SkillPotion"},{"floor":28.0,"key":"bronze:BurnAndBuffPotion"},{"floor":29.0,"key":"Strength Potion"},{"floor":33.0,"key":"Weak Potion"},{"floor":39.0,"key":"GamblersBrew"},{"floor":43.0,"key":"Swift Potion"},{"floor":44,"key":"CultistPotion"},{"floor":46,"key":"bronze:BurnAndBuffPotion"},{"floor":49,"key":"PowerPotion"}],"is_trial":false,"path_per_floor":["R","M","?","?","T","$","T","M","R","M","R","?","?","E","M","B",null,"R","M","?","M","$","M","T","R","M","R","M","E","R","?","M","B",null,"R","M","M","M","M","?","T","R","M","$","R","E","R","M","M","B",null],"character_chosen":"THE_SPIRIT","items_purchased":["hexamod:ThirdSeal","hexamod:BacktrackSmack","Membership Card","Ice Cream","Mummified Hand","Prayer Wheel","Bag of Marbles","Orichalcum","Slimebound:StickyStick","Whetstone","Energy Potion","EssenceOfSteel"],"campfire_rested":0,"item_purchase_floors":[6,6,44,44,44,44,44,44,44,44,44,44],"current_hp_per_floor":[70,70,29,29,29,29,29,27,27,37,37,34,34,41,50,36,70,70,45,45,54,60,40,40,40,44,44,50,49,49,49,54,54,70,70,70,70,53,54,54,54,54,37,66,66,70,70,70,61,68],"gold":82,"neow_bonus":"RANDOM_COMMON_RELIC","is_daily":false,"chose_seed":false,"campfire_upgraded":1,"win_rate":0.0,"timestamp":1613116034,"path_taken":["R","M","?","?","?","$","T","M","R","M","R","?","?","E","M","BOSS","R","M","?","M","$","M","T","R","M","R","M","E","R","?","M","BOSS","R","M","M","M","M","?","T","R","M","$","R","E","R","M","M","BOSS"],"items_purchased_type":["Card","Card","Relic","Relic","Relic","Relic","Relic","Relic","Relic","Relic","Potion","Potion"],"build_version":"2020-12-22","purchased_purges":3,"victory":true,"max_hp_per_floor":[70,70,70,70,70,70,70,70,70,70,70,70,70,70,70,70,70,70,70,70,70,70,70,70,70,70,70,70,70,70,70,70,70,70,70,70,70,70,70,70,70,70,70,70,70,70,70,70,70,70],"card_choices":[{"not_picked":["hexamod:PowerFromBeyond","hexamod:NightmareGuise","hexamod:SpectersWail"],"picked":"SKIP","floor":2.0},{"not_picked":["hexamod:NightmareStrike","hexamod:RecurringNightmare"],"picked":"hexamod:CatchUp","floor":3.0},{"not_picked":["hexamod:Hexaguard","hexamod:BurningTouch"],"picked":"hexamod:StepThrough","floor":6.0},{"not_picked":["hexamod:DynamicBlow","hexamod:SpectersWail"],"picked":"hexamod:SpectralAdrenaline","floor":8.0},{"not_picked":["hexamod:BurningTouch","hexamod:Hexaguard"],"picked":"hexamod:FirstSeal","floor":8.0},{"not_picked":["hexamod:ThirdSeal","hexamod:GhostLash"],"picked":"hexamod:SwordOfDarkness","floor":10.0},{"not_picked":["hexamod:InspiringFlames","hexamod:SkipABeat","hexamod:ShieldOfDarkness"],"picked":"SKIP","floor":10.0},{"not_picked":["hexamod:InspiringFlames","hexamod:ShieldOfDarkness"],"picked":"hexamod:SkipABeat","floor":10.0},{"not_picked":["hexamod:Haunt","hexamod:SpectralSpark","hexamod:TurnItUp"],"picked":"hexamod:UnlimitedPower","floor":14.0},{"not_picked":["hexamod:CatchUp","hexamod:HauntingEcho","hexamod:GhostLash"],"picked":"hexamod:ApocalypticArmor","floor":14.0},{"not_picked":["hexamod:NightmareGuise","hexamod:FlamesFromBeyond","hexamod:HeatMetal"],"picked":"hexamod:Rewind","floor":15.0},{"not_picked":["hexamod:HauntingEcho","hexamod:Incineration","hexamod:GhostShield"],"picked":"hexamod:GhostOfSpirePast","floor":15.0},{"not_picked":["hexamod:WildfireWeapon","hexamod:TimeOfNeed","hexamod:ParanormalForm"],"picked":"hexamod:SixthSeal","floor":16.0},{"not_picked":["hexamod:SixthSeal","hexamod:FlameSwitch","hexamod:GhostOfSpirePresent"],"picked":"hexamod:HexaLevel","floor":16.0},{"not_picked":["hexamod:FirstSeal"],"picked":"hexamod:CatchUp","floor":19.0},{"not_picked":["hexamod:BurningTouch"],"picked":"hexamod:SkipABeat+1","floor":19.0},{"not_picked":["hexamod:RetreatToShadows"],"picked":"hexamod:RadiantFlame","floor":21.0},{"not_picked":["hexamod:Haunt+1"],"picked":"hexamod:Hexaguard+1","floor":21.0},{"not_picked":["hexamod:Firestarter"],"picked":"hexamod:TimeOfNeed","floor":22.0},{"not_picked":["hexamod:Firestarter","hexamod:NightmareGuise"],"picked":"SKIP","floor":22.0},{"not_picked":["hexamod:RainOfEmbers","hexamod:HeatMetal"],"picked":"SKIP","floor":23.0},{"not_picked":["hexamod:SwordOfDarkness","hexamod:InspiringFlames"],"picked":"SKIP","floor":23.0},{"not_picked":["hexamod:InspiringFlames","hexamod:Hexaguard"],"picked":"SKIP","floor":26.0},{"not_picked":["hexamod:GhostOfSpireFuture","hexamod:AdvancingGuard"],"picked":"SKIP","floor":26.0},{"not_picked":["hexamod:Firestarter+1"],"picked":"hexamod:HauntingEcho+1","floor":28.0},{"not_picked":["hexamod:SpectersWail"],"picked":"hexamod:TimeWarp","floor":28.0},{"not_picked":["hexamod:Toasty","hexamod:SwordOfDarkness"],"picked":"SKIP","floor":29.0},{"not_picked":["hexamod:UnleashSpirits"],"picked":"hexamod:UnlimitedPower","floor":33.0},{"not_picked":["hexamod:TimeWarp"],"picked":"hexamod:HexaLevel","floor":33.0},{"not_picked":["hexamod:SpectersWail"],"picked":"hexamod:FastForward+1","floor":36.0},{"not_picked":["hexamod:SwordOfDarkness","hexamod:ChargedBarrage+1"],"picked":"SKIP","floor":36.0},{"not_picked":["hexamod:SwordOfDarkness+1"],"picked":"hexamod:RadiantFlame+1","floor":37.0},{"not_picked":["hexamod:SkipABeat+1"],"picked":"hexamod:PhantomFireball+1","floor":38.0},{"not_picked":["hexamod:ExtraCrispy+1","hexamod:GhostLash"],"picked":"SKIP","floor":38.0},{"not_picked":["hexamod:InspiringFlames+1","hexamod:ThermalTransfer"],"picked":"SKIP","floor":39.0},{"not_picked":["hexamod:UnleashSpirits","hexamod:FlamesFromBeyond+1"],"picked":"SKIP","floor":39.0},{"not_picked":["hexamod:HeatMetal+1","hexamod:RainOfEmbers"],"picked":"SKIP","floor":43.0},{"not_picked":["hexamod:HeatShield+1"],"picked":"hexamod:FourthSeal","floor":44},{"not_picked":["hexamod:EtherealExpedition","hexamod:SpectersWail+1"],"picked":"SKIP","floor":44},{"not_picked":["hexamod:SpectralSpark+1"],"picked":"hexamod:HeatCrush","floor":46},{"not_picked":["hexamod:NightmareStrike","hexamod:ThirdSeal"],"picked":"SKIP","floor":46},{"not_picked":["hexamod:HeatMetal+1","hexamod:SpectralAdrenaline+1"],"picked":"SKIP","floor":48},{"not_picked":["hexamod:SpectersWail+1","hexamod:NightmareGuise"],"picked":"SKIP","floor":48},{"not_picked":["hexamod:BacktrackSmack+1","hexamod:SkipABeat+1"],"picked":"SKIP","floor":48},{"not_picked":["hexamod:RadiantFlame","hexamod:NecessarySacrifice"],"picked":"SKIP","floor":49},{"not_picked":["hexamod:SpectersWail+1","hexamod:GhostflameBarrier+1"],"picked":"SKIP","floor":49}],"player_experience":496451,"relics_obtained":[{"floor":3.0,"key":"Shovel"},{"floor":5.0,"key":"InkBottle"},{"floor":7.0,"key":"Toy Ornithopter"},{"floor":9.0,"key":"Meat on the Bone"},{"floor":11.0,"key":"Happy Flower"},{"floor":14.0,"key":"Thread and Needle"},{"floor":18.0,"key":"Tiny Chest"},{"floor":24.0,"key":"Boot"},{"floor":25.0,"key":"Nunchaku"},{"floor":27.0,"key":"Art of War"},{"floor":29.0,"key":"MealTicket"},{"floor":30.0,"key":"Ancient Tea Set"},{"floor":35.0,"key":"The Courier"},{"floor":41.0,"key":"Slimebound:PreparedRelic"},{"floor":42.0,"key":"Bronze Scales"},{"floor":45,"key":"HornCleat"},{"floor":46,"key":"Shuriken"},{"floor":47,"key":"Blue Candle"}],"event_choices":[{"damage_healed":0.0,"max_hp_gain":0.0,"max_hp_loss":0.0,"gold_gain":0.0,"event_name":"Scrap Ooze","player_choice":"Success","floor":12.0,"gold_loss":0.0,"damage_taken":3.0,"relics_obtained":["Question Card"]},{"damage_healed":0.0,"max_hp_gain":0.0,"max_hp_loss":0.0,"gold_gain":0.0,"event_name":"Big Fish","player_choice":"Box","floor":13.0,"gold_loss":0.0,"damage_taken":0.0,"relics_obtained":["White Beast Statue"],"cards_obtained":["Regret"]},{"damage_healed":0.0,"max_hp_gain":0.0,"max_hp_loss":0.0,"gold_gain":0.0,"event_name":"Addict","player_choice":"Stole Relic","floor":20.0,"gold_loss":0.0,"damage_taken":0.0,"relics_obtained":["Bag of Preparation"],"cards_obtained":["Pride"]}],"is_beta":false,"boss_relics":[{"not_picked":["Velvet Choker","Black Star"],"picked":"Busted Crown"},{"not_picked":["Empty Cage","Sozu"],"picked":"hexamod:IceCube"}],"items_purged_floors":[6,22,44],"is_endless":false,"potions_floor_spawned":[2,3,14,15,16,19,21,22,23,26,28,29,32,33,36,37,38,39,43,44,46,48,49],"ascension_level":2}}