{"host":"1bzbl1adcbkdzqlf","time":1613091325,"event":{"mods":["BaseMod","Minty Spire (QoL Compilation)","Slay the Relics Exporter"],"gold_per_floor":[113,113,131,150,165,184,216,216,239,164,194,194,206,237,237,316,316,330,349,196,211,15,15,40,40,40,55,55,74,74,105,105,181,181,198,198,63,79,91,91,117,129,141,153,195,56,69,84,84,84],"floor_reached":51,"language":"ENG","playtime":4439,"items_purged":["Strike_R","Strike_R","Strike_R"],"score":1261,"play_id":"39baaf7f-8b0f-4d83-922d-2a1b3852b44a","local_time":"20210211185525","is_ascension_mode":true,"campfire_choices":[{"data":"Barricade","floor":8,"key":"SMITH"},{"data":"Shrug It Off","floor":12,"key":"SMITH"},{"data":"Juggernaut","floor":15,"key":"SMITH"},{"data":"Demon Form","floor":23,"key":"SMITH"},{"data":"Dual Wield","floor":25,"key":"SMITH"},{"data":"Body Slam","floor":30,"key":"SMITH"},{"data":"True Grit","floor":32,"key":"SMITH"},{"data":"Shockwave","floor":40,"key":"SMITH"},{"data":"Rupture","floor":42,"key":"SMITH"},{"floor":49,"key":"REST"}],"circlet_count":0,"master_deck":["AscendersBane","Strike_R","Strike_R","Defend_R","Defend_R","Defend_R+1","Defend_R","Bash","Disarm","Thunderclap","Armaments+1","Shrug It Off+1","Pommel Strike","Barricade+1","Dropkick","Juggernaut+1","Demon Form+1","Dual Wield+1","Intimidate","Battle Trance","Power Through+1","Shockwave+1","RitualDagger","Body Slam+1","Rupture+1","True Grit+1","Feed","Fire Breathing+1","Parasite","Carnage","Armaments+1","Infernal Blade+1","Immolate"],"relics":["Burning Blood","CaptainsWheel","Nunchaku","Centennial Puzzle","MealTicket","War Paint","Mummified Hand","Sozu","Ancient Tea Set","Membership Card","Shuriken","Prayer Wheel","Mercury Hourglass","Busted Crown","ClockworkSouvenir","MawBank","InkBottle","Mango","Bird Faced Urn"],"acts_visited":["Exordium","TheCity","TheBeyond"],"potions_floor_usage":[5,7,7,19],"damage_taken":[{"damage":0,"enemies":"Small Slimes","floor":1,"turns":4},{"damage":0,"enemies":"Jaw Worm","floor":3,"turns":4},{"damage":0,"enemies":"Cultist","floor":4,"turns":3},{"damage":7,"enemies":"Blue Slaver","floor":5,"turns":3},{"damage":1,"enemies":"Red Slaver","floor":6,"turns":6},{"damage":13,"enemies":"Gremlin Nob","floor":7,"turns":5},{"damage":29,"enemies":"Lagavulin","floor":11,"turns":9},{"damage":7,"enemies":"Looter","floor":13,"turns":4},{"damage":16,"enemies":"Gremlin Nob","floor":14,"turns":3},{"damage":7,"enemies":"Hexaghost","floor":16,"turns":13},{"damage":7,"enemies":"Chosen","floor":18,"turns":4},{"damage":34,"enemies":"2 Thieves","floor":19,"turns":4},{"damage":5,"enemies":"Chosen and Byrds","floor":21,"turns":7},{"damage":0,"enemies":"Book of Stabbing","floor":24,"turns":6},{"damage":7,"enemies":"Cultist and Chosen","floor":27,"turns":6},{"damage":3,"enemies":"Sentry and Sphere","floor":29,"turns":7},{"damage":11,"enemies":"Slavers","floor":31,"turns":7},{"damage":31,"enemies":"Automaton","floor":33,"turns":6},{"damage":8,"enemies":"3 Darklings","floor":35,"turns":3},{"damage":0,"enemies":"Orb Walker","floor":38,"turns":2},{"damage":28,"enemies":"Writhing Mass","floor":39,"turns":5},{"damage":10,"enemies":"Nemesis","floor":41,"turns":7},{"damage":19,"enemies":"Reptomancer","floor":45,"turns":7},{"damage":33,"enemies":"Sphere and 2 Shapes","floor":47,"turns":5},{"damage":1,"enemies":"Jaw Worm Horde","floor":48,"turns":2},{"damage":19,"enemies":"Donu and Deca","floor":50,"turns":7}],"seed_played":"-1084171760765585319","potions_obtained":[{"floor":3,"key":"Energy Potion"},{"floor":4,"key":"Energy Potion"},{"floor":6,"key":"HeartOfIron"},{"floor":16,"key":"Explosive Potion"}],"is_trial":false,"path_per_floor":["M","?","M","M","M","M","E","R","T","$","E","R","M","E","R","B",null,"M","M","$","M","$","R","E","R","T","M","?","M","R","E","R","B",null,"M","?","$","M","M","R","E","R","T","?","E","$","M","M","R","B",null],"character_chosen":"IRONCLAD","items_purchased":["Ancient Tea Set","Membership Card","ClockworkSouvenir","Bird Faced Urn"],"campfire_rested":1,"item_purchase_floors":[20,22,37,46],"current_hp_per_floor":[68,35,41,47,46,51,44,44,44,59,36,36,35,25,25,24,57,56,28,43,44,59,59,65,65,65,64,58,61,61,56,56,31,59,60,60,71,71,49,49,45,45,45,45,46,61,44,58,84,81],"gold":84,"neow_bonus":"ONE_RARE_RELIC","is_daily":false,"chose_seed":false,"campfire_upgraded":9,"win_rate":0.0,"timestamp":1613091325,"path_taken":["M","?","M","M","M","M","E","R","T","$","E","R","M","E","R","BOSS","M","M","$","M","$","R","E","R","T","M","?","M","R","E","R","BOSS","M","?","$","M","?","R","E","R","T","?","E","$","M","M","R","BOSS"],"items_purchased_type":["Relic","Relic","Relic","Relic"],"build_version":"2020-12-22","purchased_purges":3,"victory":true,"max_hp_per_floor":[68,68,68,68,68,68,68,68,68,68,68,68,68,68,68,68,68,68,68,68,68,68,68,68,68,68,68,68,68,68,68,68,68,68,71,71,71,71,71,71,71,71,71,71,85,85,85,88,88,88],"card_choices":[{"not_picked":["Clash","Feel No Pain"],"picked":"Disarm","floor":1},{"not_picked":["Uppercut","Body Slam"],"picked":"Thunderclap","floor":3},{"not_picked":["Rage","Metallicize"],"picked":"Armaments","floor":4},{"not_picked":["Flex","Heavy Blade"],"picked":"Shrug It Off","floor":5},{"not_picked":["Rupture","Dual Wield"],"picked":"Pommel Strike","floor":6},{"not_picked":["Clothesline","Reckless Charge"],"picked":"Barricade","floor":7},{"not_picked":["Thunderclap","Havoc","Searing Blow"],"picked":"SKIP","floor":11},{"not_picked":["Flex","Fiend Fire"],"picked":"Dropkick","floor":13},{"not_picked":["Sever Soul","Power Through"],"picked":"Juggernaut","floor":14},{"not_picked":["Double Tap","Fiend Fire"],"picked":"Demon Form","floor":16},{"not_picked":["Sword Boomerang","Havoc+1"],"picked":"Dual Wield","floor":18},{"not_picked":["Thunderclap+1","Anger"],"picked":"Intimidate","floor":19},{"not_picked":["Iron Wave","Juggernaut"],"picked":"Battle Trance","floor":21},{"not_picked":["Second Wind+1","Anger"],"picked":"Power Through+1","floor":24},{"not_picked":["Rupture","Wild Strike"],"picked":"Shockwave","floor":27},{"not_picked":["Searing Blow","Flex","Wild Strike"],"picked":"SKIP","floor":27},{"not_picked":["Searing Blow","Flex","Wild Strike"],"picked":"SKIP","floor":27},{"not_picked":["Feed","Clash"],"picked":"Body Slam","floor":29},{"not_picked":["Clash","Shockwave"],"picked":"Rupture","floor":29},{"not_picked":["Cleave","Wild Strike"],"picked":"True Grit","floor":31},{"not_picked":["Demon Form","Bludgeon"],"picked":"Feed","floor":33},{"not_picked":["Thunderclap"],"picked":"SKIP","floor":35},{"not_picked":["Reckless Charge+1"],"picked":"SKIP","floor":35},{"not_picked":[],"picked":"Fire Breathing+1","floor":38},{"not_picked":["Cleave"],"picked":"SKIP","floor":38},{"not_picked":["Perfected Strike"],"picked":"SKIP","floor":39},{"not_picked":["Carnage"],"picked":"SKIP","floor":39},{"not_picked":[],"picked":"Carnage","floor":39},{"not_picked":["Perfected Strike"],"picked":"SKIP","floor":39},{"not_picked":[],"picked":"Armaments+1","floor":41},{"not_picked":[],"picked":"Infernal Blade+1","floor":45},{"not_picked":[],"picked":"Immolate","floor":47},{"not_picked":["Shockwave"],"picked":"SKIP","floor":47},{"not_picked":["Carnage"],"picked":"SKIP","floor":48},{"not_picked":["Rupture"],"picked":"SKIP","floor":48}],"player_experience":453548,"relics_obtained":[{"floor":7,"key":"Centennial Puzzle"},{"floor":9,"key":"MealTicket"},{"floor":11,"key":"War Paint"},{"floor":14,"key":"Mummified Hand"},{"floor":24,"key":"Shuriken"},{"floor":26,"key":"Prayer Wheel"},{"floor":31,"key":"Mercury Hourglass"},{"floor":41,"key":"MawBank"},{"floor":43,"key":"InkBottle"},{"floor":45,"key":"Mango"}],"event_choices":[{"damage_healed":0,"gold_gain":0,"player_choice":"Success","damage_taken":33,"relics_obtained":["Nunchaku"],"max_hp_gain":0,"max_hp_loss":0,"event_name":"Scrap Ooze","floor":2,"gold_loss":0},{"damage_healed":0,"gold_gain":0,"player_choice":"Joined the Cult","damage_taken":6,"max_hp_gain":0,"max_hp_loss":0,"event_name":"Nest","floor":28,"gold_loss":0,"cards_obtained":["RitualDagger"]},{"damage_healed":0,"gold_gain":0,"player_choice":"Bought 0 Potions","damage_taken":0,"max_hp_gain":0,"max_hp_loss":0,"event_name":"The Woman in Blue","floor":36,"gold_loss":0},{"damage_healed":0,"gold_gain":0,"player_choice":"Ignored","damage_taken":0,"max_hp_gain":0,"max_hp_loss":0,"event_name":"SecretPortal","floor":44,"gold_loss":0}],"is_beta":false,"boss_relics":[{"not_picked":["Fusion Hammer","Runic Dome"],"picked":"Sozu"},{"not_picked":["SlaversCollar","Pandora\u0027s Box"],"picked":"Busted Crown"}],"items_purged_floors":[10,22,37],"is_endless":false,"potions_floor_spawned":[3,4,6,16,18,29,39,41,47],"ascension_level":14}}