{"host":"rsbhidffjle4v6w5","time":1613113995,"event":{"mods":["Act Like it!","Ascension Reborn","BaseMod","Better Note","Better Third Choice","BetterRewards","Block Reminder","Colored Map","Minty Spire (QoL Compilation)","Quick Restart","Replay The Spire","StSLib"],"gold_per_floor":[116,129,149,149,33,33,65,65,65,120,133,159,186,214,214,316,316,335,335,335,335,408,433,433,467,467,487,513,513,525,558,558,653,653,666,419,437,437,87,87,114,114,140,171,171,183,214,260,260,260,260,260,260,19,45,45],"floor_reached":57,"language":"ENG","playtime":2327,"items_purged":["Decay"],"score":1805,"play_id":"711dbaf2-0fdf-4d2c-8caf-c4943f25c867","local_time":"20210212101315","is_ascension_mode":true,"campfire_choices":[{"floor":6.0,"key":"RECALL"},{"data":"Demonic Infusion","floor":8.0,"key":"SMITH"},{"data":"Flame Barrier","floor":15.0,"key":"SMITH"},{"data":"Inflame","floor":24.0,"key":"SMITH"},{"data":"Whirlwind","floor":29.0,"key":"SMITH"},{"data":"Whirlwind","floor":32.0,"key":"SMITH"},{"data":"Limit Break","floor":40.0,"key":"SMITH"},{"data":"Barricade","floor":42.0,"key":"SMITH"},{"data":"Pummel","floor":45.0,"key":"SMITH"},{"data":"Pommel Strike","floor":53.0,"key":"SMITH"}],"circlet_count":0,"master_deck":["Strike_R+1","Strike_R+1","Strike_R+1","Strike_R+1","Strike_R+1","Defend_R+1","Defend_R+1","Defend_R+1","Defend_R+1","Bash+1","AscMod:ascendersbane","Shrug It Off","Cleave","Iron Wave+1","Pommel Strike+1","Demonic Infusion+1","Flame Barrier+1","Limit Break+1","Inflame+1","Whirlwind+1","Whirlwind+1","Barricade+1","Pommel Strike","Pummel+1","Offering","Cleave+1","Mayhem","Inflame","Shrug It Off"],"relics":["Burning Blood","Lizard Tail","Mirror","Ancient Tea Set","FossilizedHelix","HandDrill","Sling","WingedGreaves","Darkstone Periapt","Onion Ring","Bag of Marbles","ReplayTheSpireMod:Spearhead","Tiny Chest","Odd Mushroom","ChewingGum","Pear","Letter Opener","Incense Burner","Dream Catcher","Torii","Bottled Tornado","Replay:Baseball","Blood Vial","Busted Crown","Mummified Hand","TungstenRod","Lee\u0027s Waffle","Meat on the Bone","Pet Ghost","Art of War","Regal Pillow","Paper Frog","Happy Flower","Replay:Bottled Snecko"],"acts_visited":["Exordium","TheCity","TheBeyond","TheEnding"],"potions_floor_usage":[56],"damage_taken":[{"damage":0.0,"enemies":"Cultist","floor":1.0,"turns":2.0},{"damage":0.0,"enemies":"2 Louse","floor":2.0,"turns":2.0},{"damage":0.0,"enemies":"Jaw Worm","floor":3.0,"turns":2.0},{"damage":0.0,"enemies":"Lagavulin","floor":7.0,"turns":3.0},{"damage":0.0,"enemies":"2 Fungi Beasts","floor":11.0,"turns":1.0},{"damage":0.0,"enemies":"Gremlin Nob","floor":12.0,"turns":1.0},{"damage":0.0,"enemies":"Lagavulin","floor":13.0,"turns":3.0},{"damage":0.0,"enemies":"The Mushroom Lair","floor":14.0,"turns":3.0},{"damage":29.0,"enemies":"Hexaghost","floor":16.0,"turns":8.0},{"damage":0.0,"enemies":"Shell Parasite","floor":18.0,"turns":1.0},{"damage":0.0,"enemies":"Gremlin Leader","floor":23.0,"turns":3.0},{"damage":5.0,"enemies":"Replay:Snechameleon","floor":25.0,"turns":3.0},{"damage":0.0,"enemies":"3 Byrds","floor":27.0,"turns":2.0},{"damage":0.0,"enemies":"Gremlin Leader","floor":28.0,"turns":3.0},{"damage":0.0,"enemies":"Snecko","floor":30.0,"turns":2.0},{"damage":1.0,"enemies":"Replay:Snechameleon","floor":31.0,"turns":2.0},{"damage":57.0,"enemies":"Collector","floor":33.0,"turns":8.0},{"damage":0.0,"enemies":"3 Shapes","floor":35.0,"turns":4.0},{"damage":0.0,"enemies":"Orb Walker","floor":37.0,"turns":3.0},{"damage":20.0,"enemies":"Nemesis","floor":41.0,"turns":3.0},{"damage":0.0,"enemies":"R_Hoarder","floor":44.0,"turns":5.0},{"damage":5.0,"enemies":"Maw","floor":46.0,"turns":6.0},{"damage":0.0,"enemies":"Reptomancer","floor":47.0,"turns":3.0},{"damage":5.0,"enemies":"Replay:Hell Engine","floor":50.0,"turns":6.0},{"damage":37.0,"enemies":"Awakened One","floor":51.0,"turns":7.0},{"damage":16,"enemies":"Shield and Spear","floor":55,"turns":3},{"damage":42,"enemies":"The Heart","floor":56,"turns":8}],"seed_played":"-3013094638913796456","potions_obtained":[{"floor":1.0,"key":"Fire Potion"},{"floor":2.0,"key":"BlessingOfTheForge"},{"floor":2.0,"key":"BloodPotion"},{"floor":3.0,"key":"SkillPotion"},{"floor":7.0,"key":"AttackPotion"},{"floor":12.0,"key":"Weak Potion"},{"floor":12.0,"key":"SteroidPotion"},{"floor":14.0,"key":"Energy Potion"},{"floor":18.0,"key":"SteroidPotion"},{"floor":23.0,"key":"Elixir"},{"floor":25.0,"key":"Adrenaline Potion"},{"floor":25.0,"key":"Energy Potion"},{"floor":28.0,"key":"EntropicBrew"},{"floor":31.0,"key":"Death Potion"},{"floor":41.0,"key":"PowerPotion"},{"floor":55,"key":"Cursed Concoction"}],"is_trial":false,"path_per_floor":["M","M","M","?","$","R","E","R","T","T","M","E","E","?","R","B",null,"M","$","?","?","T","E","R","E","T","M","E","R","M","E","R","B",null,"M","$","M","?","$","R","E","R","T","E","R","M","E","T","R_BF","B","B",null,"R","$","E","B",null],"character_chosen":"IRONCLAD","items_purchased":["Mirror","Ancient Tea Set","HandDrill","Shrug It Off","Sling","Mummified Hand","TungstenRod","Lee\u0027s Waffle","Mayhem","Inflame","Shrug It Off"],"campfire_rested":0,"item_purchase_floors":[0,0,0,0,5,36,39,39,54,54,54],"current_hp_per_floor":[35,40,57,57,57,57,62,62,62,62,67,72,75,75,75,51,75,75,75,80,80,88,91,91,91,91,91,91,91,91,91,91,39,91,91,91,91,91,98,98,83,83,83,90,90,92,98,98,98,98,66,98,98,98,87,62],"gold":45,"neow_bonus":"","is_daily":false,"chose_seed":false,"campfire_upgraded":9,"win_rate":0.0,"timestamp":1613113995,"path_taken":["M","M","?","?","$","R","E","R","T","?","M","E","E","?","R","BOSS","M","$","?","?","?","E","R","E","T","M","E","R","?","E","R","BOSS","M","$","M","?","$","R","E","R","T","E","R","?","E","?","R_BF","BOSS","BOSS","R","$","E","BOSS"],"items_purchased_type":["Relic","Relic","Relic","Card","Relic","Relic","Relic","Relic","Card","Card","Card"],"build_version":"2020-12-22","purchased_purges":1,"victory":true,"max_hp_per_floor":[75,75,75,75,75,75,75,75,75,75,75,75,75,75,75,75,75,75,75,81,81,91,91,91,91,91,91,91,91,91,91,91,91,91,91,91,91,91,98,98,98,98,98,98,98,98,98,98,98,98,98,98,98,98,98,98],"card_choices":[{"not_picked":["Sword Boomerang","Carnage"],"picked":"Cleave","floor":1.0},{"not_picked":["Wild Strike","Warcry"],"picked":"Iron Wave","floor":2.0},{"not_picked":["Sword Boomerang","Clash"],"picked":"Pommel Strike","floor":3.0},{"not_picked":["Ghostly Armor","Shockwave"],"picked":"Demonic Infusion","floor":7.0},{"not_picked":["Pommel Strike","ReplayTheSpireMod:Muscle Training"],"picked":"Flame Barrier","floor":11.0},{"not_picked":["Power Through","Wild Strike","Twin Strike"],"picked":"SKIP","floor":12.0},{"not_picked":["Evolve","True Grit","Reckless Charge"],"picked":"SKIP","floor":13.0},{"not_picked":["Demonic Infusion","Immolate"],"picked":"Limit Break","floor":16.0},{"not_picked":["Abandon+1","Cleave"],"picked":"Inflame","floor":18.0},{"not_picked":["ReplayTheSpireMod:LeadingStrike","Armaments","ReplayReversal"],"picked":"SKIP","floor":23.0},{"not_picked":["Replay:Many Hands","Rage"],"picked":"Whirlwind","floor":25.0},{"not_picked":["Wild Strike","Anger"],"picked":"Whirlwind","floor":27.0},{"not_picked":["Iron Wave","Body Slam"],"picked":"Barricade","floor":28.0},{"not_picked":["Rampage","Iron Wave"],"picked":"Pommel Strike","floor":30.0},{"not_picked":["Headbutt","Havoc"],"picked":"Pummel","floor":31.0},{"not_picked":["Bludgeon","Brutality"],"picked":"Offering","floor":33.0},{"not_picked":["Rampage"],"picked":"SKIP","floor":35.0},{"not_picked":[],"picked":"Cleave+1","floor":37.0},{"not_picked":["True Grit"],"picked":"SKIP","floor":41.0},{"not_picked":["Armaments"],"picked":"SKIP","floor":44.0},{"not_picked":["Bloodletting+1"],"picked":"SKIP","floor":46.0},{"not_picked":["True Grit"],"picked":"SKIP","floor":47.0},{"not_picked":["Bloodletting+1"],"picked":"SKIP","floor":55}],"player_experience":1130196,"relics_obtained":[{"floor":7.0,"key":"WingedGreaves"},{"floor":9.0,"key":"Darkstone Periapt"},{"floor":9.0,"key":"Onion Ring"},{"floor":10.0,"key":"Bag of Marbles"},{"floor":12.0,"key":"ReplayTheSpireMod:Spearhead"},{"floor":13.0,"key":"Tiny Chest"},{"floor":14.0,"key":"Odd Mushroom"},{"floor":22.0,"key":"Pear"},{"floor":22.0,"key":"Letter Opener"},{"floor":23.0,"key":"Incense Burner"},{"floor":25.0,"key":"Dream Catcher"},{"floor":26.0,"key":"Torii"},{"floor":26.0,"key":"Bottled Tornado"},{"floor":28.0,"key":"Replay:Baseball"},{"floor":31.0,"key":"Blood Vial"},{"floor":41.0,"key":"Meat on the Bone"},{"floor":43.0,"key":"Pet Ghost"},{"floor":43.0,"key":"Art of War"},{"floor":47.0,"key":"Regal Pillow"},{"floor":48.0,"key":"Paper Frog"},{"floor":48.0,"key":"Happy Flower"},{"floor":55,"key":"Replay:Bottled Snecko"}],"event_choices":[{"damage_healed":0.0,"max_hp_gain":0.0,"max_hp_loss":0.0,"gold_gain":0.0,"event_name":"The Cleric","player_choice":"Leave","floor":4.0,"gold_loss":0.0,"damage_taken":0.0},{"damage_healed":0.0,"max_hp_gain":0.0,"max_hp_loss":0.0,"gold_gain":0.0,"event_name":"Mushrooms","player_choice":"Fought Mushrooms","floor":14.0,"gold_loss":0.0,"damage_taken":0.0},{"damage_healed":0.0,"max_hp_gain":0.0,"max_hp_loss":0.0,"gold_gain":0.0,"event_name":"Forgotten Altar","player_choice":"Smashed Altar","floor":20.0,"gold_loss":0.0,"damage_taken":0.0,"cards_obtained":["Decay"]},{"damage_healed":0.0,"max_hp_gain":0.0,"max_hp_loss":0.0,"gold_gain":0.0,"event_name":"N\u0027loth","player_choice":"Ignored","floor":21.0,"gold_loss":0.0,"damage_taken":0.0},{"damage_healed":0.0,"max_hp_gain":0.0,"max_hp_loss":0.0,"gold_gain":0.0,"event_name":"The Woman in Blue","player_choice":"Bought 0 Potions","floor":38.0,"gold_loss":0.0,"damage_taken":0.0}],"is_beta":false,"boss_relics":[{"not_picked":["MetallicRebirth"],"picked":"VoidEssence"},{"not_picked":["MetallicRebirth"],"picked":"VoidEssence"},{"not_picked":["SacredBark","Ring of Chaos"],"picked":"ChewingGum"},{"not_picked":["TwistingMind"],"picked":"MetallicRebirth"},{"not_picked":["TwistingMind"],"picked":"MetallicRebirth"},{"not_picked":["Replay:Bronze Core","Velvet Choker"],"picked":"Busted Crown"}],"items_purged_floors":[36],"is_endless":false,"potions_floor_spawned":[2,12,14,16,25,28,30,37,41,46,55],"ascension_level":0}}