{"host":"6to8m083wj0ro91z","time":1613149757,"event":{"mods":["BaseMod","Better Third Choice","BetterRewards","CatGirl Mod","ChefMod","Friendly Minions","Hubris","Mad Scientist","Marisa????????","Minty Spire (QoL Compilation)","Robot Space Explorer","Shade Mod","Spicy Shops","StSLib","The Blackbeard","The Death Knight","The Elementalist","The Forsaken","The Gatherer","The Marked","The Mystic","The Necromancer","The Runesmith","The Servant 0.9.4","The Showman","The Vixen","Yohane!"],"gold_per_floor":[117,130,150,162,174,174,203,215,215,247,267,282,301,312,312,414,414,431,441,441,472,28,63,81,81,108,139,151,251,267,293,293,390,390,407,407,10,20,39,39,69,87,87,87,87,99,110,122,122,122,122,122,10,43,43],"floor_reached":56,"language":"ENG","playtime":4236,"items_purged":["elementalist:Airstrike","elementalist:Firestrike","elementalist:Earthstrike"],"score":1359,"play_id":"4d637d53-e215-4861-9bf5-25d14ceefc5c","local_time":"20210212180917","is_ascension_mode":false,"campfire_choices":[{"data":"elementalist:Blaze","floor":6.0,"key":"SMITH"},{"data":"elementalist:Caution","floor":15.0,"key":"SMITH"},{"data":"elementalist:Caution","floor":25.0,"key":"SMITH"},{"data":"elementalist:Cauterize","floor":32,"key":"SMITH"},{"floor":40,"key":"RECALL"},{"data":"elementalist:Kiln","floor":44,"key":"SMITH"},{"data":"Deep Breath","floor":49,"key":"SMITH"},{"data":"hubris:DuctTapeCard","floor":52,"key":"SMITH"}],"circlet_count":0,"master_deck":["elementalist:Fire_Emblem","elementalist:Fire_Emblem","elementalist:Fire_Emblem","elementalist:Fire_Emblem","elementalist:Earth_Emblem","elementalist:Defend_Elemblue","elementalist:Defend_Elemblue","elementalist:Defend_Elemblue","elementalist:Defend_Elemblue","elementalist:Defend_Elemblue","elementalist:Crystal_Chalk","elementalist:Caution+1","elementalist:Blaze+1","elementalist:Flame+1","elementalist:Cauterize+1","elementalist:Magma_Shot+1","elementalist:Flame","elementalist:Caution+1","elementalist:Flame","elementalist:Caution+1","elementalist:Solar_Form","hubris:DuctTapeCard+2","elementalist:Kiln+1","elementalist:Magma_Shot+1","Deep Breath+1"],"relics":["elementalistmod:MagusStaff","elementalistmod:RedRibbon","PreservedInsect","hubris:SphereOfDissonance","The Courier","Coffee Dripper","Red Mask","Membership Card","hubris:EmptyBottle","InkBottle","Strawberry","hubris:DuctTape","hubris:CrystalStatue","Bottled Tornado","hubris:MysteriousPyramids","Gambling Chip","SacredBark","Shovel","Bag of Preparation","Chemical X","hubris:Zylophone","Whetstone","Ginger","Medical Kit","Eternal Feather"],"acts_visited":["Exordium","TheCity","TheBeyond","TheEnding"],"potions_floor_usage":[55,55,55,55,55],"damage_taken":[{"damage":0.0,"enemies":"Cultist","floor":1.0,"turns":4.0},{"damage":1.0,"enemies":"Jaw Worm","floor":2.0,"turns":7.0},{"damage":0.0,"enemies":"2 Louse","floor":3.0,"turns":2.0},{"damage":0.0,"enemies":"Exordium Wildlife","floor":4.0,"turns":4.0},{"damage":8.0,"enemies":"Large Slime","floor":5.0,"turns":6.0},{"damage":12.0,"enemies":"Gremlin Nob","floor":7.0,"turns":4.0},{"damage":0.0,"enemies":"Red Slaver","floor":8.0,"turns":2.0},{"damage":0.0,"enemies":"Lagavulin","floor":10.0,"turns":3.0},{"damage":0.0,"enemies":"Blue Slaver","floor":11.0,"turns":2.0},{"damage":15.0,"enemies":"Exordium Wildlife","floor":12.0,"turns":4.0},{"damage":0.0,"enemies":"Looter","floor":13.0,"turns":3.0},{"damage":0.0,"enemies":"Blue Slaver","floor":14.0,"turns":3.0},{"damage":14.0,"enemies":"Slime Boss","floor":16.0,"turns":7.0},{"damage":0.0,"enemies":"3 Byrds","floor":18.0,"turns":4.0},{"damage":0.0,"enemies":"2 Thieves","floor":19.0,"turns":3.0},{"damage":10.0,"enemies":"Masked Bandits","floor":21.0,"turns":3.0},{"damage":9.0,"enemies":"Book of Stabbing","floor":23.0,"turns":4.0},{"damage":0.0,"enemies":"Snecko","floor":24.0,"turns":1.0},{"damage":5.0,"enemies":"Slavers","floor":27.0,"turns":4.0},{"damage":11.0,"enemies":"Shelled Parasite and Fungi","floor":28.0,"turns":2.0},{"damage":0.0,"enemies":"Colosseum Slavers","floor":29.0,"turns":3.0},{"damage":0.0,"enemies":"Colosseum Nobs","floor":29.0,"turns":2.0},{"damage":0,"enemies":"3 Cultists","floor":30,"turns":3},{"damage":0,"enemies":"Gremlin Leader","floor":31,"turns":3},{"damage":27,"enemies":"Automaton","floor":33,"turns":7},{"damage":8,"enemies":"3 Shapes","floor":35,"turns":5},{"damage":0,"enemies":"3 Darklings","floor":38,"turns":3},{"damage":0,"enemies":"Sphere and 2 Shapes","floor":39,"turns":3},{"damage":0,"enemies":"Giant Head","floor":41,"turns":5},{"damage":0,"enemies":"Spire Growth","floor":42,"turns":2},{"damage":0,"enemies":"Jaw Worm Horde","floor":46,"turns":2},{"damage":0,"enemies":"Transient","floor":47,"turns":5},{"damage":8,"enemies":"Sphere and 2 Shapes","floor":48,"turns":3},{"damage":2,"enemies":"Time Eater","floor":50,"turns":6},{"damage":27,"enemies":"Shield and Spear","floor":54,"turns":3},{"damage":4,"enemies":"The Heart","floor":55,"turns":6}],"seed_played":"-7939577392148862283","potions_obtained":[{"floor":3.0,"key":"Ancient Potion"},{"floor":4.0,"key":"Regen Potion"},{"floor":11.0,"key":"Weak Potion"},{"floor":24.0,"key":"CultistPotion"},{"floor":29,"key":"DeathKnight:RimePotion"},{"floor":47,"key":"PowerPotion"}],"is_trial":false,"path_per_floor":["M","M","M","M","M","R","E","M","T","E","M","M","M","M","R","B",null,"M","M","?","?","$","E","M","R","T","E","M","?","M","E","R","B",null,"M","?","$","M","M","R","E","M","T","R","?","M","M","M","R","B",null,"R","$","E","B",null],"character_chosen":"THE_ELEMENTALIST","items_purchased":["Membership Card","hubris:EmptyBottle","InkBottle","Strawberry","hubris:DuctTape","Shovel","Bag of Preparation","Chemical X","hubris:Zylophone","Medical Kit","Eternal Feather"],"campfire_rested":0,"item_purchase_floors":[22,22,22,22,22,37,37,37,37,53,53],"current_hp_per_floor":[77,76,76,76,68,68,56,56,56,56,56,41,41,41,41,27,77,77,77,77,67,74,65,65,65,65,60,49,49,49,49,49,22,84,76,76,76,76,76,76,76,76,76,76,76,76,76,68,68,66,84,84,84,57,53],"gold":43,"neow_bonus":"TEN_PERCENT_HP_BONUS","is_daily":false,"chose_seed":false,"campfire_upgraded":7,"win_rate":0.0,"timestamp":1613149757,"path_taken":["M","M","M","M","M","R","E","M","T","E","M","M","M","M","R","BOSS","M","M","?","?","?","E","?","R","T","E","M","?","M","E","R","BOSS","M","?","$","M","M","R","E","M","T","R","?","?","M","M","R","BOSS","R","$","E","BOSS"],"items_purchased_type":["Relic","Relic","Relic","Relic","Relic","Relic","Relic","Relic","Relic","Relic","Relic"],"build_version":"2020-12-22","purchased_purges":3,"victory":true,"max_hp_per_floor":[77,77,77,77,77,77,77,77,77,77,77,77,77,77,77,77,77,77,77,77,77,84,84,84,84,84,84,84,84,84,84,84,84,84,84,84,84,84,84,84,84,84,84,84,84,84,84,84,84,84,84,84,84,84,84],"card_choices":[{"not_picked":["elementalist:Pressurize","elementalist:Confluence"],"picked":"elementalist:Caution","floor":1.0},{"not_picked":["elementalist:Wards","elementalist:Momentum"],"picked":"elementalist:Blaze","floor":2.0},{"not_picked":["elementalist:Cyclone","elementalist:Overheat","elementalist:Emberveil"],"picked":"SKIP","floor":3.0},{"not_picked":["elementalist:Absolute_Zero","elementalist:Solar_Form"],"picked":"elementalist:Flame","floor":4.0},{"not_picked":["elementalist:Confluence","elementalist:Emberveil"],"picked":"elementalist:Cauterize","floor":5.0},{"not_picked":["elementalist:Blaze","elementalist:Emberveil"],"picked":"elementalist:Magma_Shot","floor":7.0},{"not_picked":["elementalist:Aegis","elementalist:Cyclone","elementalist:Undertow"],"picked":"SKIP","floor":8.0},{"not_picked":["elementalist:Burning_Soul","elementalist:Fission_Lance"],"picked":"elementalist:Flame","floor":10.0},{"not_picked":["elementalist:Momentum","elementalist:Emberveil"],"picked":"elementalist:Caution","floor":11.0},{"not_picked":["elementalist:Overheat","elementalist:Magma_Shot"],"picked":"elementalist:Flame","floor":12.0},{"not_picked":["elementalist:Emberveil","elementalist:Flame","elementalist:Fission_Lance"],"picked":"SKIP","floor":13.0},{"not_picked":["elementalist:Confluence","elementalist:Overheat","elementalist:Spout"],"picked":"SKIP","floor":14.0},{"not_picked":["elementalist:Confluence","elementalist:Overheat","elementalist:Spout"],"picked":"SKIP","floor":14.0},{"not_picked":["elementalist:Flame+1","elementalist:Mist","elementalist:Cauterize+1"],"picked":"SKIP","floor":18.0},{"not_picked":["elementalist:Overheat","elementalist:Flame"],"picked":"elementalist:Caution+1","floor":19.0},{"not_picked":["elementalist:Overheat","elementalist:Blaze+1","elementalist:Low_Tides+1"],"picked":"SKIP","floor":23.0},{"not_picked":["elementalist:Inferno","elementalist:Overheat"],"picked":"elementalist:Solar_Form","floor":24.0},{"not_picked":["elementalist:Mist","elementalist:Momentum","elementalist:Emberveil"],"picked":"SKIP","floor":27.0},{"not_picked":["elementalist:Emberveil","elementalist:Fission_Lance+1","elementalist:Overheat"],"picked":"SKIP","floor":28.0},{"not_picked":["elementalist:Fission_Lance+1","elementalist:Flame"],"picked":"elementalist:Kiln","floor":30},{"not_picked":["elementalist:Overheat","elementalist:Fission_Lance","elementalist:Emberveil"],"picked":"SKIP","floor":31},{"not_picked":["elementalist:Cauterize","elementalist:Spark+1","elementalist:Gaian_Form+1"],"picked":"SKIP","floor":35},{"not_picked":["elementalist:Wards+1","elementalist:Breeze+1"],"picked":"elementalist:Magma_Shot+1","floor":38},{"not_picked":["elementalist:Overheat+1","elementalist:Wards","elementalist:Mist"],"picked":"SKIP","floor":39},{"not_picked":["elementalist:Emberveil","elementalist:Blaze+1","elementalist:Refract"],"picked":"SKIP","floor":41},{"not_picked":["elementalist:Cyclone+1","elementalist:Fission_Lance+1","elementalist:Mist"],"picked":"SKIP","floor":42},{"not_picked":["elementalist:Gaian_Form+1","elementalist:Ignition+1","elementalist:Breeze+1"],"picked":"SKIP","floor":46},{"not_picked":["elementalist:Confluence+1","elementalist:Spout","elementalist:Blaze+1"],"picked":"SKIP","floor":47},{"not_picked":["elementalist:Pressurize","elementalist:Wards","elementalist:Cauterize+1"],"picked":"SKIP","floor":48},{"not_picked":["elementalist:Vaccuum+1","elementalist:Etherstrike","elementalist:Dragon_Bigram"],"picked":"SKIP","floor":54}],"player_experience":1142951,"relics_obtained":[{"floor":7.0,"key":"PreservedInsect"},{"floor":9.0,"key":"hubris:SphereOfDissonance"},{"floor":10.0,"key":"The Courier"},{"floor":21.0,"key":"Red Mask"},{"floor":23.0,"key":"hubris:CrystalStatue"},{"floor":27.0,"key":"Bottled Tornado"},{"floor":29,"key":"hubris:MysteriousPyramids"},{"floor":29,"key":"Gambling Chip"},{"floor":41,"key":"Whetstone"},{"floor":43,"key":"Ginger"}],"event_choices":[{"cards_removed":["elementalist:Strike+Elemblue"],"damage_healed":0.0,"max_hp_gain":0.0,"max_hp_loss":0.0,"gold_gain":0.0,"event_name":"betterThird:BetterWriting","player_choice":"Elegance","floor":20.0,"gold_loss":0.0,"damage_taken":0.0},{"damage_healed":0.0,"max_hp_gain":0.0,"max_hp_loss":0.0,"gold_gain":0.0,"event_name":"Masked Bandits","player_choice":"Fought Bandits","floor":21.0,"gold_loss":0.0,"damage_taken":0.0},{"damage_healed":0.0,"max_hp_gain":0.0,"max_hp_loss":0.0,"gold_gain":0.0,"event_name":"Colosseum","player_choice":"Fight","floor":29.0,"gold_loss":0.0,"damage_taken":0.0},{"damage_healed":0.0,"max_hp_gain":0.0,"max_hp_loss":0.0,"gold_gain":0.0,"event_name":"Colosseum","player_choice":"Fought Nobs","floor":29.0,"gold_loss":0.0,"damage_taken":0.0},{"cards_removed":["elementalist:Waterstrike"],"damage_healed":0,"gold_gain":0,"player_choice":"Removed Attack","damage_taken":0,"max_hp_gain":0,"max_hp_loss":0,"event_name":"Falling","floor":36,"gold_loss":0},{"damage_healed":0,"gold_gain":0,"player_choice":"1 cards matched","damage_taken":0,"max_hp_gain":0,"max_hp_loss":0,"event_name":"Match and Keep!","floor":45,"gold_loss":0,"cards_obtained":["Deep Breath"]}],"is_beta":false,"boss_relics":[{"not_picked":["Philosopher\u0027s Stone","hubris:TerracottaHorce"],"picked":"Coffee Dripper"},{"not_picked":["hubris:ScarierMask","Fusion Hammer"],"picked":"SacredBark"}],"items_purged_floors":[22,37,37],"is_endless":false,"potions_floor_spawned":[3,4,11,13,14,16,19,24,28,29,29,31,42,46,47,54],"ascension_level":0}}