{"host":"86nc795wsqxyrbm0","time":1613090245,"event":{"mods":["AchievementEnabler","BaseMod","Colored Map","Minty Spire (QoL Compilation)","StSLib"],"gold_per_floor":[115,127,139,152,171,203,203,203,203],"floor_reached":8,"language":"ENG","playtime":349,"items_purged":[],"score":84,"play_id":"0296cf9c-673f-42e8-a7b0-962677a2314e","local_time":"20210212003725","is_ascension_mode":true,"campfire_choices":[{"floor":7,"key":"REST"}],"circlet_count":0,"master_deck":["Strike_G","Strike_G","Strike_G","Strike_G","Strike_G","Defend_G","Defend_G","Defend_G","Defend_G","Defend_G","Survivor","Neutralize+1","Poisoned Stab","Terror","Quick Slash","Backstab"],"relics":["Ring of the Snake","MealTicket"],"acts_visited":["Exordium"],"potions_floor_usage":[6,6,8],"damage_taken":[{"damage":0,"enemies":"Cultist","floor":1,"turns":4},{"damage":7,"enemies":"2 Louse","floor":2,"turns":3},{"damage":0,"enemies":"Small Slimes","floor":3,"turns":3},{"damage":15,"enemies":"2 Fungi Beasts","floor":4,"turns":4},{"damage":13,"enemies":"Blue Slaver","floor":5,"turns":3},{"damage":7,"enemies":"Lagavulin","floor":6,"turns":7},{"damage":43,"enemies":"Gremlin Nob","floor":8,"turns":4}],"seed_played":"3906257735853545308","potions_obtained":[{"floor":1,"key":"SkillPotion"},{"floor":4,"key":"Fire Potion"},{"floor":6,"key":"Dexterity Potion"}],"is_trial":false,"path_per_floor":["M","M","M","M","M","E","R","E"],"character_chosen":"THE_SILENT","items_purchased":[],"campfire_rested":1,"item_purchase_floors":[],"current_hp_per_floor":[63,56,56,41,28,21,42,0,0],"gold":203,"neow_bonus":"UPGRADE_CARD","is_daily":false,"chose_seed":false,"campfire_upgraded":0,"win_rate":0.0,"timestamp":1613090245,"path_taken":["M","M","M","M","M","E","R","E"],"items_purchased_type":[],"build_version":"2020-12-22","purchased_purges":0,"victory":false,"max_hp_per_floor":[70,70,70,70,70,70,70,70,70],"card_choices":[{"not_picked":["Catalyst","Bane"],"picked":"Poisoned Stab","floor":1},{"not_picked":["Slice","Dagger Spray","Underhanded Strike"],"picked":"SKIP","floor":2},{"not_picked":["Slice","Escape Plan"],"picked":"Terror","floor":3},{"not_picked":["Bane","Underhanded Strike"],"picked":"Quick Slash","floor":4},{"not_picked":["Poisoned Stab","Sucker Punch","Skewer"],"picked":"SKIP","floor":5},{"not_picked":["Backflip","Reflex"],"picked":"Backstab","floor":6}],"player_experience":557207,"relics_obtained":[{"floor":6,"key":"MealTicket"}],"event_choices":[],"is_beta":false,"boss_relics":[],"items_purged_floors":[],"is_endless":false,"potions_floor_spawned":[1,4,6],"killed_by":"Gremlin Nob","ascension_level":8}}