{"host":"phniwng9zo19jwdb","time":1613140754,"event":{"mods":["AchievementEnabler","BaseMod","Colored Powertips","Dark Map","Faster Ascension Climbing","GifTheSpireLib","Minty Spire (QoL Compilation)","Permanent Neow","Rare Cards Sparkle","Relic Filter Mod","StSLib","Weighted Paths"],"gold_per_floor":[110,110,176,195,170,195,195,195,195],"floor_reached":8,"language":"ENG","playtime":177,"items_purged":[],"score":112,"play_id":"72e7fd84-916c-4e05-b197-20d678f459f2","local_time":"20210212153914","is_ascension_mode":true,"campfire_choices":[{"data":"Glass Knife","floor":7,"key":"SMITH"}],"circlet_count":0,"master_deck":["AscendersBane","Strike_G","Strike_G","Strike_G","Strike_G","Defend_G","Defend_G","Defend_G","Defend_G","Defend_G","Survivor","Neutralize","Corpse Explosion","Crippling Poison","Deadly Poison","Glass Knife+1"],"relics":["Ring of the Snake","SsserpentHead","Singing Bowl"],"acts_visited":["Exordium"],"potions_floor_usage":[6],"damage_taken":[{"damage":1,"enemies":"Small Slimes","floor":1,"turns":3},{"damage":4,"enemies":"Cultist","floor":3,"turns":4},{"damage":0,"enemies":"2 Louse","floor":4,"turns":3},{"damage":21,"enemies":"Gremlin Nob","floor":6,"turns":4},{"damage":14,"enemies":"3 Sentries","floor":8,"turns":4}],"seed_played":"4290854961801932059","potions_obtained":[{"floor":3,"key":"Poison Potion"}],"is_trial":false,"path_per_floor":["M","?","M","M","?","E","R","E"],"character_chosen":"THE_SILENT","items_purchased":[],"campfire_rested":0,"item_purchase_floors":[],"current_hp_per_floor":[58,58,54,54,54,33,33,19,19],"gold":195,"neow_bonus":"ONE_RANDOM_RARE_CARD","is_daily":false,"chose_seed":false,"campfire_upgraded":1,"win_rate":0.0,"timestamp":1613140754,"path_taken":["M","?","?","M","?","E","R","E"],"items_purchased_type":[],"build_version":"2020-12-22","purchased_purges":0,"victory":false,"max_hp_per_floor":[66,66,66,66,66,66,66,66,66],"card_choices":[{"not_picked":["Bane","Dodge and Roll"],"picked":"Crippling Poison","floor":1},{"not_picked":["Reflex","Flechettes"],"picked":"Deadly Poison","floor":3},{"not_picked":["Quick Slash","Terror","Prepared"],"picked":"SKIP","floor":4},{"not_picked":["Grand Finale","PiercingWail"],"picked":"Glass Knife","floor":6}],"player_experience":123823,"relics_obtained":[{"floor":6,"key":"Singing Bowl"}],"event_choices":[{"damage_healed":0,"gold_gain":0,"player_choice":"Trade","damage_taken":0,"relics_obtained":["SsserpentHead"],"max_hp_gain":0,"max_hp_loss":0,"event_name":"FaceTrader","floor":2,"gold_loss":0},{"cards_removed":["Strike_G"],"damage_healed":0,"gold_gain":0,"player_choice":"Card Removal","damage_taken":0,"max_hp_gain":0,"max_hp_loss":0,"event_name":"The Cleric","floor":5,"gold_loss":75}],"is_beta":false,"boss_relics":[],"items_purged_floors":[],"is_endless":false,"potions_floor_spawned":[3],"killed_by":"3 Sentries","ascension_level":20}}