{"host":"Lucas","time":1613139207,"event":{"mods":["BaseMod","Downfall","Minty Spire (QoL Compilation)","READ ME - Guardian Mod","StSLib","The Cursed","The Disciple","The Necromancer","The Servant 0.9.4"],"gold_per_floor":[99,119,130,140,590,618,642,659,659,171,201,221,221,25,44,140,140,140,150,250,261,97,172,196,206,5,5,34,34,50,325,341,445,445,445,461,461,238,53,88,135,176,27,56,79,79,102,102,123,123],"floor_reached":51,"language":"ENG","playtime":2894,"items_purged":["downfall:Icky","Normality"],"score":966,"play_id":"b41a1142-93f7-4a55-ab79-94307a2f72c9","local_time":"20210212141327","is_ascension_mode":true,"campfire_choices":[{"data":"bronze:Replicate","floor":1.0,"key":"SMITH"},{"floor":13,"key":"REST"},{"data":"Apotheosis","floor":18,"key":"SMITH"},{"floor":29,"key":"REST"},{"data":"bronze:BronzeOrb","floor":35,"key":"SMITH"},{"floor":46,"key":"REST"}],"circlet_count":0,"master_deck":["bronze:Strike","bronze:Strike","bronze:Strike","bronze:Strike","bronze:Defend","bronze:Defend","bronze:Defend","bronze:Defend","bronze:Replicate+1","bronze:Goto","bronze:BronzeOrb+1","bronze:Iterate","bronze:ChildClass","bronze:InfiniteBeams","bronze:DelayedSlice","bronze:Optimize","Apotheosis+1","bronze:Backtrace","bronze:Optimize","bronze:ClassDefault","bronze:Fortify","bronze:Iterate","bronze:Separator","bronze:InfiniteLoop","bronze:Branch+1","bronze:BronzeOrb+1","bronze:Allocate","bronze:Boost+1","bronze:Separator+1","bronze:DelayedSlice","bronze:RecursiveStrike","bronze:Turbo","bronze:Branch+1","bronze:AlphaBuild","bronze:Backtrace+1","bronze:ChildClass","Dark Shackles","expansioncontent:DashGenerateEvil","bronze:Branch+1","bronze:FineTuning","bronze:WhirlingStrike","bronze:Optimize+1","bronze:Fortify+1","bronze:Verify"],"relics":["bronze:BronzeCore","Nunchaku","Happy Flower","Toy Ornithopter","Lee\u0027s Waffle","SlaversCollar","Mango","Matryoshka","Akabeko","Orichalcum","Bronze Scales","Ice Cream","Eternal Feather","Bottled Flame","bronze:ElectromagneticCoil","Lantern","Potion Belt","CeramicFish","Regal Pillow","Boot"],"acts_visited":["Exordium","TheCity","TheBeyond"],"potions_floor_usage":[6,6,16,16,21,28,28,28,28,28,33,49,50,50,50],"damage_taken":[{"damage":4.0,"enemies":"Small Slimes","floor":2.0,"turns":3.0},{"damage":7.0,"enemies":"Jaw Worm","floor":3.0,"turns":6.0},{"damage":0.0,"enemies":"Cultist","floor":4.0,"turns":3.0},{"damage":9,"enemies":"Lagavulin","floor":6,"turns":7},{"damage":5,"enemies":"Blue Slaver","floor":8,"turns":5},{"damage":5,"enemies":"downfall:FleeingMerchant","floor":10,"turns":4},{"damage":10,"enemies":"3 Sentries","floor":11,"turns":5},{"damage":0,"enemies":"3 Louse","floor":12,"turns":3},{"damage":15,"enemies":"downfall:FleeingMerchant","floor":14,"turns":4},{"damage":14,"enemies":"Gremlin Gang","floor":15,"turns":4},{"damage":26,"enemies":"DF_ARCHETYPE_STREAMLINE","floor":16,"turns":6},{"damage":1,"enemies":"Chosen","floor":19,"turns":3},{"damage":38,"enemies":"Colosseum Nobs","floor":20,"turns":4},{"damage":15,"enemies":"Snake Plant","floor":21,"turns":3},{"damage":20,"enemies":"downfall:FleeingMerchant","floor":22,"turns":4},{"damage":4,"enemies":"Shelled Parasite and Fungi","floor":25,"turns":3},{"damage":0,"enemies":"downfall:FleeingMerchant","floor":26,"turns":2},{"damage":0,"enemies":"Gremlin Leader","floor":28,"turns":4},{"damage":0,"enemies":"Sentry and Sphere","floor":30,"turns":2},{"damage":0,"enemies":"Centurion and Healer","floor":32,"turns":3},{"damage":11,"enemies":"WA_ARCHETYPE_CALM","floor":33,"turns":3},{"damage":9,"enemies":"Orb Walker","floor":36,"turns":3},{"damage":0,"enemies":"Giant Head","floor":40,"turns":4},{"damage":14,"enemies":"Reptomancer","floor":42,"turns":5},{"damage":34,"enemies":"3 Darklings","floor":44,"turns":3},{"damage":0,"enemies":"Transient","floor":45,"turns":5},{"damage":4,"enemies":"Jaw Worm Horde","floor":47,"turns":3},{"damage":12,"enemies":"Spire Growth","floor":49,"turns":3},{"damage":3,"enemies":"SI_POISON_ARCHETYPE","floor":50,"turns":9}],"seed_played":"-8773499633214726726","potions_obtained":[{"floor":3.0,"key":"Block Potion"},{"floor":4.0,"key":"Strength Potion"},{"floor":11,"key":"Energy Potion"},{"floor":15,"key":"AttackPotion"},{"floor":16,"key":"EntropicBrew"},{"floor":19,"key":"Dexterity Potion"},{"floor":20,"key":"Fire Potion"},{"floor":23,"key":"downfall:CursedFountainPotion"},{"floor":30,"key":"Slimebound:ThreeZeroPotion"},{"floor":32,"key":"SteroidPotion"},{"floor":33,"key":"bronze:FreeFunctionsPotion"},{"floor":44,"key":"hexamod:SoulburnPotion"},{"floor":48,"key":"LiquidMemories"}],"is_trial":false,"path_per_floor":["R","M","M","M","?","E","T","M","?","$","E","M","R","$","M","B",null,"R","M","?","M","$","?","T","M","$","?","E","R","M","?","M","B",null,"R","M","?","$","$","E","T","E","$","M","M","R","M","?","M","B",null],"character_chosen":"THE_AUTOMATON","items_purchased":["Apotheosis","bronze:Backtrace","bronze:ProtectiveGoggles","Lee\u0027s Waffle","bronze:Iterate","Akabeko","Ice Cream","Eternal Feather","bronze:ChildClass","Dark Shackles","expansioncontent:DashGenerateEvil","Boot"],"campfire_rested":3,"item_purchase_floors":[10,10,10,14,14,22,26,26,38,38,39,43],"current_hp_per_floor":[77,73,66,66,66,57,57,52,52,47,37,37,60,84,70,54,84,84,83,59,49,29,29,29,25,25,25,50,97,97,97,97,87,98,98,89,89,89,89,89,89,75,75,41,41,98,94,94,87,98],"gold":123,"neow_bonus":"TEN_PERCENT_HP_BONUS","is_daily":false,"chose_seed":false,"campfire_upgraded":3,"win_rate":0.0,"timestamp":1613139207,"path_taken":["R","M","M","M","?","E","T","M","?","$","E","?","R","$","M","BOSS","R","M","?","M","$","?","T","?","$","?","E","R","M","?","M","BOSS","R","M","?","?","$","E","T","E","$","M","M","R","?","?","M","BOSS"],"items_purchased_type":["Card","Card","Relic","Relic","Card","Relic","Relic","Relic","Card","Card","Card","Relic"],"build_version":"2020-12-18","purchased_purges":2,"victory":true,"max_hp_per_floor":[77,77,77,77,77,77,77,77,77,77,77,77,77,84,84,84,84,84,84,98,98,98,98,98,98,98,98,98,98,98,98,98,98,98,98,98,98,98,98,98,98,98,98,98,98,98,98,98,98,98],"card_choices":[{"not_picked":["bronze:WildBeam","bronze:Refactor"],"picked":"bronze:BronzeOrb","floor":2.0},{"not_picked":["bronze:ForceShield","bronze:Deprecate"],"picked":"bronze:Iterate","floor":3.0},{"not_picked":["bronze:Constructor","bronze:DelayedGuard"],"picked":"bronze:ChildClass","floor":4.0},{"not_picked":["bronze:Return","bronze:BronzeArmor"],"picked":"bronze:InfiniteBeams","floor":6},{"not_picked":["bronze:Virus","bronze:Turbo"],"picked":"bronze:DelayedSlice","floor":8},{"not_picked":["bronze:DelayedSlice","bronze:Overheat"],"picked":"bronze:Optimize","floor":10},{"not_picked":["bronze:Overload","bronze:CutThrough"],"picked":"bronze:Optimize","floor":11},{"not_picked":["bronze:OilSpill","bronze:DelayedGuard"],"picked":"bronze:ClassDefault","floor":12},{"not_picked":["bronze:BronzeArmor","bronze:HardenedForm"],"picked":"bronze:Fortify","floor":14},{"not_picked":["bronze:OilSpill","bronze:Turbo"],"picked":"bronze:Separator","floor":15},{"not_picked":["bronze:HardenedForm","bronze:FindAndReplace"],"picked":"bronze:InfiniteLoop","floor":16},{"not_picked":["bronze:InfiniteBeams","bronze:MaxOutput+1"],"picked":"bronze:Branch+1","floor":19},{"not_picked":["bronze:FineTuning","bronze:ItsAFeature"],"picked":"bronze:BronzeOrb+1","floor":20},{"not_picked":["bronze:ClassDefault","bronze:Turbo"],"picked":"bronze:Allocate","floor":21},{"not_picked":["bronze:Allocate","bronze:ForceShield"],"picked":"bronze:Boost+1","floor":22},{"not_picked":["bronze:FineTuning","bronze:DarkDash"],"picked":"bronze:Separator+1","floor":25},{"not_picked":["bronze:BurnOut","bronze:BronzeArmor+1"],"picked":"bronze:DelayedSlice","floor":26},{"not_picked":["bronze:Turbo+1","bronze:BuggyMess+1"],"picked":"bronze:RecursiveStrike","floor":28},{"not_picked":["bronze:Constructor","bronze:Shield"],"picked":"bronze:Turbo","floor":30},{"not_picked":["bronze:BuggyMess","bronze:Constructor"],"picked":"bronze:Branch+1","floor":32},{"not_picked":["bronze:Virus","bronze:SpaghettiCode"],"picked":"bronze:AlphaBuild","floor":33},{"not_picked":["bronze:Optimize+1","bronze:Iterate+1"],"picked":"bronze:Backtrace+1","floor":36},{"not_picked":["bronze:BuggyMess","bronze:Deprecate"],"picked":"bronze:Branch+1","floor":40},{"not_picked":["bronze:Turbo+1","bronze:CutThrough+1"],"picked":"bronze:FineTuning","floor":42},{"not_picked":["bronze:InfiniteBeams+1","bronze:BitShift+1"],"picked":"bronze:WhirlingStrike","floor":44},{"not_picked":["bronze:WildBeam+1","bronze:ItsAFeature"],"picked":"bronze:Optimize+1","floor":45},{"not_picked":["bronze:ItsAFeature+1","bronze:InfiniteBeams+1"],"picked":"bronze:Fortify+1","floor":47},{"not_picked":["bronze:Shell+1","bronze:FineTuning"],"picked":"bronze:Verify","floor":49}],"player_experience":1321131,"relics_obtained":[{"floor":6,"key":"Nunchaku"},{"floor":7,"key":"Happy Flower"},{"floor":11,"key":"Toy Ornithopter"},{"floor":20,"key":"Mango"},{"floor":20,"key":"Matryoshka"},{"floor":24,"key":"Orichalcum"},{"floor":24,"key":"Bronze Scales"},{"floor":28,"key":"Bottled Flame"},{"floor":40,"key":"Lantern"},{"floor":41,"key":"Potion Belt"},{"floor":41,"key":"CeramicFish"},{"floor":42,"key":"Regal Pillow"}],"event_choices":[{"damage_healed":0,"gold_gain":0,"player_choice":"Ignored","damage_taken":0,"max_hp_gain":0,"max_hp_loss":0,"event_name":"Ghosts","floor":27,"gold_loss":0}],"is_beta":true,"boss_relics":[{"not_picked":["Runic Pyramid","Runic Dome"],"picked":"SlaversCollar"},{"not_picked":["Snecko Eye","Pandora\u0027s Box"],"picked":"bronze:ElectromagneticCoil"}],"items_purged_floors":[10,38],"is_endless":false,"potions_floor_spawned":[3,4,11,15,16,19,20,30,32,33,40,44],"ascension_level":2}}