{"host":"Teixeira","time":1613109785,"event":{"mods":["2.2 Compatiblity","AchievementEnabler","Aspiration","BaseMod","Better Match","Better Note","Better Sensory Stone","Better Skull","Better Third Choice","Bossed Relics","Colored Map","Colored Powertips","Downfall","Hermit","Hubris","Infinite Spire","Minty Spire (QoL Compilation)","Monster B Gone","Permanent Neow","Quick Restart","Rare Cards Sparkle","Relic Filter Mod","Replay The Spire","Spicy Shops","StSLib","SuperFastMode","Wide Potions"],"gold_per_floor":[16,16,32,56,71,106,125,164,164,164,189,189,189,209,209,334,334,354,680,162,162,162,198,219,258,258,258,277,313,13,46,46,167,167,187,187,87,106,121,156,156,200,200,239,239,282,282,302,302,302,302,302,14,55,55],"floor_reached":56,"language":"ENG","playtime":4176,"items_purged":["Strike_G","Strike_G","Strike_G"],"score":1588,"play_id":"50d40e4a-43a7-4dec-b289-ecc8f4a3545c","local_time":"20210212030305","is_ascension_mode":true,"campfire_choices":[{"data":"Neutralize","floor":10.0,"key":"SMITH"},{"data":"Dagger Spray","floor":12.0,"key":"SMITH"},{"floor":15,"key":"REST"},{"data":"Acrobatics","floor":32,"key":"SMITH"},{"floor":41,"key":"RECALL"},{"data":"Blade Dance","floor":45,"key":"SMITH"},{"data":"Blade Dance","floor":47,"key":"SMITH"},{"data":"Noxious Fumes","floor":49,"key":"SMITH"},{"data":"Noxious Fumes","floor":52,"key":"SMITH"}],"circlet_count":0,"master_deck":["Strike_G+1","Strike_G+2","Defend_G","Defend_G","Defend_G","Defend_G+1","Survivor","Neutralize+1","Deflect","Dagger Spray","Prepared","Noxious Fumes+1","Blade Dance+1","Blade Dance+1","Dagger Spray+1","Slice","Acrobatics+1","SpiritShield+1","PiercingWail","Envenom","Noxious Fumes+1","Bane","Backflip","Backflip+1","Acrobatics+1","Slice+1","Terror+1","Blade Dance+1"],"relics":["Ring of the Snake","Golden Idol","hubris:MedicalManual","Prayer Wheel","infinitespire:Beetle Shell","Strawberry","Replay:Grab Bag","bronze:MakeshiftBattery","ReplayTheSpireMod:Onyx Gauntlets","Pandora\u0027s Box","Gremlin Food","infinitespire:PuzzleCube","aspiration:SneckoTail","Whetstone","Vajra","Chameleon Ring","Darkstone Periapt","HandDrill","aspiration:VileToxins","TwistedFunnel","Sling","Juzu Bracelet","WristBlade","Bird Faced Urn","StoneCalendar","Replay:Wax Seal","hubris:CuriousFeather","Incense Burner","Simple Rune"],"acts_visited":["Exordium","TheCity","TheBeyond","TheEnding"],"potions_floor_usage":[16,23,25,33,55,55,55,55,55,55],"damage_taken":[{"damage":4.0,"enemies":"Jaw Worm","floor":1.0,"turns":6.0},{"damage":2.0,"enemies":"Cultist","floor":3.0,"turns":4.0},{"damage":7.0,"enemies":"infinitespire:Voidling","floor":4.0,"turns":5.0},{"damage":10.0,"enemies":"Looter","floor":5.0,"turns":3.0},{"damage":16.0,"enemies":"3 Sentries","floor":6.0,"turns":8.0},{"damage":0.0,"enemies":"3 Louse","floor":7.0,"turns":2.0},{"damage":10.0,"enemies":"Replay:BlueRogue","floor":8.0,"turns":5.0},{"damage":3.0,"enemies":"Large Slime","floor":11.0,"turns":6.0},{"damage":8,"enemies":"Blue Slaver","floor":14,"turns":4},{"damage":39,"enemies":"Fading Forest","floor":16,"turns":11},{"damage":0,"enemies":"2 Thieves","floor":18,"turns":4},{"damage":10,"enemies":"Book of Stabbing","floor":23,"turns":6},{"damage":0,"enemies":"Spheric Guardian","floor":24,"turns":2},{"damage":1,"enemies":"Replay:Snechameleon","floor":25,"turns":4},{"damage":0,"enemies":"Snake Plant","floor":28,"turns":3},{"damage":0,"enemies":"Slavers","floor":29,"turns":3},{"damage":0,"enemies":"Gremlin Leader","floor":31,"turns":2},{"damage":0,"enemies":"Champ","floor":33,"turns":5},{"damage":0,"enemies":"3 Shapes","floor":35,"turns":2},{"damage":0,"enemies":"Orb Walker","floor":38,"turns":1},{"damage":0,"enemies":"Transient","floor":39,"turns":5},{"damage":4,"enemies":"R_Hoarder","floor":40,"turns":4},{"damage":0,"enemies":"Reptomancer","floor":42,"turns":3},{"damage":2,"enemies":"R_Hoarder","floor":44,"turns":4},{"damage":10,"enemies":"Nightmare","floor":46,"turns":5},{"damage":0,"enemies":"Spire Growth","floor":48,"turns":2},{"damage":18,"enemies":"Donu and Deca","floor":50,"turns":4},{"damage":0,"enemies":"Shield and Spear","floor":54,"turns":3},{"damage":55,"enemies":"The Heart","floor":55,"turns":6}],"seed_played":"1499410354975258387","potions_obtained":[{"floor":3.0,"key":"Strength Potion"},{"floor":4.0,"key":"Strength Potion"},{"floor":6.0,"key":"hexamod:SoulburnPotion"},{"floor":11.0,"key":"Fire Potion"},{"floor":16,"key":"SteroidPotion"},{"floor":18,"key":"EntropicBrew"},{"floor":24,"key":"Elixir"},{"floor":28,"key":"Venom Potion"},{"floor":29,"key":"Toxic Potion"},{"floor":33,"key":"GamblersBrew"},{"floor":38,"key":"AttackPotion"}],"is_trial":false,"path_per_floor":["M","?","M","M","M","E","M","E","T","R","M","R","?","M","R","B",null,"M","?","$","?","?","E","M","E","T","AVR","M","E","$","E","R","B",null,"M","?","$","M","M","E","R","E","T","E","R","NM","R","M","R","B",null,"R","$","E","B",null],"character_chosen":"THE_SILENT","items_purchased":["aspiration:SneckoTail","Whetstone","TwistedFunnel","Sling","Incense Burner"],"campfire_rested":1,"item_purchase_floors":[20,20,30,30,53],"current_hp_per_floor":[66,66,64,57,47,31,31,21,28,28,25,25,23,15,38,23,77,77,22,22,22,22,12,12,11,11,11,11,11,11,11,11,11,77,77,73,73,73,73,69,69,73,73,73,73,63,63,67,67,55,73,73,73,73,18],"gold":55,"neow_bonus":"ONE_RARE_RELIC","is_daily":false,"chose_seed":false,"campfire_upgraded":7,"win_rate":0.0,"timestamp":1613109785,"path_taken":["M","?","?","M","M","E","M","E","T","R","?","R","?","M","R","BOSS","M","?","$","?","?","E","M","E","T","AVR","M","E","?","E","R","BOSS","M","?","$","M","M","E","R","E","T","E","R","NM","R","M","R","BOSS","R","$","E","BOSS"],"items_purchased_type":["Relic","Relic","Relic","Relic","Relic"],"build_version":"2020-11-17","purchased_purges":3,"victory":true,"max_hp_per_floor":[70,70,70,70,70,70,70,70,77,77,77,77,77,77,77,77,77,77,77,77,77,77,77,77,77,77,77,77,77,77,77,77,77,77,77,73,73,73,73,73,73,73,73,73,73,73,73,73,73,73,73,73,73,73,73],"card_choices":[{"not_picked":["Prepared","Infinite Blades"],"picked":"Deflect","floor":1.0},{"not_picked":["Sucker Punch","Poisoned Stab"],"picked":"Dagger Spray","floor":3.0},{"not_picked":["Bane","Replay:Poison Smokescreen"],"picked":"Prepared","floor":4.0},{"not_picked":["Prepared","Bane"],"picked":"Noxious Fumes","floor":5.0},{"not_picked":["Reflex","Night Terror"],"picked":"Blade Dance","floor":6.0},{"not_picked":["PiercingWail","ReplayTheSpireMod:Exploit Weakness"],"picked":"Blade Dance","floor":7.0},{"not_picked":["hubris:SlightOfHand","Reflex","Blur"],"picked":"SKIP","floor":7.0},{"not_picked":["hubris:SlightOfHand","Reflex","Blur"],"picked":"SKIP","floor":7.0},{"not_picked":["Crippling Poison","Poisoned Stab"],"picked":"Dagger Spray","floor":8.0},{"not_picked":["Bane","Expertise"],"picked":"Slice","floor":11.0},{"not_picked":["Doppelganger","PiercingWail"],"picked":"Acrobatics","floor":11.0},{"not_picked":["Skewer","Quick Slash"],"picked":"PiercingWail","floor":14},{"not_picked":["Reflex","Cloak And Dagger","Eviscerate"],"picked":"SKIP","floor":14},{"not_picked":["Quick Slash","Underhanded Strike+1"],"picked":"Envenom","floor":18},{"not_picked":["Prepared","Deadly Poison","PiercingWail"],"picked":"SKIP","floor":18},{"not_picked":["Acrobatics","Setup"],"picked":"Bane","floor":23},{"not_picked":["Flying Knee","Dodge and Roll","Dagger Spray"],"picked":"SKIP","floor":24},{"not_picked":["Footwork+1","Blade Dance","Deadly Poison"],"picked":"SKIP","floor":24},{"not_picked":["Dodge and Roll","Predator","Backflip"],"picked":"SKIP","floor":25},{"not_picked":["Dodge and Roll","Predator"],"picked":"Backflip","floor":25},{"not_picked":["Dagger Throw","Prepared+1"],"picked":"Backflip+1","floor":28},{"not_picked":["Dagger Throw","Fluid Movement","Riddle With Holes"],"picked":"SKIP","floor":28},{"not_picked":["Adrenaline","Acrobatics","Hidden Blade"],"picked":"SKIP","floor":29},{"not_picked":["Adrenaline","Acrobatics","Hidden Blade"],"picked":"SKIP","floor":29},{"not_picked":["Finisher","Calculated Gamble","Expertise"],"picked":"SKIP","floor":31},{"not_picked":["Slice","Poisoned Stab"],"picked":"Acrobatics+1","floor":35},{"not_picked":["Underhanded Strike","Dagger Throw","Quick Slash"],"picked":"SKIP","floor":35},{"not_picked":["Hidden Blade","Prepared+1"],"picked":"Slice+1","floor":38},{"not_picked":["Dagger Throw","Deadly Poison","All Out Attack"],"picked":"SKIP","floor":38},{"not_picked":["Blade Dance","Calculated Gamble","Unload"],"picked":"SKIP","floor":39},{"not_picked":["Dagger Spray","Reflex","Dodge and Roll"],"picked":"SKIP","floor":39},{"not_picked":["Underhanded Strike","hubris:SlightOfHand+1","Draining Mist"],"picked":"SKIP","floor":40},{"not_picked":["hubris:SlightOfHand","Sucker Punch","Leg Sweep"],"picked":"SKIP","floor":42},{"not_picked":["Venomology","Dagger Spray","Terror+1"],"picked":"SKIP","floor":44},{"not_picked":["Venomology","Dagger Spray"],"picked":"Terror+1","floor":44},{"not_picked":["Outmaneuver","Distraction+1","Bouncing Flask"],"picked":"SKIP","floor":46},{"not_picked":["Caltrops","Leg Sweep+1"],"picked":"Blade Dance+1","floor":48},{"not_picked":["Blade Dance","Outmaneuver+1","Dodge and Roll+1"],"picked":"SKIP","floor":48},{"not_picked":["ReplayTheSpireMod:Scrap Shanks+1","Slice+1","Well Laid Plans+1"],"picked":"SKIP","floor":54},{"not_picked":["ReplayTheSpireMod:Scrap Shanks+1","Slice+1","Well Laid Plans+1"],"picked":"SKIP","floor":54}],"player_experience":150067,"relics_obtained":[{"floor":6.0,"key":"Prayer Wheel"},{"floor":8.0,"key":"infinitespire:Beetle Shell"},{"floor":9.0,"key":"Strawberry"},{"floor":23,"key":"Vajra"},{"floor":25,"key":"Chameleon Ring"},{"floor":26,"key":"Darkstone Periapt"},{"floor":29,"key":"aspiration:VileToxins"},{"floor":31,"key":"Juzu Bracelet"},{"floor":40,"key":"Bird Faced Urn"},{"floor":42,"key":"StoneCalendar"},{"floor":44,"key":"Replay:Wax Seal"},{"floor":46,"key":"hubris:CuriousFeather"},{"floor":54,"key":"Simple Rune"}],"event_choices":[{"cards_removed":["Defend_G"],"damage_healed":0.0,"max_hp_gain":0.0,"max_hp_loss":0.0,"gold_gain":0.0,"event_name":"Bonfire Elementals","player_choice":"Offered Basic","floor":2.0,"gold_loss":0.0,"damage_taken":0.0},{"damage_healed":0,"gold_gain":0,"player_choice":"Card ","damage_taken":2,"max_hp_gain":0,"max_hp_loss":0,"event_name":"betterThird:BetterScrap","floor":13,"gold_loss":0,"cards_obtained":["SpiritShield"]},{"damage_healed":0,"gold_gain":326,"player_choice":"GO GO RE RE GO ","damage_taken":62,"relics_obtained":["Gremlin Food","infinitespire:PuzzleCube"],"max_hp_gain":0,"max_hp_loss":0,"event_name":"betterSkull:BetterSkull","floor":19,"gold_loss":0,"cards_upgraded":[]},{"damage_healed":0,"gold_gain":0,"player_choice":"Copied","damage_taken":0,"max_hp_gain":0,"max_hp_loss":0,"event_name":"Duplicator","floor":21,"gold_loss":0,"cards_obtained":["Noxious Fumes"]},{"damage_healed":0,"gold_gain":0,"player_choice":"Got Potions","damage_taken":0,"max_hp_gain":0,"max_hp_loss":0,"event_name":"Lab","floor":22,"gold_loss":0},{"damage_healed":0,"gold_gain":0,"player_choice":"Max HP","damage_taken":0,"max_hp_gain":0,"max_hp_loss":4,"event_name":"Winding Halls","floor":36,"gold_loss":0}],"is_beta":true,"boss_relics":[{"not_picked":["expansioncontent:StudyCardRelic","Busted Crown"],"picked":"Replay:Grab Bag"},{"not_picked":["Sozu","Cursed Key"],"picked":"bronze:MakeshiftBattery"},{"not_picked":["hubris:VirtuousBlindfold","Ectoplasm"],"picked":"ReplayTheSpireMod:Onyx Gauntlets"},{"not_picked":["aspiration:WatcherSkillbook","aspiration:RitualDagger"],"picked":"Pandora\u0027s Box"},{"not_picked":["Calling Bell","aspiration:RunicSpoon"],"picked":"WristBlade"}],"items_purged_floors":[20,27,37],"is_endless":false,"potions_floor_spawned":[3,4,6,11,16,18,24,28,29,33,38,40,44,46],"ascension_level":1}}