{"host":"v0xbo920qxoewo3e","time":1613166749,"event":{"mods":["Act Like it!","Aspiration","Astrologer","BaseMod","Conspire","Downfall","Friendly Minions","GifTheSpireLib","Halation","Hermit","Hubris","Infinite Spire","Jedi Mod","Jorbs\u0027s Wanderer Trilogy","Koishi","Marisa????????","Minty Spire (QoL Compilation)","Potionbrewer","Rare Cards Sparkle","Reimu??????","Remilia??????","Replay The Spire","StSLib","Stuff the Spire","The Animator","The Blackbeard","The Bladedancer","The Bug Knight","The Construct","The Cursed","The Disciple","The Gatherer","The Jungle","The Problem Sleuth","The Runesmith","The Servant 0.9.4","TheBandit","Unceasing Turn Reminder"],"gold_per_floor":[117,117,131,150,225,225,253,273,273,273,290,290,32,32,32,132,132,144,144,155,155,155,155,155,155],"floor_reached":24,"language":"ENG","playtime":1146,"items_purged":[],"score":326,"play_id":"73da5cbe-5d49-4d2a-ba94-14fbf2270198","local_time":"20210212235229","is_ascension_mode":true,"campfire_choices":[{"data":"Zap","floor":6,"key":"SMITH"},{"floor":10,"key":"REST"},{"data":"Defend_B","floor":12,"key":"SMITH"},{"floor":15,"key":"REST"},{"floor":23,"key":"REST"}],"circlet_count":0,"master_deck":["AscendersBane","Strike_B","Strike_B","Strike_B","Defend_B+1","Defend_B","Defend_B","Defend_B","Zap+1","Dualcast","Ball Lightning","StuffTheSpire:Plugnplay","Pot Of Greed","Pot Of Greed","Time Bomb","White Noise","Machine Learning+1","FIFO Queue+1","StuffTheSpire:SnapShoot+1"],"relics":["Cracked Core","hubris:Towel","Grinning Jar","infinitespire:Bottled Soul","Frozen Egg 2","StuffTheSpire:Rhapsscallions","Velvet Choker"],"acts_visited":["Exordium","TheCity"],"potions_floor_usage":[18,24],"damage_taken":[{"damage":5,"enemies":"Small Slimes","floor":1,"turns":3},{"damage":9,"enemies":"2 Louse","floor":3,"turns":3},{"damage":4,"enemies":"Jaw Worm","floor":4,"turns":3},{"damage":30,"enemies":"3 Sentries","floor":7,"turns":7},{"damage":6,"enemies":"2 Fungi Beasts","floor":8,"turns":3},{"damage":12,"enemies":"Looter","floor":11,"turns":3},{"damage":35,"enemies":"Hexaghost","floor":16,"turns":9},{"damage":24,"enemies":"2 Thieves","floor":18,"turns":4},{"damage":16,"enemies":"Spheric Guardian","floor":20,"turns":4},{"damage":46,"enemies":"Cultist and Chosen","floor":24,"turns":6}],"seed_played":"3802553992086703819","potions_obtained":[{"floor":7,"key":"Dexterity Potion"},{"floor":8,"key":"BlessingOfTheForge"},{"floor":18,"key":"champ:CounterPotion"}],"is_trial":false,"path_per_floor":["M","?","M","M","?","R","E","M","T","R","M","R","$","T","R","B",null,"M","?","M","?","?","R","M"],"character_chosen":"DEFECT","items_purchased":["Frozen Egg 2"],"campfire_rested":3,"item_purchase_floors":[13],"current_hp_per_floor":[70,70,61,57,46,46,16,10,10,34,22,22,22,25,50,15,68,44,28,12,12,12,39,0,0],"gold":155,"neow_bonus":"TEN_PERCENT_HP_BONUS","is_daily":false,"chose_seed":false,"campfire_upgraded":2,"win_rate":0.0,"timestamp":1613166749,"path_taken":["M","?","M","M","?","R","E","M","T","R","M","R","$","?","R","BOSS","M","?","M","?","?","R","?"],"items_purchased_type":["Relic"],"build_version":"2020-12-22","purchased_purges":0,"victory":false,"max_hp_per_floor":[82,82,82,82,82,82,82,82,82,82,82,82,82,85,85,85,85,85,90,90,90,90,90,90,90],"card_choices":[{"not_picked":["ReplayTheSpireMod:GoodbyeWorld","jedi:BurstFrost"],"picked":"Ball Lightning","floor":1},{"not_picked":["Stack","Sweeping Beam"],"picked":"StuffTheSpire:Plugnplay","floor":3},{"not_picked":["Barrage","Gash","StuffTheSpire:Plugnplay"],"picked":"SKIP","floor":4},{"not_picked":["jedi:gatheringstorm","Force Field","Gash"],"picked":"SKIP","floor":7},{"not_picked":["Blizzard","jedi:blockon"],"picked":"Time Bomb","floor":8},{"not_picked":["Beam Cell","Darkness"],"picked":"White Noise","floor":11},{"not_picked":["Core Surge","Biased Cognition+1"],"picked":"Machine Learning+1","floor":16},{"not_picked":["Cold Snap","Consume"],"picked":"FIFO Queue+1","floor":18},{"not_picked":["Sweeping Beam","jedi:reiji"],"picked":"StuffTheSpire:SnapShoot+1","floor":20}],"player_experience":1478458,"relics_obtained":[{"floor":7,"key":"Grinning Jar"},{"floor":9,"key":"infinitespire:Bottled Soul"},{"floor":14,"key":"StuffTheSpire:Rhapsscallions"}],"event_choices":[{"damage_healed":0,"gold_gain":75,"player_choice":"Gather Gold","damage_taken":11,"max_hp_gain":0,"max_hp_loss":0,"event_name":"World of Goop","floor":5,"gold_loss":0},{"damage_healed":0,"gold_gain":0,"player_choice":"Shed Blood","damage_taken":21,"max_hp_gain":5,"max_hp_loss":0,"event_name":"Forgotten Altar","floor":19,"gold_loss":0},{"damage_healed":0,"gold_gain":0,"player_choice":"Leave","damage_taken":0,"max_hp_gain":0,"max_hp_loss":0,"event_name":"FaceTrader","floor":22,"gold_loss":0}],"is_beta":false,"boss_relics":[{"not_picked":["RedLine:ReiMu","construct:WeddingRing"],"picked":"Velvet Choker"}],"items_purged_floors":[],"is_endless":false,"potions_floor_spawned":[7,8,11,18],"killed_by":"Cultist and Chosen","ascension_level":11}}