{"host":"sian7qp8a9pc9xwd","time":1613129624,"event":{"mods":["BaseMod","Minty Spire (QoL Compilation)","StSLib","SuperFastMode"],"gold_per_floor":[111,111,125,300,300,250,263,20,45,45,64,64,87,98,98,202,202,219,238,238,238,32,44,63,63,89,105,105,105,117,42,42,147,147,164,175,175,75,94,94,126,146,221,221,221,231,245,256,256,256],"floor_reached":51,"language":"ENG","playtime":2536,"items_purged":["Defend_P","Strike_P"],"score":1059,"play_id":"64a3afc6-72b3-4d45-b3b6-0ab49df338e6","local_time":"20210212063344","is_ascension_mode":true,"campfire_choices":[{"data":"DeceiveReality","floor":10.0,"key":"SMITH"},{"data":"Conclude","floor":12.0,"key":"SMITH"},{"data":"FlurryOfBlows","floor":15.0,"key":"SMITH"},{"data":"BattleHymn","floor":25.0,"key":"SMITH"},{"floor":29.0,"key":"REST"},{"data":"FlurryOfBlows","floor":32.0,"key":"SMITH"},{"data":"Vault","floor":40.0,"key":"SMITH"},{"data":"CutThroughFate","floor":45,"key":"SMITH"},{"floor":49,"key":"REST"}],"circlet_count":0,"master_deck":["Strike_P","Defend_P+1","Defend_P","Eruption+1","Vigilance","DeceiveReality+1","Conclude+1","FlurryOfBlows+1","BattleHymn+1","FlurryOfBlows+1","FollowUp","EmptyBody+1","Vault+1","CutThroughFate+1","Prostrate","Evaluate+1","Pray"],"relics":["PureWater","Gremlin Horn","Odd Mushroom","Busted Crown","Enchiridion","FossilizedHelix","Akabeko","Toy Ornithopter","Nloth\u0027s Gift","Sozu","Bottled Flame","Ornamental Fan"],"acts_visited":["Exordium","TheCity","TheBeyond"],"potions_floor_usage":[50],"damage_taken":[{"damage":0.0,"enemies":"2 Louse","floor":1.0,"turns":2.0},{"damage":11.0,"enemies":"Jaw Worm","floor":3.0,"turns":2.0},{"damage":0.0,"enemies":"Small Slimes","floor":7.0,"turns":3.0},{"damage":5.0,"enemies":"Blue Slaver","floor":11.0,"turns":3.0},{"damage":0.0,"enemies":"The Mushroom Lair","floor":13.0,"turns":2.0},{"damage":3.0,"enemies":"Looter","floor":14.0,"turns":2.0},{"damage":12.0,"enemies":"The Guardian","floor":16.0,"turns":10.0},{"damage":0.0,"enemies":"Spheric Guardian","floor":18.0,"turns":3.0},{"damage":0.0,"enemies":"Chosen","floor":19.0,"turns":3.0},{"damage":0.0,"enemies":"Centurion and Healer","floor":23.0,"turns":3.0},{"damage":7.0,"enemies":"Shelled Parasite and Fungi","floor":24.0,"turns":4.0},{"damage":4.0,"enemies":"Snake Plant","floor":27.0,"turns":5.0},{"damage":0.0,"enemies":"Snecko","floor":30.0,"turns":3.0},{"damage":0.0,"enemies":"Champ","floor":33.0,"turns":7.0},{"damage":0.0,"enemies":"Orb Walker","floor":35.0,"turns":2.0},{"damage":0.0,"enemies":"3 Shapes","floor":36.0,"turns":2.0},{"damage":0.0,"enemies":"Writhing Mass","floor":39.0,"turns":6.0},{"damage":0.0,"enemies":"Reptomancer","floor":41.0,"turns":4.0},{"damage":16,"enemies":"Spire Growth","floor":42,"turns":4},{"damage":0,"enemies":"Jaw Worm Horde","floor":46,"turns":3},{"damage":0,"enemies":"4 Shapes","floor":47,"turns":5},{"damage":0,"enemies":"Transient","floor":48,"turns":5},{"damage":9,"enemies":"Awakened One","floor":50,"turns":13}],"seed_played":"-4016028444419331891","potions_obtained":[{"floor":13.0,"key":"Explosive Potion"},{"floor":14.0,"key":"Weak Potion"},{"floor":16.0,"key":"CultistPotion"},{"floor":24.0,"key":"ColorlessPotion"},{"floor":30.0,"key":"Block Potion"}],"is_trial":false,"path_per_floor":["M","?","M","?","?","?","M","$","T","R","M","R","?","M","R","B",null,"M","M","?","?","$","M","M","R","T","M","?","R","M","$","R","B",null,"M","M","?","$","M","R","E","M","T","?","R","M","M","M","R","B",null],"character_chosen":"WATCHER","items_purchased":["Gremlin Horn","Akabeko","FlurryOfBlows"],"campfire_rested":2,"item_purchase_floors":[8,22,22],"current_hp_per_floor":[65,52,41,41,41,41,41,41,41,41,36,36,36,33,33,21,54,54,54,38,38,38,38,31,31,31,27,27,46,46,46,46,56,63,63,63,63,63,63,63,63,47,47,47,47,47,47,47,65,58],"gold":256,"neow_bonus":"REMOVE_TWO","is_daily":false,"chose_seed":false,"campfire_upgraded":7,"win_rate":0.0,"timestamp":1613129624,"path_taken":["M","?","M","?","?","?","?","$","T","R","M","R","?","M","R","BOSS","M","M","?","?","$","M","M","R","T","M","?","R","M","$","R","BOSS","M","M","?","$","?","R","E","M","T","?","R","M","M","?","R","BOSS"],"items_purchased_type":["Relic","Relic","Card"],"build_version":"2020-12-22","purchased_purges":2,"victory":true,"max_hp_per_floor":[65,65,65,65,65,65,65,65,65,65,65,65,65,65,65,65,65,65,65,65,65,65,65,65,65,65,65,65,65,65,65,65,65,65,65,65,65,65,65,65,65,65,65,65,65,65,65,65,65,65],"card_choices":[{"not_picked":["Evaluate","SashWhip","FlyingSleeves"],"picked":"SKIP","floor":1.0},{"not_picked":["SignatureMove","BowlingBash"],"picked":"DeceiveReality","floor":3.0},{"not_picked":["EmptyBody","Protect","BowlingBash"],"picked":"SKIP","floor":7.0},{"not_picked":["WreathOfFlame","Protect"],"picked":"Conclude","floor":11.0},{"not_picked":["Consecrate","ClearTheMind"],"picked":"FlurryOfBlows","floor":14.0},{"not_picked":[],"picked":"BattleHymn","floor":18.0},{"not_picked":["Adaptation"],"picked":"SKIP","floor":19.0},{"not_picked":[],"picked":"FollowUp","floor":23.0},{"not_picked":["EmptyBody+1"],"picked":"SKIP","floor":24.0},{"not_picked":[],"picked":"EmptyBody+1","floor":24.0},{"not_picked":["SashWhip"],"picked":"SKIP","floor":27.0},{"not_picked":["PathToVictory"],"picked":"SKIP","floor":30.0},{"not_picked":[],"picked":"Vault","floor":33.0},{"not_picked":[],"picked":"CutThroughFate","floor":35.0},{"not_picked":["LikeWater"],"picked":"SKIP","floor":36.0},{"not_picked":["EmptyFist+1"],"picked":"SKIP","floor":39.0},{"not_picked":["Protect"],"picked":"SKIP","floor":41},{"not_picked":[],"picked":"Evaluate+1","floor":42},{"not_picked":[],"picked":"Pray","floor":46},{"not_picked":["JustLucky"],"picked":"SKIP","floor":47},{"not_picked":["Halt"],"picked":"SKIP","floor":48}],"player_experience":974935,"relics_obtained":[{"floor":9.0,"key":"Omamori"},{"floor":13.0,"key":"Odd Mushroom"},{"floor":20.0,"key":"Enchiridion"},{"floor":26.0,"key":"Toy Ornithopter"},{"floor":41,"key":"Bottled Flame"},{"floor":43,"key":"Ornamental Fan"}],"event_choices":[{"damage_healed":0.0,"max_hp_gain":0.0,"max_hp_loss":0.0,"gold_gain":0.0,"event_name":"Shining Light","player_choice":"Entered Light","floor":2.0,"gold_loss":0.0,"damage_taken":13.0,"cards_upgraded":["Defend_P","Eruption"]},{"damage_healed":0.0,"max_hp_gain":0.0,"max_hp_loss":0.0,"gold_gain":175.0,"event_name":"Liars Game","player_choice":"AGREE","floor":4.0,"gold_loss":0.0,"damage_taken":0.0,"cards_obtained":["Doubt"]},{"cards_removed":["Doubt"],"damage_healed":0.0,"max_hp_gain":0.0,"max_hp_loss":0.0,"gold_gain":0.0,"event_name":"Living Wall","player_choice":"Forget","floor":5.0,"gold_loss":0.0,"damage_taken":0.0},{"cards_removed":["Defend_P"],"damage_healed":0.0,"max_hp_gain":0.0,"max_hp_loss":0.0,"gold_gain":0.0,"event_name":"The Cleric","player_choice":"Card Removal","floor":6.0,"gold_loss":50.0,"damage_taken":0.0},{"damage_healed":0.0,"max_hp_gain":0.0,"max_hp_loss":0.0,"gold_gain":0.0,"event_name":"Mushrooms","player_choice":"Fought Mushrooms","floor":13.0,"gold_loss":0.0,"damage_taken":0.0},{"damage_healed":0.0,"max_hp_gain":0.0,"max_hp_loss":0.0,"gold_gain":0.0,"event_name":"Cursed Tome","player_choice":"Obtained Book","floor":20.0,"gold_loss":0.0,"damage_taken":16.0},{"damage_healed":0.0,"max_hp_gain":0.0,"max_hp_loss":0.0,"gold_gain":0.0,"event_name":"The Mausoleum","player_choice":"Opened","floor":21.0,"gold_loss":0.0,"damage_taken":0.0,"relics_obtained":["FossilizedHelix"]},{"damage_healed":0.0,"max_hp_gain":0.0,"max_hp_loss":0.0,"gold_gain":0.0,"event_name":"N\u0027loth","player_choice":"Traded Relic","floor":28.0,"relics_lost":["Omamori"],"gold_loss":0.0,"damage_taken":0.0,"relics_obtained":["Nloth\u0027s Gift"]},{"damage_healed":0.0,"max_hp_gain":0.0,"max_hp_loss":0.0,"gold_gain":0.0,"event_name":"Match and Keep!","player_choice":"1 cards matched","floor":37.0,"gold_loss":0.0,"damage_taken":0.0,"cards_obtained":["Prostrate"]},{"damage_healed":0,"gold_gain":0,"player_choice":"Ignored","damage_taken":0,"max_hp_gain":0,"max_hp_loss":0,"event_name":"SecretPortal","floor":44,"gold_loss":0}],"is_beta":false,"boss_relics":[{"not_picked":["Coffee Dripper","Tiny House"],"picked":"Busted Crown"},{"not_picked":["Fusion Hammer","Cursed Key"],"picked":"Sozu"}],"items_purged_floors":[31,38],"is_endless":false,"potions_floor_spawned":[13,14,16,24,30,35,36,41,46],"ascension_level":9}}