{"host":"w8xisjf5mgmfjvmt","time":1613128561,"event":{"mods":["ATMod(°¢èªMod)","BaseMod","BetterRewards","Challenge The Spire","Conspire","Energized Spire","Filter the Spire","Minty Spire (QoL Compilation)","Quarter Circle Forward PUNCH!","Quick Restart","Relic Filter Mod","Relic Stats","Reliquary","Replay The Spire","Say the Spire","Shop Mod","Spicy Shops","StSLib","Thieving Mod","¡¾ÒÅÎï¿¨ÅÆ¡¿REMEMod","óô»ðÖ¸ÄÏ"],"gold_per_floor":[117,117,138,153,172,207,231,231,231,249,290,310,351,351,5,99,99,117,117,131,131,56,100,24,63,88,122,142,181,201,222,222,312,312,325,343,82,107,107,147,147,181,204,537,537,556,567,600,600,725,775,775,650,119,203,228],"floor_reached":57,"language":"ZHS","playtime":3892,"items_purged":["Clumsy","Strike_R","Strike_R","Strike_R+1","Bash"],"score":3413,"play_id":"58bdc2ad-a06d-41e6-b768-c4e41bd061fa","local_time":"20210212191601","is_ascension_mode":true,"campfire_choices":[{"data":"Apotheosis","floor":8.0,"key":"SMITH"},{"data":"Feel No Pain","floor":32.0,"key":"SMITH"},{"data":"REME_Scribble","floor":41.0,"key":"SMITH"},{"floor":49.0,"key":"RECALL"}],"circlet_count":0,"master_deck":["AscendersBane","Defend_R","Defend_R","Defend_R","Apotheosis+1","AT_FamilyPortrait+1","Feed+1","Warcry","Feel No Pain+1","Carnage+1","Pot Of Greed+1","Pot Of Greed+1","Burning Pact+1","Evolve+1","AT_GerminateFire","AT_ShrugMaster+1","Fiend Fire","Pot Of Greed+1","Sentinel","Body Slam+1","Shrug It Off","Wild Strike","Pummel","Dark Embrace+1","REME_Scribble","Barricade+1","Berserk+1","REME_Scribble+1","CommonCold"],"relics":["Burning Blood","REME_ComplimentaryCards","AT_ATBox","Grinning Jar","REME_HourglassOfDeath","Chameleon Ring","qcfpunch:Fighting_Gloves","AT_TimeSand","energizedSpire:MagnifyingGlass","Nilry\u0027s Codex","Pet Ghost","AT_Manta","Whetstone","reliquary:SharkskinSheath","Self Forming Clay","Garlic","Busted Crown","OrangePellets","Ring of Panic","Ring of Peace","AT_BellDemon","Happy Flower","Mirror","AT_MibuBalloonWealth","ClockworkSouvenir","reliquary:SilkGlove"],"acts_visited":["Exordium","TheCity","TheBeyond","TheEnding"],"potions_floor_usage":[51,56,56],"damage_taken":[{"damage":2.0,"enemies":"Small Slimes","floor":1.0,"turns":3.0},{"damage":8.0,"enemies":"Jaw Worm","floor":3.0,"turns":5.0},{"damage":17.0,"enemies":"Cultist","floor":4.0,"turns":5.0},{"damage":19.0,"enemies":"Lots of Slimes","floor":5.0,"turns":6.0},{"damage":47.0,"enemies":"Gremlin Nob","floor":6.0,"turns":4.0},{"damage":0.0,"enemies":"2 Fungi Beasts","floor":7.0,"turns":4.0},{"damage":5.0,"enemies":"Looter","floor":10.0,"turns":3.0},{"damage":14.0,"enemies":"3 Sentries","floor":11.0,"turns":5.0},{"damage":0.0,"enemies":"Blue Slaver","floor":12.0,"turns":6.0},{"damage":8.0,"enemies":"Gremlin Nob","floor":13.0,"turns":3.0},{"damage":6.0,"enemies":"Slime Boss","floor":16.0,"turns":5.0},{"damage":9.0,"enemies":"Chosen","floor":18.0,"turns":4.0},{"damage":14.0,"enemies":"3 Byrds","floor":20.0,"turns":3.0},{"damage":44.0,"enemies":"Gremlin Leader","floor":23.0,"turns":5.0},{"damage":14.0,"enemies":"Slavers","floor":25.0,"turns":4.0},{"damage":0.0,"enemies":"Book of Stabbing","floor":27.0,"turns":3.0},{"damage":3.0,"enemies":"Snake Plant","floor":28.0,"turns":3.0},{"damage":0.0,"enemies":"Slavers","floor":29.0,"turns":1.0},{"damage":16.0,"enemies":"Sentry and Sphere","floor":30.0,"turns":5.0},{"damage":30.0,"enemies":"Chosen and Byrds","floor":31.0,"turns":4.0},{"damage":43.0,"enemies":"Champ","floor":33.0,"turns":4.0},{"damage":16.0,"enemies":"3 Shapes","floor":35.0,"turns":3.0},{"damage":6.0,"enemies":"Orb Walker","floor":36.0,"turns":3.0},{"damage":58.0,"enemies":"4 Shapes","floor":38.0,"turns":5.0},{"damage":38.0,"enemies":"Nemesis","floor":40.0,"turns":5.0},{"damage":31.0,"enemies":"Giant Head","floor":42.0,"turns":5.0},{"damage":36.0,"enemies":"Writhing Mass","floor":46.0,"turns":5.0},{"damage":27.0,"enemies":"Maw","floor":47.0,"turns":3.0},{"damage":50.0,"enemies":"Reptomancer","floor":48.0,"turns":4.0},{"damage":36.0,"enemies":"Awakened One","floor":50.0,"turns":6.0},{"damage":39,"enemies":"Donu and Deca","floor":51,"turns":4},{"damage":33,"enemies":"Shield and Spear","floor":55,"turns":4},{"damage":8,"enemies":"The Heart","floor":56,"turns":7}],"seed_played":"2240637394130515331","potions_obtained":[{"floor":1.0,"key":"LiquidBronze"},{"floor":5.0,"key":"Fruit Juice"},{"floor":6.0,"key":"SpeedPotion"},{"floor":10.0,"key":"Explosive Potion"},{"floor":12.0,"key":"Energy Potion"},{"floor":23.0,"key":"ColorlessPotion"},{"floor":27.0,"key":"FearPotion"},{"floor":30.0,"key":"Dexterity Potion"},{"floor":38.0,"key":"Dexterity Potion"}],"is_trial":false,"path_per_floor":["M","?","M","M","M","E","M","R","T","M","E","M","E","?","R","B",null,"M","?","M","?","$","E","?","E","T","E","M","E","M","M","R","B",null,"M","M","$","M","?","E","R","E","T","?","T","M","M","E","R","B","B",null,"R","$","E","B",null],"character_chosen":"IRONCLAD","items_purchased":["AT_TimeSand","Body Slam","OrangePellets","ClockworkSouvenir","Elixir"],"campfire_rested":0,"item_purchase_floors":[15,15,37,54,54],"current_hp_per_floor":[76,72,74,67,63,22,35,35,35,40,35,45,43,43,43,47,89,90,69,67,67,67,33,33,25,25,31,34,40,50,48,48,33,144,154,164,164,164,164,248,248,257,257,257,257,267,276,272,272,282,283,456,456,456,465,463],"gold":228,"neow_bonus":"RANDOM_COLORLESS_2","is_daily":false,"chose_seed":false,"campfire_upgraded":3,"win_rate":0.0,"timestamp":1613128561,"path_taken":["M","?","M","M","M","E","M","R","T","M","E","M","E","?","R","BOSS","M","?","M","?","$","E","?","E","T","E","?","E","?","M","R","BOSS","M","M","$","M","?","E","R","E","T","?","?","M","?","E","R","BOSS","BOSS","R","$","E","BOSS"],"items_purchased_type":["Relic","Card","Relic","Relic","Potion"],"build_version":"2020-12-22","purchased_purges":5,"victory":true,"max_hp_per_floor":[79,72,76,80,89,89,92,92,92,96,99,99,99,99,99,103,103,107,107,113,113,113,117,117,117,117,117,117,117,137,159,159,181,181,201,211,211,263,263,295,295,329,329,329,329,369,399,439,439,479,513,513,513,513,549,549],"relic_stats":{"OrangePellets":[38],"Busted Crown":20,"Happy Flower":[11],"counters":[33,139],"Self Forming Clay":[321],"Whetstone":["Carnage","Strike_R"],"obtain_stats":[{"AT_BellDemon":40,"AT_ATBox":0,"reliquary:SilkGlove":55,"Nilry\u0027s Codex":19,"AT_MibuBalloonWealth":48,"AT_TimeSand":15,"Whetstone":25,"Burning Blood":0,"Pet Ghost":23,"ClockworkSouvenir":54,"Chameleon Ring":11,"Ring of Peace":39,"Ring of Panic":39,"reliquary:SharkskinSheath":26,"AT_Manta":24,"Happy Flower":42,"Golden Idol":2,"Self Forming Clay":27,"OrangePellets":37,"Busted Crown":34,"REME_HourglassOfDeath":9,"qcfpunch:Fighting_Gloves":13,"energizedSpire:MagnifyingGlass":17,"Garlic":29,"Grinning Jar":6,"Mirror":45,"REME_ComplimentaryCards":0},{"AT_BellDemon":25,"AT_ATBox":0,"reliquary:SilkGlove":32,"Nilry\u0027s Codex":12,"AT_MibuBalloonWealth":29,"AT_TimeSand":10,"Whetstone":15,"Burning Blood":0,"Pet Ghost":14,"ClockworkSouvenir":31,"Chameleon Ring":8,"Ring of Peace":24,"Ring of Panic":24,"reliquary:SharkskinSheath":15,"AT_Manta":14,"Happy Flower":26,"Golden Idol":1,"Self Forming Clay":16,"OrangePellets":23,"Busted Crown":21,"REME_HourglassOfDeath":6,"qcfpunch:Fighting_Gloves":10,"energizedSpire:MagnifyingGlass":11,"Garlic":18,"Grinning Jar":5,"Mirror":26,"REME_ComplimentaryCards":0},{"AT_BellDemon":101,"AT_ATBox":0,"reliquary:SilkGlove":132,"Nilry\u0027s Codex":53,"AT_MibuBalloonWealth":118,"AT_TimeSand":44,"Whetstone":65,"Burning Blood":0,"Pet Ghost":61,"ClockworkSouvenir":128,"Chameleon Ring":35,"Ring of Peace":96,"Ring of Panic":96,"reliquary:SharkskinSheath":65,"AT_Manta":61,"Happy Flower":106,"Golden Idol":3,"Self Forming Clay":68,"OrangePellets":91,"Busted Crown":85,"REME_HourglassOfDeath":27,"qcfpunch:Fighting_Gloves":44,"energizedSpire:MagnifyingGlass":49,"Garlic":72,"Grinning Jar":23,"Mirror":106,"REME_ComplimentaryCards":0}],"Burning Blood":198},"card_choices":[{"not_picked":["REME_WheelOfFate","Transmutation"],"picked":"Apotheosis","floor":0.0},{"not_picked":["Armaments","Wild Strike"],"picked":"Warcry","floor":1.0},{"not_picked":["Combust","AT_IchimonjiDouble"],"picked":"Feel No Pain","floor":3.0},{"not_picked":["Body Slam","REME_SingleHolding"],"picked":"Carnage","floor":4.0},{"not_picked":["Sword Boomerang","Iron Wave"],"picked":"Cleave","floor":5.0},{"not_picked":["Rampage","Iron Wave"],"picked":"Burning Pact","floor":6.0},{"not_picked":["Heavy Blade","Pummel"],"picked":"Evolve","floor":7.0},{"not_picked":["Flex","ReplayTheSpireMod:LeadingStrike"],"picked":"AT_GerminateFire","floor":10.0},{"not_picked":["Blood for Blood","AT_DrawKnifeCut"],"picked":"AT_ShrugMaster","floor":11.0},{"not_picked":["Intimidate","Combust"],"picked":"Fiend Fire","floor":12.0},{"not_picked":["ReplayTheSpireMod:LeadingStrike","Thunderclap"],"picked":"Sentinel","floor":13.0},{"not_picked":["Uppercut","Infernal Blade"],"picked":"Shrug It Off","floor":18.0},{"not_picked":["Burning Pact","Rupture","Headbutt"],"picked":"SKIP","floor":20.0},{"not_picked":["ReplayReversal","Havoc","Perfected Strike"],"picked":"SKIP","floor":23.0},{"not_picked":["Thunderclap","Pommel Strike"],"picked":"Dark Embrace","floor":25.0},{"not_picked":["AT_IchimonjiDouble","Sever Soul"],"picked":"REME_Scribble","floor":27.0},{"not_picked":["Fire Breathing","Clothesline","AT_DrawKnifeCut"],"picked":"SKIP","floor":28.0},{"not_picked":["Dual Wield","Fiend Fire"],"picked":"Barricade","floor":29.0},{"not_picked":["Run Through","Sword Boomerang","Clash"],"picked":"SKIP","floor":30.0},{"not_picked":["Flex","Cleave","AT_ShrugMaster"],"picked":"SKIP","floor":31.0},{"not_picked":["Feed","REME_TheLastStrike"],"picked":"Berserk","floor":33.0},{"not_picked":["Anger+1"],"picked":"SKIP","floor":35.0},{"not_picked":[],"picked":"REME_Scribble","floor":36.0},{"not_picked":["ReplayTheSpireMod:Limb From Limb"],"picked":"SKIP","floor":38.0},{"not_picked":["Run Through+1"],"picked":"SKIP","floor":40.0},{"not_picked":["AT_IchimonjiDouble"],"picked":"SKIP","floor":42.0},{"not_picked":["Sentinel"],"picked":"SKIP","floor":46.0},{"not_picked":["Inflame+1"],"picked":"SKIP","floor":47.0},{"not_picked":["Dropkick"],"picked":"SKIP","floor":48.0},{"not_picked":["REME_Fury"],"picked":"SKIP","floor":55}],"player_experience":1344192,"relics_obtained":[{"floor":6.0,"key":"Grinning Jar"},{"floor":9.0,"key":"REME_HourglassOfDeath"},{"floor":11.0,"key":"Chameleon Ring"},{"floor":13.0,"key":"qcfpunch:Fighting_Gloves"},{"floor":19.0,"key":"Nilry\u0027s Codex"},{"floor":23.0,"key":"Pet Ghost"},{"floor":25.0,"key":"Whetstone"},{"floor":26.0,"key":"reliquary:SharkskinSheath"},{"floor":27.0,"key":"Self Forming Clay"},{"floor":29.0,"key":"Garlic"},{"floor":39.0,"key":"Ring of Panic"},{"floor":39.0,"key":"Ring of Peace"},{"floor":40.0,"key":"AT_BellDemon"},{"floor":42.0,"key":"Happy Flower"},{"floor":45.0,"key":"Mirror"},{"floor":48.0,"key":"AT_MibuBalloonWealth"},{"floor":55,"key":"reliquary:SilkGlove"}],"event_choices":[{"damage_healed":0.0,"max_hp_gain":0.0,"max_hp_loss":7.0,"gold_gain":0.0,"event_name":"Golden Idol","player_choice":"Lose Max HP","floor":2.0,"gold_loss":0.0,"damage_taken":0.0,"relics_obtained":["Golden Idol"]},{"damage_healed":0.0,"max_hp_gain":0.0,"max_hp_loss":0.0,"gold_gain":0.0,"event_name":"Cursed Tome","player_choice":"Obtained Book","floor":19.0,"gold_loss":0.0,"damage_taken":21.0},{"damage_healed":0.0,"max_hp_gain":0.0,"max_hp_loss":0.0,"gold_gain":0.0,"cards_transformed":["Strike_R","Strike_R"],"event_name":"Drug Dealer","player_choice":"Became Test Subject","floor":21.0,"gold_loss":0.0,"damage_taken":0.0,"cards_obtained":["Wild Strike","Pummel"]},{"damage_healed":0.0,"max_hp_gain":0.0,"max_hp_loss":0.0,"gold_gain":0.0,"event_name":"WeMeetAgain","player_choice":"Paid Gold","floor":24.0,"gold_loss":76.0,"damage_taken":0.0,"relics_obtained":["AT_Manta"]},{"damage_healed":0.0,"max_hp_gain":0.0,"max_hp_loss":0.0,"gold_gain":333.0,"event_name":"The Moai Head","player_choice":"Gave Idol","floor":44.0,"relics_lost":["Golden Idol"],"gold_loss":0.0,"damage_taken":0.0}],"is_beta":false,"boss_relics":[{"not_picked":["Snecko Eye","REME_DuelDisc"],"picked":"energizedSpire:MagnifyingGlass"},{"not_picked":["AT_MortalBlade","Replay:Drink Me"],"picked":"Busted Crown"}],"items_purged_floors":[22,37,53,54,54],"is_endless":false,"potions_floor_spawned":[1,5,6,10,12,23,27,30,31,38,40,46,48,55],"ascension_level":20}}