{"host":"7t8rqoeeopyy0nh0","time":1613128745,"event":{"mods":["AchievementEnabler","Aspiration","BaseMod","Better Third Choice","BetterRewards","Colored Map","Colored Powertips","Conspire","Hubris","Minty Spire (QoL Compilation)","Permanent Neow","Quick Restart","Rare Cards Sparkle","Replay The Spire","StSLib"],"gold_per_floor":[118,131,151,151,168,168,182,182,230,263,26,54,0,32,32,107,107,126,126,146,157,175,209,209,237,264,274,274,288,319,18,18,92,92,106,125,125,139,139,139,156,156,183,183,22,47,67,85,85,85,85,85],"floor_reached":51,"language":"ENG","playtime":1357,"items_purged":["Strike_R","Strike_R"],"score":1743,"play_id":"a66478cc-9fff-47a2-b9bd-bafa7479fdce","local_time":"20210212061905","is_ascension_mode":true,"campfire_choices":[{"data":"Bash","floor":6.0,"key":"SMITH"},{"data":"Replay:Undeath\u0027s Touch","floor":8.0,"key":"SMITH"},{"data":"Spot Weakness","floor":15.0,"key":"SMITH"},{"data":"Feed","floor":24.0,"key":"SMITH"},{"data":"Uppercut","floor":28.0,"key":"SMITH"},{"data":"hubris:StunningStrike","floor":32.0,"key":"SMITH"},{"data":"Offering","floor":40,"key":"SMITH"},{"data":"Heavy Blade","floor":42,"key":"SMITH"},{"data":"Impervious","floor":44,"key":"SMITH"},{"data":"Armaments","floor":49,"key":"SMITH"}],"circlet_count":0,"master_deck":["AscendersBane","Strike_R","Defend_R","Defend_R","Defend_R","Bash+1","Rampage","Pummel+1","Spot Weakness+1","Clothesline","Anger","Uppercut+1","Offering+1","Predator","Finisher","Setup","Pommel Strike","Replay:Undeath\u0027s Touch+1","Sword Boomerang+1","Heavy Blade+1","Feed+1","Headbutt","Flame Barrier","Disarm","Sword Boomerang","ReplayTheSpireMod:Stacked+1","hubris:StunningStrike+1","Whirlwind+1","Impervious+1","Evolve","Armaments+1"],"relics":["Burning Blood","Replay:Rubber Ducky","Onion Ring","Strawberry","Lantern","Bottled Lightning","Regal Pillow","hubris:Metronome","hubris:Reverence","Sozu","aspiration:Stabinomicon","Replay:Bottled Flurry","Replay:Bottled Steam","Pen Nib","conspire:BottledYoYo","PreservedInsect","Runic Cube","aspiration:Lifesprig","Whetstone","Blue Candle"],"acts_visited":["Exordium","TheCity","TheBeyond"],"potions_floor_usage":[],"damage_taken":[{"damage":0.0,"enemies":"Small Slimes","floor":1.0,"turns":2.0},{"damage":0.0,"enemies":"Cultist","floor":2.0,"turns":3.0},{"damage":3.0,"enemies":"2 Louse","floor":3.0,"turns":2.0},{"damage":9.0,"enemies":"Blue Slaver","floor":5.0,"turns":2.0},{"damage":6.0,"enemies":"2 Fungi Beasts","floor":7.0,"turns":2.0},{"damage":5.0,"enemies":"3 Sentries","floor":10.0,"turns":3.0},{"damage":0.0,"enemies":"Gremlin Nob","floor":12.0,"turns":2.0},{"damage":6.0,"enemies":"Lagavulin","floor":14.0,"turns":1.0},{"damage":23.0,"enemies":"Fading Forest","floor":16.0,"turns":13.0},{"damage":11.0,"enemies":"2 Thieves","floor":18.0,"turns":2.0},{"damage":0.0,"enemies":"Spheric Guardian","floor":20.0,"turns":1.0},{"damage":12.0,"enemies":"Snake Plant","floor":21.0,"turns":1.0},{"damage":0.0,"enemies":"Chosen and Byrds","floor":22.0,"turns":2.0},{"damage":6.0,"enemies":"Book of Stabbing","floor":23.0,"turns":2.0},{"damage":6.0,"enemies":"conspire:Head Lice","floor":25.0,"turns":3.0},{"damage":0.0,"enemies":"Cultist and Chosen","floor":27.0,"turns":2.0},{"damage":0.0,"enemies":"Snecko","floor":29.0,"turns":2.0},{"damage":0.0,"enemies":"conspire:SneckoGhost","floor":30.0,"turns":1.0},{"damage":31,"enemies":"Collector","floor":33,"turns":3},{"damage":11,"enemies":"Orb Walker","floor":35,"turns":2},{"damage":6,"enemies":"3 Darklings","floor":36,"turns":4},{"damage":6,"enemies":"Spire Growth","floor":38,"turns":2},{"damage":0,"enemies":"Transient","floor":41,"turns":6},{"damage":6,"enemies":"R_Hoarder","floor":46,"turns":1},{"damage":29,"enemies":"Writhing Mass","floor":47,"turns":2},{"damage":0,"enemies":"Spire Growth","floor":48,"turns":1},{"damage":55,"enemies":"Awakened One","floor":50,"turns":9},{"damage":28,"enemies":"hubris:GrandSnecko","floor":51,"turns":8}],"seed_played":"-284739268189063352","potions_obtained":[{"floor":1.0,"key":"DuplicationPotion"},{"floor":12.0,"key":"Swift Potion"},{"floor":14.0,"key":"Death Potion"},{"floor":16.0,"key":"BlessingOfTheForge"}],"is_trial":false,"path_per_floor":["M","M","M","?","M","R","M","R","T","E","$","E","$","E","R","B",null,"M","?","M","M","M","E","R","E","T","M","R","M","E","$","R","B",null,"M","M","?","M","?","R","M","R","T","R","$","E","M","M","R","B","B"],"character_chosen":"IRONCLAD","items_purchased":["Replay:Rubber Ducky","Rampage","Onion Ring","Pummel+1","Spot Weakness","Clothesline","Strength Potion","Regal Pillow","SteroidPotion","PreservedInsect","Whirlwind","Whetstone"],"campfire_rested":0,"item_purchase_floors":[0,0,0,0,0,0,0,11,13,31,31,45],"current_hp_per_floor":[46,52,55,55,52,52,52,52,52,53,53,59,59,59,59,50,74,69,48,57,54,60,60,60,60,60,66,66,72,78,78,78,53,79,78,78,73,73,73,73,83,83,83,83,83,83,60,66,66,21,0,0],"gold":85,"neow_bonus":"","is_daily":false,"chose_seed":false,"campfire_upgraded":10,"win_rate":0.0,"timestamp":1613128745,"path_taken":["M","M","M","?","M","R","M","R","T","E","?","E","$","E","R","BOSS","M","?","M","M","M","E","R","E","T","M","R","M","E","$","R","BOSS","M","M","?","M","?","R","M","R","T","R","$","E","M","M","R","BOSS","BOSS"],"items_purchased_type":["Relic","Card","Relic","Card","Card","Card","Potion","Relic","Potion","Relic","Card","Relic"],"build_version":"2020-12-22","purchased_purges":2,"victory":false,"max_hp_per_floor":[82,82,82,82,82,82,82,82,82,82,82,82,82,82,82,82,82,82,82,85,88,88,88,88,88,88,88,88,88,88,88,88,88,88,92,92,92,92,92,92,96,96,96,96,96,96,96,96,96,100,100,100],"card_choices":[{"not_picked":["ReplayTheSpireMod:Strike From Hell","Dual Wield"],"picked":"Anger","floor":1.0},{"not_picked":["Wild Strike","Clothesline"],"picked":"Uppercut","floor":2.0},{"not_picked":["Sword Boomerang","Evolve"],"picked":"Offering","floor":3.0},{"not_picked":["Thunderclap","hubris:ReadiedAction"],"picked":"Pommel Strike","floor":5.0},{"not_picked":["Abandon","Iron Wave"],"picked":"Replay:Undeath\u0027s Touch","floor":7.0},{"not_picked":["Twin Strike","Barricade"],"picked":"Sword Boomerang","floor":10.0},{"not_picked":["Headbutt","Cleave"],"picked":"Heavy Blade","floor":12.0},{"not_picked":["Burning Pact","Headbutt","Massacre"],"picked":"SKIP","floor":14.0},{"not_picked":["conspire:HitWhereItHurts","Hemogenesis"],"picked":"Feed","floor":16.0},{"not_picked":["Clothesline+1","Searing Blow+1"],"picked":"Headbutt","floor":18.0},{"not_picked":["Infernal Blade","Cleave"],"picked":"Flame Barrier","floor":20.0},{"not_picked":["Clothesline","hubris:ReadiedAction"],"picked":"Disarm","floor":21.0},{"not_picked":["Havoc+1","Disarm"],"picked":"Sword Boomerang","floor":22.0},{"not_picked":["Sword Boomerang","Wild Strike+1","Flex"],"picked":"SKIP","floor":23.0},{"not_picked":["Heavy Blade","Bloodletting","Warcry"],"picked":"SKIP","floor":25.0},{"not_picked":["hubris:ReadiedAction","Eclipse"],"picked":"ReplayTheSpireMod:Stacked+1","floor":27.0},{"not_picked":["Armaments","Body Slam","ReplayTheSpireMod:Strike From Hell"],"picked":"SKIP","floor":29.0},{"not_picked":["Pommel Strike","Iron Wave"],"picked":"hubris:StunningStrike","floor":30.0},{"not_picked":["Demonic Infusion","Replay:Many Hands"],"picked":"Impervious","floor":33},{"not_picked":["Pommel Strike","Warcry"],"picked":"Evolve","floor":35},{"not_picked":["Clash","Sword Boomerang","hubris:ReadiedAction"],"picked":"SKIP","floor":36},{"not_picked":["ReplayTheSpireMod:Strike From Hell","Burning Pact","Havoc"],"picked":"SKIP","floor":38},{"not_picked":["Wild Strike+1","ReplayTheSpireMod:Muscle Training","Clash"],"picked":"SKIP","floor":41},{"not_picked":["ReplayTheSpireMod:Strike From Hell","Second Wind"],"picked":"Armaments","floor":46},{"not_picked":["Sentinel","Body Slam","Inflame"],"picked":"SKIP","floor":47},{"not_picked":["Abandon+1","Body Slam","hubris:ReadiedAction"],"picked":"SKIP","floor":48}],"player_experience":407141,"relics_obtained":[{"floor":9.0,"key":"Lantern"},{"floor":10.0,"key":"Bottled Lightning"},{"floor":12.0,"key":"hubris:Metronome"},{"floor":14.0,"key":"hubris:Reverence"},{"floor":19.0,"key":"aspiration:Stabinomicon"},{"floor":23.0,"key":"Replay:Bottled Flurry"},{"floor":25.0,"key":"Replay:Bottled Steam"},{"floor":26.0,"key":"Pen Nib"},{"floor":30.0,"key":"conspire:BottledYoYo"},{"floor":43,"key":"aspiration:Lifesprig"},{"floor":46,"key":"Blue Candle"}],"event_choices":[{"damage_healed":0.0,"max_hp_gain":0.0,"max_hp_loss":0.0,"gold_gain":0.0,"event_name":"Cursed Tome","player_choice":"Obtained Book","floor":19.0,"gold_loss":0.0,"damage_taken":21.0},{"damage_healed":0,"gold_gain":0,"player_choice":"Leave","damage_taken":0,"max_hp_gain":0,"max_hp_loss":0,"event_name":"conspire:Investor","floor":37,"gold_loss":0},{"damage_healed":0,"gold_gain":0,"player_choice":"Memory 1","damage_taken":0,"max_hp_gain":0,"max_hp_loss":0,"event_name":"SensoryStone","floor":39,"gold_loss":0}],"is_beta":false,"boss_relics":[{"not_picked":["Fusion Hammer","aspiration:RunicSpoon"],"picked":"Sozu"},{"not_picked":["hubris:Stopwatch","Runic Pyramid"],"picked":"Runic Cube"}],"items_purged_floors":[11,31],"is_endless":false,"potions_floor_spawned":[1,2,12,14,16,18,22,25,33,36,38,41,47],"killed_by":"hubris:GrandSnecko","ascension_level":20}}