{"host":"3y9j540ftq0by6cq","time":1613103632,"event":{"mods":["BaseMod","CapriCore","Lobotomy","Minty Spire (QoL Compilation)","StSLib","The Cursed"],"gold_per_floor":[115,133,133,0,17,47,47,65,65,77,93,16,16,16,16,114,164,180,50,50,62,79,79,109,109,109,119,119,119,119,119],"floor_reached":30,"language":"ZHS","playtime":2596,"items_purged":[],"score":300,"play_id":"762b6158-de36-4b67-8ad6-b9c365ad2433","local_time":"20210212122032","is_ascension_mode":false,"campfire_choices":[{"floor":7,"key":"REST"},{"data":"TheCursedMod:ReleasedKnowledge","floor":13,"key":"SMITH"},{"floor":15,"key":"REST"},{"data":"TheCursedMod:ForbiddenAlchemy","floor":23,"key":"SMITH"},{"floor":25,"key":"REST"},{"data":"TheCursedMod:ManaCirculation","floor":29,"key":"SMITH"}],"circlet_count":0,"master_deck":["TheCursedMod:Strike_TheCursed","TheCursedMod:Strike_TheCursed","TheCursedMod:Strike_TheCursed","TheCursedMod:Strike_TheCursed","TheCursedMod:Defend_TheCursed","TheCursedMod:Defend_TheCursed","TheCursedMod:Defend_TheCursed","TheCursedMod:Defend_TheCursed","TheCursedMod:CursedWand+1","TheCursedMod:CleanUpWorkshop+1","TheCursedMod:Dregs","SpiderBud","TheCursedMod:BlessingInDisguise","TheCursedMod:CursedBlade","TheCursedMod:LuckyCharm","TheCursedMod:CircleOfFlame+1","TheCursedMod:CursedAmulet","TheCursedMod:SpitefulPray","SingingMachine","TheCursedMod:WearCloak","ShyLook","TheCursedMod:CursedSpellbook","QueenOfHatred","TheCursedMod:RapidMovement","Scorched","TheCursedMod:ReleasedKnowledge+1","TheCursedMod:LuckyCharm","TheCursedMod:CursedStaff","CherryBlossoms","TheCursedMod:CircleOfAbyss","TheCursedMod:CursedAmulet","LittlePrince","TheCursedMod:CursedBlade","TheCursedMod:ForbiddenAlchemy+1","TheCursedMod:CursedAmulet","Necronomicurse","TheCursedMod:CircleOfFlame","TheCursedMod:CursedBlade","LittleHelper","WhitesApple","TheCursedMod:CircleOfFlame","Parasite","Murderer","TheCursedMod:SpitefulPlan","TheCursedMod:ReleasedKnowledge","TheCursedMod:ManaCirculation+1","Parasite"],"relics":["TheCursedMod:BlackMagic101","CogitoBucket","Incense Burner","Mercury Hourglass","TreeSap","Tiny House","Necronomicon","ResearcherNote","Pear","Regal Pillow"],"acts_visited":["Exordium","TheCity"],"potions_floor_usage":[17,22,22,22,22,22],"damage_taken":[{"damage":2,"enemies":"Small Slimes","floor":1,"turns":3},{"damage":0,"enemies":"Jaw Worm","floor":2,"turns":5},{"damage":1,"enemies":"Cultist","floor":5,"turns":4},{"damage":51,"enemies":"Lagavulin","floor":6,"turns":14},{"damage":12,"enemies":"Large Slime","floor":8,"turns":4},{"damage":0,"enemies":"2 Fungi Beasts","floor":10,"turns":3},{"damage":0,"enemies":"Exordium Wildlife","floor":11,"turns":4},{"damage":55,"enemies":"Hexaghost","floor":16,"turns":11},{"damage":8,"enemies":"2 Thieves","floor":18,"turns":3},{"damage":0,"enemies":"Spheric Guardian","floor":21,"turns":1},{"damage":1,"enemies":"Centurion and Healer","floor":22,"turns":5},{"damage":53,"enemies":"Book of Stabbing","floor":24,"turns":7},{"damage":20,"enemies":"Snake Plant","floor":27,"turns":5},{"damage":35,"enemies":"Snecko","floor":30,"turns":6}],"seed_played":"7450782776431033126","potions_obtained":[{"floor":1,"key":"Weak Potion"},{"floor":5,"key":"Block Potion"},{"floor":8,"key":"SpeedPotion"},{"floor":17,"key":"Fruit Juice"},{"floor":18,"key":"Block Potion"},{"floor":22,"key":"GamblersBrew"}],"is_trial":false,"path_per_floor":["M","M","?","$","M","E","R","M","T","M","M","$","R","?","R","B",null,"M","$","?","M","M","R","E","R","T","M","?","R","M"],"character_chosen":"THE_CURSED","items_purchased":["TheCursedMod:LuckyCharm","TheCursedMod:CircleOfFlame","TheCursedMod:CursedAmulet","TheCursedMod:LuckyCharm","TheCursedMod:ForbiddenAlchemy","TheCursedMod:CursedAmulet"],"campfire_rested":3,"item_purchase_floors":[4,4,4,12,19,19],"current_hp_per_floor":[73,73,58,58,57,6,28,16,16,16,22,22,22,22,44,16,85,78,78,62,62,61,61,24,52,52,32,32,32,0,0],"gold":119,"neow_bonus":"","is_daily":false,"chose_seed":false,"campfire_upgraded":3,"win_rate":0.0,"timestamp":1613103632,"path_taken":["M","M","?","$","M","E","R","M","T","M","M","$","R","?","R","BOSS","M","$","?","M","M","R","E","R","T","M","?","R","M"],"items_purchased_type":["Card","Card","Card","Card","Card","Card"],"build_version":"2020-12-22","purchased_purges":0,"victory":false,"max_hp_per_floor":[75,75,75,75,75,75,75,75,75,75,75,75,75,75,75,75,85,85,85,85,85,85,85,95,95,95,95,95,95,95,95],"card_choices":[{"not_picked":["CrumblingArmor","Wellcheers"],"picked":"SpiderBud","floor":1},{"not_picked":["TheCursedMod:Torture","TheCursedMod:CursedAmulet"],"picked":"TheCursedMod:BlessingInDisguise","floor":1},{"not_picked":["VoidDream","WallGazer"],"picked":"MHz","floor":2},{"not_picked":["TheCursedMod:CursedBoomerang","TheCursedMod:CircleOfCorruption"],"picked":"TheCursedMod:CursedBlade","floor":2},{"not_picked":["WallGazer","GalaxyChild"],"picked":"BeautyBeast","floor":5},{"not_picked":["TheCursedMod:VitalStrike","TheCursedMod:BloodBarrier"],"picked":"TheCursedMod:SpitefulPray","floor":5},{"not_picked":["HeroicMonk","Wellcheers"],"picked":"SingingMachine","floor":6},{"not_picked":["TheCursedMod:CircleOfWindfury","TheCursedMod:Obscuration"],"picked":"TheCursedMod:WearCloak","floor":6},{"not_picked":["MeatLantern","OSAHOGD"],"picked":"ShyLook","floor":8},{"not_picked":["TheCursedMod:SoulCrush","TheCursedMod:Torture"],"picked":"TheCursedMod:CursedSpellbook","floor":8},{"not_picked":["UniverseFragment","Wellcheers"],"picked":"QueenOfHatred","floor":10},{"not_picked":["TheCursedMod:Wield","TheCursedMod:CursedMace"],"picked":"TheCursedMod:RapidMovement","floor":10},{"not_picked":["Murderer","OSAHOGD"],"picked":"Scorched","floor":11},{"not_picked":["TheCursedMod:FuryStrike","TheCursedMod:WearCloak"],"picked":"TheCursedMod:ReleasedKnowledge","floor":11},{"not_picked":["BlackSwan","LaLuna"],"picked":"CherryBlossoms","floor":16},{"not_picked":["TheCursedMod:OutForBlood","TheCursedMod:Neurasthenia"],"picked":"TheCursedMod:CircleOfAbyss","floor":16},{"not_picked":["TheCursedMod:Stigma","TheCursedMod:CircleOfCorruption"],"picked":"TheCursedMod:CursedAmulet","floor":17},{"not_picked":["Wellcheers","VoidDream"],"picked":"LittlePrince","floor":18},{"not_picked":["TheCursedMod:StingEye","TheCursedMod:CursedAmulet"],"picked":"TheCursedMod:CursedBlade","floor":18},{"not_picked":["WallGazer","OldLady"],"picked":"CrumblingArmor","floor":21},{"not_picked":["TheCursedMod:Mangle","TheCursedMod:CircleOfWindfury"],"picked":"TheCursedMod:CircleOfFlame","floor":21},{"not_picked":["TheCursedMod:CursedMace+1","TheCursedMod:Wield+1"],"picked":"TheCursedMod:CursedBlade","floor":22},{"not_picked":["OSAHOGD","BigBadWolf"],"picked":"LittleHelper","floor":22},{"not_picked":["UniverseFragment","Murderer"],"picked":"WhitesApple","floor":24},{"not_picked":["TheCursedMod:Torture","TheCursedMod:SurpriseAttack"],"picked":"TheCursedMod:CircleOfFlame","floor":24},{"not_picked":["UniverseFragment","WallGazer"],"picked":"Murderer","floor":27},{"not_picked":["TheCursedMod:CursedMace","TheCursedMod:RapidMovement+1"],"picked":"TheCursedMod:SpitefulPlan","floor":27}],"player_experience":80981,"relics_obtained":[{"floor":6,"key":"Incense Burner"},{"floor":9,"key":"Mercury Hourglass"},{"floor":20,"key":"Necronomicon"},{"floor":24,"key":"Pear"},{"floor":26,"key":"Regal Pillow"}],"event_choices":[{"damage_healed":0,"gold_gain":0,"player_choice":"Entered Light","damage_taken":15,"max_hp_gain":0,"max_hp_loss":0,"event_name":"Shining Light","floor":3,"gold_loss":0,"cards_upgraded":["TheCursedMod:CursedWand","TheCursedMod:CleanUpWorkshop"]},{"damage_healed":0,"gold_gain":0,"cards_transformed":["BeautyBeast"],"player_choice":"Transformed","damage_taken":0,"max_hp_gain":0,"max_hp_loss":0,"event_name":"Transmorgrifier","floor":14,"gold_loss":0,"cards_obtained":["TheCursedMod:CursedStaff"]},{"damage_healed":0,"gold_gain":0,"player_choice":"Obtained Book","damage_taken":16,"max_hp_gain":0,"max_hp_loss":0,"event_name":"Cursed Tome","floor":20,"gold_loss":0},{"damage_healed":0,"gold_gain":0,"cards_transformed":["MHz","CrumblingArmor"],"player_choice":"Became Test Subject","damage_taken":0,"max_hp_gain":0,"max_hp_loss":0,"event_name":"Drug Dealer","floor":28,"gold_loss":0,"cards_obtained":["TheCursedMod:ReleasedKnowledge","TheCursedMod:ManaCirculation"]}],"is_beta":false,"boss_relics":[{"not_picked":["Snecko Eye","Coffee Dripper"],"picked":"Tiny House"}],"items_purged_floors":[],"is_endless":false,"potions_floor_spawned":[1,5,8,16,18,22],"killed_by":"Snecko","ascension_level":0}}