{"host":"xwgrz7y3g1a3iikb","time":1613095987,"event":{"mods":["BaseMod","Bestiary","Minty Spire (QoL Compilation)","Permanent Neow","Quick Restart","Relic Stats","StSLib","ojb\u0027s Info Mod"],"gold_per_floor":[112,112,128,147,161,189,189,189,238,279,304,17,65,90,90,192,219,252,261,276,290,311,311,336,120,145,145,145,145],"floor_reached":28,"language":"ENG","playtime":857,"items_purged":["Defend_P"],"score":684,"play_id":"62a8d0bc-c658-416d-9173-7b8f1cced281","local_time":"20210211181307","is_ascension_mode":true,"campfire_choices":[{"data":"ConjureBlade","floor":7.0,"key":"SMITH"},{"data":"Ragnarok","floor":15.0,"key":"SMITH"},{"floor":23,"key":"REST"}],"circlet_count":0,"master_deck":["AscendersBane","Defend_P","Defend_P","Eruption","Vigilance","FearNoEvil","ConjureBlade+1","Wireheading","TalkToTheHand","Protect","DevaForm","Ragnarok+1","FearNoEvil","Devotion+1","WreathOfFlame+1","SandsOfTime+1","Halt+1","Crescendo","Conclude","MentalFortress+1"],"relics":["PureWater","Bronze Scales","FaceOfCleric","Pantograph","Golden Idol","Bag of Preparation","Pen Nib","Frozen Egg 2","CeramicFish","Astrolabe","Nunchaku"],"acts_visited":["Exordium","TheCity"],"potions_floor_usage":[21,24,28,28],"damage_taken":[{"damage":0.0,"enemies":"Small Slimes","floor":1.0,"turns":4.0},{"damage":0.0,"enemies":"Cultist","floor":3.0,"turns":2.0},{"damage":0.0,"enemies":"2 Louse","floor":4.0,"turns":3.0},{"damage":16.0,"enemies":"Exordium Thugs","floor":5.0,"turns":5.0},{"damage":2.0,"enemies":"Lagavulin","floor":6.0,"turns":5.0},{"damage":0.0,"enemies":"Gremlin Nob","floor":10.0,"turns":2.0},{"damage":12.0,"enemies":"Exordium Wildlife","floor":11.0,"turns":6.0},{"damage":0.0,"enemies":"Lagavulin","floor":13.0,"turns":4.0},{"damage":1.0,"enemies":"Red Slaver","floor":14.0,"turns":2.0},{"damage":0.0,"enemies":"Slime Boss","floor":16.0,"turns":7.0},{"damage":12.0,"enemies":"Shell Parasite","floor":18.0,"turns":6.0},{"damage":33.0,"enemies":"2 Thieves","floor":20.0,"turns":4.0},{"damage":0,"enemies":"Snecko","floor":21,"turns":2},{"damage":23,"enemies":"Snake Plant","floor":22,"turns":3},{"damage":11,"enemies":"Sentry and Sphere","floor":24,"turns":5},{"damage":29,"enemies":"Gremlin Leader","floor":28,"turns":2}],"seed_played":"-6187753348955281077","potions_obtained":[{"floor":4.0,"key":"Block Potion"},{"floor":5.0,"key":"Weak Potion"},{"floor":6.0,"key":"SneckoOil"},{"floor":14.0,"key":"Strength Potion"},{"floor":16.0,"key":"SpeedPotion"},{"floor":20.0,"key":"ColorlessPotion"}],"is_trial":false,"path_per_floor":["M","?","M","M","M","E","R","?","T","E","M","$","E","M","R","B",null,"M","?","M","M","M","R","M","$","T","?","E"],"character_chosen":"WATCHER","items_purchased":["Frozen Egg 2","SteroidPotion","GamblersBrew"],"campfire_rested":1,"item_purchase_floors":[12,25,25],"current_hp_per_floor":[61,61,62,63,48,47,47,47,47,48,37,37,38,38,38,64,69,58,58,26,27,5,27,17,17,17,17,0,0],"gold":145,"neow_bonus":"RANDOM_COMMON_RELIC","is_daily":false,"chose_seed":false,"campfire_upgraded":2,"win_rate":0.0,"timestamp":1613095987,"path_taken":["M","?","M","?","M","E","R","?","T","E","M","?","E","M","R","BOSS","M","?","M","M","?","R","M","$","T","?","E"],"items_purchased_type":["Relic","Potion","Potion"],"build_version":"2020-12-22","purchased_purges":1,"victory":false,"max_hp_per_floor":[68,68,69,70,71,72,72,65,65,66,67,67,68,69,69,70,70,71,71,72,73,74,74,75,75,75,75,75,75],"relic_stats":{"Nunchaku":[0],"FaceOfCleric":14,"counters":[16,62],"Golden Idol":61,"Bronze Scales":[107],"Pantograph":25,"CeramicFish":81,"Astrolabe":["WreathOfFlame","SandsOfTime","Halt"],"Pen Nib":[5],"Bag of Preparation":[22],"obtain_stats":[{"Nunchaku":26,"FaceOfCleric":2,"Golden Idol":8,"Bronze Scales":0,"Pantograph":6,"CeramicFish":13,"Astrolabe":17,"Pen Nib":10,"Bag of Preparation":9,"PureWater":0,"Frozen Egg 2":12},{"Nunchaku":15,"FaceOfCleric":1,"Golden Idol":5,"Bronze Scales":0,"Pantograph":5,"CeramicFish":8,"Astrolabe":10,"Pen Nib":6,"Bag of Preparation":5,"PureWater":0,"Frozen Egg 2":7},{"Nunchaku":60,"FaceOfCleric":4,"Golden Idol":19,"Bronze Scales":0,"Pantograph":19,"CeramicFish":31,"Astrolabe":40,"Pen Nib":21,"Bag of Preparation":19,"PureWater":0,"Frozen Egg 2":27}]},"card_choices":[{"not_picked":["ClearTheMind","Evaluate"],"picked":"FearNoEvil","floor":1.0},{"not_picked":["CrushJoints","FollowUp"],"picked":"ConjureBlade","floor":3.0},{"not_picked":["PathToVictory","SandsOfTime"],"picked":"Wireheading","floor":4.0},{"not_picked":["Nirvana","CutThroughFate"],"picked":"TalkToTheHand","floor":5.0},{"not_picked":["Prostrate","EmptyFist"],"picked":"Protect","floor":6.0},{"not_picked":["WreathOfFlame","SignatureMove"],"picked":"DevaForm","floor":10.0},{"not_picked":["Halt","JustLucky","Indignation"],"picked":"SKIP","floor":11.0},{"not_picked":["Prostrate","Consecrate"],"picked":"Ragnarok","floor":13.0},{"not_picked":["FlurryOfBlows","Collect"],"picked":"FearNoEvil","floor":14.0},{"not_picked":["Ragnarok","Brilliance"],"picked":"Devotion+1","floor":16.0},{"not_picked":["CrushJoints","PathToVictory"],"picked":"Crescendo","floor":18.0},{"not_picked":["Consecrate","Evaluate","Halt"],"picked":"SKIP","floor":20.0},{"not_picked":["Consecrate","Worship","EmptyFist"],"picked":"SKIP","floor":21},{"not_picked":["FollowUp","ReachHeaven","Study+1"],"picked":"SKIP","floor":22},{"not_picked":["Protect","DevaForm+1"],"picked":"MentalFortress+1","floor":24}],"player_experience":338276,"relics_obtained":[{"floor":6.0,"key":"Pantograph"},{"floor":9.0,"key":"Bag of Preparation"},{"floor":10.0,"key":"Pen Nib"},{"floor":13.0,"key":"CeramicFish"},{"floor":26,"key":"Nunchaku"}],"event_choices":[{"damage_healed":0.0,"max_hp_gain":0.0,"max_hp_loss":0.0,"gold_gain":0.0,"event_name":"FaceTrader","player_choice":"Trade","floor":2.0,"gold_loss":0.0,"damage_taken":0.0,"relics_obtained":["FaceOfCleric"]},{"damage_healed":0.0,"max_hp_gain":0.0,"max_hp_loss":7.0,"gold_gain":0.0,"event_name":"Golden Idol","player_choice":"Lose Max HP","floor":8.0,"gold_loss":0.0,"damage_taken":0.0,"relics_obtained":["Golden Idol"]},{"damage_healed":0.0,"max_hp_gain":0.0,"max_hp_loss":0.0,"gold_gain":0.0,"cards_transformed":["Strike_P"],"event_name":"Transmorgrifier","player_choice":"Transformed","floor":19.0,"gold_loss":0.0,"damage_taken":0.0,"cards_obtained":["Conclude"]},{"cards_removed":["Defend_P"],"damage_healed":0,"gold_gain":0,"player_choice":"Elegance","damage_taken":0,"max_hp_gain":0,"max_hp_loss":0,"event_name":"Back to Basics","floor":27,"gold_loss":0}],"is_beta":false,"boss_relics":[{"not_picked":["Tiny House","Runic Pyramid"],"picked":"Astrolabe"}],"items_purged_floors":[25],"is_endless":false,"potions_floor_spawned":[4,5,6,14,16,20],"killed_by":"Gremlin Leader","ascension_level":20}}