{"host":"sian7qp8a9pc9xwd","time":1613123101,"event":{"mods":["BaseMod","Minty Spire (QoL Compilation)","StSLib","SuperFastMode"],"gold_per_floor":[361,361,16,34,53,53,66,93,119,119,177,177,196,222,222,322,322,340,340,43,60,71,71,100,100,100,100,135,135,152,181,181,279,279,294,90,102,152,152,183,183,195,195,209,258,56,56,67,67,67],"floor_reached":51,"language":"ENG","playtime":2313,"items_purged":["Strike_P","Vigilance+1"],"score":1416,"play_id":"837c9a66-e14b-4167-963c-9b47f4f332f3","local_time":"20210212044501","is_ascension_mode":true,"campfire_choices":[{"data":"Blasphemy","floor":6.0,"key":"SMITH"},{"data":"LessonLearned","floor":10.0,"key":"SMITH"},{"data":"CutThroughFate","floor":12.0,"key":"SMITH"},{"data":"FlurryOfBlows","floor":15.0,"key":"SMITH"},{"data":"Trip","floor":23.0,"key":"SMITH"},{"data":"CutThroughFate","floor":25.0,"key":"SMITH"},{"data":"CutThroughFate","floor":27.0,"key":"SMITH"},{"floor":32.0,"key":"REST"},{"data":"Omniscience","floor":41,"key":"SMITH"},{"data":"1","floor":49,"key":"LIFT"}],"circlet_count":0,"master_deck":["Strike_P+1","Strike_P+1","Strike_P+1","Defend_P+1","Defend_P+1","Defend_P+1","Defend_P+1","Eruption+1","FlurryOfBlows+1","Pray","Blasphemy+1","Trip+1","SpiritShield+1","DeceiveReality+1","FollowUp+1","LessonLearned+1","CutThroughFate+1","SpiritShield+1","Prostrate+1","CutThroughFate+1","CutThroughFate+1","FlurryOfBlows+1","Prostrate+1","FlurryOfBlows","Omniscience+1"],"relics":["HolyWater","Pen Nib","Art of War","Whetstone","Juzu Bracelet","Sundial","FossilizedHelix","Nunchaku","TeardropLocket","White Beast Statue","Smiling Mask","Busted Crown","Vajra","Ginger","Yang","InkBottle","Girya","HandDrill"],"acts_visited":["Exordium","TheCity","TheBeyond"],"potions_floor_usage":[33,33,38,40,40,50,50,50],"damage_taken":[{"damage":0.0,"enemies":"Cultist","floor":1.0,"turns":2.0},{"damage":0.0,"enemies":"Small Slimes","floor":4.0,"turns":2.0},{"damage":5.0,"enemies":"Jaw Worm","floor":5.0,"turns":3.0},{"damage":2.0,"enemies":"Exordium Wildlife","floor":7.0,"turns":3.0},{"damage":9.0,"enemies":"Lagavulin","floor":8.0,"turns":8.0},{"damage":12.0,"enemies":"Lagavulin Event","floor":11.0,"turns":3.0},{"damage":3.0,"enemies":"Blue Slaver","floor":13.0,"turns":4.0},{"damage":0.0,"enemies":"Gremlin Nob","floor":14.0,"turns":3.0},{"damage":0.0,"enemies":"Slime Boss","floor":16.0,"turns":4.0},{"damage":4.0,"enemies":"2 Thieves","floor":18.0,"turns":3.0},{"damage":6.0,"enemies":"Chosen","floor":21.0,"turns":4.0},{"damage":1.0,"enemies":"Snecko","floor":22.0,"turns":5.0},{"damage":7.0,"enemies":"Slavers","floor":24.0,"turns":5.0},{"damage":0.0,"enemies":"Book of Stabbing","floor":28.0,"turns":5.0},{"damage":9.0,"enemies":"Cultist and Chosen","floor":30.0,"turns":6.0},{"damage":0.0,"enemies":"Gremlin Leader","floor":31.0,"turns":6.0},{"damage":0,"enemies":"Champ","floor":33,"turns":9},{"damage":0,"enemies":"3 Shapes","floor":35,"turns":4},{"damage":0,"enemies":"Orb Walker","floor":37,"turns":2},{"damage":0,"enemies":"Mind Bloom Boss Battle","floor":38,"turns":8},{"damage":0,"enemies":"Nemesis","floor":40,"turns":5},{"damage":0,"enemies":"Maw","floor":42,"turns":3},{"damage":0,"enemies":"Jaw Worm Horde","floor":44,"turns":2},{"damage":0,"enemies":"2 Orb Walkers","floor":45,"turns":4},{"damage":0,"enemies":"Writhing Mass","floor":48,"turns":3},{"damage":0,"enemies":"Donu and Deca","floor":50,"turns":5}],"seed_played":"4630212663730095607","potions_obtained":[{"floor":4.0,"key":"Dexterity Potion"},{"floor":8.0,"key":"ColorlessPotion"},{"floor":11.0,"key":"Fruit Juice"},{"floor":13.0,"key":"Swift Potion"},{"floor":21.0,"key":"AttackPotion"},{"floor":22.0,"key":"SteroidPotion"},{"floor":30.0,"key":"LiquidMemories"},{"floor":31.0,"key":"LiquidBronze"},{"floor":33,"key":"ColorlessPotion"},{"floor":35,"key":"Weak Potion"},{"floor":37,"key":"GamblersBrew"},{"floor":38,"key":"SneckoOil"},{"floor":40,"key":"CultistPotion"},{"floor":42,"key":"Energy Potion"},{"floor":44,"key":"SteroidPotion"},{"floor":48,"key":"SkillPotion"}],"is_trial":false,"path_per_floor":["M","?","$","M","M","R","M","E","T","R","?","R","M","E","R","B",null,"M","?","$","M","M","R","E","R","T","R","E","?","M","E","R","B",null,"M","$","M","?","?","E","R","M","T","M","?","$","?","M","R","B",null],"character_chosen":"WATCHER","items_purchased":["SpiritShield","DeceiveReality","Pen Nib","FossilizedHelix","Vajra","HandDrill"],"campfire_rested":1,"item_purchase_floors":[3,3,3,20,36,46],"current_hp_per_floor":[65,65,65,65,60,60,58,49,49,49,37,37,34,34,34,34,57,53,53,53,47,46,46,39,39,39,39,39,39,30,30,49,54,66,66,66,66,66,66,66,66,66,66,66,66,66,56,56,56,56],"gold":67,"neow_bonus":"TWO_FIFTY_GOLD","is_daily":false,"chose_seed":false,"campfire_upgraded":8,"win_rate":0.0,"timestamp":1613123101,"path_taken":["M","?","$","M","?","R","M","E","T","R","?","R","M","E","R","BOSS","M","?","$","M","M","R","E","R","T","R","E","?","M","E","R","BOSS","M","$","M","?","?","E","R","M","T","M","?","$","?","M","R","BOSS"],"items_purchased_type":["Card","Card","Relic","Relic","Relic","Relic"],"build_version":"2020-12-22","purchased_purges":2,"victory":true,"max_hp_per_floor":[65,65,65,65,65,65,65,65,65,65,65,65,65,65,65,65,65,65,65,65,65,65,65,65,65,65,65,65,65,65,65,65,70,70,70,70,70,70,66,66,66,66,66,66,66,66,66,66,66,66],"card_choices":[{"not_picked":["JustLucky","Wireheading"],"picked":"FlurryOfBlows","floor":1.0},{"not_picked":["Evaluate","ClearTheMind"],"picked":"FollowUp","floor":4.0},{"not_picked":["FlyingSleeves","SashWhip","ThirdEye"],"picked":"SKIP","floor":5.0},{"not_picked":["Perseverance","SignatureMove","CrushJoints"],"picked":"SKIP","floor":7.0},{"not_picked":["ClearTheMind","WreathOfFlame"],"picked":"LessonLearned","floor":8.0},{"not_picked":["EmptyMind","EmptyFist"],"picked":"CutThroughFate","floor":11.0},{"not_picked":["FearNoEvil","FollowUp","Consecrate"],"picked":"SKIP","floor":13.0},{"not_picked":["FearNoEvil","WreathOfFlame","Evaluate"],"picked":"SKIP","floor":14.0},{"not_picked":["Alpha","DeusExMachina"],"picked":"SpiritShield","floor":16.0},{"not_picked":["Evaluate","ForeignInfluence+1"],"picked":"Prostrate+1","floor":18.0},{"not_picked":["WaveOfTheHand+1","Indignation","FlyingSleeves"],"picked":"SKIP","floor":21.0},{"not_picked":["PathToVictory","Pray"],"picked":"CutThroughFate","floor":22.0},{"not_picked":["EmptyFist","CarveReality"],"picked":"CutThroughFate","floor":24.0},{"not_picked":["BattleHymn","Halt"],"picked":"FlurryOfBlows","floor":28.0},{"not_picked":["Evaluate","Protect","Halt+1"],"picked":"SKIP","floor":30.0},{"not_picked":["ThirdEye","Meditate+1"],"picked":"FlurryOfBlows","floor":31.0},{"not_picked":["Ragnarok","ConjureBlade"],"picked":"Omniscience","floor":33},{"not_picked":["Protect"],"picked":"SKIP","floor":35},{"not_picked":["WreathOfFlame+1"],"picked":"SKIP","floor":37},{"not_picked":["WindmillStrike"],"picked":"SKIP","floor":40},{"not_picked":["Crescendo"],"picked":"SKIP","floor":42},{"not_picked":["WaveOfTheHand+1"],"picked":"SKIP","floor":44},{"not_picked":["Consecrate+1"],"picked":"SKIP","floor":48}],"player_experience":969172,"relics_obtained":[{"floor":8.0,"key":"Art of War"},{"floor":9.0,"key":"Whetstone"},{"floor":14.0,"key":"Sundial"},{"floor":24.0,"key":"Nunchaku"},{"floor":26.0,"key":"TeardropLocket"},{"floor":28.0,"key":"White Beast Statue"},{"floor":31.0,"key":"Smiling Mask"},{"floor":38,"key":"Ginger"},{"floor":40,"key":"Yang"},{"floor":43,"key":"InkBottle"},{"floor":45,"key":"Girya"}],"event_choices":[{"damage_healed":0.0,"max_hp_gain":0.0,"max_hp_loss":0.0,"gold_gain":0.0,"event_name":"Match and Keep!","player_choice":"3 cards matched","floor":2.0,"gold_loss":0.0,"damage_taken":0.0,"cards_obtained":["Pray","Blasphemy","Trip"]},{"damage_healed":0.0,"max_hp_gain":0.0,"max_hp_loss":0.0,"gold_gain":0.0,"event_name":"Dead Adventurer","player_choice":"Searched \u00272\u0027 times","floor":11.0,"gold_loss":0.0,"damage_taken":0.0,"relics_obtained":["Juzu Bracelet"]},{"damage_healed":0.0,"max_hp_gain":0.0,"max_hp_loss":0.0,"gold_gain":0.0,"event_name":"Vampires","player_choice":"Ignored","floor":19.0,"gold_loss":0.0,"damage_taken":0.0},{"damage_healed":0.0,"max_hp_gain":0.0,"max_hp_loss":0.0,"gold_gain":0.0,"event_name":"The Library","player_choice":"Read","floor":29.0,"gold_loss":0.0,"damage_taken":0.0,"cards_obtained":["Prostrate"]},{"damage_healed":0,"gold_gain":0,"player_choice":"Fight","damage_taken":0,"max_hp_gain":0,"max_hp_loss":0,"event_name":"MindBloom","floor":38,"gold_loss":0},{"damage_healed":0,"gold_gain":0,"player_choice":"Max HP","damage_taken":0,"max_hp_gain":0,"max_hp_loss":4,"event_name":"Winding Halls","floor":39,"gold_loss":0},{"damage_healed":0,"gold_gain":0,"player_choice":"Fight","damage_taken":0,"max_hp_gain":0,"max_hp_loss":0,"event_name":"Mysterious Sphere","floor":45,"gold_loss":0},{"damage_healed":0,"gold_gain":0,"player_choice":"Memory 3","damage_taken":10,"max_hp_gain":0,"max_hp_loss":0,"event_name":"SensoryStone","floor":47,"gold_loss":0}],"is_beta":false,"boss_relics":[{"not_picked":["SacredBark","Philosopher\u0027s Stone"],"picked":"HolyWater"},{"not_picked":["Coffee Dripper","Velvet Choker"],"picked":"Busted Crown"}],"items_purged_floors":[36,46],"is_endless":false,"potions_floor_spawned":[4,8,11,13,21,22,30,31,33,35,37,38,40,42,44,45,48],"ascension_level":7}}