{"host":"gbsupkmj5cka9iw4","time":1613154236,"event":{"mods":["BaseMod","Better Note","BetterRewards","Minty Spire (QoL Compilation)","Replay The Spire","Say the Spire","Shop Mod","StSLib"],"gold_per_floor":[114,127,127,137,5,35,35,55,55,86,109,139,139,174,174,288,288,316,316,316,241,281,281,346,346,427,468,468,554,361,409,409,542,542,583,629,629,428,428,428,428,428,448,448,448,533,266,266,266,335,335,399],"floor_reached":53,"language":"ENG","playtime":4364,"items_purged":["Defend_R","Defend_R","Defend_R"],"score":1086,"play_id":"802a2702-d253-4aaf-9e91-4a1805de55f6","local_time":"20210213032356","is_ascension_mode":false,"campfire_choices":[{"data":"Spot Weakness","floor":23,"key":"SMITH"},{"data":"Evolve","floor":25,"key":"SMITH"},{"data":"ReplayTheSpireMod:Stacked","floor":28,"key":"SMITH"},{"data":"Eclipse","floor":32,"key":"SMITH"},{"data":"ReplayTheSpireMod:Stacked","floor":42,"key":"SMITH"},{"data":"Secret Technique","floor":44,"key":"SMITH"},{"data":"ReplayUltimateDefense","floor":49,"key":"SMITH"},{"data":"ReplayTheSpireMod:Stacked","floor":51,"key":"SMITH"}],"circlet_count":0,"master_deck":["Defend_R","Massacre+1","Heavy Blade+1","Evolve+1","Shrug It Off","ReplayTheSpireMod:Stacked+1","ReplayTheSpireMod:Limb From Limb+1","Flex","Twin Strike+1","Replay:Undeath\u0027s Touch+1","Spot Weakness+1","Offering","Power Through","Flex","Demonic Infusion","Power Through","Fire Breathing","Uppercut+1","Reaper+1","Thunderclap+1","Whirlwind+1","Shrug It Off","Survivor","Neutralize+1","Replay:Many Hands","Wild Strike+1","Sword Boomerang+1","Eclipse+1","Replay:Many Hands","Pommel Strike+1","ReplayTheSpireMod:LeadingStrike+1","ReplayTheSpireMod:Stacked+1","Secret Technique+1","Wild Strike+1","Evolve","Whirlwind+1","ReplayTheSpireMod:Stacked+1","Enlightenment","ReplayUltimateDefense+1","Magnetism"],"relics":["Burning Blood","Membership Card","Molten Egg 2","Chemical X","Ring of Misfortune","Ring of Searing","Orrery","Gremlin Food","Replay:Bandana","Pear","FossilizedHelix","Replay:Bronze Core","ReplayTheSpireMod:TigerMarble","Replay:WaspNest","Shuriken","MealTicket","Snecko Eye","BargainBundle","ReplayTheSpireMod:Lightbulb","Nunchaku","Pen Nib","Iron Hammer","Replay:Bottled Steam"],"acts_visited":["Exordium","TheCity","TheBeyond"],"potions_floor_usage":[16,29,33,52],"damage_taken":[{"damage":0,"enemies":"Jaw Worm","floor":1,"turns":5},{"damage":0,"enemies":"Cultist","floor":2,"turns":2},{"damage":5,"enemies":"Small Slimes","floor":4,"turns":2},{"damage":19,"enemies":"Replay:BlueRogue","floor":6,"turns":7},{"damage":4,"enemies":"Blue Slaver","floor":8,"turns":6},{"damage":6,"enemies":"Large Slime","floor":10,"turns":4},{"damage":3,"enemies":"3 Louse","floor":11,"turns":3},{"damage":8,"enemies":"Lagavulin","floor":14,"turns":5},{"damage":0,"enemies":"Slime Boss","floor":16,"turns":3},{"damage":15,"enemies":"2 Thieves","floor":18,"turns":4},{"damage":0,"enemies":"Shell Parasite","floor":22,"turns":1},{"damage":23,"enemies":"Book of Stabbing","floor":24,"turns":5},{"damage":15,"enemies":"Snecko","floor":27,"turns":3},{"damage":0,"enemies":"Replay:Snechameleon","floor":29,"turns":4},{"damage":5,"enemies":"Cultist and Chosen","floor":31,"turns":3},{"damage":33,"enemies":"Pondfish","floor":33,"turns":5},{"damage":0,"enemies":"3 Darklings","floor":35,"turns":2},{"damage":10,"enemies":"3 Shapes","floor":36,"turns":3},{"damage":0,"enemies":"3 Darklings","floor":43,"turns":1},{"damage":13,"enemies":"R_Hoarder","floor":46,"turns":3},{"damage":16,"enemies":"Nemesis","floor":50,"turns":5},{"damage":16,"enemies":"Replay:Hell Engine","floor":52,"turns":4}],"seed_played":"-3349780129290775309","potions_obtained":[{"floor":4,"key":"BlessingOfTheForge"},{"floor":6,"key":"LifebloodPotion"},{"floor":10,"key":"DistilledChaos"},{"floor":24,"key":"DistilledChaos"},{"floor":31,"key":"Adrenaline Potion"},{"floor":33,"key":"FearPotion"},{"floor":43,"key":"SteroidPotion"}],"is_trial":false,"path_per_floor":["M","M","?","M","$","E","?","M","T","M","M","?","?","E","R","B",null,"M","?","?","?","M","R","E","R","T","M","R","E","$","M","R","B",null,"M","M","?","$","?","PTL","PTL","R","M","R","T","E","$","?","R","E","R","B",null],"character_chosen":"IRONCLAD","items_purchased":["Membership Card","Molten Egg 2","Massacre+1","Heavy Blade+1","Evolve","Chemical X","Shrug It Off","ReplayTheSpireMod:Stacked","ReplayTheSpireMod:Limb From Limb+1","Spot Weakness","Orrery","Fire Breathing","Eclipse","MealTicket","BargainBundle","ReplayTheSpireMod:Stacked","Secret Technique","ReplayTheSpireMod:Lightbulb","Wild Strike+1","Evolve","Whirlwind+1","Iron Hammer","ReplayTheSpireMod:Stacked"],"campfire_rested":0,"item_purchase_floors":[0,0,0,0,0,0,0,0,0,5,5,5,30,30,38,38,38,38,38,38,47,47,47],"current_hp_per_floor":[56,62,62,63,63,50,50,52,52,52,55,65,65,63,63,69,90,81,81,81,81,87,87,70,70,70,61,61,67,67,73,73,63,90,90,90,90,90,90,90,90,90,90,90,90,83,90,80,80,81,81,71],"gold":399,"neow_bonus":"","is_daily":false,"chose_seed":false,"campfire_upgraded":8,"win_rate":0.0,"timestamp":1613154236,"path_taken":["M","M","?","M","$","E","?","M","T","M","?","?","?","E","R","BOSS","M","?","?","?","M","R","E","R","T","M","R","E","?","M","R","BOSS","M","M","?","?","?","PTL","PTL","R","?","R","T","E","$","?","R","E","R","BOSS"],"items_purchased_type":["Relic","Relic","Card","Card","Card","Relic","Card","Card","Card","Card","Relic","Card","Card","Relic","Relic","Card","Card","Relic","Card","Card","Card","Relic","Card"],"build_version":"2020-12-22","purchased_purges":3,"victory":true,"max_hp_per_floor":[80,80,80,80,80,80,80,80,80,80,80,90,90,90,90,90,90,90,90,90,90,90,90,90,90,90,90,90,90,90,90,90,90,90,90,90,90,90,90,90,90,90,90,90,90,90,90,90,90,90,90,90],"card_choices":[{"not_picked":["Wild Strike+1","Replay:Undeath\u0027s Touch+1"],"picked":"Flex","floor":1},{"not_picked":["Massacre+1","Perfected Strike+1"],"picked":"Twin Strike+1","floor":2},{"not_picked":["Dual Wield","Anger+1"],"picked":"Replay:Undeath\u0027s Touch+1","floor":4},{"not_picked":["Headbutt+1","Blood for Blood+1"],"picked":"Offering","floor":5},{"not_picked":["Second Wind","True Grit"],"picked":"Power Through","floor":5},{"not_picked":["Heavy Blade+1","Clash+1"],"picked":"Flex","floor":5},{"not_picked":["Defy Death","Body Slam+1"],"picked":"Demonic Infusion","floor":5},{"not_picked":["Perfected Strike+1","Massacre+1"],"picked":"Power Through","floor":5},{"not_picked":["ReplayTheSpireMod:Strike From Hell+1","Flex"],"picked":"Uppercut+1","floor":6},{"not_picked":["Cleave+1","Armaments"],"picked":"Thunderclap+1","floor":8},{"not_picked":["Havoc","Rampage+1"],"picked":"Whirlwind+1","floor":10},{"not_picked":["Thunderclap+1","Perfected Strike+1","Warcry"],"picked":"SKIP","floor":11},{"not_picked":["Run Through+1","True Grit"],"picked":"Shrug It Off","floor":14},{"not_picked":["Bludgeon+1","Corruption"],"picked":"Replay:Many Hands","floor":16},{"not_picked":["Havoc","Uppercut+1","Anger+1"],"picked":"SKIP","floor":18},{"not_picked":["Cleave+1","Anger+1"],"picked":"Wild Strike+1","floor":22},{"not_picked":["Havoc+1","Intimidate"],"picked":"Sword Boomerang+1","floor":24},{"not_picked":["Combust","Second Wind","Hemokinesis+1"],"picked":"SKIP","floor":27},{"not_picked":["Perfected Strike+1","Cleave+1","Body Slam+1"],"picked":"SKIP","floor":29},{"not_picked":["Thunderclap+1","Bludgeon+1","Clothesline+1"],"picked":"SKIP","floor":31},{"not_picked":["Eclipse","Bludgeon+1"],"picked":"Replay:Many Hands","floor":33},{"not_picked":["Shrug It Off","Searing Blow+1"],"picked":"Pommel Strike+1","floor":35},{"not_picked":["Reckless Charge+1","Headbutt+1"],"picked":"ReplayTheSpireMod:LeadingStrike+1","floor":36},{"not_picked":["True Grit","Replay:Undeath\u0027s Touch+1","Havoc"],"picked":"SKIP","floor":43},{"not_picked":["Seeing Red+1","Wild Strike+1","Thunderclap+1"],"picked":"SKIP","floor":46},{"not_picked":["Impatience","The Bomb"],"picked":"Enlightenment","floor":48},{"not_picked":["Good Instincts","Panacea"],"picked":"ReplayUltimateDefense","floor":48},{"not_picked":["Sadistic Nature","Specialist"],"picked":"Magnetism","floor":48},{"not_picked":["Run Through+1","Anger+1","Wild Strike+1"],"picked":"SKIP","floor":50}],"player_experience":850446,"relics_obtained":[{"floor":3,"key":"Ring of Misfortune"},{"floor":3,"key":"Ring of Searing"},{"floor":6,"key":"Gremlin Food"},{"floor":9,"key":"Replay:Bandana"},{"floor":14,"key":"FossilizedHelix"},{"floor":24,"key":"ReplayTheSpireMod:TigerMarble"},{"floor":26,"key":"Replay:WaspNest"},{"floor":29,"key":"Shuriken"},{"floor":45,"key":"Nunchaku"},{"floor":46,"key":"Pen Nib"},{"floor":50,"key":"Replay:Bottled Steam"}],"event_choices":[{"damage_healed":0,"gold_gain":0,"cards_transformed":["Strike_R"],"player_choice":"Transformed","damage_taken":0,"max_hp_gain":0,"max_hp_loss":0,"event_name":"Transmorgrifier","floor":7,"gold_loss":0,"cards_obtained":["Reaper"]},{"damage_healed":0,"gold_gain":30,"player_choice":"Searched \u00273\u0027 times","damage_taken":0,"relics_obtained":["Pear"],"max_hp_gain":0,"max_hp_loss":0,"event_name":"Dead Adventurer","floor":12,"gold_loss":0},{"cards_removed":["Looming Evil"],"damage_healed":0,"gold_gain":0,"player_choice":"Forget","damage_taken":0,"max_hp_gain":0,"max_hp_loss":0,"event_name":"Living Wall","floor":13,"gold_loss":0},{"cards_removed":["Strike_R"],"damage_healed":0,"gold_gain":0,"player_choice":"Offered Basic","damage_taken":0,"max_hp_gain":0,"max_hp_loss":0,"event_name":"Bonfire Elementals","floor":19,"gold_loss":0},{"cards_removed":["Reaper"],"damage_healed":0,"gold_gain":0,"player_choice":"Give","damage_taken":0,"max_hp_gain":0,"max_hp_loss":0,"event_name":"betterNote:BetterNote","floor":20,"gold_loss":0,"cards_obtained":["Strike_G"]},{"cards_removed":["Strike_R"],"damage_healed":0,"gold_gain":0,"player_choice":"Gave Gold","damage_taken":0,"max_hp_gain":0,"max_hp_loss":0,"event_name":"Beggar","floor":21,"gold_loss":75},{"cards_removed":["Strike_R"],"damage_healed":0,"gold_gain":0,"player_choice":"Card Removal","damage_taken":0,"max_hp_gain":0,"max_hp_loss":0,"event_name":"Wheel of Change","floor":37,"gold_loss":0},{"cards_removed":["Strike_R"],"damage_healed":0,"gold_gain":0,"player_choice":"Purged","damage_taken":0,"max_hp_gain":0,"max_hp_loss":0,"event_name":"Purifier","floor":39,"gold_loss":0},{"damage_healed":0,"gold_gain":0,"player_choice":"Memory 3","damage_taken":10,"max_hp_gain":0,"max_hp_loss":0,"event_name":"SensoryStone","floor":48,"gold_loss":0}],"is_beta":false,"boss_relics":[{"not_picked":["Replay:Grab Bag","Honey Jar"],"picked":"Replay:Bronze Core"},{"not_picked":["Replay:Ancient Bell","Pandora\u0027s Box"],"picked":"Snecko Eye"}],"items_purged_floors":[30,38,47],"is_endless":false,"potions_floor_spawned":[4,6,10,11,14,24,31,33,43,50],"ascension_level":0}}