{"host":"ix07nhfx4o3nf6kx","time":1613117542,"event":{"mods":["BaseMod","Hermit","Minty Spire (QoL Compilation)","StSLib","The Bug Knight","The Cursed","The Dragon Tamer","The Hierophant","The Jungle","The Runesmith"],"gold_per_floor":[114,114,214,214,227,227,242,251,251,251,276,286,286,286,286,377,427,430,430,470,180,203,203,125,50,74,74,114,114,193,209,209,291,291,326,353,353,361,163,163,184,220,220,75,148,96,96],"floor_reached":46,"language":"KOR","playtime":3377,"items_purged":[],"score":689,"play_id":"2a1c4d5f-8693-4001-8272-141a52f456f4","local_time":"20210212171222","is_ascension_mode":false,"campfire_choices":[{"data":"hierophant:Repentance","floor":6,"key":"SMITH"},{"data":"hierophant:ChurchCoffers","floor":10,"key":"SMITH"},{"floor":15,"key":"REST"},{"floor":23,"key":"REST"},{"floor":29,"key":"REST"},{"floor":32,"key":"REST"},{"floor":40,"key":"REST"}],"circlet_count":0,"master_deck":["hierophant:Strike_Hierophant","hierophant:Strike_Hierophant","hierophant:Punish","hierophant:Defend_Hierophant","hierophant:Defend_Hierophant","hierophant:Defend_Hierophant","hierophant:ChurchCoffers+1","hierophant:Doubloon","hierophant:Charity","hierophant:Repentance+1","hierophant:Patience","hierophant:Exaltation+1","hierophant:Doubloon","hierophant:DivineIntervention+1","hierophant:Endure","hierophant:Doubloon","hierophant:CursedGold","hierophant:PristineSoul+1","hierophant:Doubloon+1","hierophant:Remorse+1","hierophant:Doubloon+1","hierophant:SolarFlare+1","hierophant:Doubloon","hierophant:RecallFunds+1","hierophant:CursedGold+1","hierophant:Doubloon+1","hierophant:Doubloon","hierophant:RecallFunds","hierophant:AuricBeam+1","hierophant:Endure+1","hierophant:DivineIntervention","hierophant:Encroach+1","hierophant:SealAway+1","hierophant:DeathKnell+1","hierophant:Shelter+1","hierophant:Mercenaries+1","hierophant:Doubloon","hierophant:Charity","hierophant:AuricShield","hierophant:EyeForCoin+1","hierophant:WrathOfGod+1","hierophant:HolyVerse+1","hierophant:TollTheBells+1","hierophant:Doubloon","hierophant:Charity+1","hierophant:PristineSoul+1"],"relics":["hierophant:PropheticMaskRelic","Strawberry","HollowMod:StagPassRelic","Regal Pillow","Tiny House","War Paint","Lantern","Astrolabe","Toxic Egg 2","Ancient Tea Set","Pocketwatch"],"acts_visited":["Exordium","TheCity","TheBeyond"],"potions_floor_usage":[16,16,16,22,33,33,45,46,46,46],"damage_taken":[{"damage":12,"enemies":"Jaw Worm","floor":1,"turns":5},{"damage":3,"enemies":"Cultist","floor":5,"turns":5},{"damage":6,"enemies":"2 Louse","floor":7,"turns":2},{"damage":14,"enemies":"Exordium Wildlife","floor":8,"turns":5},{"damage":0,"enemies":"3 Louse","floor":11,"turns":2},{"damage":9,"enemies":"Blue Slaver","floor":12,"turns":4},{"damage":31,"enemies":"Hexaghost","floor":16,"turns":7},{"damage":16,"enemies":"Shell Parasite","floor":18,"turns":5},{"damage":0,"enemies":"3 Byrds","floor":20,"turns":2},{"damage":49,"enemies":"Shelled Parasite and Fungi","floor":22,"turns":6},{"damage":47,"enemies":"Snecko","floor":28,"turns":6},{"damage":0,"enemies":"3 Cultists","floor":30,"turns":2},{"damage":6,"enemies":"Shelled Parasite and Fungi","floor":31,"turns":3},{"damage":37,"enemies":"Collector","floor":33,"turns":7},{"damage":0,"enemies":"3 Darklings","floor":35,"turns":2},{"damage":38,"enemies":"3 Shapes","floor":36,"turns":9},{"damage":22,"enemies":"Writhing Mass","floor":38,"turns":3},{"damage":3,"enemies":"Spire Growth","floor":41,"turns":3},{"damage":13,"enemies":"4 Shapes","floor":42,"turns":1},{"damage":27,"enemies":"2 Orb Walkers","floor":45,"turns":3},{"damage":78,"enemies":"Transient","floor":46,"turns":4}],"seed_played":"-1743809782694452260","potions_obtained":[{"floor":5,"key":"BlessingOfTheForge"},{"floor":8,"key":"Fire Potion"},{"floor":12,"key":"Strength Potion"},{"floor":17,"key":"TwistedElixir"},{"floor":18,"key":"Dexterity Potion"},{"floor":22,"key":"SmokeBomb"},{"floor":28,"key":"BlessingOfTheForge"},{"floor":31,"key":"ColorlessPotion"},{"floor":38,"key":"SteroidPotion"},{"floor":41,"key":"SpeedPotion"},{"floor":45,"key":"Regen Potion"}],"is_trial":false,"path_per_floor":["M","?","?","$","M","R","M","M","T","R","M","M","?","T","R","B",null,"M","?","M","$","M","R","$","?","T","?","M","R","M","M","R","B",null,"M","M","?","M","$","R","M","M","T","$","?","M"],"character_chosen":"HIEROPHANT","items_purchased":["hierophant:Doubloon","hierophant:Remorse","hierophant:SolarFlare","War Paint","hierophant:CursedGold","hierophant:EyeForCoin","hierophant:WrathOfGod","hierophant:HolyVerse","Ancient Tea Set"],"campfire_rested":5,"item_purchase_floors":[21,21,21,21,24,39,39,39,44],"current_hp_per_floor":[70,70,70,70,67,67,61,47,54,54,54,45,33,33,74,43,94,78,78,78,78,29,72,72,72,72,53,6,50,50,44,88,51,99,99,61,61,39,39,83,80,67,67,67,40,0,0],"gold":96,"neow_bonus":"TEN_PERCENT_HP_BONUS","is_daily":false,"chose_seed":false,"campfire_upgraded":2,"win_rate":0.0,"timestamp":1613117542,"path_taken":["M","?","?","$","?","R","M","M","T","R","M","M","?","?","R","BOSS","M","?","M","$","M","R","$","?","T","?","M","R","M","M","R","BOSS","M","M","?","M","$","R","?","M","T","$","?","M"],"items_purchased_type":["Card","Card","Card","Relic","Card","Card","Card","Card","Relic"],"build_version":"2020-12-22","purchased_purges":0,"victory":false,"max_hp_per_floor":[82,82,82,82,82,82,82,82,89,89,89,89,89,89,89,89,94,94,94,94,94,94,94,94,94,94,99,99,99,99,99,99,99,99,99,99,99,99,99,99,99,99,99,99,99,99,99],"card_choices":[{"not_picked":["hierophant:HolyVerse","hierophant:Remorse"],"picked":"hierophant:Charity","floor":1},{"not_picked":["hierophant:Racketeering","hierophant:RepressedViolence"],"picked":"hierophant:Repentance","floor":5},{"not_picked":["hierophant:Repentance","hierophant:Shelter"],"picked":"hierophant:Patience","floor":7},{"not_picked":["hierophant:Purify","hierophant:FieryStrike"],"picked":"hierophant:Exaltation","floor":8},{"not_picked":["hierophant:OrnateBuckler","hierophant:Sermon"],"picked":"hierophant:PassingBell","floor":11},{"not_picked":["hierophant:Smite","hierophant:TollTheBells"],"picked":"hierophant:Doubloon","floor":12},{"not_picked":["hierophant:Cornucopia","hierophant:Batter"],"picked":"hierophant:DivineIntervention","floor":16},{"not_picked":["hierophant:FlamingChariot","hierophant:HammerAndAnvil"],"picked":"hierophant:Endure","floor":17},{"not_picked":["hierophant:Racketeering+1","hierophant:OrnateJavelin"],"picked":"hierophant:CursedGold","floor":18},{"not_picked":["hierophant:DisplayOfPower+1","hierophant:Refuge+1"],"picked":"hierophant:PristineSoul","floor":20},{"not_picked":["hierophant:FlamingChariot","hierophant:Generosity"],"picked":"hierophant:RecallFunds+1","floor":22},{"not_picked":["hierophant:Embezzle","hierophant:OrnateBuckler+1"],"picked":"hierophant:RecallFunds","floor":28},{"not_picked":["hierophant:SealAway","hierophant:Rebuild"],"picked":"hierophant:AuricBeam+1","floor":30},{"not_picked":["hierophant:ArchangelShield","hierophant:FieryStrike"],"picked":"hierophant:Endure+1","floor":31},{"not_picked":["hierophant:DeathKnell","hierophant:BulkyChest"],"picked":"hierophant:DivineIntervention","floor":33},{"not_picked":["hierophant:HammerAndAnvil+1","hierophant:Remorse"],"picked":"hierophant:Shelter+1","floor":35},{"not_picked":["hierophant:RepressedViolence+1","hierophant:RustyCrate"],"picked":"hierophant:Mercenaries+1","floor":36},{"not_picked":["hierophant:DisplayOfPower","hierophant:FieryStrike+1"],"picked":"hierophant:AuricShield","floor":38},{"not_picked":["hierophant:Zeal","hierophant:Sermon+1"],"picked":"hierophant:TollTheBells+1","floor":41},{"not_picked":["hierophant:ConvertCurrency","hierophant:Community"],"picked":"hierophant:Charity+1","floor":42},{"not_picked":["hierophant:Exaltation+1","hierophant:AuricBeam+1"],"picked":"hierophant:PristineSoul+1","floor":45}],"player_experience":245154,"relics_obtained":[{"floor":9,"key":"Strawberry"},{"floor":14,"key":"Regal Pillow"},{"floor":26,"key":"Lantern"},{"floor":43,"key":"Toxic Egg 2"},{"floor":45,"key":"Pocketwatch"}],"event_choices":[{"damage_healed":0,"gold_gain":0,"player_choice":"Ignored","damage_taken":0,"max_hp_gain":0,"max_hp_loss":0,"event_name":"Golden Wing","floor":2,"gold_loss":0},{"damage_healed":0,"gold_gain":100,"player_choice":"Pray","damage_taken":0,"max_hp_gain":0,"max_hp_loss":0,"event_name":"Golden Shrine","floor":3,"gold_loss":0},{"damage_healed":0,"gold_gain":0,"player_choice":"Success","damage_taken":12,"relics_obtained":["HollowMod:StagPassRelic"],"max_hp_gain":0,"max_hp_loss":0,"event_name":"Scrap Ooze","floor":13,"gold_loss":0},{"damage_healed":0,"gold_gain":0,"player_choice":"Ignored","damage_taken":0,"max_hp_gain":0,"max_hp_loss":0,"event_name":"Ghosts","floor":19,"gold_loss":0},{"cards_removed":["hierophant:PassingBell"],"damage_healed":0,"gold_gain":0,"player_choice":"Gave Gold","damage_taken":0,"max_hp_gain":0,"max_hp_loss":0,"event_name":"Beggar","floor":25,"gold_loss":75},{"damage_healed":0,"gold_gain":0,"player_choice":"Shed Blood","damage_taken":24,"max_hp_gain":5,"max_hp_loss":0,"event_name":"Forgotten Altar","floor":27,"gold_loss":0},{"damage_healed":0,"gold_gain":0,"player_choice":"Copied","damage_taken":0,"max_hp_gain":0,"max_hp_loss":0,"event_name":"Duplicator","floor":37,"gold_loss":0,"cards_obtained":["hierophant:Charity"]},{"damage_healed":0,"gold_gain":0,"player_choice":"Fight","damage_taken":0,"max_hp_gain":0,"max_hp_loss":0,"event_name":"Mysterious Sphere","floor":45,"gold_loss":0}],"is_beta":false,"boss_relics":[{"not_picked":["Snecko Eye","Ectoplasm"],"picked":"Tiny House"},{"not_picked":["Sozu","Philosopher\u0027s Stone"],"picked":"Astrolabe"}],"items_purged_floors":[],"is_endless":false,"potions_floor_spawned":[5,8,12,18,22,28,31,38,41,42,45],"killed_by":"Transient","ascension_level":0}}