{"host":"o3b7ow6d1xe49css","time":1613138282,"event":{"mods":["Act Like it!","Aspiration","BaseMod","Bestiary","Better Altar","Better Match","Better Note","Better Sensory Stone","Better Skull","Better Third Choice","Colored Powertips","Conspire","Energized Spire","GifTheSpireLib","Halation","Hermit","Hubris","Infinite Spire","Lobotomy","Marisa????????","Minty Spire (QoL Compilation)","Quick Restart","Rare Cards Sparkle","Relic Filter Mod","Reliquary","Replay The Spire","Spicy Shops","Spikes Relics","Spire Arcade","StSLib","Stuff the Spire","The Blue Laboratory","Wandering Minibosses"],"gold_per_floor":[112,128,138,153,172,172,199,228,251,280,291,324,29,61,61,157,157,117,126,126,126,143,143,173,173,173,202,227,255,255,277,277,384,384,393,411,411,175,27,55,55,55,55,75,75,92,896,898,898,999,999,999,240,268,270],"floor_reached":56,"language":"ENG","playtime":2205,"items_purged":["Strike_G","Pain","Strike_G","Strike_G+1","Madness"],"score":2062,"play_id":"297c32f6-067f-44ea-87f6-afbfd3d7e6ee","local_time":"20210212045802","daily_mods":["Heirloom","Flight"],"is_ascension_mode":true,"campfire_choices":[{"data":"Blade Dance","floor":6,"key":"SMITH"},{"data":"1","floor":15,"key":"LIFT"},{"data":"2","floor":23,"key":"LIFT"},{"data":"3","floor":25,"key":"LIFT"},{"data":"Adrenaline","floor":30,"key":"SMITH"},{"data":"Strike_G","floor":32,"key":"PURGE"},{"data":"Wraith Form v2","floor":41,"key":"SMITH"},{"data":"conspire:PoisonWeapons","floor":45,"key":"SMITH"},{"data":"Madness","floor":49,"key":"SMITH"},{"data":"Blade Dance","floor":52,"key":"SMITH"}],"circlet_count":0,"master_deck":["Defend_G+1","Defend_G+1","Defend_G+1","Defend_G+1","Defend_G+1","Survivor","Neutralize+1","All Out Attack","UniverseFragment","Hidden Blade","Blade Dance+1","Acrobatics","ReplayTheSpireMod:From All Sides","Leg Sweep","Blade Dance","Adrenaline+1","Acrobatics","Dash+1","PiercingWail","conspire:PoisonWeapons+1","Blade Dance+1","Wraith Form v2+1","StuffTheSpire:CelestialWarden","Adrenaline+1","Choke+1","Madness+1","Caltrops","Accuracy"],"relics":["Ring of the Snake","Ring of Chaos","BicycleWheel","CogitoBucket","Vampiric Spirits","Girya","conspire:Boomerang","AspirationHeart","Replay:Wax Seal","Thread and Needle","aspiration:TomeofQuesting","CosmicIsotope","SkinProphecy","Chameleon Ring","infinitespire:Midas Blood","Replay:WaspNest","MealTicket","Durian","halation:PromiseList","hubris:SphereOfDissonance","reliquary:RedCape","DollysMirror","Bag of Preparation","reliquary:JackalopeAntler","TwistedFunnel","Replay:Bottled Eggs","Replay:Mystery Machine","wanderingMiniBosses:MasterThiefsPresence","hubris:TerracottaHorce","Ring of Chaos","infinitespire:Golems Mask","Turnip","reliquary:Knoch","Replay:Towering Pillar of Hats"],"acts_visited":["Exordium","TheCity","TheBeyond","Exordium","TheEnding"],"potions_floor_usage":[7,7,12,19,31,35,35,55],"damage_taken":[{"damage":1,"enemies":"Jaw Worm","floor":1,"turns":6},{"damage":0,"enemies":"2 Louse","floor":2,"turns":4},{"damage":0,"enemies":"Cultist","floor":3,"turns":2},{"damage":1,"enemies":"Blue Slaver","floor":4,"turns":4},{"damage":0,"enemies":"Large Slime","floor":5,"turns":5},{"damage":10,"enemies":"3 Sentries","floor":7,"turns":2},{"damage":9,"enemies":"Lagavulin","floor":8,"turns":10},{"damage":4,"enemies":"Gremlin Nob","floor":10,"turns":3},{"damage":3,"enemies":"3 Louse","floor":11,"turns":4},{"damage":0,"enemies":"3 Sentries","floor":12,"turns":2},{"damage":8,"enemies":"Gremlin Nob","floor":14,"turns":3},{"damage":0,"enemies":"The Guardian","floor":16,"turns":10},{"damage":17,"enemies":"3 Byrds","floor":18,"turns":6},{"damage":8,"enemies":"2 Thieves","floor":19,"turns":5},{"damage":0,"enemies":"Cultist and Chosen","floor":22,"turns":4},{"damage":0,"enemies":"Gremlin Leader","floor":24,"turns":3},{"damage":0,"enemies":"Book of Stabbing","floor":27,"turns":4},{"damage":1,"enemies":"Gremlin Leader","floor":28,"turns":4},{"damage":0,"enemies":"Nightmare","floor":29,"turns":4},{"damage":0,"enemies":"Book of Stabbing","floor":31,"turns":2},{"damage":7,"enemies":"Collector","floor":33,"turns":4},{"damage":0,"enemies":"Orb Walker","floor":35,"turns":4},{"damage":0,"enemies":"3 Darklings","floor":36,"turns":3},{"damage":0,"enemies":"Nightmare","floor":40,"turns":2},{"damage":0,"enemies":"R_Hoarder","floor":44,"turns":2},{"damage":0,"enemies":"Maw","floor":46,"turns":5},{"damage":0,"enemies":"Jaw Worm Horde","floor":47,"turns":4},{"damage":0,"enemies":"Replay:Hell Engine","floor":50,"turns":3},{"damage":0,"enemies":"Shield and Spear","floor":54,"turns":3},{"damage":1,"enemies":"The Heart","floor":55,"turns":5}],"seed_played":"-337713559412154787","potions_obtained":[{"floor":1,"key":"blueLaboratory:RememoryPotion"},{"floor":2,"key":"BlessingOfTheForge"},{"floor":10,"key":"blueLaboratory:BottleOfVodka"},{"floor":11,"key":"Fire Potion"},{"floor":14,"key":"blueLaboratory:LouseDecoction"},{"floor":19,"key":"blueLaboratory:NullPotion"},{"floor":27,"key":"SkillPotion"},{"floor":28,"key":"CunningPotion"},{"floor":31,"key":"CunningPotion"},{"floor":40,"key":"conspire:TimeTravelPotion"},{"floor":44,"key":"blueLaboratory:CorrosionFlask"},{"floor":47,"key":"blueLaboratory:StoneskinPotion"},{"floor":50,"key":"Fire Potion"}],"is_trial":true,"path_per_floor":["M","M","M","M","M","R","E","E","T","E","M","E","$","E","R","B",null,"M","M","?","AVR","M","R","E","R","T","E","E","NM","R","E","R","B",null,"M","M","?","$","$","NM","R","AVR","T","E","R","M","M","?","R","B",null,"R","$","E","B",null],"character_chosen":"THE_SILENT","items_purchased":["Thread and Needle","DollysMirror","Bag of Preparation","infinitespire:Golems Mask","Turnip","reliquary:Knoch","Caltrops"],"campfire_rested":0,"item_purchase_floors":[13,38,39,53,53,53,53],"current_hp_per_floor":[69,69,69,68,68,68,58,49,49,53,61,62,62,54,54,62,76,59,52,52,52,54,54,60,60,60,62,78,85,85,87,87,92,97,103,105,105,105,105,107,107,107,107,109,109,111,107,93,93,104,114,114,115,117,118],"gold":270,"neow_bonus":"","is_daily":false,"chose_seed":false,"campfire_upgraded":6,"win_rate":0.0,"timestamp":1613138282,"path_taken":["M","M","M","M","M","R","E","E","T","E","M","E","$","E","R","BOSS","M","M","?","AVR","M","R","E","R","T","E","E","NM","R","E","R","BOSS","M","M","?","$","$","NM","R","AVR","T","E","R","M","M","?","R","BOSS","R","$","E","BOSS"],"items_purchased_type":["Relic","Relic","Relic","Relic","Relic","Relic","Card"],"build_version":"2020-12-22","purchased_purges":5,"victory":true,"max_hp_per_floor":[70,70,70,70,70,70,70,70,70,70,80,80,80,80,80,80,80,80,80,80,80,82,82,84,84,84,86,93,95,95,97,97,99,99,103,105,105,105,105,107,107,107,107,109,109,111,113,113,113,115,115,115,115,117,119],"card_choices":[{"not_picked":["StuffTheSpire:Sprint","Hidden Blade"],"picked":"All Out Attack","floor":1},{"not_picked":["MHz","Wellcheers","Bloodbath"],"picked":"Singing Bowl","floor":1},{"not_picked":["Murderer","MHz"],"picked":"UniverseFragment","floor":1},{"not_picked":["Venomology","Dodge and Roll"],"picked":"Hidden Blade","floor":2},{"not_picked":["Scarecrow","FairyFestival","HeroicMonk"],"picked":"Singing Bowl","floor":2},{"not_picked":["PiercingWail","Predator"],"picked":"Blade Dance","floor":3},{"not_picked":["MeatLantern","Woodsman","BeautyBeast"],"picked":"Singing Bowl","floor":3},{"not_picked":["Backflip","Slice"],"picked":"Acrobatics","floor":4},{"not_picked":["Cloak And Dagger","Poisoned Stab"],"picked":"ReplayTheSpireMod:From All Sides","floor":5},{"not_picked":["Wellcheers","OSAHOGD","Murderer"],"picked":"Singing Bowl","floor":5},{"not_picked":["StuffTheSpire:Fury","StuffTheSpire:Shiver"],"picked":"Leg Sweep","floor":7},{"not_picked":["FairyFestival","OldLady","SnowQueen"],"picked":"Singing Bowl","floor":8},{"not_picked":["Poison Darts","StuffTheSpire:Injection","infinitespire:Neurotoxin"],"picked":"SKIP","floor":8},{"not_picked":["Outmaneuver","hubris:SlightOfHand"],"picked":"Blade Dance","floor":10},{"not_picked":["Porccubus","Rudolta","FairyFestival"],"picked":"Singing Bowl","floor":10},{"not_picked":["MeatLantern","Porccubus","Scorched"],"picked":"Singing Bowl","floor":11},{"not_picked":["ReplayTheSpireMod:Shiv Toss","StuffTheSpire:BumpUp","Masterful Stab"],"picked":"SKIP","floor":11},{"not_picked":["Outmaneuver","Setup"],"picked":"Adrenaline","floor":12},{"not_picked":["Hidden Blade","Sucker Punch","StuffTheSpire:Python"],"picked":"SKIP","floor":14},{"not_picked":["Alriune","Wellcheers","LittlePrince"],"picked":"Singing Bowl","floor":16},{"not_picked":["StuffTheSpire:ClusterCrunch","Flying Knee"],"picked":"Acrobatics","floor":18},{"not_picked":["HeroicMonk","GalaxyChild","Yin"],"picked":"Singing Bowl","floor":18},{"not_picked":["LongBird","QueenBee","BeautyBeast"],"picked":"Singing Bowl","floor":19},{"not_picked":["Footwork","Sucker Punch+1","StuffTheSpire:Injection"],"picked":"SKIP","floor":19},{"not_picked":["Envenom","StuffTheSpire:Python"],"picked":"Dash+1","floor":22},{"not_picked":["Hidden Blade","Masterful Stab"],"picked":"PiercingWail","floor":24},{"not_picked":["Bane+1","Calculated Gamble","Heel Hook+1"],"picked":"SKIP","floor":27},{"not_picked":["Slice","Pace"],"picked":"conspire:PoisonWeapons","floor":28},{"not_picked":["Slice","Glass Knife","ReplayTheSpireMod:Exploit Weakness"],"picked":"SKIP","floor":29},{"not_picked":["Slice","Glass Knife","ReplayTheSpireMod:Exploit Weakness"],"picked":"SKIP","floor":29},{"not_picked":["Outmaneuver","Quick Slash"],"picked":"Blade Dance","floor":31},{"not_picked":["OSAHOGD","Alriune","Laetitia"],"picked":"Singing Bowl","floor":31},{"not_picked":["Venomology","ReplayTheSpireMod:Necrosis"],"picked":"Wraith Form v2","floor":33},{"not_picked":["CrumblingArmor","VoidDream","QueenBee"],"picked":"Singing Bowl","floor":35},{"not_picked":["Hidden Blade","Heel Hook+1","StuffTheSpire:Incantation"],"picked":"SKIP","floor":35},{"not_picked":["StuffTheSpire:Fury+1","Acrobatics","Slice"],"picked":"SKIP","floor":36},{"not_picked":["Mercenary","NothingThere","Woodsman"],"picked":"Singing Bowl","floor":36},{"not_picked":["StuffTheSpire:Fury+1","Acrobatics","Slice"],"picked":"SKIP","floor":36},{"not_picked":["StuffTheSpire:Brawn","StuffTheSpire:Perfection"],"picked":"StuffTheSpire:CelestialWarden","floor":37},{"not_picked":["Dagger Throw","Eviscerate","StuffTheSpire:BumpUp+1"],"picked":"SKIP","floor":40},{"not_picked":["Underhanded Strike","Escape Plan+1","ReplayTheSpireMod:Speed Training+1"],"picked":"SKIP","floor":44},{"not_picked":["hubris:TrickCloak+1","StuffTheSpire:Injection+1","Hidden Blade"],"picked":"SKIP","floor":46},{"not_picked":["Deflect","Deadly Poison"],"picked":"Choke+1","floor":47},{"not_picked":["Masterful Stab+1","PiercingWail"],"picked":"Accuracy","floor":54}],"player_experience":1380608,"relics_obtained":[{"floor":7,"key":"Vampiric Spirits"},{"floor":8,"key":"Girya"},{"floor":9,"key":"Whetstone"},{"floor":10,"key":"conspire:Boomerang"},{"floor":12,"key":"Replay:Wax Seal"},{"floor":14,"key":"aspiration:TomeofQuesting"},{"floor":24,"key":"infinitespire:Midas Blood"},{"floor":26,"key":"Replay:WaspNest"},{"floor":27,"key":"MealTicket"},{"floor":28,"key":"Durian"},{"floor":29,"key":"halation:PromiseList"},{"floor":31,"key":"hubris:SphereOfDissonance"},{"floor":40,"key":"reliquary:JackalopeAntler"},{"floor":43,"key":"Replay:Bottled Eggs"},{"floor":44,"key":"Replay:Mystery Machine"},{"floor":47,"key":"wanderingMiniBosses:MasterThiefsPresence"},{"floor":54,"key":"Replay:Towering Pillar of Hats"}],"event_choices":[{"damage_healed":0,"gold_gain":0,"player_choice":"Ignored","damage_taken":0,"max_hp_gain":0,"max_hp_loss":0,"event_name":"betterNote:BetterNote","floor":20,"gold_loss":0,"cards_obtained":["Strike_R"]},{"damage_healed":0,"gold_gain":0,"player_choice":"Embrace Madness","damage_taken":14,"max_hp_gain":0,"max_hp_loss":0,"event_name":"Winding Halls","floor":48,"gold_loss":0,"cards_obtained":["Madness","Madness"]}],"is_beta":false,"boss_relics":[{"not_picked":["halation:ForbiddenBikini","Snecko Eye"],"picked":"CosmicIsotope"},{"not_picked":["conspire:SlowCooker","Fusion Hammer"],"picked":"reliquary:RedCape"},{"not_picked":["SacredBark","HoveringKite"],"picked":"hubris:TerracottaHorce"}],"items_purged_floors":[21,38,38,42,53],"is_endless":true,"potions_floor_spawned":[1,2,10,11,14,19,27,28,29,31,40,44,47,50,55],"ascension_level":10}}