{"host":"sian7qp8a9pc9xwd","time":1613101299,"event":{"mods":["BaseMod","Minty Spire (QoL Compilation)","StSLib","SuperFastMode"],"gold_per_floor":[111,128,128,128,142,142,142,166,166,180,194,215,490,510,510,629,629,650,201,224,28,41,41,65,65,65,65,65,65,164,39,39,165,165,178,178,241,91,114,137,137,155,155,488,504,504,524,524,524],"floor_reached":48,"language":"ENG","playtime":2062,"items_purged":["Regret","Strike_P","Shame","Defend_P"],"score":666,"play_id":"10ff335f-eca4-4f17-8f44-b8617310d9bc","local_time":"20210211224139","is_ascension_mode":true,"campfire_choices":[{"data":"Eruption","floor":6.0,"key":"SMITH"},{"data":"TalkToTheHand","floor":15.0,"key":"SMITH"},{"data":"Scrawl","floor":23.0,"key":"SMITH"},{"floor":25.0,"key":"REST"},{"data":"Pray","floor":27.0,"key":"SMITH"},{"data":"Thinking Ahead","floor":32.0,"key":"SMITH"},{"data":"SpiritShield","floor":46.0,"key":"SMITH"}],"circlet_count":0,"master_deck":["Strike_P+1","Strike_P","Strike_P","Defend_P","Defend_P","Defend_P","Eruption+1","Vigilance","Conclude+1","Evaluate","TalkToTheHand+1","Scrawl+1","FlurryOfBlows","Thinking Ahead+1","Trip","Pray+1","JustLucky+1","SpiritShield+1","JustLucky+1","Finesse","Good Instincts","Regret","Decay","JustLucky"],"relics":["PureWater","Incense Burner","CaptainsWheel","Cursed Key","MealTicket","WingedGreaves","Busted Crown","Turnip","Art of War","Pear"],"acts_visited":["Exordium","TheCity","TheBeyond"],"potions_floor_usage":[48],"damage_taken":[{"damage":2.0,"enemies":"Small Slimes","floor":1.0,"turns":2.0},{"damage":0.0,"enemies":"2 Louse","floor":2.0,"turns":5.0},{"damage":1.0,"enemies":"Cultist","floor":5.0,"turns":3.0},{"damage":0.0,"enemies":"2 Fungi Beasts","floor":8.0,"turns":2.0},{"damage":0.0,"enemies":"Lots of Slimes","floor":10.0,"turns":1.0},{"damage":9.0,"enemies":"Large Slime","floor":11.0,"turns":3.0},{"damage":3.0,"enemies":"3 Louse","floor":12.0,"turns":2.0},{"damage":4.0,"enemies":"2 Fungi Beasts","floor":14.0,"turns":3.0},{"damage":4.0,"enemies":"Slime Boss","floor":16.0,"turns":7.0},{"damage":3.0,"enemies":"Shell Parasite","floor":18.0,"turns":4.0},{"damage":13.0,"enemies":"2 Thieves","floor":20.0,"turns":2.0},{"damage":1.0,"enemies":"Sentry and Sphere","floor":22.0,"turns":3.0},{"damage":48.0,"enemies":"Cultist and Chosen","floor":24.0,"turns":10.0},{"damage":28.0,"enemies":"Champ","floor":33.0,"turns":10.0},{"damage":14.0,"enemies":"3 Darklings","floor":35.0,"turns":3.0},{"damage":0.0,"enemies":"Mind Bloom Boss Battle","floor":37.0,"turns":3.0},{"damage":1.0,"enemies":"3 Shapes","floor":40.0,"turns":3.0},{"damage":4.0,"enemies":"Jaw Worm Horde","floor":42.0,"turns":4.0},{"damage":3.0,"enemies":"Spire Growth","floor":45.0,"turns":3.0},{"damage":3.0,"enemies":"3 Darklings","floor":47.0,"turns":6.0},{"damage":66,"enemies":"Nemesis","floor":48,"turns":6}],"seed_played":"-2724109039809272581","potions_obtained":[{"floor":1.0,"key":"BottledMiracle"},{"floor":7.0,"key":"StancePotion"},{"floor":7.0,"key":"SneckoOil"},{"floor":7.0,"key":"Explosive Potion"},{"floor":12.0,"key":"Dexterity Potion"},{"floor":16.0,"key":"DuplicationPotion"},{"floor":22.0,"key":"EssenceOfSteel"},{"floor":33.0,"key":"EssenceOfSteel"},{"floor":37.0,"key":"Block Potion"},{"floor":45.0,"key":"Ambrosia"},{"floor":47.0,"key":"FearPotion"}],"is_trial":false,"path_per_floor":["M","M","?","?","M","R","?","M","T","M","M","M","?","M","R","B",null,"M","$","M","$","M","R","M","R","T","R","?","$","?","$","R","B",null,"M","?","?","$","T","M","?","M","T","?","M","R","M","E"],"character_chosen":"WATCHER","items_purchased":["FlurryOfBlows","Thinking Ahead","MealTicket","Trip"],"campfire_rested":1,"item_purchase_floors":[19,19,19,21],"current_hp_per_floor":[63,63,50,34,33,33,33,33,33,33,24,21,21,17,17,13,52,49,49,36,51,50,50,2,21,21,21,21,36,36,51,51,23,55,41,31,31,46,46,45,65,61,71,71,68,68,65,0,0],"gold":524,"neow_bonus":"ONE_RARE_RELIC","is_daily":false,"chose_seed":false,"campfire_upgraded":6,"win_rate":0.0,"timestamp":1613101299,"path_taken":["M","M","?","?","M","R","?","?","T","M","M","M","?","?","R","BOSS","M","?","M","$","M","R","M","R","T","R","?","$","?","$","R","BOSS","M","?","?","$","?","?","?","?","T","?","M","R","M","E"],"items_purchased_type":["Card","Card","Relic","Card"],"build_version":"2020-12-22","purchased_purges":4,"victory":false,"max_hp_per_floor":[65,65,65,65,65,65,65,65,65,65,65,65,65,65,65,65,65,65,65,65,65,65,65,65,65,65,65,65,65,65,65,65,65,65,65,65,65,65,65,65,65,65,75,75,75,75,75,75,75],"card_choices":[{"not_picked":["WaveOfTheHand","Weave","ClearTheMind"],"picked":"SKIP","floor":1.0},{"not_picked":["JustLucky","SignatureMove"],"picked":"Conclude","floor":2.0},{"not_picked":["ReachHeaven","Wireheading","SashWhip"],"picked":"SKIP","floor":5.0},{"not_picked":["ClearTheMind","SashWhip","Wallop"],"picked":"SKIP","floor":8.0},{"not_picked":["ThirdEye","SashWhip","Swivel"],"picked":"SKIP","floor":10.0},{"not_picked":["Meditate","ThirdEye"],"picked":"Evaluate","floor":11.0},{"not_picked":["FlyingSleeves","ConjureBlade"],"picked":"TalkToTheHand","floor":12.0},{"not_picked":["BowlingBash","ThirdEye","CrushJoints"],"picked":"SKIP","floor":14.0},{"not_picked":["MasterReality","Judgement"],"picked":"Scrawl","floor":16.0},{"not_picked":["ThirdEye","EmptyBody","CrushJoints+1"],"picked":"SKIP","floor":18.0},{"not_picked":["WaveOfTheHand","BowlingBash","Judgement"],"picked":"SKIP","floor":20.0},{"not_picked":["ThirdEye","Prostrate"],"picked":"Pray","floor":22.0},{"not_picked":["BowlingBash","Study"],"picked":"JustLucky+1","floor":24.0},{"not_picked":["Blasphemy","Devotion"],"picked":"SpiritShield","floor":33.0},{"not_picked":[],"picked":"JustLucky+1","floor":35.0},{"not_picked":[],"picked":"Finesse","floor":36.0},{"not_picked":[],"picked":"Good Instincts","floor":36.0},{"not_picked":["Sanctity"],"picked":"SKIP","floor":40.0},{"not_picked":["FlyingSleeves+1"],"picked":"SKIP","floor":42.0},{"not_picked":[],"picked":"JustLucky","floor":45.0},{"not_picked":["Adaptation+1"],"picked":"SKIP","floor":47.0}],"player_experience":962035,"relics_obtained":[{"floor":9.0,"key":"CaptainsWheel"},{"floor":26.0,"key":"WingedGreaves"},{"floor":37.0,"key":"Turnip"},{"floor":39.0,"key":"Art of War"},{"floor":43.0,"key":"Pear"}],"event_choices":[{"damage_healed":0.0,"max_hp_gain":0.0,"max_hp_loss":0.0,"gold_gain":0.0,"event_name":"Shining Light","player_choice":"Entered Light","floor":3.0,"gold_loss":0.0,"damage_taken":13.0,"cards_upgraded":["Strike_P","Conclude"]},{"damage_healed":0.0,"max_hp_gain":0.0,"max_hp_loss":0.0,"gold_gain":0.0,"event_name":"Golden Idol","player_choice":"Take Damage","floor":4.0,"gold_loss":0.0,"damage_taken":16.0,"relics_obtained":["Golden Idol"]},{"damage_healed":0.0,"max_hp_gain":0.0,"max_hp_loss":0.0,"gold_gain":0.0,"event_name":"Lab","player_choice":"Got Potions","floor":7.0,"gold_loss":0.0,"damage_taken":0.0},{"damage_healed":0.0,"max_hp_gain":0.0,"max_hp_loss":0.0,"gold_gain":275.0,"event_name":"Golden Shrine","player_choice":"Desecrate","floor":13.0,"gold_loss":0.0,"damage_taken":0.0,"cards_obtained":["Regret"]},{"damage_healed":0.0,"max_hp_gain":0.0,"max_hp_loss":0.0,"gold_gain":99.0,"event_name":"Nest","player_choice":"Stole From Cult","floor":30.0,"gold_loss":0.0,"damage_taken":0.0},{"damage_healed":0.0,"max_hp_gain":0.0,"max_hp_loss":0.0,"gold_gain":0.0,"event_name":"SensoryStone","player_choice":"Memory 3","floor":36.0,"gold_loss":0.0,"damage_taken":10.0},{"damage_healed":0.0,"max_hp_gain":0.0,"max_hp_loss":0.0,"gold_gain":0.0,"event_name":"MindBloom","player_choice":"Fight","floor":37.0,"gold_loss":0.0,"damage_taken":0.0},{"damage_healed":20.0,"max_hp_gain":0.0,"max_hp_loss":0.0,"gold_gain":0.0,"event_name":"Wheel of Change","player_choice":"Full Heal","floor":41.0,"gold_loss":0.0,"damage_taken":0.0},{"damage_healed":0.0,"max_hp_gain":0.0,"max_hp_loss":0.0,"gold_gain":333.0,"event_name":"The Moai Head","player_choice":"Gave Idol","floor":44.0,"relics_lost":["Golden Idol"],"gold_loss":0.0,"damage_taken":0.0}],"is_beta":false,"boss_relics":[{"not_picked":["Runic Dome","Tiny House"],"picked":"Cursed Key"},{"not_picked":["HolyWater","Calling Bell"],"picked":"Busted Crown"}],"items_purged_floors":[19,21,31,38],"is_endless":false,"potions_floor_spawned":[1,12,14,16,22,33,37,45,47],"killed_by":"Nemesis","ascension_level":6}}