{"host":"d8cz15m779bv9isj","time":1613124173,"event":{"mods":["Aspiration","BaseMod","Colored Map","Colored Powertips","DeckTracker","Downfall","Hermit","Highlight Path","Hubris","Infinite Spire","Minty Spire (QoL Compilation)","Quick Restart","Random Character Button","Relic Sorter","Replay The Spire","StSLib","SuperFastMode","Synergy Search","The Cursed","The Disciple","The Jungle","The Runesmith"],"gold_per_floor":[111,111,111,126,51,51,82,96,121,136,151,181,356,369,369,472,472,490,490,490,504,80,80,124,124,124,157,38,50,66,66,66,66,66],"floor_reached":33,"language":"ENG","playtime":779,"items_purged":["Strike_P","Strike_P"],"score":350,"play_id":"669483d4-3472-4d2f-a4a5-c636acd77d0f","local_time":"20210212110253","is_ascension_mode":false,"campfire_choices":[{"data":"DeceiveReality","floor":6,"key":"SMITH"},{"data":"Vigilance","floor":15,"key":"SMITH"},{"floor":23,"key":"REST"},{"floor":32,"key":"REST"}],"circlet_count":0,"master_deck":["Strike_P","Strike_P","Defend_P","Defend_P","Defend_P","Defend_P","Eruption+1","Vigilance+1","DeceiveReality+1","Injury","FollowUp+1","CrushJoints+1","EmptyFist+1","TalkToTheHand+1","Doubt","FollowUp+1","Ragnarok+1","SandsOfTime+1","WheelKick+1","WheelKick+1","ReachHeaven+1","FollowUp+1","SandsOfTime+1","TalkToTheHand+1"],"relics":["PureWater","NeowsBlessing","Molten Egg 2","Juzu Bracelet","Replay:Mystery Machine","Replay:Kaleidoscope","hubris:HollowSoul","Bottled Flame","Gambling Chip","hubris:AstralHammer","infinitespire:Lucky Rock","Vajra"],"acts_visited":["Exordium","TheCity"],"potions_floor_usage":[12,30,33,33],"damage_taken":[{"damage":0,"enemies":"Cultist","floor":1,"turns":1},{"damage":0,"enemies":"Small Slimes","floor":4,"turns":1},{"damage":0,"enemies":"3 Sentries","floor":7,"turns":1},{"damage":0,"enemies":"2 Louse","floor":8,"turns":1},{"damage":0,"enemies":"2 Fungi Beasts","floor":10,"turns":3},{"damage":0,"enemies":"Blue Slaver","floor":11,"turns":3},{"damage":1,"enemies":"Replay:BlueRogue","floor":12,"turns":4},{"damage":1,"enemies":"Looter","floor":14,"turns":4},{"damage":0,"enemies":"Slime Boss","floor":16,"turns":3},{"damage":6,"enemies":"Spheric Guardian","floor":18,"turns":4},{"damage":20,"enemies":"2 Thieves","floor":21,"turns":3},{"damage":12,"enemies":"Book of Stabbing","floor":27,"turns":4},{"damage":4,"enemies":"Chosen and Byrds","floor":29,"turns":5},{"damage":28,"enemies":"Centurion and Healer","floor":30,"turns":4},{"damage":24,"enemies":"Automaton","floor":33,"turns":4}],"seed_played":"-2689586014115489533","potions_obtained":[{"floor":1,"key":"LifebloodPotion"},{"floor":4,"key":"BlessingOfTheForge"},{"floor":11,"key":"hexamod:SoulburnPotion"},{"floor":14,"key":"PowerPotion"},{"floor":18,"key":"Swift Potion"}],"is_trial":false,"path_per_floor":["M","?","?","M","$","R","E","M","T","M","M","E","?","M","R","B",null,"M","?","?","M","$","R","?","?","T","E","$","M","M","T","R","B"],"character_chosen":"WATCHER","items_purchased":["WheelKick+1","Bottled Flame","FollowUp+1","SandsOfTime+1"],"campfire_rested":2,"item_purchase_floors":[22,22,28,28],"current_hp_per_floor":[72,72,72,72,72,72,72,72,72,72,72,71,71,70,70,70,72,66,66,69,49,49,71,53,53,53,41,41,37,9,9,31,0,0],"gold":66,"neow_bonus":"THREE_ENEMY_KILL","is_daily":false,"chose_seed":false,"campfire_upgraded":2,"win_rate":0.0,"timestamp":1613124173,"path_taken":["M","?","?","?","$","R","E","M","T","M","M","E","?","M","R","BOSS","M","?","?","M","$","R","?","?","T","E","$","M","M","?","R","BOSS"],"items_purchased_type":["Card","Relic","Card","Card"],"build_version":"2020-12-22","purchased_purges":2,"victory":false,"max_hp_per_floor":[72,72,72,72,72,72,72,72,72,72,72,72,72,72,72,72,72,72,72,75,75,75,75,75,75,75,75,75,75,75,75,75,75,75],"card_choices":[{"not_picked":["SashWhip","CutThroughFate"],"picked":"DeceiveReality","floor":1},{"not_picked":["Replay:BluntJabs+1","DeceiveReality"],"picked":"FollowUp+1","floor":4},{"not_picked":["Replay:AtTheReady","Prostrate"],"picked":"CrushJoints+1","floor":7},{"not_picked":["Replay:AtTheReady","Collect"],"picked":"EmptyFist+1","floor":8},{"not_picked":["LikeWater","Replay:ManipulateFuture","Evaluate"],"picked":"SKIP","floor":10},{"not_picked":["Crescendo","Prostrate","Replay:BluntJabs+1"],"picked":"SKIP","floor":11},{"not_picked":["Judgement","WaveOfTheHand"],"picked":"TalkToTheHand+1","floor":12},{"not_picked":["Halt","PathToVictory"],"picked":"FollowUp+1","floor":14},{"not_picked":["Brilliance+1","DeusExMachina"],"picked":"Ragnarok+1","floor":16},{"not_picked":["Protect","FlyingSleeves+1","EmptyBody"],"picked":"SKIP","floor":18},{"not_picked":["SignatureMove+1","Replay:BluntJabs+1"],"picked":"SandsOfTime+1","floor":21},{"not_picked":["Sanctity","Prostrate"],"picked":"WheelKick+1","floor":24},{"not_picked":["PathToVictory","Replay:AtTheReady"],"picked":"ReachHeaven+1","floor":27},{"not_picked":["Nirvana+1","Replay:ManipulateFuture","Replay:AtTheReady"],"picked":"SKIP","floor":29},{"not_picked":["Replay:Battleflow+1","Crescendo"],"picked":"TalkToTheHand+1","floor":30}],"player_experience":251169,"relics_obtained":[{"floor":7,"key":"Juzu Bracelet"},{"floor":9,"key":"Replay:Mystery Machine"},{"floor":12,"key":"Replay:Kaleidoscope"},{"floor":24,"key":"Gambling Chip"},{"floor":26,"key":"hubris:AstralHammer"},{"floor":27,"key":"infinitespire:Lucky Rock"},{"floor":31,"key":"Vajra"}],"event_choices":[{"damage_healed":0,"gold_gain":0,"player_choice":"Forge","damage_taken":0,"max_hp_gain":0,"max_hp_loss":0,"event_name":"Accursed Blacksmith","floor":3,"gold_loss":0,"cards_upgraded":["Eruption"]},{"damage_healed":0,"gold_gain":175,"player_choice":"AGREE","damage_taken":0,"max_hp_gain":0,"max_hp_loss":0,"event_name":"Liars Game","floor":13,"gold_loss":0,"cards_obtained":["Doubt"]},{"damage_healed":0,"gold_gain":0,"player_choice":"Ignored","damage_taken":0,"max_hp_gain":0,"max_hp_loss":0,"event_name":"Vampires","floor":19,"gold_loss":0}],"is_beta":false,"boss_relics":[{"not_picked":["Astrolabe","Replay:Ancient Bell"],"picked":"hubris:HollowSoul"}],"items_purged_floors":[5,22],"is_endless":false,"potions_floor_spawned":[1,4,11,14,18],"killed_by":"Automaton","ascension_level":0}}