{"host":"raaimkojny05jekw","time":1613123604,"event":{"mods":["AchievementEnabler","BaseMod","Colored Map","Colored Powertips","DeckTracker","Minty Spire (QoL Compilation)","Quick Restart","Rare Cards Sparkle","everything is the same but u backflip on backflip"],"gold_per_floor":[110,110,39,39,50,50,60,60,84,118,133,58,89,89,89,193,193,212,212,245,245,264,264,289,189,189,189,202,202,218,234,234,338,338,352,111,122,122,122,154,154,168,168,168,182,22,39,39,39,39,39,39,17,47,47,47],"floor_reached":55,"language":"KOR","playtime":1940,"items_purged":["Corruption","Strike_R+1"],"score":838,"play_id":"5c820bdd-145c-4bb3-805e-d58f75a42f4f","local_time":"20210212185324","is_ascension_mode":true,"campfire_choices":[{"data":"Immolate","floor":6,"key":"SMITH"},{"data":"Bash","floor":8,"key":"SMITH"},{"data":"Metallicize","floor":15,"key":"SMITH"},{"data":"Limit Break","floor":23,"key":"SMITH"},{"data":"Heavy Blade","floor":29,"key":"SMITH"},{"data":"J.A.X.","floor":32,"key":"SMITH"},{"floor":41,"key":"REST"},{"floor":44,"key":"RECALL"},{"data":"Berserk","floor":49,"key":"SMITH"},{"data":"Forethought","floor":52,"key":"SMITH"}],"circlet_count":0,"master_deck":["Strike_R+1","Strike_R+1","Strike_R+1","Defend_R+1","Defend_R+1","Defend_R+1","Defend_R+1","Bash+1","Battle Trance+1","Immolate+1","Thunderclap","Flex","Metallicize+1","Rage","Headbutt","Limit Break+1","Rage+1","J.A.X.+1","Warcry+1","Brutality+1","Heavy Blade+1","Juggernaut","Berserk+1","True Grit+1","Madness","Madness","Disarm","Pommel Strike+1","Rupture","Forethought+1","Sentinel+1","Shrug It Off","Fire Breathing+1"],"relics":["Burning Blood","Anchor","Mummified Hand","Gremlin Horn","Centennial Puzzle","Sozu","Red Mask","Bag of Marbles","Pear","Philosopher\u0027s Stone","Kunai","Self Forming Clay","Orichalcum"],"acts_visited":["Exordium","TheCity","TheBeyond","TheEnding"],"potions_floor_usage":[10,16,18],"damage_taken":[{"damage":7,"enemies":"Jaw Worm","floor":1,"turns":3},{"damage":1,"enemies":"Cultist","floor":5,"turns":3},{"damage":0,"enemies":"Small Slimes","floor":7,"turns":1},{"damage":32,"enemies":"Lagavulin","floor":10,"turns":4},{"damage":0,"enemies":"3 Louse","floor":11,"turns":2},{"damage":21,"enemies":"Gremlin Nob","floor":13,"turns":4},{"damage":37,"enemies":"The Guardian","floor":16,"turns":8},{"damage":0,"enemies":"2 Thieves","floor":18,"turns":2},{"damage":0,"enemies":"Masked Bandits","floor":20,"turns":1},{"damage":0,"enemies":"Shell Parasite","floor":22,"turns":3},{"damage":15,"enemies":"Book of Stabbing","floor":24,"turns":4},{"damage":5,"enemies":"Cultist and Chosen","floor":28,"turns":3},{"damage":9,"enemies":"Snecko","floor":30,"turns":4},{"damage":1,"enemies":"Centurion and Healer","floor":31,"turns":2},{"damage":17,"enemies":"Automaton","floor":33,"turns":5},{"damage":4,"enemies":"3 Shapes","floor":35,"turns":5},{"damage":13,"enemies":"3 Darklings","floor":37,"turns":3},{"damage":49,"enemies":"Reptomancer","floor":40,"turns":4},{"damage":7,"enemies":"Maw","floor":42,"turns":5},{"damage":4,"enemies":"Transient","floor":45,"turns":5},{"damage":19,"enemies":"Spire Growth","floor":47,"turns":3},{"damage":76,"enemies":"Time Eater","floor":50,"turns":8},{"damage":24,"enemies":"Shield and Spear","floor":54,"turns":5},{"damage":65,"enemies":"The Heart","floor":55,"turns":3}],"seed_played":"7953436087345341222","potions_obtained":[{"floor":1,"key":"FearPotion"},{"floor":11,"key":"ColorlessPotion"},{"floor":16,"key":"Fire Potion"}],"is_trial":false,"path_per_floor":["M","?","$","?","M","R","M","R","T","E","M","$","E","T","R","B",null,"M","?","?","?","M","R","E","$","T","?","M","R","M","M","R","B",null,"M","$","M","?","?","E","R","M","T","R","M","$","M","?","R","B",null,"R","$","E","B"],"character_chosen":"IRONCLAD","items_purchased":["Immolate","Kunai","Rupture","Forethought","Shrug It Off"],"campfire_rested":1,"item_purchase_floors":[3,36,46,46,53],"current_hp_per_floor":[79,63,63,63,68,68,74,74,74,48,54,54,39,39,39,8,80,80,80,80,80,80,80,71,71,81,81,82,82,79,84,84,73,90,90,90,83,72,72,29,56,55,55,55,57,57,44,79,79,9,79,79,79,61,0,0],"gold":47,"neow_bonus":"ONE_RANDOM_RARE_CARD","is_daily":false,"chose_seed":false,"campfire_upgraded":8,"win_rate":0.0,"timestamp":1613123604,"path_taken":["M","?","$","?","?","R","?","R","T","E","M","$","E","?","R","BOSS","M","?","?","?","M","R","E","$","T","?","M","R","M","M","R","BOSS","M","$","?","?","?","E","R","M","T","R","M","$","?","?","R","BOSS","R","$","E","BOSS"],"items_purchased_type":["Card","Relic","Card","Card","Card"],"build_version":"2020-12-22","purchased_purges":2,"victory":false,"max_hp_per_floor":[80,80,80,80,80,80,80,80,80,80,80,80,80,80,80,80,80,80,80,80,80,80,80,80,80,90,90,90,90,90,90,90,90,90,90,90,90,90,90,90,90,90,90,90,90,90,90,79,79,79,79,79,79,79,79,79],"card_choices":[{"not_picked":["Thunderclap","Hemokinesis"],"picked":"Battle Trance","floor":1},{"not_picked":["Cleave","Combust"],"picked":"Thunderclap","floor":5},{"not_picked":["Anger","Cleave"],"picked":"Flex","floor":7},{"not_picked":["Blood for Blood","True Grit"],"picked":"Metallicize","floor":10},{"not_picked":["Corruption","Rampage"],"picked":"Rage","floor":11},{"not_picked":["Iron Wave","Second Wind"],"picked":"Headbutt","floor":13},{"not_picked":["Offering","Fiend Fire"],"picked":"Limit Break","floor":16},{"not_picked":["Perfected Strike+1","Sever Soul"],"picked":"Rage+1","floor":18},{"not_picked":["Sword Boomerang+1","Headbutt"],"picked":"Warcry+1","floor":20},{"not_picked":["Flex","True Grit"],"picked":"Brutality","floor":22},{"not_picked":["Blood for Blood","Flex","Warcry"],"picked":"SKIP","floor":24},{"not_picked":["Bloodletting+1","Warcry+1"],"picked":"Heavy Blade","floor":28},{"not_picked":["Anger","Intimidate"],"picked":"Juggernaut","floor":30},{"not_picked":["Reckless Charge","Shrug It Off","Infernal Blade"],"picked":"SKIP","floor":31},{"not_picked":["Bludgeon","Demon Form"],"picked":"Berserk","floor":33},{"not_picked":["Blood for Blood+1","Headbutt","Flex"],"picked":"SKIP","floor":35},{"not_picked":["Blood for Blood","Clothesline+1"],"picked":"True Grit+1","floor":37},{"not_picked":["Sentinel","True Grit"],"picked":"Disarm","floor":40},{"not_picked":["Clothesline","Perfected Strike+1","Pommel Strike"],"picked":"SKIP","floor":42},{"not_picked":["Sword Boomerang+1","Uppercut"],"picked":"Pommel Strike+1","floor":45},{"not_picked":["Armaments+1","Sword Boomerang"],"picked":"Sentinel+1","floor":47},{"not_picked":["Reckless Charge","Fire Breathing+1","Combust+1"],"picked":"SKIP","floor":54},{"not_picked":["Reckless Charge","Combust+1"],"picked":"Fire Breathing+1","floor":54}],"player_experience":741023,"relics_obtained":[{"floor":9,"key":"Anchor"},{"floor":10,"key":"Mummified Hand"},{"floor":13,"key":"Gremlin Horn"},{"floor":14,"key":"Centennial Puzzle"},{"floor":20,"key":"Red Mask"},{"floor":24,"key":"Bag of Marbles"},{"floor":26,"key":"Pear"},{"floor":40,"key":"Self Forming Clay"},{"floor":54,"key":"Orichalcum"}],"event_choices":[{"damage_healed":0,"gold_gain":0,"player_choice":"Entered Light","damage_taken":16,"max_hp_gain":0,"max_hp_loss":0,"event_name":"Shining Light","floor":2,"gold_loss":0,"cards_upgraded":["Strike_R","Battle Trance"]},{"cards_removed":["Strike_R"],"damage_healed":0,"gold_gain":0,"player_choice":"Purged","damage_taken":0,"max_hp_gain":0,"max_hp_loss":0,"event_name":"Purifier","floor":4,"gold_loss":0},{"damage_healed":0,"gold_gain":0,"player_choice":"Obtain J.A.X.","damage_taken":0,"max_hp_gain":0,"max_hp_loss":0,"event_name":"Drug Dealer","floor":19,"gold_loss":0,"cards_obtained":["J.A.X."]},{"damage_healed":0,"gold_gain":0,"player_choice":"Fought Bandits","damage_taken":0,"max_hp_gain":0,"max_hp_loss":0,"event_name":"Masked Bandits","floor":20,"gold_loss":0},{"damage_healed":0,"gold_gain":0,"player_choice":"Simplicity","damage_taken":0,"max_hp_gain":0,"max_hp_loss":0,"event_name":"Back to Basics","floor":21,"gold_loss":0,"cards_upgraded":["Strike_R","Strike_R","Strike_R","Defend_R","Defend_R","Defend_R","Defend_R"]},{"damage_healed":0,"gold_gain":0,"player_choice":"Upgraded","damage_taken":0,"max_hp_gain":0,"max_hp_loss":0,"event_name":"Upgrade Shrine","floor":27,"gold_loss":0,"cards_upgraded":["Brutality"]},{"damage_healed":0,"gold_gain":0,"player_choice":"Embrace Madness","damage_taken":11,"max_hp_gain":0,"max_hp_loss":0,"event_name":"Winding Halls","floor":38,"gold_loss":0,"cards_obtained":["Madness","Madness"]},{"damage_healed":0,"gold_gain":0,"player_choice":"Ignored","damage_taken":0,"max_hp_gain":0,"max_hp_loss":0,"event_name":"SecretPortal","floor":39,"gold_loss":0},{"damage_healed":79,"gold_gain":0,"player_choice":"Heal","damage_taken":0,"max_hp_gain":0,"max_hp_loss":11,"event_name":"The Moai Head","floor":48,"gold_loss":0}],"is_beta":false,"boss_relics":[{"not_picked":["Ectoplasm","Tiny House"],"picked":"Sozu"},{"not_picked":["Runic Cube","SacredBark"],"picked":"Philosopher\u0027s Stone"}],"items_purged_floors":[12,25],"is_endless":false,"potions_floor_spawned":[1,11,16,18,20,28,35,37,45,47,54],"killed_by":"The Heart","ascension_level":4}}