{"host":"3jjxuhjpio8e4zkv","time":1613166462,"event":{"mods":["BaseMod","Colored Map","Highlight Path","Minty Spire (QoL Compilation)","Permanent Neow","Relic Stats","StSLib"],"gold_per_floor":[114,114,114,129,129,129,167,167,216,249,249,89,112,130,130,224,224,243,278,302,327,327,327,19,42,66,79,105,105,146,160,160,259,259,280,293,293,293,638,684,723,782,839,871,120,132,132,150,150,150,150,150,150,9,43,43],"floor_reached":57,"language":"ENG","playtime":3013,"items_purged":["Strike_G","Strike_G+1","Strike_G+1","Strike_G+1"],"score":2770,"play_id":"f5ec385f-49ef-4c35-8e4a-d49fcc906409","local_time":"20210212164742","is_ascension_mode":true,"campfire_choices":[{"data":"Neutralize","floor":6.0,"key":"SMITH"},{"data":"Endless Agony","floor":8.0,"key":"SMITH"},{"floor":11.0,"key":"REST"},{"data":"Eviscerate","floor":15.0,"key":"SMITH"},{"data":"Dagger Spray","floor":23.0,"key":"SMITH"},{"data":"Tools of the Trade","floor":32.0,"key":"SMITH"},{"floor":47,"key":"RECALL"},{"data":"Footwork","floor":49,"key":"SMITH"},{"floor":53,"key":"REST"}],"circlet_count":0,"master_deck":["AscendersBane","Defend_G+1","Defend_G+1","Defend_G+1","Defend_G+1","Defend_G+1","Survivor","Neutralize+1","Dagger Throw","Infinite Blades","Injury","Acrobatics","Endless Agony+1","Eviscerate+1","Dagger Spray+1","Backstab","Acrobatics","Tools of the Trade+1","Finisher+1","Prepared+1","Noxious Fumes","Backflip","Well Laid Plans","Acrobatics+1","Tools of the Trade","PanicButton","Trip+1","Secret Weapon","Reflex","Malaise+1","Footwork+1","Dodge and Roll+1","Panacea+1","Parasite","Calculated Gamble+1","Outmaneuver+1","Good Instincts+1","Deflect+1"],"relics":["Ring of the Snake","Du-Vu Doll","Pen Nib","Bag of Marbles","Smiling Mask","Gambling Chip","HoveringKite","Red Mask","Akabeko","Vajra","Tiny Chest","Runic Pyramid","MawBank","Lantern","Tough Bandages","War Paint","Toxic Egg 2","The Specimen"],"acts_visited":["Exordium","TheCity","TheBeyond","TheEnding"],"potions_floor_usage":[56,56],"damage_taken":[{"damage":1.0,"enemies":"2 Louse","floor":1.0,"turns":3.0},{"damage":0.0,"enemies":"Small Slimes","floor":4.0,"turns":4.0},{"damage":14.0,"enemies":"Lagavulin","floor":7.0,"turns":8.0},{"damage":12.0,"enemies":"3 Sentries","floor":10.0,"turns":8.0},{"damage":0.0,"enemies":"Jaw Worm","floor":13.0,"turns":1.0},{"damage":0.0,"enemies":"Exordium Wildlife","floor":14.0,"turns":1.0},{"damage":7.0,"enemies":"The Guardian","floor":16.0,"turns":5.0},{"damage":0.0,"enemies":"3 Byrds","floor":18.0,"turns":2.0},{"damage":0.0,"enemies":"Masked Bandits","floor":19.0,"turns":1.0},{"damage":3.0,"enemies":"2 Thieves","floor":20.0,"turns":3.0},{"damage":0.0,"enemies":"Snecko","floor":21.0,"turns":2.0},{"damage":0.0,"enemies":"Chosen and Byrds","floor":25.0,"turns":1.0},{"damage":0.0,"enemies":"Snake Plant","floor":27.0,"turns":2.0},{"damage":0.0,"enemies":"Gremlin Leader","floor":30.0,"turns":1.0},{"damage":0.0,"enemies":"3 Cultists","floor":31.0,"turns":1.0},{"damage":22.0,"enemies":"Automaton","floor":33.0,"turns":7.0},{"damage":0.0,"enemies":"3 Darklings","floor":35.0,"turns":5.0},{"damage":0.0,"enemies":"3 Shapes","floor":36.0,"turns":1.0},{"damage":0.0,"enemies":"Nemesis","floor":40.0,"turns":3.0},{"damage":0,"enemies":"2 Orb Walkers","floor":42,"turns":2},{"damage":0,"enemies":"Spire Growth","floor":44,"turns":1},{"damage":0,"enemies":"Writhing Mass","floor":46,"turns":5},{"damage":0,"enemies":"Maw","floor":48,"turns":4},{"damage":15,"enemies":"Donu and Deca","floor":50,"turns":9},{"damage":25,"enemies":"Time Eater","floor":51,"turns":13},{"damage":0,"enemies":"Shield and Spear","floor":55,"turns":8},{"damage":6,"enemies":"The Heart","floor":56,"turns":12}],"seed_played":"-4455346443838468545","potions_obtained":[{"floor":1.0,"key":"BlessingOfTheForge"},{"floor":4.0,"key":"Energy Potion"},{"floor":16.0,"key":"SpeedPotion"},{"floor":19.0,"key":"Strength Potion"},{"floor":30.0,"key":"CultistPotion"}],"is_trial":false,"path_per_floor":["M","?","?","M","?","R","E","R","T","E","R","$","M","M","R","B",null,"M","?","M","M","?","R","$","M","T","M","T","?","E","M","R","B",null,"M","M","?","T","?","E","T","?","T","M","$","M","R","M","R","B","B",null,"R","$","E","B",null],"character_chosen":"THE_SILENT","items_purchased":["Dagger Spray","Swift Potion","Akabeko","DuplicationPotion","Toxic Egg 2","Malaise+1","Footwork","Dodge and Roll+1","Panacea+1","SpeedPotion","Good Instincts+1"],"campfire_rested":2,"item_purchase_floors":[12,12,24,24,45,45,45,45,45,45,54],"current_hp_per_floor":[58,58,58,58,32,32,18,18,18,6,24,24,24,24,24,17,49,49,49,46,46,46,46,46,46,46,46,46,46,46,46,46,24,51,51,51,41,41,41,41,41,41,41,41,41,41,41,41,41,26,1,45,60,60,60,54],"gold":43,"neow_bonus":"ONE_RARE_RELIC","is_daily":false,"chose_seed":false,"campfire_upgraded":6,"win_rate":0.0,"timestamp":1613166462,"path_taken":["M","?","?","M","?","R","E","R","T","E","R","$","M","M","R","BOSS","M","?","M","M","?","R","?","?","T","?","?","?","E","M","R","BOSS","M","M","?","?","?","E","?","?","T","M","$","?","R","M","R","BOSS","BOSS","R","$","E","BOSS"],"items_purchased_type":["Card","Potion","Relic","Potion","Relic","Card","Card","Card","Card","Potion","Card"],"build_version":"2020-12-22","purchased_purges":4,"victory":true,"max_hp_per_floor":[60,60,60,60,60,60,60,60,60,60,60,60,60,60,60,60,60,60,60,60,60,60,60,60,60,60,60,60,60,60,60,60,60,60,60,60,60,60,60,60,60,60,60,60,60,60,60,60,60,60,60,60,60,60,60,60],"relic_stats":{"Tough Bandages":[597],"counters":[27,113],"Gambling Chip":[91],"HoveringKite":[75],"Tiny Chest":1,"Pen Nib":[27],"War Paint":["Acrobatics","Trip"],"Smiling Mask":250,"MawBank":84,"obtain_stats":[{"Lantern":41,"The Specimen":55,"Golden Idol":3,"HoveringKite":17,"Vajra":28,"Pen Nib":5,"War Paint":43,"Smiling Mask":9,"MawBank":38,"Akabeko":24,"Du-Vu Doll":0,"Tough Bandages":42,"Gambling Chip":10,"Tiny Chest":30,"Bag of Marbles":7,"Red Mask":19,"Toxic Egg 2":45,"Ring of the Snake":0,"Runic Pyramid":34},{"Lantern":19,"The Specimen":26,"Golden Idol":1,"HoveringKite":7,"Vajra":13,"Pen Nib":2,"War Paint":20,"Smiling Mask":3,"MawBank":18,"Akabeko":11,"Du-Vu Doll":0,"Tough Bandages":20,"Gambling Chip":4,"Tiny Chest":14,"Bag of Marbles":3,"Red Mask":9,"Toxic Egg 2":21,"Ring of the Snake":0,"Runic Pyramid":16},{"Lantern":59,"The Specimen":101,"Golden Idol":3,"HoveringKite":30,"Vajra":41,"Pen Nib":7,"War Paint":61,"Smiling Mask":15,"MawBank":56,"Akabeko":38,"Du-Vu Doll":0,"Tough Bandages":61,"Gambling Chip":23,"Tiny Chest":42,"Bag of Marbles":15,"Red Mask":33,"Toxic Egg 2":62,"Ring of the Snake":0,"Runic Pyramid":50}],"Ring of the Snake":[56]},"card_choices":[{"not_picked":["Underhanded Strike","Accuracy"],"picked":"Dagger Throw","floor":1.0},{"not_picked":["Reflex","Setup"],"picked":"Acrobatics","floor":4.0},{"not_picked":["Underhanded Strike","Dash"],"picked":"Endless Agony","floor":7.0},{"not_picked":["Setup","Deflect"],"picked":"Eviscerate","floor":10.0},{"not_picked":["Blade Dance","Heel Hook"],"picked":"Backstab","floor":13.0},{"not_picked":["Flying Knee","Infinite Blades"],"picked":"Acrobatics","floor":14.0},{"not_picked":["A Thousand Cuts","Burst"],"picked":"Tools of the Trade","floor":16.0},{"not_picked":["Deadly Poison","Bane"],"picked":"Finisher+1","floor":18.0},{"not_picked":["Endless Agony","Backflip"],"picked":"Prepared+1","floor":19.0},{"not_picked":["Distraction","Dodge and Roll"],"picked":"Noxious Fumes","floor":20.0},{"not_picked":["Prepared","Dagger Throw","Distraction"],"picked":"SKIP","floor":21.0},{"not_picked":["Slice","Heel Hook","Dagger Throw"],"picked":"SKIP","floor":25.0},{"not_picked":["Sucker Punch","Crippling Poison"],"picked":"Backflip","floor":27.0},{"not_picked":["Expertise","Caltrops"],"picked":"Well Laid Plans","floor":30.0},{"not_picked":["Deflect","Slice"],"picked":"Acrobatics","floor":31.0},{"not_picked":["Storm of Steel","A Thousand Cuts"],"picked":"Tools of the Trade","floor":33.0},{"not_picked":["Dash","Bane","Underhanded Strike"],"picked":"SKIP","floor":35.0},{"not_picked":["Skewer","Bouncing Flask","Concentrate"],"picked":"SKIP","floor":36.0},{"not_picked":["Finesse","Mind Blast"],"picked":"PanicButton","floor":37.0},{"not_picked":["HandOfGreed","Finesse"],"picked":"Trip","floor":37.0},{"not_picked":["HandOfGreed","Discovery"],"picked":"Secret Weapon","floor":37.0},{"not_picked":["Well Laid Plans+1","Slice"],"picked":"Reflex","floor":40},{"not_picked":["Outmaneuver","Sucker Punch","Prepared"],"picked":"SKIP","floor":44},{"not_picked":["Outmaneuver","Sucker Punch","Prepared"],"picked":"SKIP","floor":44},{"not_picked":["Setup+1","Accuracy"],"picked":"Calculated Gamble+1","floor":46},{"not_picked":["Sucker Punch","Backstab"],"picked":"Outmaneuver+1","floor":48},{"not_picked":["Crippling Poison+1","Masterful Stab"],"picked":"Deflect+1","floor":55}],"player_experience":1273260,"relics_obtained":[{"floor":7.0,"key":"Bag of Marbles"},{"floor":9.0,"key":"Smiling Mask"},{"floor":10.0,"key":"Gambling Chip"},{"floor":19.0,"key":"Red Mask"},{"floor":28.0,"key":"Vajra"},{"floor":30.0,"key":"Tiny Chest"},{"floor":38.0,"key":"MawBank"},{"floor":41,"key":"Lantern"},{"floor":42,"key":"Tough Bandages"},{"floor":43,"key":"War Paint"},{"floor":55,"key":"The Specimen"}],"event_choices":[{"damage_healed":0.0,"max_hp_gain":0.0,"max_hp_loss":0.0,"gold_gain":0.0,"cards_transformed":["Strike_G"],"event_name":"Living Wall","player_choice":"Change","floor":2.0,"gold_loss":0.0,"damage_taken":0.0,"cards_obtained":["Infinite Blades"]},{"damage_healed":0.0,"max_hp_gain":0.0,"max_hp_loss":0.0,"gold_gain":0.0,"event_name":"Golden Idol","player_choice":"Take Wound","floor":3.0,"gold_loss":0.0,"damage_taken":0.0,"relics_obtained":["Golden Idol"],"cards_obtained":["Injury"]},{"damage_healed":0.0,"max_hp_gain":0.0,"max_hp_loss":0.0,"gold_gain":0.0,"event_name":"Scrap Ooze","player_choice":"Success","floor":5.0,"gold_loss":0.0,"damage_taken":26.0,"relics_obtained":["Pen Nib"]},{"damage_healed":0.0,"max_hp_gain":0.0,"max_hp_loss":0.0,"gold_gain":0.0,"event_name":"Masked Bandits","player_choice":"Fought Bandits","floor":19.0,"gold_loss":0.0,"damage_taken":0.0},{"damage_healed":0.0,"max_hp_gain":0.0,"max_hp_loss":0.0,"gold_gain":0.0,"event_name":"Back to Basics","player_choice":"Simplicity","floor":22.0,"gold_loss":0.0,"damage_taken":0.0,"cards_upgraded":["Strike_G","Strike_G","Strike_G","Defend_G","Defend_G","Defend_G","Defend_G","Defend_G"]},{"damage_healed":0.0,"max_hp_gain":0.0,"max_hp_loss":0.0,"gold_gain":0.0,"event_name":"Vampires","player_choice":"Ignored","floor":29.0,"gold_loss":0.0,"damage_taken":0.0},{"damage_healed":0.0,"max_hp_gain":0.0,"max_hp_loss":0.0,"gold_gain":0.0,"event_name":"SensoryStone","player_choice":"Memory 3","floor":37.0,"gold_loss":0.0,"damage_taken":10.0},{"damage_healed":0.0,"max_hp_gain":0.0,"max_hp_loss":0.0,"gold_gain":333.0,"event_name":"The Moai Head","player_choice":"Gave Idol","floor":39.0,"relics_lost":["Golden Idol"],"gold_loss":0.0,"damage_taken":0.0},{"damage_healed":0,"gold_gain":0,"player_choice":"Fight","damage_taken":0,"max_hp_gain":0,"max_hp_loss":0,"event_name":"Mysterious Sphere","floor":42,"gold_loss":0}],"is_beta":false,"boss_relics":[{"not_picked":["Runic Dome","SlaversCollar"],"picked":"HoveringKite"},{"not_picked":["Philosopher\u0027s Stone","Fusion Hammer"],"picked":"Runic Pyramid"}],"items_purged_floors":[12,24,45,54],"is_endless":false,"potions_floor_spawned":[1,4,16,19,25,30,35,36,42,46],"ascension_level":20}}