{"host":"7ij4m6ehapfophuy","time":1613163379,"event":{"mods":["BaseMod","Bestiary","Curses Come First","Filter the Spire","Minty Spire (QoL Compilation)","Relic Stats","StSLib","ojb\u0027s Better Paths Mod"],"gold_per_floor":[110,185,202,4,22,52,52,68,91,123,123,150,161,188,188,263,263,274,274,274,274,274],"floor_reached":21,"language":"ENG","playtime":1501,"items_purged":[],"score":414,"play_id":"658d2aa8-3083-4564-b952-acf5070ae1f9","local_time":"20210212155619","is_ascension_mode":true,"campfire_choices":[{"floor":7.0,"key":"REST"},{"floor":11.0,"key":"REST"},{"data":"Streamline","floor":15.0,"key":"SMITH"}],"circlet_count":0,"master_deck":["AscendersBane","Strike_B","Strike_B","Strike_B","Strike_B","Defend_B","Defend_B","Defend_B","Defend_B","Zap+1","Dualcast","Sweeping Beam","Rebound","Undo","Rebound","Melter","Cold Snap","Streamline+1","Auto Shields","Chill","Coolheaded+1","Coolheaded","Machine Learning","Ghostly","Ghostly","Ghostly"],"relics":["SlaversCollar","Dream Catcher","Centennial Puzzle","Regal Pillow","Smiling Mask","War Paint","Nuclear Battery"],"acts_visited":["Exordium","TheCity"],"potions_floor_usage":[21,21],"damage_taken":[{"damage":9.0,"enemies":"Small Slimes","floor":1.0,"turns":4.0},{"damage":4.0,"enemies":"Jaw Worm","floor":3.0,"turns":6.0},{"damage":0.0,"enemies":"2 Louse","floor":5.0,"turns":2.0},{"damage":30.0,"enemies":"Lagavulin","floor":6.0,"turns":7.0},{"damage":8.0,"enemies":"Blue Slaver","floor":8.0,"turns":4.0},{"damage":3.0,"enemies":"3 Sentries","floor":10.0,"turns":5.0},{"damage":20.0,"enemies":"Gremlin Nob","floor":12.0,"turns":4.0},{"damage":1.0,"enemies":"Gremlin Gang","floor":13.0,"turns":4.0},{"damage":13.0,"enemies":"3 Sentries","floor":14.0,"turns":5.0},{"damage":13.0,"enemies":"Slime Boss","floor":16.0,"turns":6.0},{"damage":17,"enemies":"2 Thieves","floor":18,"turns":4},{"damage":35,"enemies":"3 Byrds","floor":21,"turns":6}],"seed_played":"1071414988093100857","potions_obtained":[{"floor":1.0,"key":"SteroidPotion"},{"floor":8.0,"key":"LiquidMemories"},{"floor":10.0,"key":"ColorlessPotion"},{"floor":13.0,"key":"Weak Potion"}],"is_trial":false,"path_per_floor":["M","?","M","$","M","E","R","M","T","E","R","E","M","E","R","B",null,"M","?","?","M"],"character_chosen":"DEFECT","items_purchased":["Rebound","PowerPotion","Undo"],"campfire_rested":2,"item_purchase_floors":[4,4,4],"current_hp_per_floor":[55,44,40,40,40,10,31,23,23,20,56,36,35,22,22,9,56,39,39,35,0,0],"gold":274,"neow_bonus":"BOSS_RELIC","is_daily":false,"chose_seed":false,"campfire_upgraded":1,"win_rate":0.0,"timestamp":1613163379,"path_taken":["M","?","M","$","M","E","R","M","T","E","R","E","M","E","R","BOSS","M","?","?","M"],"items_purchased_type":["Card","Potion","Card"],"build_version":"2020-12-22","purchased_purges":0,"victory":false,"max_hp_per_floor":[71,71,71,71,71,71,71,71,71,71,71,71,71,71,71,71,71,71,71,35,35,35],"relic_stats":{"Dream Catcher":2,"Centennial Puzzle":[21],"Regal Pillow":15,"counters":[12,57],"War Paint":["Coolheaded","Zap"],"Smiling Mask":0,"obtain_stats":[{"SlaversCollar":0,"Dream Catcher":6,"Centennial Puzzle":9,"Regal Pillow":10,"War Paint":14,"Cracked Core":0,"Smiling Mask":12,"Nuclear Battery":17},{"SlaversCollar":0,"Dream Catcher":4,"Centennial Puzzle":5,"Regal Pillow":6,"War Paint":9,"Cracked Core":0,"Smiling Mask":7,"Nuclear Battery":10},{"SlaversCollar":0,"Dream Catcher":19,"Centennial Puzzle":23,"Regal Pillow":28,"War Paint":41,"Cracked Core":0,"Smiling Mask":32,"Nuclear Battery":47}]},"card_choices":[{"not_picked":["Aggregate","Turbo","Barrage"],"picked":"SKIP","floor":1.0},{"not_picked":["Storm","Reprogram"],"picked":"Sweeping Beam","floor":3.0},{"not_picked":["Redo","Barrage"],"picked":"Rebound","floor":5.0},{"not_picked":["Coolheaded","Hologram"],"picked":"Melter","floor":6.0},{"not_picked":["Reinforced Body","Force Field"],"picked":"Cold Snap","floor":7.0},{"not_picked":["Multi-Cast","Static Discharge","Sweeping Beam"],"picked":"SKIP","floor":8.0},{"not_picked":["Go for the Eyes","Fusion"],"picked":"Streamline","floor":10.0},{"not_picked":["Turbo","Force Field"],"picked":"Auto Shields","floor":11.0},{"not_picked":["Cold Snap","Beam Cell"],"picked":"Chill","floor":12.0},{"not_picked":["Barrage","Turbo"],"picked":"Coolheaded","floor":13.0},{"not_picked":["Cold Snap","Tempest"],"picked":"Coolheaded","floor":14.0},{"not_picked":["Thunder Strike","Meteor Strike"],"picked":"Machine Learning","floor":16.0},{"not_picked":["Rebound+1","BootSequence+1","Ball Lightning"],"picked":"SKIP","floor":18}],"player_experience":1107369,"relics_obtained":[{"floor":6.0,"key":"Dream Catcher"},{"floor":9.0,"key":"Centennial Puzzle"},{"floor":10.0,"key":"Regal Pillow"},{"floor":12.0,"key":"Smiling Mask"},{"floor":14.0,"key":"War Paint"}],"event_choices":[{"damage_healed":0.0,"max_hp_gain":0.0,"max_hp_loss":0.0,"gold_gain":75.0,"event_name":"World of Goop","player_choice":"Gather Gold","floor":2.0,"gold_loss":0.0,"damage_taken":11.0},{"damage_healed":0,"gold_gain":0,"player_choice":"Ignored","damage_taken":0,"max_hp_gain":0,"max_hp_loss":0,"event_name":"The Mausoleum","floor":19,"gold_loss":0},{"damage_healed":0,"gold_gain":0,"player_choice":"Became a Ghost","damage_taken":0,"max_hp_gain":0,"max_hp_loss":36,"event_name":"Ghosts","floor":20,"gold_loss":0,"cards_obtained":["Ghostly","Ghostly","Ghostly"]}],"is_beta":false,"boss_relics":[{"not_picked":["Philosopher\u0027s Stone","SacredBark"],"picked":"Nuclear Battery"}],"items_purged_floors":[],"is_endless":false,"potions_floor_spawned":[1,8,10,13,16],"killed_by":"3 Byrds","ascension_level":20}}