{"host":"3qkmyeoym75lj4wn","time":1613159030,"event":{"mods":["2.2 Compatiblity","BaseMod","Block Reminder","Colored Powertips","Highlight Path","Minty Spire (QoL Compilation)","Permanent Neow","Potion Indicator Mod","Rare Cards Sparkle","Relic Stats","StSLib","Unceasing Turn Reminder"],"gold_per_floor":[118,138,138,161,34,59,59,74,74,108,119,119,139,156,156,229,229,246,261,158,174,134,161,178,178,202,51,51,71,71,85,85,164,164,180,180,191,216,216,251,29,57,57,57,57,84,98,98,98,98,98,98,98,45,45,45],"floor_reached":55,"language":"ENG","playtime":2082,"items_purged":["Strike_P"],"score":2020,"play_id":"b0d9f72f-c019-4e98-99fc-f39081e73a7f","local_time":"20210212194350","is_ascension_mode":true,"campfire_choices":[{"floor":7.0,"key":"REST"},{"data":"Adaptation","floor":12.0,"key":"SMITH"},{"data":"Vengeance","floor":15.0,"key":"SMITH"},{"floor":25.0,"key":"REST"},{"floor":30.0,"key":"RECALL"},{"data":"Devotion","floor":32.0,"key":"SMITH"},{"data":"Ragnarok","floor":45.0,"key":"SMITH"},{"data":"Wish","floor":49.0,"key":"SMITH"},{"floor":53,"key":"REST"}],"circlet_count":0,"master_deck":["AscendersBane","Strike_P","Strike_P","Defend_P","Defend_P","Defend_P","Defend_P","Eruption+1","Vigilance","Halt","CrushJoints","Adaptation+1","CutThroughFate","EmptyFist","Consecrate","Vengeance+1","DeusExMachina","Indignation","SandsOfTime","Devotion+1","Tantrum","DevaForm","FearNoEvil","Protect","FollowUp","Ragnarok+1","Perseverance","Meditate","Finesse","Jack Of All Trades","Wish+1"],"relics":["PureWater","Matryoshka","Happy Flower","Oddly Smooth Stone","Mercury Hourglass","Nunchaku","Bird Faced Urn","Bottled Tornado","SlaversCollar","Potion Belt","Mummified Hand","Blood Vial","MutagenicStrength","Black Star","Prayer Wheel","Kunai","Smiling Mask","OrangePellets","Molten Egg 2","Vajra","Du-Vu Doll","Lantern","Toy Ornithopter"],"acts_visited":["Exordium","TheCity","TheBeyond","TheEnding"],"potions_floor_usage":[51],"damage_taken":[{"damage":0.0,"enemies":"Cultist","floor":1.0,"turns":4.0},{"damage":0.0,"enemies":"Jaw Worm","floor":2.0,"turns":4.0},{"damage":21.0,"enemies":"Gremlin Nob","floor":6.0,"turns":4.0},{"damage":0.0,"enemies":"2 Louse","floor":8.0,"turns":1.0},{"damage":0.0,"enemies":"Lagavulin","floor":10.0,"turns":2.0},{"damage":6.0,"enemies":"Gremlin Gang","floor":11.0,"turns":2.0},{"damage":5.0,"enemies":"Looter","floor":13.0,"turns":2.0},{"damage":5.0,"enemies":"Red Slaver","floor":14.0,"turns":2.0},{"damage":39.0,"enemies":"The Guardian","floor":16.0,"turns":8.0},{"damage":12.0,"enemies":"Shell Parasite","floor":18.0,"turns":3.0},{"damage":10.0,"enemies":"Chosen","floor":19.0,"turns":3.0},{"damage":1.0,"enemies":"3 Cultists","floor":21.0,"turns":3.0},{"damage":1.0,"enemies":"Slavers","floor":23.0,"turns":4.0},{"damage":12.0,"enemies":"Shelled Parasite and Fungi","floor":24.0,"turns":2.0},{"damage":1.0,"enemies":"Centurion and Healer","floor":29.0,"turns":4.0},{"damage":11.0,"enemies":"Snake Plant","floor":31.0,"turns":3.0},{"damage":33.0,"enemies":"Collector","floor":33.0,"turns":5.0},{"damage":0.0,"enemies":"Orb Walker","floor":35.0,"turns":2.0},{"damage":0.0,"enemies":"3 Shapes","floor":37.0,"turns":2.0},{"damage":0.0,"enemies":"Mind Bloom Boss Battle","floor":38.0,"turns":2.0},{"damage":0.0,"enemies":"Reptomancer","floor":40.0,"turns":2.0},{"damage":4.0,"enemies":"Nemesis","floor":42.0,"turns":5.0},{"damage":11.0,"enemies":"Giant Head","floor":46.0,"turns":4.0},{"damage":2.0,"enemies":"Transient","floor":47.0,"turns":6.0},{"damage":46.0,"enemies":"Donu and Deca","floor":50.0,"turns":5.0},{"damage":40,"enemies":"Time Eater","floor":51,"turns":6},{"damage":67,"enemies":"Shield and Spear","floor":55,"turns":2}],"seed_played":"-2184564315569892050","potions_obtained":[{"floor":1.0,"key":"SkillPotion"},{"floor":2.0,"key":"CultistPotion"},{"floor":6.0,"key":"SneckoOil"},{"floor":18.0,"key":"EssenceOfSteel"},{"floor":22.0,"key":"Ambrosia"},{"floor":22.0,"key":"SneckoOil"},{"floor":22.0,"key":"Swift Potion"},{"floor":29.0,"key":"SteroidPotion"},{"floor":31.0,"key":"DistilledChaos"},{"floor":33.0,"key":"Regen Potion"},{"floor":37.0,"key":"EntropicBrew"},{"floor":40.0,"key":"Dexterity Potion"},{"floor":42.0,"key":"StancePotion"},{"floor":46.0,"key":"Swift Potion"}],"is_trial":false,"path_per_floor":["M","M","?","T","$","E","R","M","T","E","M","R","M","M","R","B",null,"M","M","?","M","?","E","M","R","T","$","?","M","R","M","R","B",null,"M","?","M","?","?","E","$","E","T","?","R","E","M","T","R","B","B",null,"R","$","E"],"character_chosen":"WATCHER","items_purchased":["Adaptation","CutThroughFate","FearNoEvil","PowerPotion","ColorlessPotion","OrangePellets","SteroidPotion"],"campfire_rested":3,"item_purchase_floors":[5,5,27,27,27,41,54],"current_hp_per_floor":[61,61,56,56,56,35,55,55,55,57,53,53,50,47,47,10,54,44,36,36,37,37,38,28,48,48,48,48,53,53,50,50,27,58,62,62,68,68,65,65,65,65,65,55,55,52,56,56,56,42,15,53,65,65,0,0],"gold":45,"neow_bonus":"UPGRADE_CARD","is_daily":false,"chose_seed":false,"campfire_upgraded":5,"win_rate":0.0,"timestamp":1613159030,"path_taken":["M","M","?","?","$","E","R","M","T","E","M","R","M","?","R","BOSS","M","M","?","?","?","E","?","R","T","$","?","M","R","M","R","BOSS","M","?","?","?","?","E","$","E","T","?","R","E","M","?","R","BOSS","BOSS","R","$","E"],"items_purchased_type":["Card","Card","Card","Potion","Potion","Relic","Potion"],"build_version":"2020-12-22","purchased_purges":1,"victory":false,"max_hp_per_floor":[68,68,68,68,68,68,68,68,68,68,68,68,68,68,68,68,68,68,68,68,68,68,68,68,68,68,68,68,68,68,68,68,68,68,68,68,68,68,65,65,65,65,65,65,65,65,65,65,65,65,65,65,65,65,65,65],"relic_stats":{"Happy Flower":[28],"counters":[27,92],"Smiling Mask":25,"Mercury Hourglass":[300],"Blood Vial":18,"OrangePellets":[6],"Nunchaku":[19],"Mummified Hand":[47],"Bird Faced Urn":[70],"Prayer Wheel":1,"Black Star":3,"Kunai":[15],"obtain_stats":[{"Potion Belt":20,"Lantern":46,"Happy Flower":4,"Oddly Smooth Stone":4,"Vajra":42,"Bottled Tornado":10,"Smiling Mask":40,"Mercury Hourglass":6,"Blood Vial":26,"Du-Vu Doll":46,"SlaversCollar":17,"OrangePellets":41,"Nunchaku":9,"Matryoshka":3,"Mummified Hand":23,"Bird Faced Urn":9,"MutagenicStrength":28,"Prayer Wheel":38,"Molten Egg 2":42,"Black Star":34,"Kunai":40,"PureWater":0,"Toy Ornithopter":48},{"Potion Belt":11,"Lantern":23,"Happy Flower":2,"Oddly Smooth Stone":2,"Vajra":22,"Bottled Tornado":5,"Smiling Mask":21,"Mercury Hourglass":3,"Blood Vial":14,"Du-Vu Doll":23,"SlaversCollar":9,"OrangePellets":21,"Nunchaku":4,"Matryoshka":2,"Mummified Hand":13,"Bird Faced Urn":4,"MutagenicStrength":14,"Prayer Wheel":20,"Molten Egg 2":22,"Black Star":17,"Kunai":21,"PureWater":0,"Toy Ornithopter":24},{"Potion Belt":35,"Lantern":73,"Happy Flower":8,"Oddly Smooth Stone":8,"Vajra":69,"Bottled Tornado":15,"Smiling Mask":64,"Mercury Hourglass":12,"Blood Vial":44,"Du-Vu Doll":73,"SlaversCollar":29,"OrangePellets":64,"Nunchaku":13,"Matryoshka":8,"Mummified Hand":42,"Bird Faced Urn":13,"MutagenicStrength":44,"Prayer Wheel":62,"Molten Egg 2":69,"Black Star":56,"Kunai":64,"PureWater":0,"Toy Ornithopter":79}],"Toy Ornithopter":20},"card_choices":[{"not_picked":["Indignation","JustLucky"],"picked":"Halt","floor":1.0},{"not_picked":["Halt","MentalFortress"],"picked":"CrushJoints","floor":2.0},{"not_picked":["Omniscience","Halt"],"picked":"EmptyFist","floor":6.0},{"not_picked":["Wireheading","CutThroughFate"],"picked":"Consecrate","floor":8.0},{"not_picked":["JustLucky","EmptyBody"],"picked":"Vengeance","floor":10.0},{"not_picked":["Wireheading","Nirvana"],"picked":"DeusExMachina","floor":11.0},{"not_picked":["Nirvana","ThirdEye"],"picked":"Indignation","floor":13.0},{"not_picked":["Halt","ClearTheMind"],"picked":"SandsOfTime","floor":14.0},{"not_picked":["Brilliance","SpiritShield"],"picked":"Devotion","floor":16.0},{"not_picked":["FlurryOfBlows","SandsOfTime","Halt"],"picked":"SKIP","floor":18.0},{"not_picked":["FlurryOfBlows","Consecrate"],"picked":"Tantrum","floor":19.0},{"not_picked":["EmptyBody","BowlingBash"],"picked":"DevaForm","floor":21.0},{"not_picked":["EmptyFist+1","ReachHeaven+1","FlurryOfBlows"],"picked":"SKIP","floor":23.0},{"not_picked":["Evaluate","WindmillStrike","EmptyFist"],"picked":"SKIP","floor":24.0},{"not_picked":["Crescendo","WreathOfFlame"],"picked":"Protect","floor":29.0},{"not_picked":["Protect","Consecrate"],"picked":"FollowUp","floor":31.0},{"not_picked":["Judgement","Establishment"],"picked":"Ragnarok","floor":33.0},{"not_picked":["FearNoEvil","InnerPeace","PathToVictory+1"],"picked":"SKIP","floor":35.0},{"not_picked":["EmptyMind","JustLucky"],"picked":"Perseverance","floor":37.0},{"not_picked":["WreathOfFlame","InnerPeace+1","Prostrate"],"picked":"SKIP","floor":40.0},{"not_picked":["Consecrate+1","FlyingSleeves+1"],"picked":"Meditate","floor":42.0},{"not_picked":["The Bomb","Dramatic Entrance+1"],"picked":"Finesse","floor":44.0},{"not_picked":["Secret Weapon","Mind Blast+1"],"picked":"Jack Of All Trades","floor":44.0},{"not_picked":["CrushJoints+1","Halt","FlurryOfBlows+1"],"picked":"SKIP","floor":46.0},{"not_picked":["Crescendo","BowlingBash+1"],"picked":"Wish","floor":47.0},{"not_picked":["Consecrate+1","EmptyBody+1","Pray"],"picked":"SKIP","floor":47.0}],"player_experience":1750026,"relics_obtained":[{"floor":4.0,"key":"Happy Flower"},{"floor":4.0,"key":"Oddly Smooth Stone"},{"floor":6.0,"key":"Mercury Hourglass"},{"floor":9.0,"key":"Nunchaku"},{"floor":9.0,"key":"Bird Faced Urn"},{"floor":10.0,"key":"Bottled Tornado"},{"floor":23.0,"key":"Mummified Hand"},{"floor":26.0,"key":"Blood Vial"},{"floor":38.0,"key":"Prayer Wheel"},{"floor":40.0,"key":"Kunai"},{"floor":40.0,"key":"Smiling Mask"},{"floor":42.0,"key":"Molten Egg 2"},{"floor":42.0,"key":"Vajra"},{"floor":46.0,"key":"Du-Vu Doll"},{"floor":46.0,"key":"Lantern"},{"floor":48.0,"key":"Toy Ornithopter"}],"event_choices":[{"damage_healed":0.0,"max_hp_gain":0.0,"max_hp_loss":0.0,"gold_gain":0.0,"event_name":"Scrap Ooze","player_choice":"Success","floor":3.0,"gold_loss":0.0,"damage_taken":5.0,"relics_obtained":["Matryoshka"]},{"damage_healed":0.0,"max_hp_gain":0.0,"max_hp_loss":0.0,"gold_gain":0.0,"event_name":"WeMeetAgain","player_choice":"Paid Gold","floor":20.0,"gold_loss":103.0,"damage_taken":0.0,"relics_obtained":["Potion Belt"]},{"damage_healed":0.0,"max_hp_gain":0.0,"max_hp_loss":0.0,"gold_gain":0.0,"event_name":"The Woman in Blue","player_choice":"Bought 3 Potions","floor":22.0,"gold_loss":0.0,"damage_taken":0.0},{"damage_healed":0.0,"max_hp_gain":0.0,"max_hp_loss":0.0,"gold_gain":0.0,"event_name":"Drug Dealer","player_choice":"Inject Mutagens","floor":28.0,"gold_loss":0.0,"damage_taken":0.0,"relics_obtained":["MutagenicStrength"]},{"cards_removed":["Strike_P"],"damage_healed":0.0,"max_hp_gain":0.0,"max_hp_loss":0.0,"gold_gain":0.0,"event_name":"Purifier","player_choice":"Purged","floor":36.0,"gold_loss":0.0,"damage_taken":0.0},{"damage_healed":0.0,"max_hp_gain":0.0,"max_hp_loss":0.0,"gold_gain":0.0,"event_name":"MindBloom","player_choice":"Fight","floor":38.0,"gold_loss":0.0,"damage_taken":0.0},{"damage_healed":0.0,"max_hp_gain":0.0,"max_hp_loss":3.0,"gold_gain":0.0,"event_name":"Winding Halls","player_choice":"Max HP","floor":39.0,"gold_loss":0.0,"damage_taken":0.0},{"damage_healed":0.0,"max_hp_gain":0.0,"max_hp_loss":0.0,"gold_gain":0.0,"event_name":"SensoryStone","player_choice":"Memory 3","floor":44.0,"gold_loss":0.0,"damage_taken":10.0}],"is_beta":false,"boss_relics":[{"not_picked":["Velvet Choker","Tiny House"],"picked":"SlaversCollar"},{"not_picked":["HolyWater","Busted Crown"],"picked":"Black Star"}],"items_purged_floors":[41],"is_endless":false,"potions_floor_spawned":[1,2,6,18,29,31,33,37,40,42,46],"killed_by":"Shield and Spear","ascension_level":20}}