{"host":"qq27suot6m8koe0b","time":1613121922,"event":{"mods":["Act Like it!","BaseMod","CapriCore","Downfall","GifTheSpireLib","Minty Spire (QoL Compilation)","StSLib"],"gold_per_floor":[99,116,131,131,142,142,142,42,69,84,84,101,134,150,168,270,270,170,188,208,208,226,239,239,339,339,339,339],"floor_reached":26,"language":"ZHS","playtime":906,"items_purged":[],"score":247,"play_id":"9551163a-b8de-4ee9-bbba-31039b7232ba","local_time":"20210212172522","is_ascension_mode":false,"campfire_choices":[{"floor":1,"key":"RECALL"},{"data":"bronze:GetLatest","floor":8,"key":"SMITH"},{"data":"bronze:Iterate","floor":11,"key":"SMITH"},{"data":"bronze:Separator","floor":18,"key":"SMITH"}],"circlet_count":0,"master_deck":["bronze:Strike","bronze:Strike","bronze:Strike","bronze:Defend","bronze:Defend","bronze:Defend","bronze:Replicate","bronze:Goto","bronze:Iterate+1","bronze:ChildClass","bronze:GetLatest+1","bronze:DigitalCarnage","bronze:Repulsor+1","bronze:Boost","bronze:Separator+1","bronze:Mutator+1","CurseOfTheBell","bronze:Branch+1","bronze:DelayedSlice","Pride","bronze:ItsAFeature+1","bronze:Flail+1","bronze:DonuBeam","bronze:DecaBeam"],"relics":["bronze:BronzeCore","PreservedInsect","downfall:HeartBlessingRed","Frozen Egg 2","Shuriken","Calling Bell","Tiny Chest","The Courier","Incense Burner","downfall:HeartBlessingGreen","Omamori","Happy Flower"],"acts_visited":["Exordium","TheCity"],"potions_floor_usage":[0,15,25,26,26,26],"damage_taken":[{"damage":0,"enemies":"2 Louse","floor":2,"turns":3},{"damage":1,"enemies":"Cultist","floor":3,"turns":3},{"damage":2,"enemies":"Small Slimes","floor":5,"turns":4},{"damage":7,"enemies":"Lagavulin","floor":9,"turns":3},{"damage":0,"enemies":"Exordium Thugs","floor":10,"turns":3},{"damage":5,"enemies":"3 Louse","floor":12,"turns":2},{"damage":0,"enemies":"Gremlin Nob","floor":13,"turns":1},{"damage":0,"enemies":"Blue Slaver","floor":14,"turns":1},{"damage":8,"enemies":"Exordium Wildlife","floor":15,"turns":2},{"damage":7,"enemies":"SI_SHIV_ARCHETYPE","floor":16,"turns":5},{"damage":0,"enemies":"Shell Parasite","floor":19,"turns":1},{"damage":10,"enemies":"Chosen","floor":20,"turns":3},{"damage":0,"enemies":"Snecko","floor":22,"turns":3},{"damage":23,"enemies":"Centurion and Healer","floor":23,"turns":5},{"damage":40,"enemies":"Centurion and Healer","floor":25,"turns":4},{"damage":10,"enemies":"Book of Stabbing","floor":26,"turns":4}],"seed_played":"3260935918777480712","potions_obtained":[{"floor":0,"key":"AttackPotion"},{"floor":0,"key":"Fruit Juice"},{"floor":0,"key":"bronze:CleanCodePotion"},{"floor":2,"key":"Strength Potion"},{"floor":5,"key":"Fire Potion"},{"floor":15,"key":"Fire Potion"},{"floor":22,"key":"EntropicBrew"}],"is_trial":false,"path_per_floor":["R","M","M","?","M","?","T","R","E","M","R","M","E","M","M","B",null,"R","M","M","?","M","M","T","?","E"],"character_chosen":"THE_AUTOMATON","items_purchased":[],"campfire_rested":0,"item_purchase_floors":[],"current_hp_per_floor":[75,75,74,74,72,72,72,72,65,65,65,60,60,60,52,45,75,75,75,65,65,65,42,42,2,0,0,0],"gold":339,"neow_bonus":"THREE_SMALL_POTIONS","is_daily":false,"chose_seed":false,"campfire_upgraded":3,"win_rate":0.0,"timestamp":1613121922,"path_taken":["R","M","M","?","?","?","T","R","E","M","R","M","E","M","M","BOSS","R","M","M","?","M","M","T","?","E"],"items_purchased_type":[],"build_version":"2020-12-22","purchased_purges":0,"victory":false,"max_hp_per_floor":[75,75,75,75,75,75,75,75,75,75,75,75,75,75,75,75,75,75,75,75,75,75,75,75,75,75,75,75],"card_choices":[{"not_picked":["bronze:CutThrough","bronze:ClassDefault"],"picked":"bronze:Iterate","floor":2},{"not_picked":["bronze:BronzeArmor","bronze:MaxOutput","bronze:NullPointer"],"picked":"SKIP","floor":3},{"not_picked":["bronze:DelayedGuard","bronze:Shield"],"picked":"bronze:GetLatest","floor":5},{"not_picked":["bronze:Turbo","bronze:Branch"],"picked":"bronze:Repulsor+1","floor":9},{"not_picked":["bronze:Invalidate","bronze:Shield"],"picked":"bronze:Boost","floor":10},{"not_picked":["bronze:Backtrace","bronze:MaxOutput+1","bronze:Safeguard"],"picked":"SKIP","floor":12},{"not_picked":["bronze:Turbo","bronze:DigitalCarnage","bronze:NullPointer"],"picked":"SKIP","floor":13},{"not_picked":["bronze:MaxOutput+1","bronze:Optimize+1"],"picked":"bronze:Separator","floor":14},{"not_picked":["bronze:Turbo","bronze:BuggyMess","bronze:Iterate"],"picked":"SKIP","floor":15},{"not_picked":["bronze:TinkerersToolbox","bronze:RecursiveStrike"],"picked":"bronze:Mutator+1","floor":16},{"not_picked":["bronze:Shield","bronze:BitShift"],"picked":"bronze:Branch+1","floor":19},{"not_picked":["bronze:DarkDash","bronze:BuggyMess"],"picked":"bronze:DelayedSlice","floor":20},{"not_picked":["bronze:Separator","bronze:BitShift"],"picked":"bronze:ItsAFeature+1","floor":22},{"not_picked":["bronze:Philosophize","bronze:Shield"],"picked":"bronze:Flail+1","floor":23},{"not_picked":[],"picked":"bronze:DonuBeam","floor":25},{"not_picked":[],"picked":"bronze:DecaBeam","floor":25}],"player_experience":374805,"relics_obtained":[{"floor":7,"key":"PreservedInsect"},{"floor":9,"key":"Frozen Egg 2"},{"floor":13,"key":"Shuriken"},{"floor":17,"key":"Tiny Chest"},{"floor":17,"key":"The Courier"},{"floor":17,"key":"Incense Burner"},{"floor":24,"key":"Happy Flower"}],"event_choices":[{"damage_healed":0,"gold_gain":0,"cards_transformed":["bronze:Defend"],"player_choice":"Change","damage_taken":0,"max_hp_gain":0,"max_hp_loss":0,"event_name":"Living Wall","floor":6,"gold_loss":0,"cards_obtained":["bronze:DigitalCarnage"]},{"damage_healed":0,"gold_gain":0,"player_choice":"Stole Relic","damage_taken":0,"relics_obtained":["Omamori"],"max_hp_gain":0,"max_hp_loss":0,"event_name":"Addict","floor":21,"gold_loss":0,"cards_obtained":["Pride"]}],"is_beta":false,"boss_relics":[{"not_picked":["Coffee Dripper","Sozu"],"picked":"Calling Bell"}],"items_purged_floors":[],"is_endless":false,"potions_floor_spawned":[2,5,12,14,15,19,20,22],"killed_by":"Book of Stabbing","ascension_level":0}}