{"host":"vl29iwkwnyytuw8q","time":1613145281,"event":{"mods":["BaseMod","Minty Spire (QoL Compilation)","Permanent Neow","Relic Stats","StSLib"],"gold_per_floor":[114,133,146,146,158,187,187,204,204,215,246,246,262,281,281,383,383,399,102,112,124,124,154,154,154,154],"floor_reached":25,"language":"ENG","playtime":1041,"items_purged":[],"score":284,"play_id":"a4d9cc67-f1f9-44eb-a595-0cc82bdd00bc","local_time":"20210212165441","is_ascension_mode":true,"campfire_choices":[{"floor":7.0,"key":"REST"},{"data":"Defragment","floor":12.0,"key":"SMITH"},{"data":"Strike_B","floor":15.0,"key":"PURGE"},{"data":"Capacitor","floor":24,"key":"SMITH"}],"circlet_count":0,"master_deck":["Zap","Dualcast","Compile Driver","Core Surge","Sweeping Beam","Cold Snap","Self Repair","Cold Snap","Coolheaded","Leap","Defragment+1","Conserve Battery","Beam Cell","Thunder Strike","Double Energy","Ball Lightning","FTL","Rebound","Sunder","Redo+1","Capacitor+1","Static Discharge","Ball Lightning"],"relics":["Cracked Core","Peace Pipe","Eternal Feather","Symbiotic Virus","Pandora\u0027s Box","Mercury Hourglass","Ginger"],"acts_visited":["Exordium","TheCity"],"potions_floor_usage":[18,20,23,25],"damage_taken":[{"damage":7.0,"enemies":"Small Slimes","floor":1.0,"turns":2.0},{"damage":3.0,"enemies":"2 Louse","floor":2.0,"turns":3.0},{"damage":7.0,"enemies":"Jaw Worm","floor":3.0,"turns":3.0},{"damage":9.0,"enemies":"Red Slaver","floor":5.0,"turns":3.0},{"damage":34.0,"enemies":"Lagavulin","floor":6.0,"turns":7.0},{"damage":4.0,"enemies":"Blue Slaver","floor":8.0,"turns":3.0},{"damage":6.0,"enemies":"Looter","floor":10.0,"turns":4.0},{"damage":9.0,"enemies":"3 Sentries","floor":11.0,"turns":12.0},{"damage":18.0,"enemies":"Lots of Slimes","floor":13.0,"turns":4.0},{"damage":0.0,"enemies":"Red Slaver","floor":14.0,"turns":3.0},{"damage":2.0,"enemies":"The Guardian","floor":16.0,"turns":13.0},{"damage":17,"enemies":"3 Byrds","floor":18,"turns":3},{"damage":19,"enemies":"2 Thieves","floor":20,"turns":4},{"damage":19,"enemies":"Centurion and Healer","floor":21,"turns":4},{"damage":12,"enemies":"Gremlin Leader","floor":23,"turns":6},{"damage":34,"enemies":"Slavers","floor":25,"turns":2}],"seed_played":"7465972304147759741","potions_obtained":[{"floor":3.0,"key":"EssenceOfSteel"},{"floor":6.0,"key":"FocusPotion"},{"floor":10.0,"key":"BlessingOfTheForge"},{"floor":14.0,"key":"Weak Potion"},{"floor":16.0,"key":"Fire Potion"},{"floor":20,"key":"BlessingOfTheForge"}],"is_trial":false,"path_per_floor":["M","M","M","?","M","E","R","M","T","M","E","R","M","M","R","B",null,"M","$","M","M","?","E","R","E"],"character_chosen":"DEFECT","items_purchased":["Capacitor","Mercury Hourglass"],"campfire_rested":1,"item_purchase_floors":[19,19],"current_hp_per_floor":[61,58,51,51,49,22,42,45,45,46,44,53,42,42,51,56,68,51,51,39,27,27,22,34,0,0],"gold":154,"neow_bonus":"TRANSFORM_TWO_CARDS","is_daily":false,"chose_seed":false,"campfire_upgraded":2,"win_rate":0.0,"timestamp":1613145281,"path_taken":["M","M","M","?","M","E","R","M","T","M","E","R","M","M","R","BOSS","M","$","M","M","?","E","R","E"],"items_purchased_type":["Card","Relic"],"build_version":"2020-12-22","purchased_purges":0,"victory":false,"max_hp_per_floor":[68,68,68,68,68,68,68,68,68,68,68,68,68,68,68,68,68,68,68,68,68,68,68,68,68,68],"relic_stats":{"Peace Pipe":1,"counters":[16,76],"Eternal Feather":30,"Pandora\u0027s Box":["Double Energy","Ball Lightning","FTL","Rebound","Sunder"],"Ginger":[0],"obtain_stats":[{"Peace Pipe":6,"Eternal Feather":9,"Pandora\u0027s Box":17,"Ginger":23,"Cracked Core":0,"Symbiotic Virus":11,"Mercury Hourglass":19},{"Peace Pipe":5,"Eternal Feather":6,"Pandora\u0027s Box":11,"Ginger":15,"Cracked Core":0,"Symbiotic Virus":8,"Mercury Hourglass":12},{"Peace Pipe":18,"Eternal Feather":21,"Pandora\u0027s Box":57,"Ginger":74,"Cracked Core":0,"Symbiotic Virus":37,"Mercury Hourglass":60}],"Mercury Hourglass":[87]},"card_choices":[{"not_picked":["Go for the Eyes","Melter"],"picked":"Sweeping Beam","floor":1.0},{"not_picked":["Steam","Gash"],"picked":"Cold Snap","floor":2.0},{"not_picked":["Barrage","Turbo"],"picked":"Self Repair","floor":3.0},{"not_picked":["Rebound","Chaos"],"picked":"Cold Snap","floor":5.0},{"not_picked":["Multi-Cast","Streamline"],"picked":"Coolheaded","floor":6.0},{"not_picked":["Sweeping Beam","Rebound","Streamline"],"picked":"SKIP","floor":8.0},{"not_picked":["Compile Driver","Cold Snap"],"picked":"Leap","floor":10.0},{"not_picked":["Go for the Eyes","Hologram"],"picked":"Defragment","floor":11.0},{"not_picked":["Hologram","Consume"],"picked":"Conserve Battery","floor":13.0},{"not_picked":["Hologram","Rip and Tear"],"picked":"Beam Cell","floor":14.0},{"not_picked":["Biased Cognition","Meteor Strike"],"picked":"Thunder Strike","floor":16.0},{"not_picked":["Compile Driver+1","Scrape"],"picked":"Redo+1","floor":18},{"not_picked":["Barrage+1","Coolheaded"],"picked":"Static Discharge","floor":20},{"not_picked":["Beam Cell","Static Discharge","Streamline+1"],"picked":"SKIP","floor":21},{"not_picked":["Cold Snap","Stack"],"picked":"Ball Lightning","floor":23}],"player_experience":682697,"relics_obtained":[{"floor":6.0,"key":"Peace Pipe"},{"floor":9.0,"key":"Eternal Feather"},{"floor":11.0,"key":"Symbiotic Virus"},{"floor":23,"key":"Ginger"}],"event_choices":[{"damage_healed":0.0,"max_hp_gain":0.0,"max_hp_loss":0.0,"gold_gain":0.0,"event_name":"Liars Game","player_choice":"Ignored","floor":4.0,"gold_loss":0.0,"damage_taken":0.0},{"damage_healed":0,"gold_gain":0,"player_choice":"Ignored","damage_taken":0,"max_hp_gain":0,"max_hp_loss":0,"event_name":"Vampires","floor":22,"gold_loss":0}],"is_beta":false,"boss_relics":[{"not_picked":["FrozenCore","Nuclear Battery"],"picked":"Pandora\u0027s Box"}],"items_purged_floors":[],"is_endless":false,"potions_floor_spawned":[3,6,10,14,16,20],"killed_by":"Slavers","ascension_level":4}}