{"host":"zdyzhdc6zlrb7vuj","time":1613138426,"event":{"mods":["BaseMod","Downfall","Hermit","Minty Spire (QoL Compilation)","StSLib","The Bug Knight","The Cursed","The Servant 0.9.4"],"gold_per_floor":[99,113,113,113,125,139,139,139,167,8,19,194,212,662,675,675,675],"floor_reached":16,"language":"ENG","playtime":1420,"items_purged":["downfall:Malfunctioning"],"score":102,"play_id":"ec780ade-7309-4fea-9ab0-913a40924c67","local_time":"20210212140026","is_ascension_mode":false,"campfire_choices":[{"floor":1,"key":"RECALL"}],"circlet_count":0,"master_deck":["hermit:Strike_Hermit","hermit:Strike_Hermit","hermit:Strike_Hermit","hermit:Strike_Hermit+1","hermit:Defend_Hermit","hermit:Defend_Hermit","hermit:Defend_Hermit","hermit:Defend_Hermit+1","hermit:Snapshot","hermit:Covet","hermit:Vantage+1","hermit:LoneWolf","hermit:Desperado","hermit:CalledShot","hermit:Manifest","hermit:ShadowCloak","hermit:CursedWeapon","Doubt","hermit:Maintenance","downfall:Icky","downfall:Icky","downfall:Icky","hermit:DeadMansHand"],"relics":["hermit:Momento","Tiny Chest","Art of War","Ancient Tea Set"],"acts_visited":["Exordium"],"potions_floor_usage":[15,16],"damage_taken":[{"damage":2,"enemies":"2 Louse","floor":2,"turns":2},{"damage":0,"enemies":"Small Slimes","floor":5,"turns":4},{"damage":0,"enemies":"Cultist","floor":6,"turns":4},{"damage":5,"enemies":"3 Sentries","floor":9,"turns":8},{"damage":0,"enemies":"downfall:FleeingMerchant","floor":10,"turns":4},{"damage":6,"enemies":"Large Slime","floor":11,"turns":7},{"damage":19,"enemies":"3 Louse","floor":13,"turns":5},{"damage":2,"enemies":"Large Slime","floor":15,"turns":5},{"damage":48,"enemies":"IC_STATUS_ARCHETYPE","floor":16,"turns":10}],"seed_played":"-6189092523857305723","potions_obtained":[{"floor":9,"key":"hermit:Eclipse"},{"floor":11,"key":"EssenceOfSteel"},{"floor":13,"key":"AttackPotion"}],"is_trial":false,"path_per_floor":["R","M","?","?","M","M","T","T","E","$","M","?","M","?","M","B"],"character_chosen":"HERMIT","items_purchased":["hermit:ShadowCloak"],"campfire_rested":0,"item_purchase_floors":[10],"current_hp_per_floor":[75,73,73,73,73,73,73,73,68,68,62,62,43,43,41,0,0],"gold":675,"neow_bonus":"RANDOM_COMMON_RELIC","is_daily":false,"chose_seed":false,"campfire_upgraded":0,"win_rate":0.0,"timestamp":1613138426,"path_taken":["R","M","?","?","?","M","T","?","E","$","M","?","M","?","M","BOSS"],"items_purchased_type":["Card"],"build_version":"2020-12-22","purchased_purges":1,"victory":false,"max_hp_per_floor":[75,75,75,75,75,75,75,75,75,75,75,75,75,75,75,75,75],"card_choices":[{"not_picked":["hermit:HighCaliber","hermit:Feint"],"picked":"hermit:Vantage","floor":2},{"not_picked":["hermit:HoleUp","hermit:Coalescence"],"picked":"hermit:LoneWolf","floor":5},{"not_picked":["hermit:Coalescence","hermit:BodyArmor"],"picked":"hermit:Desperado","floor":6},{"not_picked":["hermit:Magnum","hermit:Feint"],"picked":"hermit:CalledShot","floor":9},{"not_picked":["hermit:PistolWhip","hermit:Feint"],"picked":"hermit:Manifest","floor":10},{"not_picked":["hermit:SprayPray","hermit:Glare"],"picked":"hermit:CursedWeapon","floor":11},{"not_picked":["hermit:BodyArmor","hermit:Shortfuse"],"picked":"hermit:Maintenance","floor":13},{"not_picked":["hermit:Quickdraw","hermit:WideOpen"],"picked":"hermit:DeadMansHand","floor":15}],"player_experience":472576,"relics_obtained":[{"floor":8,"key":"Art of War"},{"floor":9,"key":"Ancient Tea Set"}],"event_choices":[{"cards_removed":["Iron Wave"],"damage_healed":0,"gold_gain":0,"player_choice":"Took Card","damage_taken":0,"max_hp_gain":0,"max_hp_loss":0,"event_name":"NoteForYourself","floor":4,"gold_loss":0,"cards_obtained":["Iron Wave"]}],"is_beta":false,"boss_relics":[],"items_purged_floors":[10],"is_endless":false,"potions_floor_spawned":[9,11,13],"killed_by":"IC_STATUS_ARCHETYPE","ascension_level":0}}