{"host":"8fl9fk3sx00hvnsh","time":1613156814,"event":{"mods":["BaseMod","Bestiary","Bossed Relics","Colored Powertips","Custom Start","Downfall","Minty Spire (QoL Compilation)","Reliquary","Replay The Spire","StSLib","The Blue Laboratory","The Marked"],"gold_per_floor":[99,111,111,125,140,140,165,175,4,4,18,28,13,45,61,163,163,63,48,59,79,99,133,133,133,143,163,163,163,63,82,101,101,101,101],"floor_reached":33,"language":"ENG","playtime":2119,"items_purged":[],"score":298,"play_id":"f9313342-846b-4a24-95ad-f384cd5d581a","local_time":"20210212140654","is_ascension_mode":false,"campfire_choices":[{"floor":1.0,"key":"RECALL"},{"data":"m_BronzeAgony","floor":10.0,"key":"SMITH"},{"data":"bronze:ShipIt","floor":18,"key":"SMITH"},{"floor":30,"key":"REST"}],"circlet_count":0,"master_deck":["bronze:Strike","bronze:Strike","bronze:Strike","bronze:Defend","bronze:Defend","bronze:Defend","bronze:Defend","bronze:AlphaBuild+1","bronze:CloningBeam+1","m_BronzeAgony+1","m_BronzeSurvivor","bronze:ClassDefault","bronze:Fortify","bronze:Allocate","bronze:Break","bronze:DigitalCarnage","bronze:Terminator","bronze:ItsAFeature","bronze:ShipIt+1","bronze:ChosenStrike+1","bronze:WildBeam","bronze:Break","bronze:Break","bronze:MaxOutput"],"relics":["bronze:BronzeCore","FossilizedHelix","Guide Book","Lizard Tail","Velvet Choker","downfall:HeartBlessingRed","Kunai","Blue Candle","downfall:HeartBlessingBlue"],"acts_visited":["Exordium","TheCity"],"potions_floor_usage":[14,16,16,23,33],"damage_taken":[{"damage":1.0,"enemies":"Jaw Worm","floor":2.0,"turns":2.0},{"damage":2.0,"enemies":"2 Louse","floor":4.0,"turns":2.0},{"damage":0.0,"enemies":"Small Slimes","floor":5.0,"turns":2.0},{"damage":12.0,"enemies":"Blue Slaver","floor":8.0,"turns":4.0},{"damage":0.0,"enemies":"downfall:FleeingMerchant","floor":9.0,"turns":4.0},{"damage":10.0,"enemies":"Lots of Slimes","floor":11.0,"turns":6.0},{"damage":0.0,"enemies":"Gremlin Gang","floor":12.0,"turns":8.0},{"damage":9.0,"enemies":"downfall:FleeingMerchant","floor":13.0,"turns":4.0},{"damage":0,"enemies":"3 Sentries","floor":14,"turns":5},{"damage":0,"enemies":"Large Slime","floor":15,"turns":2},{"damage":29,"enemies":"DF_ARCHETYPE_STREAMLINE","floor":16,"turns":13},{"damage":0,"enemies":"downfall:FleeingMerchant","floor":19,"turns":4},{"damage":0,"enemies":"Spheric Guardian","floor":20,"turns":2},{"damage":0,"enemies":"Chosen","floor":21,"turns":3},{"damage":14,"enemies":"Snake Plant","floor":22,"turns":3},{"damage":34,"enemies":"Gremlin Leader","floor":23,"turns":3},{"damage":0,"enemies":"Snecko","floor":26,"turns":1},{"damage":0,"enemies":"Sentry and Sphere","floor":27,"turns":3},{"damage":0,"enemies":"Centurion and Healer","floor":31,"turns":6},{"damage":0,"enemies":"3 Cultists","floor":32,"turns":4},{"damage":50,"enemies":"IC_MUSHROOM_ARCHETYPE","floor":33,"turns":4}],"seed_played":"-8421177141106688640","potions_obtained":[{"floor":5.0,"key":"bronze:FreeFunctionsPotion"},{"floor":11.0,"key":"Fire Potion"},{"floor":14,"key":"blueLaboratory:PolymorphPotion"},{"floor":15,"key":"blueLaboratory:TrueEctoplasm"},{"floor":21,"key":"AttackPotion"},{"floor":23,"key":"blueLaboratory:StoneskinPotion"},{"floor":28,"key":"CultistPotion"},{"floor":31,"key":"Doom Potion"}],"is_trial":false,"path_per_floor":["R","M","?","M","M","?","T","M","$","R","M","M","$","E","M","B",null,"R","$","M","M","M","E","T","?","M","M","?","T","R","M","M","B"],"character_chosen":"THE_AUTOMATON","items_purchased":["Guide Book"],"campfire_rested":1,"item_purchase_floors":[9],"current_hp_per_floor":[63,62,62,60,60,60,60,48,48,48,38,38,29,29,29,31,63,63,63,63,63,49,15,15,15,15,15,15,15,46,46,46,0,0,0],"gold":101,"neow_bonus":"THREE_RARE_CARDS","is_daily":false,"chose_seed":false,"campfire_upgraded":2,"win_rate":0.0,"timestamp":1613156814,"path_taken":["R","M","?","M","M","?","T","M","$","R","M","M","$","E","M","BOSS","R","$","M","M","M","E","T","?","M","M","?","?","R","M","M","BOSS"],"items_purchased_type":["Relic"],"build_version":"2020-12-22","purchased_purges":0,"victory":false,"max_hp_per_floor":[63,63,63,63,63,63,63,63,63,63,63,63,63,63,63,63,63,63,63,63,63,63,63,63,63,63,63,63,63,73,73,73,73,73,73],"card_choices":[{"not_picked":["bronze:FindAndReplace","bronze:ThunderWave"],"picked":"bronze:AlphaBuild","floor":0.0},{"not_picked":["bronze:Iterate","bronze:Philosophize"],"picked":"bronze:CloningBeam","floor":2.0},{"not_picked":["bronze:Frontload","bronze:Safeguard","bronze:BugBarrage"],"picked":"SKIP","floor":4.0},{"not_picked":["bronze:DarkDash","bronze:Safeguard"],"picked":"bronze:ClassDefault","floor":5.0},{"not_picked":["bronze:DarkDash","bronze:DelayedSlice","bronze:Format"],"picked":"SKIP","floor":8.0},{"not_picked":["bronze:Shield","bronze:Safeguard"],"picked":"bronze:Fortify","floor":9.0},{"not_picked":["bronze:BronzeArmor","bronze:DelayedGuard"],"picked":"bronze:Allocate","floor":11.0},{"not_picked":["bronze:Shield","bronze:Constructor"],"picked":"bronze:Break","floor":12.0},{"not_picked":["bronze:Shield","bronze:DelayedGuard"],"picked":"bronze:DigitalCarnage","floor":13},{"not_picked":["bronze:DelayedGuard","bronze:Frontload"],"picked":"bronze:Terminator","floor":14},{"not_picked":["bronze:DelayedSlice","bronze:WhirlingStrike"],"picked":"bronze:ItsAFeature","floor":15},{"not_picked":["bronze:RecursiveStrike","bronze:Assembly"],"picked":"bronze:ShipIt","floor":16},{"not_picked":["bronze:Separator","bronze:Frontload"],"picked":"bronze:ChosenStrike+1","floor":19},{"not_picked":["bronze:Terminator","bronze:Backtrace"],"picked":"bronze:WildBeam","floor":20},{"not_picked":["bronze:Backtrace","bronze:GetLatest","bronze:Invalidate+1"],"picked":"SKIP","floor":21},{"not_picked":["bronze:Separator","bronze:ForLoop"],"picked":"bronze:Break","floor":22},{"not_picked":["bronze:GetLatest","bronze:WildBeam"],"picked":"bronze:Break","floor":23},{"not_picked":["bronze:Overheat","bronze:FineTuning"],"picked":"bronze:MaxOutput","floor":26},{"not_picked":["bronze:NullPointer","bronze:ForLoop+1","bronze:ChildClass"],"picked":"SKIP","floor":27},{"not_picked":["bronze:Turbo","bronze:DelayedGuard","bronze:Safeguard+1"],"picked":"SKIP","floor":31},{"not_picked":["bronze:Turbo+1","bronze:BitShift","bronze:FineTuning"],"picked":"SKIP","floor":32}],"player_experience":253308,"relics_obtained":[{"floor":7.0,"key":"reliquary:FerryPass"},{"floor":8.0,"key":"FossilizedHelix"},{"floor":14,"key":"Lizard Tail"},{"floor":23,"key":"Kunai"},{"floor":29,"key":"Blue Candle"}],"event_choices":[],"is_beta":false,"boss_relics":[{"not_picked":["Replay:Bronze Core","Runic Pyramid"],"picked":"Velvet Choker"}],"items_purged_floors":[],"is_endless":false,"potions_floor_spawned":[5,11,14,15,21,23,31],"killed_by":"IC_MUSHROOM_ARCHETYPE","ascension_level":0}}