{"host":"2lo6hma6kymb0g9i","time":1613113717,"event":{"mods":["BaseMod","Colored Map","DeckTracker","Minty Spire (QoL Compilation)"],"gold_per_floor":[218,235,160,121,137,137,169,169,248,279,299,327,327,347,347,424,424,439,454,454,465,476,476,37,37,62,73,85,85,110,137,137,137,137],"floor_reached":33,"language":"JPN","playtime":2240,"items_purged":[],"score":574,"play_id":"fc611c67-5969-4b45-89a3-d4340cee9b0f","local_time":"20210212160837","is_ascension_mode":true,"campfire_choices":[{"data":"Fire Breathing","floor":6.0,"key":"SMITH"},{"floor":13.0,"key":"REST"},{"data":"Armaments","floor":15.0,"key":"SMITH"},{"data":"Flame Barrier","floor":23.0,"key":"SMITH"},{"data":"Flame Barrier","floor":25.0,"key":"SMITH"},{"data":"Battle Trance","floor":29.0,"key":"SMITH"},{"data":"Shrug It Off","floor":32.0,"key":"SMITH"}],"circlet_count":0,"master_deck":["AscendersBane","Strike_R","Strike_R+1","Strike_R","Defend_R","Defend_R","Defend_R","Defend_R","Bash+1","Burning Pact","Battle Trance+1","Fire Breathing+1","Headbutt","Shrug It Off+1","True Grit","Wild Strike","Flame Barrier+1","Armaments+1","Juggernaut","Wild Strike+1","Body Slam","Sentinel+1","Flame Barrier+1","Uppercut","Seeing Red"],"relics":["Burning Blood","Bronze Scales","Self Forming Clay","Lizard Tail","Whetstone","Coffee Dripper","Dead Branch","Boot","InkBottle","MealTicket"],"acts_visited":["Exordium","TheCity"],"potions_floor_usage":[],"damage_taken":[{"damage":7.0,"enemies":"Small Slimes","floor":1.0,"turns":3.0},{"damage":2.0,"enemies":"2 Louse","floor":2.0,"turns":3.0},{"damage":7.0,"enemies":"Cultist","floor":5.0,"turns":4.0},{"damage":37.0,"enemies":"Gremlin Nob","floor":7.0,"turns":4.0},{"damage":14.0,"enemies":"3 Sentries","floor":10.0,"turns":3.0},{"damage":15.0,"enemies":"Exordium Thugs","floor":11.0,"turns":3.0},{"damage":11.0,"enemies":"Gremlin Nob","floor":12.0,"turns":3.0},{"damage":1.0,"enemies":"3 Louse","floor":14.0,"turns":3.0},{"damage":17.0,"enemies":"The Guardian","floor":16.0,"turns":13.0},{"damage":18.0,"enemies":"Shell Parasite","floor":18.0,"turns":4.0},{"damage":8.0,"enemies":"3 Byrds","floor":19.0,"turns":2.0},{"damage":36.0,"enemies":"Sentry and Sphere","floor":21.0,"turns":6.0},{"damage":17.0,"enemies":"3 Cultists","floor":22.0,"turns":6.0},{"damage":2.0,"enemies":"Cultist and Chosen","floor":27.0,"turns":5.0},{"damage":11.0,"enemies":"Centurion and Healer","floor":28.0,"turns":5.0},{"damage":11.0,"enemies":"Book of Stabbing","floor":30.0,"turns":5.0},{"damage":85,"enemies":"Champ","floor":33,"turns":13}],"seed_played":"-6420777849534575356","potions_obtained":[{"floor":1.0,"key":"PowerPotion"},{"floor":5.0,"key":"Energy Potion"},{"floor":7.0,"key":"Explosive Potion"},{"floor":10.0,"key":"EntropicBrew"},{"floor":14.0,"key":"PowerPotion"},{"floor":27.0,"key":"BloodPotion"},{"floor":28.0,"key":"Explosive Potion"}],"is_trial":false,"path_per_floor":["M","M","?","$","M","R","E","?","T","E","M","E","R","M","R","B",null,"M","M","?","M","M","R","$","R","T","M","M","R","E","T","R","B"],"character_chosen":"IRONCLAD","items_purchased":["Fire Breathing","Dead Branch","FairyPotion"],"campfire_rested":1,"item_purchase_floors":[4,24,24],"current_hp_per_floor":[67,71,71,71,70,70,39,32,32,24,15,10,32,37,37,26,63,51,49,49,19,8,8,8,8,8,12,22,22,17,17,17,0,0],"gold":137,"neow_bonus":"HUNDRED_GOLD","is_daily":false,"chose_seed":false,"campfire_upgraded":6,"win_rate":0.0,"timestamp":1613113717,"path_taken":["M","M","?","$","M","R","E","?","T","E","M","E","R","M","R","BOSS","M","M","?","M","?","R","$","R","T","M","M","R","E","?","R","BOSS"],"items_purchased_type":["Card","Relic","Potion"],"build_version":"2020-12-22","purchased_purges":0,"victory":false,"max_hp_per_floor":[75,75,75,75,75,75,75,75,75,75,75,75,75,75,75,75,75,75,75,75,75,75,75,75,75,75,75,75,75,75,75,75,75,75],"card_choices":[{"not_picked":["Second Wind","Iron Wave"],"picked":"Burning Pact","floor":1.0},{"not_picked":["Flex","Warcry"],"picked":"Battle Trance","floor":2.0},{"not_picked":["Anger","Body Slam"],"picked":"Headbutt","floor":5.0},{"not_picked":["Fire Breathing","Combust"],"picked":"Shrug It Off","floor":7.0},{"not_picked":["Havoc","Warcry"],"picked":"True Grit","floor":10.0},{"not_picked":["Infernal Blade","Fire Breathing"],"picked":"Wild Strike","floor":11.0},{"not_picked":["Fire Breathing","Clothesline"],"picked":"Flame Barrier","floor":12.0},{"not_picked":["Double Tap","Heavy Blade"],"picked":"Armaments","floor":14.0},{"not_picked":["Bludgeon","Impervious"],"picked":"Juggernaut","floor":16.0},{"not_picked":["True Grit+1","Heavy Blade"],"picked":"Wild Strike+1","floor":18.0},{"not_picked":["Metallicize","Combust+1"],"picked":"Body Slam","floor":19.0},{"not_picked":["Heavy Blade","Seeing Red"],"picked":"Sentinel+1","floor":21.0},{"not_picked":["Armaments","Burning Pact"],"picked":"Flame Barrier","floor":22.0},{"not_picked":["Rampage","Headbutt"],"picked":"Uppercut","floor":27.0},{"not_picked":["Combust","Sword Boomerang"],"picked":"Seeing Red","floor":28.0},{"not_picked":["Demon Form","Rage","Double Tap"],"picked":"SKIP","floor":30.0}],"player_experience":1176294,"relics_obtained":[{"floor":7.0,"key":"Bronze Scales"},{"floor":9.0,"key":"Self Forming Clay"},{"floor":10.0,"key":"Lizard Tail"},{"floor":12.0,"key":"Whetstone"},{"floor":26.0,"key":"Boot"},{"floor":30.0,"key":"InkBottle"},{"floor":31.0,"key":"MealTicket"}],"event_choices":[{"cards_removed":["Strike_R"],"damage_healed":0.0,"max_hp_gain":0.0,"max_hp_loss":0.0,"gold_gain":0.0,"event_name":"The Cleric","player_choice":"Card Removal","floor":3.0,"gold_loss":75.0,"damage_taken":0.0},{"cards_removed":["Strike_R"],"damage_healed":0.0,"max_hp_gain":0.0,"max_hp_loss":0.0,"gold_gain":0.0,"event_name":"Golden Wing","player_choice":"Card Removal","floor":8.0,"gold_loss":0.0,"damage_taken":7.0},{"damage_healed":0.0,"max_hp_gain":0.0,"max_hp_loss":0.0,"gold_gain":0.0,"event_name":"Match and Keep!","player_choice":"0 cards matched","floor":20.0,"gold_loss":0.0,"damage_taken":0.0,"cards_obtained":[]}],"is_beta":false,"boss_relics":[{"not_picked":["Snecko Eye","Black Star"],"picked":"Coffee Dripper"}],"items_purged_floors":[],"is_endless":false,"potions_floor_spawned":[1,5,7,10,14,27,28],"killed_by":"Champ","ascension_level":20}}