{"host":"56xwnffi6e9z5l58","time":1613148333,"event":{"mods":["Aspiration","BaseMod","Better Match","Better Note","Better Sensory Stone","BetterRewards","Colored Map","Colored Powertips","Conspire","Downfall","GifTheSpireLib","Hermit","Highlight Path","Hubris","Infinite Spire","Key Reminder","Minty Spire (QoL Compilation)","Permanent Neow","Quick Restart","Rare Cards Sparkle","Replay The Spire","StSLib","Stuff the Spire","SuperFastMode","Unceasing Turn Reminder"],"gold_per_floor":[99,118,129,45,45,45,60,60,83,96,88,88,88,106,106,127,155,266,266,266,291,209,209,269,269,320,360,387,428,428,428,428],"floor_reached":30,"language":"ENG","playtime":1176,"items_purged":["hexamod:Defend"],"score":260,"play_id":"f3190868-e30e-4c24-afc9-fa6117da36c0","local_time":"20210213004533","is_ascension_mode":false,"campfire_choices":[{"data":"hexamod:GhostflameInferno","floor":1,"key":"SMITH"},{"data":"hexamod:GhostflameBarrier","floor":12,"key":"SMITH"},{"floor":15,"key":"REST"},{"data":"hexamod:TurnItUp","floor":20,"key":"SMITH"},{"floor":25,"key":"REST"}],"circlet_count":0,"master_deck":["hexamod:Strike","hexamod:Strike","hexamod:Strike","hexamod:Defend","hexamod:Defend","hexamod:Sear","hexamod:Float","hexamod:SkipABeat","hexamod:GhostflameInferno+1","hexamod:SpectralAdrenaline","hexamod:VolcanoVisage","hexamod:ExtraCrispy","hexamod:GhostflameBarrier+1","hexamod:FirstSeal","hexamod:SecondSeal","hexamod:FourthSeal","hexamod:ThirdSeal","hexamod:EtherealExpedition","hexamod:HauntingEcho","hexamod:ChargedBarrage","hexamod:NightmareGuise","hexamod:ParanormalForm","hexamod:GhostOfSpirePresent","hexamod:TurnItUp+1","hexamod:Hexaguard+1","hexamod:RetreatToShadows","hexamod:SpectersWail+1","hexamod:NightmareStrike","hubris:Fate","hexamod:TurnItUp","hexamod:PhantomCloak+1","hexamod:GiftsFromTheDead"],"relics":["hexamod:SpiritBrand","infinitespire:Lucky Rock","hubris:CrackedHourglass","downfall:KnowingSkull","Strawberry","infinitespire:Broken Mirror","aspiration:ChemicalBlood"],"acts_visited":["Exordium","TheCity"],"potions_floor_usage":[18,27,29],"damage_taken":[{"damage":0,"enemies":"Small Slimes","floor":2,"turns":3},{"damage":0,"enemies":"2 Louse","floor":3,"turns":2},{"damage":0,"enemies":"downfall:FleeingMerchant","floor":4,"turns":4},{"damage":0,"enemies":"conspire:RoseBush","floor":7,"turns":3},{"damage":14,"enemies":"Gremlin Gang","floor":10,"turns":2},{"damage":19,"enemies":"Blue Slaver","floor":14,"turns":5},{"damage":16,"enemies":"3 Louse","floor":16,"turns":4},{"damage":20,"enemies":"Exordium Wildlife","floor":17,"turns":4},{"damage":17,"enemies":"SI_SHIV_ARCHETYPE","floor":18,"turns":10},{"damage":21,"enemies":"3 Byrds","floor":21,"turns":5},{"damage":15,"enemies":"downfall:FleeingMerchant","floor":22,"turns":4},{"damage":15,"enemies":"Shell Parasite","floor":24,"turns":7},{"damage":29,"enemies":"Nightmare","floor":27,"turns":7},{"damage":16,"enemies":"Centurion and Healer","floor":28,"turns":6},{"damage":21,"enemies":"Book of Stabbing","floor":29,"turns":5},{"damage":18,"enemies":"Snecko","floor":30,"turns":4}],"seed_played":"-8976119528479330509","potions_obtained":[{"floor":3,"key":"SteroidPotion"},{"floor":14,"key":"SmokeBomb"},{"floor":16,"key":"SteroidPotion"},{"floor":17,"key":"Adrenaline Potion"},{"floor":17,"key":"Doom Potion"},{"floor":18,"key":"Milkshake"},{"floor":18,"key":"Block Potion"},{"floor":27,"key":"Strength Potion"},{"floor":29,"key":"Strength Potion"}],"is_trial":false,"path_per_floor":["R_BF","M","M","$","PTL","PTL","M","?","T","M","?","R","?","M","R","M","M","B",null,"R","M","$","?","M","R","T","NM","M","E","M"],"character_chosen":"THE_SPIRIT","items_purchased":["hexamod:ExtraCrispy"],"campfire_rested":2,"item_purchase_floors":[4],"current_hp_per_floor":[49,49,49,49,49,49,49,49,49,35,35,35,35,23,44,35,22,12,70,70,56,41,34,26,47,54,32,23,17,0,0,0],"gold":428,"neow_bonus":"TRANSFORM_TWO_CARDS","is_daily":false,"chose_seed":false,"campfire_upgraded":3,"win_rate":0.0,"timestamp":1613148333,"path_taken":["R_BF","M","M","$","PTL","PTL","M","?","T","M","?","R","?","M","R","M","M","BOSS","R","M","$","?","?","R","T","NM","?","E","M"],"items_purchased_type":["Card"],"build_version":"2020-12-22","purchased_purges":1,"victory":false,"max_hp_per_floor":[70,70,70,70,70,70,70,70,70,70,70,70,70,70,70,70,70,70,70,70,70,70,70,70,70,77,77,77,77,77,77,77],"card_choices":[{"not_picked":["hexamod:SwordOfDarkness","hexamod:Haunt"],"picked":"hexamod:SpectersWail","floor":2},{"not_picked":["hexamod:ThermalTransfer","hexamod:NightmareGuise"],"picked":"hexamod:SpectralAdrenaline","floor":3},{"not_picked":["hexamod:ThirdSeal","hexamod:SwordOfDarkness"],"picked":"hexamod:VolcanoVisage","floor":4},{"not_picked":["hexamod:CatchUp","hexamod:Hexaguard"],"picked":"hexamod:GhostflameBarrier","floor":7},{"not_picked":["hexamod:SkipABeat","hexamod:SuperheatedStrike"],"picked":"hexamod:FirstSeal","floor":10},{"not_picked":["hexamod:RecurringNightmare","hexamod:PhantomFireball"],"picked":"hexamod:EtherealExpedition","floor":14},{"not_picked":["hexamod:FirstSeal","hexamod:GhostLash","hexamod:NecessarySacrifice"],"picked":"SKIP","floor":14},{"not_picked":["hexamod:GhostLash","hexamod:ExtraCrispy"],"picked":"hexamod:HauntingEcho","floor":16},{"not_picked":["hexamod:GhostflameBarrier","hexamod:Again"],"picked":"hexamod:ChargedBarrage","floor":16},{"not_picked":["hexamod:SwordOfDarkness","hexamod:FastForward"],"picked":"hexamod:NightmareGuise","floor":17},{"not_picked":["hexamod:Hexaguard","hexamod:Firestarter"],"picked":"hexamod:ParanormalForm","floor":17},{"not_picked":["hexamod:UnleashSpirits","hexamod:TimeWarp"],"picked":"hexamod:GhostOfSpirePresent","floor":18},{"not_picked":["hexamod:WildfireWeapon","hexamod:GhostflameInferno"],"picked":"hexamod:TurnItUp","floor":18},{"not_picked":["hexamod:FlamesFromBeyond","hexamod:SpectralAdrenaline"],"picked":"hexamod:Hexaguard+1","floor":21},{"not_picked":["hexamod:Firestarter","hexamod:BurningTouch","hexamod:FastForward"],"picked":"SKIP","floor":21},{"not_picked":["hexamod:NightmareGuise","hexamod:GhostflameInferno"],"picked":"hexamod:RetreatToShadows","floor":22},{"not_picked":["hexamod:PhantomFireball","hexamod:InspiringFlames"],"picked":"hexamod:SpectersWail+1","floor":24},{"not_picked":["hexamod:ShieldOfDarkness","hexamod:GhostLash"],"picked":"hexamod:NightmareStrike","floor":24},{"not_picked":["ReplayTheSpireMod:Black Plague","infinitespire:UltimateForm"],"picked":"hubris:Fate","floor":27},{"not_picked":["hexamod:SuperheatedStrike","hexamod:ShieldOfDarkness"],"picked":"hexamod:TurnItUp","floor":27},{"not_picked":["hexamod:FourthSeal","hexamod:HauntingEcho","hexamod:SpectersWail"],"picked":"SKIP","floor":27},{"not_picked":["hexamod:BacktrackSmack","hexamod:InspiringFlames"],"picked":"hexamod:PhantomCloak+1","floor":28},{"not_picked":["hexamod:Again","hexamod:SpectralAdrenaline","hexamod:NecessarySacrifice+1"],"picked":"SKIP","floor":28},{"not_picked":["hexamod:HeatMetal","hexamod:NightmareStrike+1"],"picked":"hexamod:GiftsFromTheDead","floor":29},{"not_picked":["hexamod:SpectralAdrenaline","hexamod:Haunt+1","hexamod:SuperheatedStrike+1"],"picked":"SKIP","floor":29}],"player_experience":1032184,"relics_obtained":[{"floor":9,"key":"infinitespire:Lucky Rock"},{"floor":26,"key":"Strawberry"},{"floor":27,"key":"infinitespire:Broken Mirror"},{"floor":29,"key":"aspiration:ChemicalBlood"}],"event_choices":[{"damage_healed":0,"gold_gain":0,"player_choice":"Disagree","damage_taken":0,"max_hp_gain":0,"max_hp_loss":0,"event_name":"conspire:LoneGhost","floor":13,"gold_loss":0}],"is_beta":false,"boss_relics":[{"not_picked":["infinitespire:Cupcake","Velvet Choker"],"picked":"hubris:CrackedHourglass"}],"items_purged_floors":[22],"is_endless":false,"potions_floor_spawned":[3,17,18,27],"killed_by":"Snecko","ascension_level":0}}