{"host":"b0hh64pqctf46s8m","time":1613088893,"event":{"mods":["100% Spire Juice","Act Like it!","Aspiration","BaseMod","Bestiary","Better Third Choice","CCEM2","CapriCore","ChefMod","Conspire","Curses Come First","Displayed Cursed Tome","Dota2Spire","Downfall","Ekko","Elementarium","Evolution","Fireblade Mod","Fox Events","Halation","Hallownest","Hermit","Hubris","Infinite Spire","Jess\u0027s Bottle","JesterMod","Jorbs\u0027s Wanderer Trilogy","Koishi","Kratos Character Expansion","Lobotomy","Luminous","Mari Mod (Legacy)","Mari\u0027s V1 Patch","Menagerie","Mimic Mod","Minty Spire (QoL Compilation)","Pale of the Ancients","Permanent Neow","Pikachu Mod","QueenMod","Random Character Button","Relic Sorter","Relic Stats","Reliquary","Replay The Spire","Robot Space Explorer","Shade Mod","Spire Arcade","StSLib","The Blue Laboratory","The Bug Knight","The Dragon Tamer","The Hayseed","The Immortal","TheSurvivalist","TheSwordswoman","TheVacant","TheWitcher","Treasure Hunter","UnlockEverythingMod","Wandering Minibosses","??????REMEMod"],"gold_per_floor":[272,202,245,245,72,72,104,104,143,173,185,204,230,242,242,242,242],"floor_reached":16,"language":"ENG","playtime":657,"items_purged":[],"score":118,"play_id":"aca76a4e-1c67-401b-912c-6f0f77d05e48","local_time":"20210211161453","is_ascension_mode":false,"campfire_choices":[{"data":"ekkoTheBoyWhoShatteredTime:Greed","floor":6.0,"key":"SMITH"},{"data":"ekkoTheBoyWhoShatteredTime:OverloadingWeapon","floor":8.0,"key":"SMITH"},{"data":"ekkoTheBoyWhoShatteredTime:SneakHit","floor":15.0,"key":"SMITH"}],"circlet_count":1,"master_deck":["ekkoTheBoyWhoShatteredTime:Strike","ekkoTheBoyWhoShatteredTime:Strike","ekkoTheBoyWhoShatteredTime:Strike","ekkoTheBoyWhoShatteredTime:Strike","ekkoTheBoyWhoShatteredTime:Strike","ekkoTheBoyWhoShatteredTime:Defend","ekkoTheBoyWhoShatteredTime:Defend","ekkoTheBoyWhoShatteredTime:Defend","ekkoTheBoyWhoShatteredTime:Defend","ekkoTheBoyWhoShatteredTime:TimeMaster","ekkoTheBoyWhoShatteredTime:Powered","ekkoTheBoyWhoShatteredTime:Greed+1","Woodsman","ekkoTheBoyWhoShatteredTime:MicCheck","ekkoTheBoyWhoShatteredTime:HextechProtobelt","ekkoTheBoyWhoShatteredTime:SneakHit+1","ekkoTheBoyWhoShatteredTime:OverloadingWeapon+1","ekkoTheBoyWhoShatteredTime:CalmingWaves","ekkoTheBoyWhoShatteredTime:Confident","hubris:NaturalOne","ekkoTheBoyWhoShatteredTime:AfterimageDualStroke","ekkoTheBoyWhoShatteredTime:FeelIt","ekkoTheBoyWhoShatteredTime:Playful","ekkoTheBoyWhoShatteredTime:DefensiveStance"],"relics":["ekkoTheBoyWhoShatteredTime:zDriveResonance","hubris:Icosahedron","EVO:Axolotl","REME_ComplimentaryCards","CogitoBucket","Hallownest:StagBellRelic1","Dota2Spire:OrchidMalevolence","Bronze Scales","Circlet","Blue Doll","ekkoTheBoyWhoShatteredTime:TwistedClockwork","AdjustmentMirror","Lantern"],"acts_visited":["Hallownest:Greenpath"],"potions_floor_usage":[],"damage_taken":[{"damage":0.0,"enemies":"Hallownest:2_MossCreeps","floor":1.0,"turns":5.0},{"damage":30.0,"enemies":"Hallownest:eliteCrystalGuardian","floor":7.0,"turns":4.0},{"damage":5.0,"enemies":"2_ Uuma","floor":9.0,"turns":4.0},{"damage":6.0,"enemies":"Hallownest:eliteVengeflyKing","floor":10.0,"turns":5.0},{"damage":0.0,"enemies":"2_ Uuma","floor":11.0,"turns":2.0},{"damage":10.0,"enemies":"Hallownest:monsterHuskWarrior","floor":12.0,"turns":5.0},{"damage":24.0,"enemies":"Hallownest:eliteCrystalGuardian","floor":13.0,"turns":4.0},{"damage":18.0,"enemies":"Hallownest:1_Baldur_1_Crawlid_1_Warrior","floor":14.0,"turns":4.0},{"damage":0,"enemies":"Hallownest:BossFalseKnight","floor":16,"turns":1}],"seed_played":"8956831825091140618","potions_obtained":[{"floor":1.0,"key":"Fruit Juice"},{"floor":7.0,"key":"LiquidMemories"}],"is_trial":false,"path_per_floor":["M","?","?","?","$","R","E","R","MIM","E","M","M","E","M","R","B"],"character_chosen":"EKKO_THE_BOY_WHO_SHATTERED_TIME","items_purchased":["ekkoTheBoyWhoShatteredTime:SneakHit","Bronze Scales"],"campfire_rested":0,"item_purchase_floors":[5,5],"current_hp_per_floor":[78,78,78,78,78,78,54,54,55,61,73,78,60,60,60,60,60],"gold":242,"neow_bonus":"","is_daily":false,"chose_seed":false,"campfire_upgraded":3,"win_rate":0.0,"timestamp":1613088893,"path_taken":["M","?","?","?","$","R","E","R","MIM","E","M","M","E","M","R","BOSS"],"items_purchased_type":["Card","Relic"],"build_version":"2020-12-22","purchased_purges":0,"victory":false,"max_hp_per_floor":[78,78,78,78,78,78,78,78,78,78,78,78,78,78,78,78,78],"relic_stats":{"counters":[10,35],"Bronze Scales":[66],"obtain_stats":[{"Hallownest:StagBellRelic1":2,"Lantern":13,"Dota2Spire:OrchidMalevolence":3,"Circlet":0,"Blue Doll":9,"EVO:Axolotl":0,"vexMod:FocusSash":7,"AdjustmentMirror":12,"ekkoTheBoyWhoShatteredTime:TwistedClockwork":10,"CogitoBucket":0,"hubris:Icosahedron":4,"Bronze Scales":5,"ekkoTheBoyWhoShatteredTime:zDriveResonance":0,"REME_ComplimentaryCards":0},{"Hallownest:StagBellRelic1":1,"Lantern":8,"Dota2Spire:OrchidMalevolence":1,"Circlet":0,"Blue Doll":3,"EVO:Axolotl":0,"vexMod:FocusSash":2,"AdjustmentMirror":7,"ekkoTheBoyWhoShatteredTime:TwistedClockwork":4,"CogitoBucket":0,"hubris:Icosahedron":1,"Bronze Scales":1,"ekkoTheBoyWhoShatteredTime:zDriveResonance":0,"REME_ComplimentaryCards":0},{"Hallownest:StagBellRelic1":5,"Lantern":30,"Dota2Spire:OrchidMalevolence":5,"Circlet":0,"Blue Doll":13,"EVO:Axolotl":0,"vexMod:FocusSash":9,"AdjustmentMirror":26,"ekkoTheBoyWhoShatteredTime:TwistedClockwork":18,"CogitoBucket":0,"hubris:Icosahedron":5,"Bronze Scales":5,"ekkoTheBoyWhoShatteredTime:zDriveResonance":0,"REME_ComplimentaryCards":0}]},"card_choices":[{"not_picked":["ekkoTheBoyWhoShatteredTime:Knowledge","ekkoTheBoyWhoShatteredTime:SneakHit"],"picked":"ekkoTheBoyWhoShatteredTime:Greed","floor":1.0},{"not_picked":["Scorched","WallGazer"],"picked":"Woodsman","floor":1.0},{"not_picked":["ekkoTheBoyWhoShatteredTime:WaitForKeyTiming","ekkoTheBoyWhoShatteredTime:Backtrack"],"picked":"ekkoTheBoyWhoShatteredTime:MicCheck","floor":3.0},{"not_picked":["ekkoTheBoyWhoShatteredTime:Leap","ekkoTheBoyWhoShatteredTime:PhaseDive"],"picked":"ekkoTheBoyWhoShatteredTime:HextechProtobelt","floor":3.0},{"not_picked":["ekkoTheBoyWhoShatteredTime:Dash","ekkoTheBoyWhoShatteredTime:IceBreak"],"picked":"ekkoTheBoyWhoShatteredTime:OverloadingWeapon","floor":7.0},{"not_picked":["TH:Mimic","TH:TreasureMap"],"picked":"SKIP","floor":7.0},{"not_picked":["ekkoTheBoyWhoShatteredTime:HauntingGuise","ekkoTheBoyWhoShatteredTime:WaitForKeyTiming"],"picked":"ekkoTheBoyWhoShatteredTime:CalmingWaves","floor":9.0},{"not_picked":["ekkoTheBoyWhoShatteredTime:AfterimageHit","ekkoTheBoyWhoShatteredTime:WaitForKeyTiming"],"picked":"ekkoTheBoyWhoShatteredTime:Confident","floor":10.0},{"not_picked":["TH:CursedSword","TH:Mimic"],"picked":"SKIP","floor":10.0},{"not_picked":["ekkoTheBoyWhoShatteredTime:SpHit","ekkoTheBoyWhoShatteredTime:GrandeFinale"],"picked":"ekkoTheBoyWhoShatteredTime:AfterimageDualStroke","floor":11.0},{"not_picked":["ekkoTheBoyWhoShatteredTime:NeedlesslyLargeRod","ekkoTheBoyWhoShatteredTime:Backtrack"],"picked":"ekkoTheBoyWhoShatteredTime:FeelIt","floor":12.0},{"not_picked":["ekkoTheBoyWhoShatteredTime:Confident","ekkoTheBoyWhoShatteredTime:Vibin"],"picked":"ekkoTheBoyWhoShatteredTime:Playful","floor":13.0},{"not_picked":["TH:CursedSword","TH:PixieDust"],"picked":"SKIP","floor":13.0},{"not_picked":["ekkoTheBoyWhoShatteredTime:CommittedStrike","ekkoTheBoyWhoShatteredTime:SneakHit"],"picked":"ekkoTheBoyWhoShatteredTime:DefensiveStance","floor":14.0}],"player_experience":1576007,"relics_obtained":[{"floor":3.0,"key":"Dota2Spire:OrchidMalevolence"},{"floor":7.0,"key":"vexMod:FocusSash"},{"floor":9.0,"key":"Blue Doll"},{"floor":10.0,"key":"ekkoTheBoyWhoShatteredTime:TwistedClockwork"},{"floor":13.0,"key":"Lantern"}],"event_choices":[],"is_beta":false,"boss_relics":[],"items_purged_floors":[],"is_endless":false,"potions_floor_spawned":[1,7,14],"killed_by":"Hallownest:BossFalseKnight","ascension_level":0}}