{"host":"djoj10dqzzvtkauc","time":1613147336,"event":{"mods":["2.2 Compatiblity","BaseMod","Colored Map","DeckTracker","Highlight Path","Keyboard Shortcuts","Marisa£¨Ùöéë¡¡Øª×âÞÞ£©","Minty Spire (QoL Compilation)","Permanent Neow","Quick Restart","Random Character Button","StSLib","SuperFastMode","everything is the same but u backflip on backflip"],"gold_per_floor":[111,131,149,169,179,179,6,6,31,62,116,139,151,183,195,283,295,322,283,74,86,98,98,98],"floor_reached":23,"language":"KOR","playtime":804,"items_purged":["Strike_G"],"score":341,"play_id":"b22232c1-f136-4d47-ace2-a3d6d7c14a3e","local_time":"20210213012856","is_ascension_mode":true,"campfire_choices":[{"data":"Poisoned Stab","floor":6,"key":"SMITH"},{"data":"Dagger Spray","floor":13,"key":"SMITH"},{"floor":15,"key":"REST"}],"circlet_count":0,"master_deck":["AscendersBane","Strike_G","Strike_G","Defend_G","Defend_G","Defend_G","Defend_G","Defend_G","Survivor","Neutralize","PiercingWail","Dodge and Roll","Poisoned Stab+1","Deadly Poison","Slice","Dodge and Roll","Reflex","Dagger Throw","Flying Knee","Unload","Dagger Spray+1","Crippling Poison","Storm of Steel","Deflect","Footwork","Prepared","Leg Sweep+1"],"relics":["Ring of the Snake","MealTicket","Regal Pillow","MawBank","WristBlade","Pen Nib","Centennial Puzzle"],"acts_visited":["Exordium","TheCity"],"potions_floor_usage":[10,16,22,23],"damage_taken":[{"damage":2,"enemies":"2 Louse","floor":1,"turns":6},{"damage":0,"enemies":"Jaw Worm","floor":2,"turns":6},{"damage":0,"enemies":"Cultist","floor":3,"turns":4},{"damage":0,"enemies":"Exordium Wildlife","floor":4,"turns":5},{"damage":8,"enemies":"Exordium Thugs","floor":5,"turns":8},{"damage":10,"enemies":"3 Sentries","floor":10,"turns":11},{"damage":4,"enemies":"2 Fungi Beasts","floor":12,"turns":4},{"damage":0,"enemies":"Looter","floor":14,"turns":3},{"damage":45,"enemies":"Slime Boss","floor":16,"turns":13},{"damage":1,"enemies":"3 Byrds","floor":18,"turns":5},{"damage":14,"enemies":"2 Thieves","floor":21,"turns":2},{"damage":7,"enemies":"Chosen and Byrds","floor":22,"turns":6},{"damage":23,"enemies":"Book of Stabbing","floor":23,"turns":9}],"seed_played":"-7814335126867233293","potions_obtained":[{"floor":1,"key":"FearPotion"},{"floor":2,"key":"SpeedPotion"},{"floor":12,"key":"FearPotion"},{"floor":22,"key":"Energy Potion"}],"is_trial":false,"path_per_floor":["M","M","M","M","M","R","$","?","T","E","T","M","R","M","R","B",null,"M","?","$","M","M","E"],"character_chosen":"THE_SILENT","items_purchased":["Dagger Throw","Flying Knee","Footwork","Centennial Puzzle"],"campfire_rested":1,"item_purchase_floors":[7,7,20,20],"current_hp_per_floor":[42,42,42,42,34,34,34,34,34,24,24,20,20,20,54,9,52,51,51,66,52,45,22,22],"gold":98,"neow_bonus":"TRANSFORM_TWO_CARDS","is_daily":false,"chose_seed":false,"campfire_upgraded":2,"win_rate":0.0,"timestamp":1613147336,"path_taken":["M","M","M","M","M","R","$","?","T","E","?","?","R","M","R","BOSS","M","?","$","M","M","E"],"items_purchased_type":["Card","Card","Card","Relic"],"build_version":"2020-12-22","purchased_purges":1,"victory":false,"max_hp_per_floor":[66,66,66,66,66,66,66,66,66,66,66,66,66,66,66,66,66,66,66,66,66,66,66,66],"card_choices":[{"not_picked":["Deflect","Dagger Throw"],"picked":"Poisoned Stab","floor":1},{"not_picked":["Distraction","Slice"],"picked":"Deadly Poison","floor":2},{"not_picked":["Outmaneuver","Catalyst"],"picked":"Slice","floor":3},{"not_picked":["Quick Slash","Flying Knee"],"picked":"Dodge and Roll","floor":4},{"not_picked":["Outmaneuver","Dodge and Roll"],"picked":"Reflex","floor":5},{"not_picked":["Choke","Eviscerate"],"picked":"Unload","floor":10},{"not_picked":["Prepared","Escape Plan"],"picked":"Dagger Spray","floor":12},{"not_picked":["Dash","Slice"],"picked":"Crippling Poison","floor":14},{"not_picked":["Doppelganger","Grand Finale"],"picked":"Storm of Steel","floor":16},{"not_picked":["Deadly Poison","Sucker Punch"],"picked":"Deflect","floor":18},{"not_picked":["Predator","Expertise"],"picked":"Prepared","floor":21},{"not_picked":["Endless Agony","Sucker Punch"],"picked":"Leg Sweep+1","floor":22}],"player_experience":235006,"relics_obtained":[{"floor":9,"key":"MealTicket"},{"floor":10,"key":"Regal Pillow"},{"floor":11,"key":"MawBank"}],"event_choices":[{"damage_healed":0,"gold_gain":0,"player_choice":"Ignored","damage_taken":0,"max_hp_gain":0,"max_hp_loss":0,"event_name":"Liars Game","floor":8,"gold_loss":0},{"damage_healed":0,"gold_gain":0,"player_choice":"Paid Gold","damage_taken":0,"relics_obtained":["Pen Nib"],"max_hp_gain":0,"max_hp_loss":0,"event_name":"WeMeetAgain","floor":19,"gold_loss":51}],"is_beta":false,"boss_relics":[{"not_picked":["Astrolabe","SacredBark"],"picked":"WristBlade"}],"items_purged_floors":[7],"is_endless":false,"potions_floor_spawned":[1,2,4,12,22],"killed_by":"Book of Stabbing","ascension_level":15}}