{"host":"18wi9kpcl4eah7pe","time":1613155343,"event":{"mods":["BaseMod","Colored Powertips","Downfall","Minty Spire (QoL Compilation)","StSLib"],"gold_per_floor":[349,359,378,398,195,214,240,240,34,44,76,76,110,120,130,130,130,130],"floor_reached":16,"language":"ENG","playtime":833,"items_purged":["Parasite"],"score":154,"play_id":"8995b26c-f75d-44f8-ab95-2e0658b43035","local_time":"20210212124223","is_ascension_mode":true,"campfire_choices":[{"floor":1,"key":"RECALL"},{"floor":12,"key":"REST"}],"circlet_count":0,"master_deck":["bronze:Strike","bronze:Strike","bronze:Strike","bronze:Strike","bronze:Defend","bronze:Defend","bronze:Defend","bronze:Defend","bronze:Replicate","bronze:Goto","bronze:WhirlingStrike","bronze:Separator","bronze:FineTuning","bronze:Fortify","bronze:Repulsor","bronze:Shield","bronze:Iterate","bronze:Repair","bronze:SpaghettiCode","bronze:Overheat","bronze:Philosophize","bronze:WildBeam"],"relics":["bronze:BronzeCore","Membership Card","Vajra","bronze:Mallet","Blood Vial","InkBottle"],"acts_visited":["Exordium"],"potions_floor_usage":[11,11,13,14,16],"damage_taken":[{"damage":12,"enemies":"Small Slimes","floor":2,"turns":3},{"damage":0,"enemies":"2 Louse","floor":3,"turns":2},{"damage":1,"enemies":"Cultist","floor":4,"turns":3},{"damage":0,"enemies":"downfall:FleeingMerchant","floor":5,"turns":4},{"damage":8,"enemies":"Blue Slaver","floor":6,"turns":4},{"damage":4,"enemies":"downfall:FleeingMerchant","floor":9,"turns":4},{"damage":0,"enemies":"3 Louse","floor":10,"turns":4},{"damage":4,"enemies":"Lagavulin","floor":11,"turns":7},{"damage":26,"enemies":"Gremlin Nob","floor":13,"turns":4},{"damage":9,"enemies":"Red Slaver","floor":14,"turns":4},{"damage":9,"enemies":"Large Slime","floor":15,"turns":8},{"damage":53,"enemies":"DF_ARCHETYPE_STREAMLINE","floor":16,"turns":9}],"seed_played":"-2175314393475565144","potions_obtained":[{"floor":3,"key":"Swift Potion"},{"floor":4,"key":"Block Potion"},{"floor":11,"key":"bronze:CleanCodePotion"},{"floor":13,"key":"Swift Potion"},{"floor":15,"key":"bronze:BuildAFunctionPotion"}],"is_trial":false,"path_per_floor":["R","M","M","M","$","M","T","?","$","M","E","R","E","M","M","B"],"character_chosen":"THE_AUTOMATON","items_purchased":["Membership Card","bronze:Repulsor","bronze:Mallet"],"campfire_rested":1,"item_purchase_floors":[5,5,9],"current_hp_per_floor":[45,33,33,32,32,24,24,41,37,37,43,63,41,34,34,0,0,0],"gold":130,"neow_bonus":"TWO_FIFTY_GOLD","is_daily":false,"chose_seed":false,"campfire_upgraded":0,"win_rate":0.0,"timestamp":1613155343,"path_taken":["R","M","M","M","$","M","T","?","$","M","E","R","E","M","M","BOSS"],"items_purchased_type":["Relic","Card","Relic"],"build_version":"2020-12-22","purchased_purges":1,"victory":false,"max_hp_per_floor":[70,70,70,70,70,70,70,70,67,67,67,67,67,67,67,67,67,67],"card_choices":[{"not_picked":["bronze:Deprecate","bronze:ForceShield"],"picked":"bronze:WhirlingStrike","floor":2},{"not_picked":["bronze:Constructor","bronze:ShipIt"],"picked":"bronze:Separator","floor":3},{"not_picked":["bronze:DigitalCarnage","bronze:DelayedGuard"],"picked":"bronze:FineTuning","floor":4},{"not_picked":["bronze:Separator","bronze:OilSpill"],"picked":"bronze:Fortify","floor":5},{"not_picked":["bronze:DelayedSlice","bronze:DelayedGuard"],"picked":"bronze:Shield","floor":6},{"not_picked":["bronze:WhirlingStrike","bronze:WildBeam"],"picked":"bronze:Iterate","floor":9},{"not_picked":["bronze:WhirlingStrike","bronze:Constructor"],"picked":"bronze:Repair","floor":10},{"not_picked":["bronze:Safeguard","bronze:Return"],"picked":"bronze:SpaghettiCode","floor":11},{"not_picked":["bronze:DelayedGuard","bronze:CloningBeam"],"picked":"bronze:Overheat","floor":13},{"not_picked":["bronze:DelayedGuard","bronze:Iterate"],"picked":"bronze:Philosophize","floor":14},{"not_picked":["bronze:DelayedSlice","bronze:CloningBeam"],"picked":"bronze:WildBeam","floor":15}],"player_experience":1020759,"relics_obtained":[{"floor":7,"key":"Vajra"},{"floor":11,"key":"Blood Vial"},{"floor":13,"key":"InkBottle"}],"event_choices":[{"damage_healed":17,"gold_gain":0,"player_choice":"Healed and dodged fight","damage_taken":0,"max_hp_gain":0,"max_hp_loss":0,"event_name":"Mushrooms","floor":8,"gold_loss":0,"cards_obtained":["Parasite"]}],"is_beta":false,"boss_relics":[],"items_purged_floors":[9],"is_endless":false,"potions_floor_spawned":[3,4,11,13,15],"killed_by":"DF_ARCHETYPE_STREAMLINE","ascension_level":7}}