{"host":"kxz5izodaorfb9am","time":1613137474,"event":{"mods":["BaseMod","Downfall","GifTheSpireLib","Minty Spire (QoL Compilation)","Shop Mod","StSLib","The Cursed"],"gold_per_floor":[114,35,54,70,70,104,115,115,115,134,84,84,84,108,108,228,228,242,3,3,3,22,22,36,64,119,150,204,204,303,5,5,105,105,119,119,119,131,31,66,66,83,83,98,124,73,85,96,96,96,96,96,15,50,50],"floor_reached":56,"language":"ENG","playtime":3501,"items_purged":["Sever Soul","Searing Blow"],"score":1523,"play_id":"2680c1a5-ad29-4aa7-ae99-0ee348a735eb","local_time":"20210212144434","is_ascension_mode":true,"campfire_choices":[{"floor":12,"key":"REST"},{"floor":15,"key":"RECALL"},{"floor":23,"key":"REST"},{"floor":29,"key":"REST"},{"floor":32,"key":"REST"},{"floor":41,"key":"REST"},{"floor":49,"key":"REST"},{"floor":52,"key":"REST"}],"circlet_count":0,"master_deck":["Bash","Shrug It Off","Metallicize","Shrug It Off","Body Slam+1","Pommel Strike","Feel No Pain","Ghostly Armor","Impervious","Barricade","Burning Pact","Entrench","Headbutt","Seeing Red","Fire Breathing","Apotheosis","Juggernaut","Combust","True Grit","Immolate","CurseOfTheBell","Battle Trance+1","downfall:Haunted","Sentinel","Feel No Pain+1","Intimidate+1","True Grit","Evolve","Havoc+1"],"relics":["Fusion Hammer","Charon\u0027s Ashes","HornCleat","Bloody Idol","Ginger","Pandora\u0027s Box","Champion Belt","Ice Cream","Anchor","Lizard Tail","Calling Bell","Boot","Pantograph","FossilizedHelix","Du-Vu Doll","Spirit Poop","Lantern","Blue Candle","Pear","Art of War"],"acts_visited":["Exordium","TheCity","TheBeyond","TheEnding"],"potions_floor_usage":[6,16,22,25,25,33,45,50,54],"damage_taken":[{"damage":1,"enemies":"Cultist","floor":1,"turns":3},{"damage":7,"enemies":"Jaw Worm","floor":3,"turns":3},{"damage":1,"enemies":"Small Slimes","floor":4,"turns":3},{"damage":35,"enemies":"Lagavulin","floor":6,"turns":7},{"damage":7,"enemies":"3 Louse","floor":7,"turns":3},{"damage":3,"enemies":"2 Fungi Beasts","floor":10,"turns":4},{"damage":0,"enemies":"Large Slime","floor":14,"turns":4},{"damage":6,"enemies":"The Guardian","floor":16,"turns":13},{"damage":0,"enemies":"3 Byrds","floor":18,"turns":6},{"damage":19,"enemies":"2 Thieves","floor":22,"turns":3},{"damage":0,"enemies":"Centurion and Healer","floor":24,"turns":5},{"damage":25,"enemies":"Gremlin Leader","floor":25,"turns":6},{"damage":19,"enemies":"Book of Stabbing","floor":27,"turns":6},{"damage":15,"enemies":"Collector","floor":33,"turns":6},{"damage":32,"enemies":"3 Darklings","floor":35,"turns":4},{"damage":0,"enemies":"Orb Walker","floor":38,"turns":5},{"damage":10,"enemies":"Giant Head","floor":40,"turns":5},{"damage":19,"enemies":"Transient","floor":42,"turns":5},{"damage":8,"enemies":"3 Darklings","floor":44,"turns":4},{"damage":0,"enemies":"Nemesis","floor":45,"turns":5},{"damage":0,"enemies":"Spire Growth","floor":47,"turns":4},{"damage":10,"enemies":"Writhing Mass","floor":48,"turns":5},{"damage":0,"enemies":"Donu and Deca","floor":50,"turns":6},{"damage":49,"enemies":"Shield and Spear","floor":54,"turns":6},{"damage":49,"enemies":"The Heart","floor":55,"turns":7}],"seed_played":"-4157987637569105698","potions_obtained":[{"floor":3,"key":"DistilledChaos"},{"floor":7,"key":"sneckomod:MuddlingPotion"},{"floor":14,"key":"DuplicationPotion"},{"floor":16,"key":"hexamod:SoulburnPotion"},{"floor":24,"key":"Regen Potion"},{"floor":27,"key":"FearPotion"},{"floor":40,"key":"FearPotion"},{"floor":45,"key":"PowerPotion"}],"is_trial":false,"path_per_floor":["M","$","M","M","?","E","M","?","T","M","?","R","?","M","R","B",null,"M","$","?","?","M","R","M","E","T","E","T","R","?","$","R","B",null,"M","?","?","M","$","E","R","M","T","M","E","$","M","M","R","B",null,"R","$","E","B",null],"character_chosen":"IRONCLAD","items_purchased":["Metallicize","Apotheosis","Lizard Tail","Swift Potion","Evolve"],"campfire_rested":7,"item_purchase_floors":[2,19,31,46,53],"current_hp_per_floor":[79,79,72,71,71,36,29,29,29,26,26,48,48,48,48,42,74,74,74,74,74,65,74,74,66,71,57,62,74,74,74,74,64,74,47,47,47,52,52,47,69,55,55,52,67,67,72,67,84,84,84,84,84,40,16],"gold":50,"neow_bonus":"BOSS_RELIC","is_daily":false,"chose_seed":false,"campfire_upgraded":0,"win_rate":0.0,"timestamp":1613137474,"path_taken":["M","$","?","M","?","E","M","?","T","M","?","R","?","M","R","BOSS","M","$","?","?","M","R","M","E","T","E","?","R","?","?","R","BOSS","M","?","?","?","?","E","R","?","T","M","E","$","M","M","R","BOSS","R","$","E","BOSS"],"items_purchased_type":["Card","Card","Relic","Potion","Card"],"build_version":"2020-12-22","purchased_purges":2,"victory":true,"max_hp_per_floor":[80,80,80,80,80,80,80,74,74,74,74,74,74,74,74,74,74,74,74,74,74,74,74,74,74,74,74,74,74,74,74,74,74,74,74,74,74,74,74,74,74,74,74,74,84,84,84,84,84,84,84,84,84,84,84],"card_choices":[{"not_picked":["Flex","Blood for Blood"],"picked":"Shrug It Off","floor":1},{"not_picked":["Iron Wave","Infernal Blade"],"picked":"Shrug It Off","floor":3},{"not_picked":["Warcry","Dark Embrace"],"picked":"Body Slam","floor":4},{"not_picked":["Headbutt","Infernal Blade"],"picked":"Pommel Strike","floor":6},{"not_picked":["Clash","Clothesline"],"picked":"Feel No Pain","floor":7},{"not_picked":["Pommel Strike","Blood for Blood","Twin Strike"],"picked":"SKIP","floor":10},{"not_picked":["Perfected Strike","Blood for Blood"],"picked":"Ghostly Armor","floor":14},{"not_picked":["Berserk","Double Tap"],"picked":"Impervious","floor":16},{"not_picked":["Havoc+1","Seeing Red"],"picked":"Fire Breathing","floor":18},{"not_picked":["Dropkick","Sword Boomerang","Infernal Blade"],"picked":"SKIP","floor":22},{"not_picked":["Shrug It Off","Clothesline"],"picked":"True Grit","floor":24},{"not_picked":["Anger","Sever Soul","Whirlwind"],"picked":"SKIP","floor":25},{"not_picked":["Pommel Strike+1","Feel No Pain"],"picked":"Immolate","floor":27},{"not_picked":["Rage","Whirlwind+1"],"picked":"Battle Trance+1","floor":35},{"not_picked":["Inflame","Searing Blow","Clothesline"],"picked":"SKIP","floor":38},{"not_picked":["Headbutt","Pommel Strike+1","Iron Wave+1"],"picked":"SKIP","floor":40},{"not_picked":["Iron Wave+1","Pummel"],"picked":"Sentinel","floor":42},{"not_picked":["Whirlwind","Brutality","Headbutt+1"],"picked":"SKIP","floor":44},{"not_picked":["Flex","Wild Strike+1"],"picked":"Feel No Pain+1","floor":45},{"not_picked":["Dual Wield","Clash"],"picked":"Intimidate+1","floor":47},{"not_picked":["Blood for Blood+1","Carnage"],"picked":"True Grit","floor":48},{"not_picked":["Infernal Blade+1","Twin Strike+1"],"picked":"Havoc+1","floor":54}],"player_experience":362993,"relics_obtained":[{"floor":6,"key":"HornCleat"},{"floor":9,"key":"Ginger"},{"floor":25,"key":"Champion Belt"},{"floor":27,"key":"Ice Cream"},{"floor":28,"key":"Anchor"},{"floor":34,"key":"Boot"},{"floor":34,"key":"Pantograph"},{"floor":34,"key":"FossilizedHelix"},{"floor":40,"key":"Lantern"},{"floor":43,"key":"Blue Candle"},{"floor":45,"key":"Pear"},{"floor":54,"key":"Art of War"}],"event_choices":[{"damage_healed":0,"gold_gain":0,"player_choice":"Box","damage_taken":0,"relics_obtained":["Charon\u0027s Ashes"],"max_hp_gain":0,"max_hp_loss":0,"event_name":"Big Fish","floor":5,"gold_loss":0,"cards_obtained":["Regret"]},{"damage_healed":0,"gold_gain":0,"player_choice":"Lose Max HP","damage_taken":0,"relics_obtained":["Golden Idol"],"max_hp_gain":0,"max_hp_loss":6,"event_name":"Golden Idol","floor":8,"gold_loss":0},{"cards_removed":["Regret"],"damage_healed":0,"gold_gain":0,"player_choice":"Card Removal","damage_taken":0,"max_hp_gain":0,"max_hp_loss":0,"event_name":"The Cleric","floor":11,"gold_loss":50},{"damage_healed":0,"gold_gain":0,"player_choice":"Grow","damage_taken":0,"max_hp_gain":0,"max_hp_loss":0,"event_name":"Living Wall","floor":13,"gold_loss":0,"cards_upgraded":["Body Slam"]},{"damage_healed":0,"gold_gain":0,"player_choice":"Gave Idol","damage_taken":0,"relics_obtained":["Bloody Idol"],"max_hp_gain":0,"max_hp_loss":0,"event_name":"Forgotten Altar","floor":20,"relics_lost":["Golden Idol"],"gold_loss":0},{"damage_healed":0,"gold_gain":0,"cards_transformed":["Anger","Clash"],"player_choice":"Became Test Subject","damage_taken":0,"max_hp_gain":0,"max_hp_loss":0,"event_name":"Drug Dealer","floor":21,"gold_loss":0,"cards_obtained":["Juggernaut","Combust"]},{"damage_healed":0,"gold_gain":99,"player_choice":"Stole From Cult","damage_taken":0,"max_hp_gain":0,"max_hp_loss":0,"event_name":"Nest","floor":30,"gold_loss":0},{"cards_removed":["downfall:Haunted"],"damage_healed":0,"gold_gain":0,"player_choice":"Offered Curse","damage_taken":0,"relics_obtained":["Spirit Poop"],"max_hp_gain":0,"max_hp_loss":0,"event_name":"Bonfire Elementals","floor":37,"gold_loss":0}],"is_beta":false,"boss_relics":[{"not_picked":["Cursed Key","Coffee Dripper"],"picked":"Pandora\u0027s Box"},{"not_picked":["Runic Cube","SacredBark"],"picked":"Calling Bell"}],"items_purged_floors":[19,39],"is_endless":false,"potions_floor_spawned":[3,7,14,16,24,27,40,45],"ascension_level":4}}