{"host":"zs3tguvuxkh90jf4","time":1613102374,"event":{"mods":["AchievementEnabler","BaseMod","Better Silent Start","Better-Laid Plans","BetterRewards","Block Reminder","Colored Map","Colored Powertips","Gold Saver","Minty Spire (QoL Compilation)","Shop Mod","StSLib","Transform Curses"],"gold_per_floor":[3353,3371,3296,3296,2812,2846,2846,2433,2459,2503,2503,2518,2549,2570,2570,2669,2669,2688,2207,2227,2227,2227,2227,2267,2267,2321,2368,2305,2028,2028,2048,2048,2137,2137,2158,2158,2189,2254,2268,2268,1859,1875,1901,1925,1571,1571,1571,1615,1615,1615,1615,1615,1319,1357,1357],"floor_reached":56,"language":"ENG","playtime":2562,"items_purged":["Strike_B"],"score":2519,"play_id":"e7186118-d093-469e-b53f-a14cfbda495e","local_time":"20210211195934","is_ascension_mode":true,"campfire_choices":[{"floor":7,"key":"REST"},{"floor":11,"key":"REST"},{"data":"Storm","floor":15,"key":"SMITH"},{"floor":23,"key":"REST"},{"floor":25,"key":"REST"},{"floor":30,"key":"RECALL"},{"data":"Double Energy","floor":32,"key":"SMITH"},{"data":"Dualcast","floor":40,"key":"SMITH"},{"data":"Double Energy","floor":46,"key":"SMITH"},{"data":"Turbo","floor":49,"key":"SMITH"},{"data":"Consume","floor":52,"key":"SMITH"}],"circlet_count":0,"master_deck":["AscendersBane","Defend_B+1","Defend_B","Defend_B","Dualcast+1","Self Repair","Fusion","Blizzard","Loop","BootSequence","White Noise","Thunder Strike","Redo+1","Rainbow","Self Repair","Conserve Battery","Ball Lightning","Storm+1","Coolheaded","Electrodynamics","Cold Snap","Defragment","Double Energy+1","Bite","Bite","Bite","Bite","Bite","Reinforced Body","Double Energy+1","Buffer","Reinforced Body+1","Metamorphosis","Barrage+1","Chaos","Consume+1","Dramatic Entrance","Turbo+1","Stack","Hologram","Mind Blast","Echo Form"],"relics":["Cracked Core","Membership Card","Omamori","Vajra","Inserter","Golden Idol","Runic Capacitor","Ornamental Fan","MerchantsRug","Pen Nib","ClockworkSouvenir","Letter Opener","War Paint","DataDisk","Boot","SlaversCollar","Thread and Needle","Bronze Scales","OrangePellets","Necronomicon","Lizard Tail","MawBank","Art of War","PreservedInsect","Happy Flower","DollysMirror","SacredBark","Dead Branch","Incense Burner","Lantern","Strange Spoon","Gambling Chip","Smiling Mask","Emotion Chip","Toy Ornithopter","Ancient Tea Set","Sundial","Bag of Marbles","HandDrill","Bottled Lightning"],"acts_visited":["Exordium","TheCity","TheBeyond","TheEnding"],"potions_floor_usage":[6,13,13,16,16,27,33,38,38,50,50,55,55],"damage_taken":[{"damage":1,"enemies":"Cultist","floor":1,"turns":3},{"damage":14,"enemies":"Small Slimes","floor":2,"turns":3},{"damage":36,"enemies":"3 Sentries","floor":6,"turns":7},{"damage":38,"enemies":"Lagavulin","floor":10,"turns":6},{"damage":2,"enemies":"Jaw Worm","floor":12,"turns":3},{"damage":14,"enemies":"Gremlin Nob","floor":13,"turns":3},{"damage":0,"enemies":"Red Slaver","floor":14,"turns":2},{"damage":39,"enemies":"The Guardian","floor":16,"turns":7},{"damage":24,"enemies":"2 Thieves","floor":18,"turns":3},{"damage":4,"enemies":"Spheric Guardian","floor":20,"turns":3},{"damage":28,"enemies":"Slavers","floor":24,"turns":3},{"damage":15,"enemies":"Book of Stabbing","floor":27,"turns":3},{"damage":6,"enemies":"Centurion and Healer","floor":31,"turns":4},{"damage":13,"enemies":"Champ","floor":33,"turns":6},{"damage":21,"enemies":"Orb Walker","floor":35,"turns":4},{"damage":31,"enemies":"Mind Bloom Boss Battle","floor":37,"turns":4},{"damage":62,"enemies":"2 Orb Walkers","floor":38,"turns":6},{"damage":9,"enemies":"3 Shapes","floor":39,"turns":4},{"damage":0,"enemies":"Sphere and 2 Shapes","floor":42,"turns":3},{"damage":15,"enemies":"Transient","floor":44,"turns":5},{"damage":16,"enemies":"Nemesis","floor":48,"turns":4},{"damage":65,"enemies":"Awakened One","floor":50,"turns":6},{"damage":0,"enemies":"Shield and Spear","floor":54,"turns":3},{"damage":56,"enemies":"The Heart","floor":55,"turns":6}],"seed_played":"79272063706130113","potions_obtained":[{"floor":2,"key":"AttackPotion"},{"floor":10,"key":"SkillPotion"},{"floor":13,"key":"Strength Potion"},{"floor":14,"key":"Ancient Potion"},{"floor":18,"key":"Fire Potion"},{"floor":37,"key":"EssenceOfSteel"},{"floor":42,"key":"LiquidMemories"}],"is_trial":false,"path_per_floor":["M","M","?","?","$","E","R","$","T","E","R","M","E","M","R","B",null,"M","$","M","?","?","R","E","R","T","E","?","$","R","M","R","B",null,"M","?","?","?","M","R","$","M","T","M","$","R","T","E","R","B",null,"R","$","E","B",null],"character_chosen":"DEFECT","items_purchased":["Membership Card","Blood Vial","Omamori","Self Repair","Fusion","Runic Capacitor","White Noise","Thunder Strike","Ornamental Fan","Strawberry","MerchantsRug","ClockworkSouvenir","Letter Opener","War Paint","Rainbow","Self Repair","ColorlessPotion","Thread and Needle","Bronze Scales","OrangePellets","Defragment","Double Energy","LiquidMemories","PreservedInsect","Happy Flower","DollysMirror","LiquidMemories","Lantern","Strange Spoon","Chaos","Gambling Chip","PowerPotion","Swift Potion","Emotion Chip","Toy Ornithopter","Dramatic Entrance","Turbo","Stack","Bag of Marbles","HandDrill","Hologram","Mind Blast","PowerPotion","Weak Potion"],"campfire_rested":4,"item_purchase_floors":[0,0,0,0,0,5,5,5,5,5,5,8,8,8,8,8,8,19,19,19,19,19,19,29,29,29,29,41,41,41,41,41,41,45,45,45,45,45,53,53,53,53,53,53],"current_hp_per_floor":[65,60,60,36,43,23,46,46,46,17,40,54,56,65,65,42,69,54,54,59,38,38,61,42,65,65,61,61,61,61,68,68,77,78,73,73,53,55,60,60,60,76,76,78,78,78,78,71,71,22,64,64,64,75,40],"gold":1357,"neow_bonus":"","is_daily":false,"chose_seed":false,"campfire_upgraded":6,"win_rate":0.0,"timestamp":1613102374,"path_taken":["M","M","?","?","$","E","R","?","T","E","R","M","E","M","R","BOSS","M","$","M","?","?","R","E","R","T","E","?","$","R","M","R","BOSS","M","?","?","?","M","R","$","M","T","M","$","R","?","E","R","BOSS","R","$","E","BOSS"],"items_purchased_type":["Relic","Relic","Relic","Card","Card","Relic","Card","Card","Relic","Relic","Relic","Relic","Relic","Relic","Card","Card","Potion","Relic","Relic","Relic","Card","Card","Potion","Relic","Relic","Relic","Potion","Relic","Relic","Card","Relic","Potion","Potion","Relic","Relic","Card","Card","Card","Relic","Relic","Card","Card","Potion","Potion"],"build_version":"2020-12-22","purchased_purges":1,"victory":true,"max_hp_per_floor":[71,71,71,71,78,78,78,78,78,78,78,78,78,78,78,78,78,78,78,78,78,78,78,78,78,78,78,78,78,78,78,78,78,78,78,78,78,78,78,78,78,78,78,78,78,78,78,78,78,78,78,78,78,78,78],"card_choices":[{"not_picked":["Stack","Sweeping Beam"],"picked":"Loop","floor":1},{"not_picked":["Ball Lightning","Barrage"],"picked":"BootSequence","floor":2},{"not_picked":["Loop","Blizzard"],"picked":"Redo","floor":6},{"not_picked":["Compile Driver","Reboot"],"picked":"Conserve Battery","floor":10},{"not_picked":["Doom and Gloom","Blizzard"],"picked":"Ball Lightning","floor":12},{"not_picked":["Rip and Tear","Stack"],"picked":"Storm","floor":13},{"not_picked":["Static Discharge","Fusion"],"picked":"Coolheaded","floor":14},{"not_picked":["Thunder Strike","Reboot"],"picked":"Electrodynamics","floor":16},{"not_picked":["Ball Lightning","Turbo"],"picked":"Cold Snap","floor":18},{"not_picked":["Fusion","Gash","White Noise"],"picked":"SKIP","floor":20},{"not_picked":["FTL","Barrage"],"picked":"Reinforced Body","floor":24},{"not_picked":["Scrape","Steam Power","Undo"],"picked":"SKIP","floor":27},{"not_picked":["Fusion","Streamline+1","Rainbow"],"picked":"SKIP","floor":31},{"not_picked":["Rainbow","Hyperbeam"],"picked":"Buffer","floor":33},{"not_picked":["Gash","Streamline+1"],"picked":"Reinforced Body+1","floor":35},{"not_picked":["Swift Strike","Blind"],"picked":"Metamorphosis","floor":36},{"not_picked":["Redo","Turbo"],"picked":"Barrage+1","floor":38},{"not_picked":["Heatsinks","Redo","Lockon"],"picked":"SKIP","floor":39},{"not_picked":["Sunder","Rainbow","Rebound"],"picked":"SKIP","floor":42},{"not_picked":["Sweeping Beam+1","Ball Lightning"],"picked":"Consume","floor":44},{"not_picked":["Sweeping Beam","Rebound","Core Surge"],"picked":"SKIP","floor":48},{"not_picked":["FTL","Sunder"],"picked":"Echo Form","floor":54}],"player_experience":564794,"relics_obtained":[{"floor":6,"key":"Pen Nib"},{"floor":10,"key":"DataDisk"},{"floor":13,"key":"Boot"},{"floor":21,"key":"Necronomicon"},{"floor":24,"key":"Lizard Tail"},{"floor":26,"key":"MawBank"},{"floor":27,"key":"Art of War"},{"floor":37,"key":"Dead Branch"},{"floor":38,"key":"Incense Burner"},{"floor":43,"key":"Smiling Mask"},{"floor":47,"key":"Ancient Tea Set"},{"floor":48,"key":"Sundial"},{"floor":54,"key":"Bottled Lightning"}],"event_choices":[{"cards_removed":["Strike_B"],"damage_healed":0,"gold_gain":0,"player_choice":"Card Removal","damage_taken":0,"max_hp_gain":0,"max_hp_loss":0,"event_name":"The Cleric","floor":3,"gold_loss":75},{"damage_healed":0,"gold_gain":0,"player_choice":"Take Damage","damage_taken":24,"relics_obtained":["Golden Idol"],"max_hp_gain":0,"max_hp_loss":0,"event_name":"Golden Idol","floor":4,"gold_loss":0},{"damage_healed":0,"gold_gain":0,"player_choice":"Obtained Book","damage_taken":21,"max_hp_gain":0,"max_hp_loss":0,"event_name":"Cursed Tome","floor":21,"gold_loss":0},{"damage_healed":0,"gold_gain":0,"player_choice":"Became a vampire (Vial)","damage_taken":0,"max_hp_gain":0,"max_hp_loss":0,"event_name":"Vampires","floor":22,"relics_lost":["Blood Vial"],"gold_loss":0,"cards_obtained":["Bite","Bite","Bite","Bite","Bite"]},{"cards_removed":["Zap"],"damage_healed":0,"gold_gain":0,"player_choice":"Gave Gold","damage_taken":0,"max_hp_gain":0,"max_hp_loss":0,"event_name":"Beggar","floor":28,"gold_loss":75},{"damage_healed":0,"gold_gain":0,"player_choice":"Memory 1","damage_taken":0,"max_hp_gain":0,"max_hp_loss":0,"event_name":"SensoryStone","floor":36,"gold_loss":0},{"damage_healed":0,"gold_gain":0,"player_choice":"Fight","damage_taken":0,"max_hp_gain":0,"max_hp_loss":0,"event_name":"MindBloom","floor":37,"gold_loss":0},{"damage_healed":0,"gold_gain":0,"player_choice":"Fight","damage_taken":0,"max_hp_gain":0,"max_hp_loss":0,"event_name":"Mysterious Sphere","floor":38,"gold_loss":0}],"is_beta":false,"boss_relics":[{"not_picked":["Nuclear Battery","Snecko Eye"],"picked":"SlaversCollar"},{"not_picked":["Runic Dome","Pandora\u0027s Box"],"picked":"SacredBark"}],"items_purged_floors":[19],"is_endless":false,"potions_floor_spawned":[2,10,13,14,18,20,37,42,44],"ascension_level":16}}