{"host":"m8w71g8uphjy649i","time":1613128109,"event":{"mods":["AchievementEnabler","Act Like it!","BaseMod","BetterRewards","Colored Map","Colored Powertips","Energized Spire","Gensokyo","Googly Eyes","Hallownest","Hubris","Infinite Spire","Lobotomy","Minty Spire (QoL Compilation)","Rare Cards Sparkle","Replay The Spire","Shop Mod","StSLib","The Animator","The Jungle","Uncapped","everything is the same but u backflip on backflip"],"gold_per_floor":[114,3,22,22,22,22,356,372,372,390,390,425,438,438,438,438,438],"floor_reached":16,"language":"ZHS","playtime":1228,"items_purged":[],"score":121,"play_id":"079b5cd0-0d88-4768-97eb-58c9ef1ca33a","local_time":"20210212190829","is_ascension_mode":true,"campfire_choices":[{"data":"Toxin Wave","floor":6,"key":"SMITH"},{"floor":11,"key":"REST"}],"circlet_count":0,"master_deck":["Strike_G+1","Strike_G","Strike_G","Strike_G","Defend_G+1","Defend_G","Defend_G","Defend_G","Defend_G","Survivor","Neutralize","Bane","Toxin Wave+1","Bane+1","Well Laid Plans+1","PiercingWail","Fluid Movement+1"],"relics":["Ring of the Snake","CogitoBucket","Frozen Egg 2","Snack Pack","Old Coin","Chameleon Ring","Replay:WaspNest","Simple Rune"],"acts_visited":["Exordium"],"potions_floor_usage":[16,16],"damage_taken":[{"damage":0,"enemies":"Small Slimes","floor":1,"turns":4},{"damage":12,"enemies":"infinitespire:Voidling","floor":3,"turns":6},{"damage":43,"enemies":"Gremlin Nob","floor":7,"turns":6},{"damage":2,"enemies":"2 Louse","floor":8,"turns":2},{"damage":3,"enemies":"Blue Slaver","floor":10,"turns":3},{"damage":32,"enemies":"Lagavulin","floor":12,"turns":8},{"damage":0,"enemies":"Gremlin Gang","floor":13,"turns":5},{"damage":32,"enemies":"The Guardian","floor":16,"turns":6}],"seed_played":"-6250147405887324817","potions_obtained":[{"floor":10,"key":"PowerPotion"},{"floor":12,"key":"SteroidPotion"},{"floor":13,"key":"Toxic Potion"}],"is_trial":false,"path_per_floor":["M","?","M","?","?","R","E","M","T","M","R","E","M","?","R_BF","B"],"character_chosen":"THE_SILENT","items_purchased":[],"campfire_rested":1,"item_purchase_floors":[],"current_hp_per_floor":[70,70,67,67,67,67,24,22,22,21,42,14,14,7,28,0,0],"gold":438,"neow_bonus":"","is_daily":false,"chose_seed":false,"campfire_upgraded":1,"win_rate":0.0,"timestamp":1613128109,"path_taken":["M","?","?","?","?","R","E","M","T","?","R","E","?","?","R_BF","BOSS"],"items_purchased_type":[],"build_version":"2020-12-22","purchased_purges":0,"victory":false,"max_hp_per_floor":[70,70,70,70,70,70,70,70,70,70,70,70,70,70,70,70,70],"card_choices":[{"not_picked":["Dodge and Roll","Acrobatics","Calculated Gamble"],"picked":"SKIP","floor":1},{"not_picked":["Quick Slash","hubris:SlightOfHand"],"picked":"Bane","floor":3},{"not_picked":["Dodge and Roll","hubris:TrickCloak"],"picked":"Bane","floor":7},{"not_picked":["Flechettes","Endless Agony"],"picked":"Well Laid Plans+1","floor":8},{"not_picked":["Burst","Dagger Throw"],"picked":"PiercingWail","floor":10},{"not_picked":["Hidden Blade","Deflect","Finisher"],"picked":"SKIP","floor":12},{"not_picked":["Bane","Cloak And Dagger"],"picked":"Fluid Movement+1","floor":13}],"player_experience":257629,"relics_obtained":[{"floor":4,"key":"Snack Pack"},{"floor":7,"key":"Old Coin"},{"floor":9,"key":"Chameleon Ring"},{"floor":12,"key":"Replay:WaspNest"}],"event_choices":[{"damage_healed":0,"gold_gain":0,"player_choice":"Paid Gold","damage_taken":0,"relics_obtained":["Frozen Egg 2"],"max_hp_gain":0,"max_hp_loss":0,"event_name":"WeMeetAgain","floor":2,"gold_loss":111},{"damage_healed":0,"gold_gain":0,"cards_transformed":["Strike_G"],"player_choice":"Transformed","damage_taken":0,"max_hp_gain":0,"max_hp_loss":0,"event_name":"Transmorgrifier","floor":5,"gold_loss":0,"cards_obtained":["Toxin Wave"]},{"damage_healed":0,"gold_gain":0,"player_choice":"Success","damage_taken":7,"relics_obtained":["Simple Rune"],"max_hp_gain":0,"max_hp_loss":0,"event_name":"Scrap Ooze","floor":14,"gold_loss":0}],"is_beta":false,"boss_relics":[],"items_purged_floors":[],"is_endless":false,"potions_floor_spawned":[10,12,13],"killed_by":"The Guardian","ascension_level":2}}