{"host":"23qk1co0p3p8qz56","time":1613110978,"event":{"mods":["100% Spire Juice","AchievementEnabler","Act Like it!","Arknights","BaseMod","Better Note","Better Third Choice","BetterRewards","CapriCore","Chen","Colored Map","DNKmod","Downfall","Duelist Mod","Friendly Minions","Gensokyo","Gold Saver","KinomotoSakuraMod(ñÿîVñ{?)","Koishi","LagranYue(ùfäiòNÅEåé)","Lobotomy","LobotomyExtend","Mari Mod (Legacy)","Mari\u0027s V1 Patch","MarisaÅiñ∂âJÅ@ñÇóùçπÅj","Minty Spire (QoL Compilation)","Prisma Mod","ReimuÅiîé??öÎÅj","RemiliaÅiÂQïƒ‰ª?Åj","RumiaBox-òIïƒ?ìIê_îÈ·¥éq","StSLib","The Administrix","The Alterego","The Animator","The Gatherer","The Immortal","The Senshi","Waifu the Spire","WarShipGirlsR/??è≠èóR mod","Yakumo Yukari mod","Yohane!","Yuyuko"],"gold_per_floor":[1017,1092,1103,1103,1120,1120,1155,1174,1221,1221,1221,1221,1236,1252,1252,1355,1355,1365,1183,1197,1217,1235,1260,1273,1273,1344,1379,1379,1379,1393,1410,1410,1514,1514,1526,1526,1526,1546,1558,1593,1593,1606,1606,1141,1151,1151,1151,1170,1170,1170,1170,1170,784,818,818],"floor_reached":56,"language":"ENG","playtime":8621,"items_purged":[],"score":1223,"play_id":"ff160b45-1732-492b-807f-e2703dbfe232","local_time":"20210211232258","is_ascension_mode":false,"campfire_choices":[{"data":"ats:Emotion Absorption","floor":6,"key":"SMITH"},{"data":"ats:Leaping Hammer","floor":12,"key":"SMITH"},{"data":"ats:Counter Healing Mode","floor":15,"key":"SMITH"},{"data":"ats:Calcification","floor":32,"key":"SMITH"},{"floor":41,"key":"RECALL"},{"data":"ats:Nebulous Foxfire","floor":46,"key":"SMITH"},{"data":"ats:Encircling Forest","floor":49,"key":"SMITH"},{"data":"ats:Burning Ground","floor":52,"key":"SMITH"}],"circlet_count":0,"master_deck":["ats:Strike C","ats:Strike G","ats:Strike S","ats:Strike V","ats:Armor Crushing Shot","ats:Defend","ats:Defend","ats:Defend","ats:Emotion Absorption+1","ats:Directed Diagnosis","ats:Powerful Strike","ats:Leaping Hammer+1","ats:Consecutive Shot Auto","ats:Disruption Kick+1","ats:Counter Healing Mode+1","ats:Ignite","ats:Calcification+1","ats:Encircling Forest+1","ats:Burning Ground+1","ats:Blood Oath","ats:Serious Mode+1","ats:Closed Bolt Burst Fire","ats:Apocalypse","ats:Absolute Focus+1","ats:Sword Rain","ats:Healing Strengthening+1","ats:Overload","ats:Nebulous Foxfire+1","ats:Support Order","ats:Curse Doll","Parasite","ats:Wolf Pack","ats:Assault Order","ats:Flame Of Heaven","ats:Composite Medical Shells","Trip","ats:Guardian Obelisk+1","ats:Part Time Job+1","ats:Soul Absorption","ats:Very Hot Blade","ats:Roar Of Ursus","ats:Very Hot Blade+1"],"relics":["ats:Sanity Plus","ats:Lavender","ats:Hidden Killer","MagicDraw2","LagranYue:RandomDrawCardRelic","LetterFromLob","ats:Originium","Anchor","MealTicket","ZombieArmy","SacredBark","ats:Attack","Bottled Flame","theSenshi:FeatherClipsRelic","ScarletDevilRocket","Ornamental Fan","Medical Kit","Happy Flower","Blue Candle","Orichalcum","ats:Spiritual Recovery"],"acts_visited":["Exordium","TheCity","TheBeyond","TheEnding"],"potions_floor_usage":[13,20,20,20,24,30,33,33,48,48,50,55,55],"damage_taken":[{"damage":1,"enemies":"Jaw Worm","floor":1,"turns":3},{"damage":3,"enemies":"2 Louse","floor":3,"turns":2},{"damage":4,"enemies":"Cultist","floor":5,"turns":4},{"damage":26,"enemies":"3 Sentries","floor":7,"turns":9},{"damage":0,"enemies":"Exordium Wildlife","floor":8,"turns":3},{"damage":0,"enemies":"Blue Slaver","floor":13,"turns":1},{"damage":8,"enemies":"Exordium Thugs","floor":14,"turns":4},{"damage":61,"enemies":"The Guardian","floor":16,"turns":8},{"damage":7,"enemies":"Shell Parasite","floor":18,"turns":4},{"damage":4,"enemies":"Chosen","floor":20,"turns":4},{"damage":32,"enemies":"Snecko","floor":21,"turns":5},{"damage":32,"enemies":"3 Cultists","floor":22,"turns":6},{"damage":36,"enemies":"Gremlin Leader","floor":23,"turns":6},{"damage":18,"enemies":"Sentry and Sphere","floor":24,"turns":4},{"damage":62,"enemies":"Slavers","floor":27,"turns":6},{"damage":11,"enemies":"Shelled Parasite and Fungi","floor":30,"turns":5},{"damage":16,"enemies":"3 Cultists","floor":31,"turns":4},{"damage":50,"enemies":"Champ","floor":33,"turns":7},{"damage":12,"enemies":"3 Darklings","floor":35,"turns":3},{"damage":15,"enemies":"Orb Walker","floor":38,"turns":3},{"damage":59,"enemies":"Writhing Mass","floor":39,"turns":7},{"damage":156,"enemies":"Reptomancer","floor":40,"turns":6},{"damage":53,"enemies":"3 Darklings","floor":42,"turns":5},{"damage":46,"enemies":"Maw","floor":45,"turns":9},{"damage":21,"enemies":"Transient","floor":48,"turns":5},{"damage":139,"enemies":"Awakened One","floor":50,"turns":11},{"damage":177,"enemies":"Shield and Spear","floor":54,"turns":8},{"damage":224,"enemies":"The Heart","floor":55,"turns":13}],"seed_played":"8734932100454061247","potions_obtained":[{"floor":0,"key":"PanachePotion"},{"floor":0,"key":"GrandPatriotsElixir:ReiMu"},{"floor":0,"key":"SteroidPotion"},{"floor":3,"key":"Fire Potion"},{"floor":14,"key":"sneckomod:MuddlingPotion"},{"floor":18,"key":"Weak Potion"},{"floor":21,"key":"Weak Potion"},{"floor":22,"key":"FearPotion"},{"floor":24,"key":"bronze:BurnAndBuffPotion"},{"floor":27,"key":"SpeedPotion"},{"floor":35,"key":"SteroidPotion"},{"floor":39,"key":"Weak Potion"},{"floor":48,"key":"ZuzhouPotion:ReiMu"}],"is_trial":false,"path_per_floor":["M","?","M","M","M","R","E","M","T","?","?","R","M","M","R","B",null,"M","$","M","M","M","E","M","?","T","E","?","?","M","M","R","B",null,"M","?","?","M","M","E","R","M","T","$","M","R","?","M","R","B",null,"R","$","E","B",null],"character_chosen":"DOCTOR_CLASS","items_purchased":["ats:Burning Ground","ats:Attack","ats:Composite Medical Shells","Medical Kit","Happy Flower","Trip","ats:Soul Absorption","ats:Very Hot Blade","ats:Roar Of Ursus","Orichalcum"],"campfire_rested":0,"item_purchase_floors":[19,19,44,44,44,44,53,53,53,53],"current_hp_per_floor":[500,489,492,492,496,496,485,492,492,485,485,485,485,480,480,427,500,494,500,496,470,450,423,418,418,418,377,377,327,334,333,333,317,500,499,499,499,493,475,334,334,308,308,323,328,328,323,337,337,324,500,500,500,418,329],"gold":818,"neow_bonus":"THREE_SMALL_POTIONS","is_daily":false,"chose_seed":false,"campfire_upgraded":7,"win_rate":0.0,"timestamp":1613110978,"path_taken":["M","?","M","M","M","R","E","M","T","?","?","R","M","M","R","BOSS","M","$","M","M","M","E","M","?","T","E","?","?","?","M","R","BOSS","M","?","?","?","M","E","R","M","T","$","M","R","?","M","R","BOSS","R","$","E","BOSS"],"items_purchased_type":["Card","Relic","Card","Relic","Relic","Card","Card","Card","Card","Relic"],"build_version":"2020-12-22","purchased_purges":0,"victory":true,"max_hp_per_floor":[500,500,500,500,500,500,500,500,500,500,500,500,500,500,500,500,500,500,500,500,500,500,500,500,500,500,500,500,500,500,500,500,500,500,500,500,500,500,500,500,500,500,500,500,500,500,500,500,500,500,500,500,500,500,500],"card_choices":[{"not_picked":["ats:Consecutive Shot Auto","ats:Hammer On"],"picked":"ats:Directed Diagnosis","floor":1},{"not_picked":["ats:Revitalization","ats:Steam Pump"],"picked":"ats:Powerful Strike","floor":3},{"not_picked":["ats:Blood Oath","ats:Guard Mode"],"picked":"ats:Leaping Hammer","floor":5},{"not_picked":["ats:Hammer On","ats:Shadow Raid"],"picked":"ats:Consecutive Shot Auto","floor":7},{"not_picked":["ats:Poison Spread","ats:Blood Oath"],"picked":"ats:Disruption Kick","floor":8},{"not_picked":["ats:Ignite","ats:Leaping Hammer"],"picked":"ats:Counter Healing Mode","floor":13},{"not_picked":["ats:Absolute Focus","ats:Magnetic Hammer"],"picked":"ats:Ignite","floor":14},{"not_picked":["ats:Echo Reverb","ats:Ambush"],"picked":"ats:Calcification","floor":16},{"not_picked":["ats:Leaping Hammer","ats:Ignite"],"picked":"ats:Encircling Forest","floor":18},{"not_picked":["ats:Automatic Cover+1","ats:Encircling Forest"],"picked":"ats:Blood Oath","floor":20},{"not_picked":["ats:Overload","ats:Very Hot Blade"],"picked":"ats:Serious Mode+1","floor":21},{"not_picked":["ats:Powerful Strike","ats:Magnetic Hammer"],"picked":"ats:Closed Bolt Burst Fire","floor":22},{"not_picked":["ats:Calcification","ats:Burning Ground"],"picked":"ats:Apocalypse","floor":23},{"not_picked":["ats:Serious Mode","ats:Consecutive Shot Auto"],"picked":"ats:Demon Strength+1","floor":24},{"not_picked":["ats:Explosion Area Strengthen+1","ats:Blood Oath+1"],"picked":"ats:Absolute Focus+1","floor":27},{"not_picked":["ats:Beaten Up","ats:Poison Spread"],"picked":"ats:Healing Strengthening+1","floor":30},{"not_picked":["ats:Explosion Area Strengthen+1","ats:Blood Oath+1"],"picked":"ats:Overload","floor":31},{"not_picked":["ats:Durian","ats:Fractured Body"],"picked":"ats:Nebulous Foxfire","floor":33},{"not_picked":["ats:Consecutive Shot Auto","ats:Sashimi Platter"],"picked":"ats:Support Order","floor":35},{"not_picked":["ats:Guard Mode","ats:Consecutive Shot Auto"],"picked":"ats:Curse Doll","floor":38},{"not_picked":["ats:Curse Doll","ats:Guard Mode"],"picked":"ats:Wolf Pack","floor":39},{"not_picked":["ats:Powerful Strike+1","ats:Shadow Raid+1"],"picked":"ats:Assault Order","floor":40},{"not_picked":["ats:Encircling Forest","ats:Powerful Strike"],"picked":"ats:Flame Of Heaven","floor":42},{"not_picked":["ats:Hammer On+1","ats:Shell Defense+1"],"picked":"ats:Guardian Obelisk+1","floor":45},{"not_picked":["ats:Flexible Camouflage","ats:Assault Order+1"],"picked":"ats:Part Time Job+1","floor":48},{"not_picked":["ats:Healing Strengthening","ats:Burning Ground+1"],"picked":"ats:Very Hot Blade+1","floor":54}],"player_experience":161943,"relics_obtained":[{"floor":1,"key":"LetterFromLob"},{"floor":7,"key":"ats:Originium"},{"floor":7,"key":"Anchor"},{"floor":9,"key":"MealTicket"},{"floor":23,"key":"ats:Originium"},{"floor":23,"key":"Bottled Flame"},{"floor":27,"key":"ats:Originium"},{"floor":27,"key":"theSenshi:FeatherClipsRelic"},{"floor":40,"key":"ats:Originium"},{"floor":40,"key":"ScarletDevilRocket"},{"floor":43,"key":"Ornamental Fan"},{"floor":54,"key":"ats:Originium"},{"floor":54,"key":"ats:Spiritual Recovery"}],"event_choices":[{"damage_healed":0,"gold_gain":75,"player_choice":"Gold","damage_taken":11,"max_hp_gain":0,"max_hp_loss":0,"event_name":"betterThird:BetterGoop","floor":2,"gold_loss":0},{"damage_healed":0,"gold_gain":0,"player_choice":"Relic ","damage_taken":7,"max_hp_gain":0,"max_hp_loss":0,"event_name":"betterThird:BetterScrap","floor":10,"gold_loss":0,"cards_obtained":["A Thousand Cuts"]},{"damage_healed":0,"gold_gain":0,"player_choice":"Grow","damage_taken":0,"max_hp_gain":0,"max_hp_loss":0,"event_name":"Living Wall","floor":11,"gold_loss":0,"cards_upgraded":["ats:Disruption Kick"]},{"damage_healed":0,"gold_gain":0,"player_choice":"Ignored","damage_taken":0,"max_hp_gain":0,"max_hp_loss":0,"event_name":"betterNote:BetterNote","floor":25,"gold_loss":0,"cards_obtained":["animator:Wiz"]},{"damage_healed":0,"gold_gain":0,"player_choice":"Read","damage_taken":0,"max_hp_gain":0,"max_hp_loss":0,"event_name":"The Library","floor":28,"gold_loss":0,"cards_obtained":["ats:Sword Rain"]},{"damage_healed":0,"gold_gain":0,"player_choice":"Damaged","damage_taken":50,"max_hp_gain":0,"max_hp_loss":0,"event_name":"Wheel of Change","floor":29,"gold_loss":0},{"cards_removed":["ats:Demon Strength"],"damage_healed":0,"gold_gain":0,"player_choice":"Removed Power","damage_taken":0,"max_hp_gain":0,"max_hp_loss":0,"event_name":"Falling","floor":36,"gold_loss":0},{"cards_removed":["ats:Defend"],"damage_healed":0,"gold_gain":0,"player_choice":"Purged","damage_taken":0,"max_hp_gain":0,"max_hp_loss":0,"event_name":"Purifier","floor":37,"gold_loss":0}],"is_beta":false,"boss_relics":[{"not_picked":["Runic Pyramid","Philosopher\u0027s Stone"],"picked":"SacredBark"},{"not_picked":["Black Star","MariMod:MariFestivalBadge"],"picked":"ats:Sanity Plus"}],"items_purged_floors":[],"is_endless":false,"potions_floor_spawned":[3,14,18,21,22,24,27,35,39,48],"ascension_level":0}}