{"host":"mdeotqi15jo4m3ub","time":1613121069,"event":{"mods":["BaseMod","Dio Mod","Minty Spire (QoL Compilation)","StSLib"],"gold_per_floor":[116,116,140,140,215,249,91,91,91],"floor_reached":8,"language":"ZHS","playtime":179,"items_purged":[],"score":79,"play_id":"e5d1965b-a30c-4cab-a263-1185d4f3d7ae","local_time":"20210212171109","is_ascension_mode":false,"campfire_choices":[],"circlet_count":0,"master_deck":["dioMod:Strike+1","dioMod:Strike","dioMod:Strike","dioMod:Strike","Bite","dioMod:Defend","dioMod:Defend","dioMod:Defend","dioMod:Defend+1","dioMod:DoubleTime","dioMod:WRYYY","dioMod:Muda","dioMod:RoadRoller"],"relics":["dioMod:VampireBlood","NeowsBlessing","Golden Idol","Darkstone Periapt"],"acts_visited":[],"potions_floor_usage":[],"damage_taken":[{"damage":0.0,"enemies":"Small Slimes","floor":1.0,"turns":1.0},{"damage":0,"enemies":"2 Louse","floor":3,"turns":1},{"damage":0,"enemies":"Lagavulin","floor":6,"turns":1},{"damage":46,"enemies":"Gremlin Nob","floor":8,"turns":5}],"seed_played":"-4442295042364792961","potions_obtained":[],"is_trial":false,"path_per_floor":["M","?","M","?","?","E","$","E"],"character_chosen":"THE_DEFAULT","items_purchased":["dioMod:RoadRoller"],"campfire_rested":0,"item_purchase_floors":[7],"current_hp_per_floor":[75,57,65,50,39,42,42,0,0],"gold":91,"neow_bonus":"THREE_ENEMY_KILL","is_daily":false,"chose_seed":false,"campfire_upgraded":0,"win_rate":0.0,"timestamp":1613121069,"path_taken":["M","?","M","?","?","E","?","E"],"items_purchased_type":["Card"],"build_version":"2020-12-22","purchased_purges":0,"victory":false,"max_hp_per_floor":[75,75,75,75,75,75,75,75,75],"card_choices":[{"not_picked":["dioMod:BlendIn","dioMod:BloodShield"],"picked":"dioMod:DoubleTime","floor":1},{"not_picked":["dioMod:BloodTransfusion","dioMod:BloodSplash"],"picked":"dioMod:WRYYY","floor":3},{"not_picked":["dioMod:DaggerSpree","dioMod:VengefulMuda"],"picked":"dioMod:Muda","floor":6}],"player_experience":123037,"relics_obtained":[{"floor":6,"key":"Darkstone Periapt"}],"event_choices":[{"damage_healed":0,"gold_gain":0,"player_choice":"Take Damage","damage_taken":18,"relics_obtained":["Golden Idol"],"max_hp_gain":0,"max_hp_loss":0,"event_name":"Golden Idol","floor":2,"gold_loss":0},{"damage_healed":0,"gold_gain":0,"player_choice":"Entered Light","damage_taken":15,"max_hp_gain":0,"max_hp_loss":0,"event_name":"Shining Light","floor":4,"gold_loss":0,"cards_upgraded":["dioMod:Defend","dioMod:Strike"]},{"damage_healed":0,"gold_gain":75,"player_choice":"Gather Gold","damage_taken":11,"max_hp_gain":0,"max_hp_loss":0,"event_name":"World of Goop","floor":5,"gold_loss":0}],"is_beta":false,"boss_relics":[],"items_purged_floors":[],"is_endless":false,"potions_floor_spawned":[],"killed_by":"Gremlin Nob","ascension_level":0}}