{"host":"8e35oykb3je6g7ng","time":1613162170,"event":{"mods":["Act Like it!","Ascension Unlocker","BaseMod","Better Altar","Better Match","Better Note","Better Sensory Stone","Better Third Choice","BetterRewards","Block Reminder","Card Forge","Colored Map","Curses Come First","GifTheSpireLib","Jedi Mod","Jorbs\u0027s Wanderer Trilogy","Minty Spire (QoL Compilation)","Permanent Neow","Quick Restart","StSLib","Stuff the Spire","The Blue Laboratory","The Forsaken","UnlockEverythingMod"],"gold_per_floor":[110,126,126,146,164,164,164,205,205,205,223,259,259,275,275,275,275],"floor_reached":16,"language":"ENG","playtime":906,"items_purged":[],"score":196,"play_id":"67142ba5-1992-432e-9b3d-2b82ca5951a0","local_time":"20210212153610","is_ascension_mode":true,"campfire_choices":[{"data":"A Thousand Cuts","floor":6.0,"key":"SMITH"},{"data":"Noxious Fumes","floor":13,"key":"SMITH"},{"data":"Choke","floor":15,"key":"SMITH"}],"circlet_count":0,"master_deck":["AscendersBane","Strike_G","Strike_G","Strike_G","Strike_G","Strike_G","Defend_G","Defend_G","Defend_G","Defend_G","Defend_G","Survivor","Neutralize+1","Backflip","Escape Plan","Noxious Fumes+1","A Thousand Cuts+1","Choke+1","theForsaken:PlagueCurse","Crippling Poison","Burst","Caltrops"],"relics":["Hammer of Thor","Seething Fire","Anvil of the Gods","theForsaken:PaleLantern","Golden Idol","Vajra","MealTicket","theForsaken:PlagueMask","Mercury Hourglass"],"acts_visited":["Exordium"],"potions_floor_usage":[12,12],"damage_taken":[{"damage":0.0,"enemies":"Jaw Worm","floor":1.0,"turns":6.0},{"damage":2.0,"enemies":"2 Louse","floor":2.0,"turns":5.0},{"damage":2.0,"enemies":"Small Slimes","floor":4.0,"turns":5.0},{"damage":7.0,"enemies":"Blue Slaver","floor":5.0,"turns":5.0},{"damage":23.0,"enemies":"Lagavulin","floor":8.0,"turns":8.0},{"damage":8.0,"enemies":"Looter","floor":11.0,"turns":3.0},{"damage":6,"enemies":"Gremlin Nob","floor":12,"turns":4},{"damage":0,"enemies":"Exordium Wildlife","floor":14,"turns":3},{"damage":11,"enemies":"Hexaghost","floor":16,"turns":8}],"seed_played":"2652788743616666132","potions_obtained":[{"floor":2.0,"key":"blueLaboratory:HorrorPotion"},{"floor":5.0,"key":"blueLaboratory:PolymorphPotion"},{"floor":8.0,"key":"blueLaboratory:HummingbirdPotion"},{"floor":11.0,"key":"SkillPotion"}],"is_trial":false,"path_per_floor":["M","M","?","M","M","R","?","E","T","?","M","E","R","M","R","B"],"character_chosen":"THE_SILENT","items_purchased":[],"campfire_rested":0,"item_purchase_floors":[],"current_hp_per_floor":[59,57,57,55,48,48,48,25,25,25,17,11,11,11,11,0,0],"gold":275,"neow_bonus":"BOSS_RELIC","is_daily":false,"chose_seed":false,"campfire_upgraded":3,"win_rate":0.0,"timestamp":1613162170,"path_taken":["M","M","?","M","M","R","?","E","T","?","M","E","R","M","R","BOSS"],"items_purchased_type":[],"build_version":"2020-12-22","purchased_purges":0,"victory":false,"max_hp_per_floor":[66,66,66,66,66,66,60,60,60,60,60,60,60,60,60,60,60],"card_choices":[{"not_picked":["Acrobatics","Terror"],"picked":"Backflip","floor":1.0},{"not_picked":["Blade Dance","Footwork"],"picked":"Escape Plan","floor":2.0},{"not_picked":["StuffTheSpire:Shiver","Slice"],"picked":"Noxious Fumes","floor":4.0},{"not_picked":["Cloak And Dagger","PiercingWail"],"picked":"A Thousand Cuts","floor":5.0},{"not_picked":["Riddle With Holes","jedi:collectorvenom"],"picked":"Choke","floor":8.0},{"not_picked":["Expertise","Blade Dance"],"picked":"Crippling Poison","floor":11.0},{"not_picked":["Slice","Endless Agony"],"picked":"Burst","floor":12},{"not_picked":["Dagger Spray","Cloak And Dagger"],"picked":"Caltrops","floor":14}],"player_experience":534589,"relics_obtained":[{"floor":8.0,"key":"Vajra"},{"floor":9.0,"key":"MealTicket"},{"floor":12,"key":"Mercury Hourglass"}],"event_choices":[{"damage_healed":0.0,"max_hp_gain":0.0,"max_hp_loss":0.0,"gold_gain":0.0,"event_name":"Living Wall","player_choice":"Grow","floor":3.0,"gold_loss":0.0,"damage_taken":0.0,"cards_upgraded":["Neutralize"]},{"damage_healed":0.0,"max_hp_gain":0.0,"max_hp_loss":6.0,"gold_gain":0.0,"event_name":"Golden Idol","player_choice":"Lose Max HP","floor":7.0,"gold_loss":0.0,"damage_taken":0.0,"relics_obtained":["Golden Idol"]},{"damage_healed":0.0,"max_hp_gain":0.0,"max_hp_loss":0.0,"gold_gain":0.0,"event_name":"Plague Doctor","player_choice":"Obtain Plague Curse","floor":10.0,"gold_loss":0.0,"damage_taken":0.0,"cards_obtained":["theForsaken:PlagueCurse"]}],"is_beta":false,"boss_relics":[],"items_purged_floors":[],"is_endless":false,"potions_floor_spawned":[2,5,8,11],"killed_by":"Hexaghost","ascension_level":15}}