{"host":"ewns8ifhbubwkcum","time":1613145206,"event":{"mods":["BaseMod","Block Reminder","Colored Map","Colored Powertips","Downfall","Highlight Path","Minty Spire (QoL Compilation)","Permanent Neow","Quick Restart","Random Character Button","StSLib"],"gold_per_floor":[349,367,378,378,185,185,185,214,214,244,60,76,34,59,72,172,172,172,192,206,206,206,221,221,233,259,269,169,198,8,8,25,126,126,126,126,34,44,54,54,77,77,77,77],"floor_reached":42,"language":"ENG","playtime":6332,"items_purged":["Clumsy","Clumsy"],"score":649,"play_id":"72a7f58a-467d-4578-a51b-26eed8b2c903","local_time":"20210212095326","is_ascension_mode":true,"campfire_choices":[{"data":"sneckomod:TailWhip","floor":1.0,"key":"SMITH"},{"data":"sneckomod:SerpentMind","floor":6.0,"key":"SMITH"},{"data":"sneckomod:Nope","floor":9.0,"key":"SMITH"},{"data":"sneckomod:SnekBite","floor":18.0,"key":"SMITH"},{"floor":28.0,"key":"REST"},{"floor":35,"key":"RECALL"},{"data":"Slimebound:HauntingLick","floor":40,"key":"SMITH"}],"circlet_count":0,"master_deck":["sneckomod:Defend","sneckomod:Defend","sneckomod:Defend","sneckomod:TailWhip+1","sneckomod:SnekBite+1","sneckomod:Unknown","sneckomod:Unknown","sneckomod:Nope+1","sneckomod:UnknownBlock","sneckomod:SerpentMind+1","sneckomod:DiceBoulder","sneckomod:UnknownClassTHE_BRONZE_AUTOMATON","sneckomod:Rotation","sneckomod:UnknownClassPURPLE","sneckomod:UnknownDraw","sneckomod:ImprovisedGuard","sneckomod:SlitherStrike","sneckomod:UnknownBoss","sneckomod:QuickBite","sneckomod:UnknownClassHEXA_GHOST_PURPLE","sneckomod:DangerNoodle","Reaper","Slimebound:HauntingLick+1","sneckomod:IronFang+1","sneckomod:UnendingSupply","sneckomod:UnknownBlock","sneckomod:UnknownUncommonPower","sneckomod:SerpentIdol","sneckomod:UnknownX","sneckomod:SoulExchange+1","sneckomod:UnknownRareSkill+1","sneckomod:QuickMove+1","sneckomod:UnknownUncommonPower","sneckomod:UnknownBlock+1","sneckomod:UnknownStrength+1","Slimebound:SamplingLick+1"],"relics":["sneckomod:SuperSneckoSoul","Pocketwatch","Slimebound:PreparedRelic","InkBottle","downfall:RedIOU","Matryoshka","Mercury Hourglass","downfall:HeartBlessingGreen","Toxic Egg 2","Medical Kit","Nunchaku","Black Star","sneckomod:ConfusingCodex","Potion Belt"],"acts_visited":["Exordium","TheCity","TheBeyond"],"potions_floor_usage":[33],"damage_taken":[{"damage":6.0,"enemies":"Small Slimes","floor":2.0,"turns":3.0},{"damage":6.0,"enemies":"Cultist","floor":3.0,"turns":3.0},{"damage":6.0,"enemies":"downfall:FleeingMerchant","floor":5.0,"turns":4.0},{"damage":18.0,"enemies":"Gremlin Nob","floor":8.0,"turns":5.0},{"damage":0.0,"enemies":"Lagavulin","floor":10.0,"turns":4.0},{"damage":0.0,"enemies":"downfall:FleeingMerchant","floor":11.0,"turns":4.0},{"damage":1.0,"enemies":"2 Louse","floor":12.0,"turns":2.0},{"damage":0.0,"enemies":"downfall:FleeingMerchant","floor":13.0,"turns":4.0},{"damage":15.0,"enemies":"3 Sentries","floor":14.0,"turns":8.0},{"damage":0.0,"enemies":"Large Slime","floor":15.0,"turns":3.0},{"damage":25.0,"enemies":"IC_STATUS_ARCHETYPE","floor":16.0,"turns":6.0},{"damage":7.0,"enemies":"Shell Parasite","floor":19.0,"turns":3.0},{"damage":15.0,"enemies":"3 Byrds","floor":20.0,"turns":7.0},{"damage":19.0,"enemies":"Centurion and Healer","floor":23.0,"turns":5.0},{"damage":30.0,"enemies":"Snake Plant","floor":25.0,"turns":6.0},{"damage":44.0,"enemies":"Gremlin Leader","floor":26.0,"turns":7.0},{"damage":21.0,"enemies":"Sentry and Sphere","floor":27.0,"turns":3.0},{"damage":20.0,"enemies":"Slavers","floor":29.0,"turns":3.0},{"damage":10,"enemies":"downfall:FleeingMerchant","floor":30,"turns":4},{"damage":0,"enemies":"Chosen and Byrds","floor":32,"turns":5},{"damage":66,"enemies":"DF_ARCHETYPE_CLAW","floor":33,"turns":6},{"damage":1,"enemies":"Orb Walker","floor":38,"turns":3},{"damage":16,"enemies":"3 Darklings","floor":39,"turns":9},{"damage":110,"enemies":"Giant Head","floor":42,"turns":8}],"seed_played":"-3616177092504406910","potions_obtained":[{"floor":10.0,"key":"Strength Potion"},{"floor":12.0,"key":"sneckomod:OffclassReductionPotion"},{"floor":14.0,"key":"FearPotion"},{"floor":15.0,"key":"Weak Potion"},{"floor":25.0,"key":"SkillPotion"},{"floor":26.0,"key":"Strength Potion"},{"floor":33,"key":"Ancient Potion"},{"floor":38,"key":"hexamod:SoulburnPotion"}],"is_trial":false,"path_per_floor":["R","M","M","?","$","R","T","E","R","E","$","M","$","E","M","B",null,"R","M","M","?","?","M","T","M","E","M","R","E","$","?","M","B",null,"R","?","$","M","M","R","T","E"],"character_chosen":"THE_SNECKO","items_purchased":["Fruit Juice","sneckomod:UnknownVulnerable","sneckomod:QuickBite","Toxic Egg 2","Medical Kit","Nunchaku","sneckomod:QuickMove+1","sneckomod:UnknownUncommonPower"],"campfire_rested":1,"item_purchase_floors":[5,11,13,30,30,30,37,37],"current_hp_per_floor":[90,84,78,78,72,72,72,54,54,54,54,53,53,38,43,18,76,76,69,60,91,91,73,73,43,11,20,48,28,18,18,26,17,76,76,95,95,94,90,90,90,0,0,0],"gold":77,"neow_bonus":"TWO_FIFTY_GOLD","is_daily":false,"chose_seed":false,"campfire_upgraded":5,"win_rate":0.0,"timestamp":1613145206,"path_taken":["R","M","M","?","$","R","T","E","R","E","?","M","$","E","M","BOSS","R","M","M","?","?","M","T","M","E","M","R","E","$","?","M","BOSS","R","?","?","M","M","R","T","E"],"items_purchased_type":["Potion","Card","Card","Relic","Relic","Relic","Card","Card"],"build_version":"2020-12-22","purchased_purges":2,"victory":false,"max_hp_per_floor":[90,90,90,90,90,90,90,90,90,90,90,90,90,90,95,95,95,95,95,95,95,95,95,95,95,95,95,95,95,95,95,95,95,95,95,95,95,95,95,95,95,95,95,95],"card_choices":[{"not_picked":["sneckomod:IronFang","sneckomod:QuickMove"],"picked":"sneckomod:Nope","floor":2.0},{"not_picked":["sneckomod:UnknownClassGUARDIAN","sneckomod:UnknownCommonSkill"],"picked":"sneckomod:UnknownBlock","floor":3.0},{"not_picked":["sneckomod:DiceBoulder","sneckomod:DiceCrush"],"picked":"sneckomod:Rotation","floor":5.0},{"not_picked":["sneckomod:UnknownClassTHE_BRONZE_AUTOMATON","sneckomod:Unknown0Cost"],"picked":"sneckomod:UnknownClassPURPLE","floor":8.0},{"not_picked":["sneckomod:UnknownClassBLUE","sneckomod:UnknownBoss"],"picked":"sneckomod:UnknownDraw","floor":10.0},{"not_picked":["sneckomod:DiceBlock","sneckomod:UnknownCommonSkill"],"picked":"sneckomod:ImprovisedGuard","floor":11.0},{"not_picked":["sneckomod:UnknownClassBLUE","sneckomod:UnknownStrike"],"picked":"sneckomod:SlitherStrike","floor":12.0},{"not_picked":["sneckomod:UnknownClassGUARDIAN","sneckomod:TrashToTreasure"],"picked":"sneckomod:UnknownBoss","floor":13.0},{"not_picked":["sneckomod:UnknownClassPURPLE","sneckomod:UnknownClassGUARDIAN"],"picked":"sneckomod:UnknownExhaust","floor":14.0},{"not_picked":["sneckomod:UnknownClassGUARDIAN","sneckomod:UnknownClassGREEN"],"picked":"sneckomod:UnknownClassHEXA_GHOST_PURPLE","floor":15.0},{"not_picked":["sneckomod:Transmogrify","sneckomod:Restock"],"picked":"sneckomod:DangerNoodle","floor":16.0},{"not_picked":["sneckomod:UnknownClassTHE_CHAMP_GRAY","sneckomod:QuickBite"],"picked":"sneckomod:IronFang+1","floor":19.0},{"not_picked":["sneckomod:UnknownBlock","sneckomod:UnknownDraw"],"picked":"sneckomod:UnendingSupply","floor":20.0},{"not_picked":["sneckomod:UnknownClassSLIMEBOUND","sneckomod:IronFang"],"picked":"sneckomod:UnknownBlock","floor":23.0},{"not_picked":["sneckomod:UnknownClassTHE_BRONZE_AUTOMATON","sneckomod:Nope","sneckomod:SoulDraw"],"picked":"SKIP","floor":25.0},{"not_picked":["sneckomod:Restock","sneckomod:UnknownClassTHE_CHAMP_GRAY"],"picked":"sneckomod:UnknownUncommonPower","floor":26.0},{"not_picked":["sneckomod:MixItUp","sneckomod:DiceCrush"],"picked":"sneckomod:SerpentIdol","floor":27.0},{"not_picked":["sneckomod:UnknownClassGUARDIAN","sneckomod:RainOfDice"],"picked":"sneckomod:UnknownX","floor":29},{"not_picked":["sneckomod:SoulRoll","sneckomod:DiceBlock"],"picked":"sneckomod:UnknownClassSLIMEBOUND+1","floor":30},{"not_picked":["sneckomod:UnendingSupply","sneckomod:UnknownClassTHE_BRONZE_AUTOMATON+1"],"picked":"sneckomod:SoulExchange+1","floor":32},{"not_picked":["sneckomod:Unknown3Cost+1","sneckomod:UnknownBoss+1"],"picked":"sneckomod:UnknownRareSkill+1","floor":33},{"not_picked":["sneckomod:UnknownClassTHE_CHAMP_GRAY+1","sneckomod:DefensiveFlair+1"],"picked":"sneckomod:UnknownBlock+1","floor":38},{"not_picked":["sneckomod:PureSnecko+1","sneckomod:UnknownClassHEXA_GHOST_PURPLE+1"],"picked":"sneckomod:UnknownStrength+1","floor":39}],"player_experience":1197545,"relics_obtained":[{"floor":7.0,"key":"Happy Flower"},{"floor":8.0,"key":"Pocketwatch"},{"floor":10.0,"key":"Slimebound:PreparedRelic"},{"floor":14.0,"key":"InkBottle"},{"floor":24.0,"key":"Matryoshka"},{"floor":26.0,"key":"Mercury Hourglass"},{"floor":41,"key":"sneckomod:ConfusingCodex"},{"floor":41,"key":"Potion Belt"}],"event_choices":[{"damage_healed":31.0,"max_hp_gain":0.0,"max_hp_loss":0.0,"gold_gain":0.0,"event_name":"The Library","player_choice":"Heal","floor":21.0,"gold_loss":0.0,"damage_taken":0.0},{"damage_healed":19,"gold_gain":0,"player_choice":"Full Heal","damage_taken":0,"max_hp_gain":0,"max_hp_loss":0,"event_name":"Wheel of Change","floor":36,"gold_loss":0}],"is_beta":false,"boss_relics":[{"not_picked":["Coffee Dripper","Snecko Eye"],"picked":"sneckomod:SuperSneckoSoul"},{"not_picked":["Tiny House","Philosopher\u0027s Stone"],"picked":"Black Star"}],"items_purged_floors":[5,11],"is_endless":false,"potions_floor_spawned":[10,12,14,15,25,26,33,38],"killed_by":"Giant Head","ascension_level":5}}