{"host":"oehe2dxjvdgux73m","time":1613132454,"event":{"mods":["AchievementEnabler","BaseMod","Colored Map","Colored Powertips","DeckTracker","Keyboard Shortcuts","Minty Spire (QoL Compilation)","Permanent Neow","Quick Restart","StSLib","SuperFastMode"],"gold_per_floor":[20,20,37,49,62,62,62,62,137,137,84,117,117,160,160,160,160],"floor_reached":16,"language":"KOR","playtime":488,"items_purged":[],"score":216,"play_id":"bb3c0953-4464-4709-ae7a-e1a5b1b39602","local_time":"20210212212054","is_ascension_mode":true,"campfire_choices":[{"data":"Cloak And Dagger","floor":6.0,"key":"SMITH"},{"data":"Dagger Spray","floor":8.0,"key":"SMITH"},{"floor":13.0,"key":"REST"},{"floor":15.0,"key":"REST"}],"circlet_count":0,"master_deck":["AscendersBane","Strike_G","Strike_G","Strike_G","Strike_G","Strike_G","Defend_G","Defend_G","Defend_G","Defend_G","Defend_G+1","Survivor","Neutralize","Adrenaline","Cloak And Dagger+1","Dagger Spray+1","Backstab+1","Corpse Explosion","Grand Finale","Backflip"],"relics":["Ring of the Snake","Golden Idol","Pantograph","Lantern","Paper Crane"],"acts_visited":["Exordium"],"potions_floor_usage":[16],"damage_taken":[{"damage":0.0,"enemies":"Cultist","floor":1.0,"turns":4.0},{"damage":4.0,"enemies":"Small Slimes","floor":3.0,"turns":5.0},{"damage":0.0,"enemies":"2 Louse","floor":4.0,"turns":2.0},{"damage":0.0,"enemies":"Exordium Wildlife","floor":5.0,"turns":5.0},{"damage":8.0,"enemies":"Gremlin Nob","floor":12.0,"turns":3.0},{"damage":36.0,"enemies":"Lagavulin","floor":14.0,"turns":8.0},{"damage":42,"enemies":"Slime Boss","floor":16,"turns":8}],"seed_played":"-5384526364621833192","potions_obtained":[{"floor":4.0,"key":"ColorlessPotion"},{"floor":12.0,"key":"EssenceOfSteel"}],"is_trial":false,"path_per_floor":["M","$","M","M","M","R","?","R","T","?","$","E","R","E","R","B"],"character_chosen":"THE_SILENT","items_purchased":["Fire Potion"],"campfire_rested":2,"item_purchase_floors":[11],"current_hp_per_floor":[59,59,55,55,55,55,55,55,55,37,37,29,47,11,29,12,12],"gold":160,"neow_bonus":"THREE_RARE_CARDS","is_daily":false,"chose_seed":false,"campfire_upgraded":2,"win_rate":0.0,"timestamp":1613132454,"path_taken":["M","$","?","M","M","R","?","R","T","?","$","E","R","E","R","BOSS"],"items_purchased_type":["Potion"],"build_version":"2020-12-22","purchased_purges":0,"victory":false,"max_hp_per_floor":[66,66,66,66,66,66,60,60,60,60,60,60,60,60,60,60,60],"card_choices":[{"not_picked":["Wraith Form v2","A Thousand Cuts"],"picked":"Adrenaline","floor":0.0},{"not_picked":["Poisoned Stab","Acrobatics"],"picked":"Cloak And Dagger","floor":1.0},{"not_picked":["Outmaneuver","Underhanded Strike"],"picked":"Dagger Spray","floor":3.0},{"not_picked":["Bane","Deflect"],"picked":"Backstab","floor":4.0},{"not_picked":["Prepared","Quick Slash"],"picked":"Corpse Explosion","floor":5.0},{"not_picked":["Dagger Spray","Poisoned Stab"],"picked":"Grand Finale","floor":12.0},{"not_picked":["Dagger Throw","Bane"],"picked":"Backflip","floor":14.0}],"player_experience":462486,"relics_obtained":[{"floor":9.0,"key":"Pantograph"},{"floor":12.0,"key":"Lantern"},{"floor":14.0,"key":"Paper Crane"}],"event_choices":[{"damage_healed":0.0,"max_hp_gain":0.0,"max_hp_loss":6.0,"gold_gain":0.0,"event_name":"Golden Idol","player_choice":"Lose Max HP","floor":7.0,"gold_loss":0.0,"damage_taken":0.0,"relics_obtained":["Golden Idol"]},{"damage_healed":0.0,"max_hp_gain":0.0,"max_hp_loss":0.0,"gold_gain":0.0,"event_name":"Shining Light","player_choice":"Entered Light","floor":10.0,"gold_loss":0.0,"damage_taken":18.0,"cards_upgraded":["Backstab","Defend_G"]}],"is_beta":false,"boss_relics":[],"items_purged_floors":[],"is_endless":false,"potions_floor_spawned":[4,12],"killed_by":"Slime Boss","ascension_level":20}}