{"host":"8e3sp1tozjyrh64l","time":1613104787,"event":{"mods":["BaseMod","Better Altar","Better Match","Better Note","Better Sensory Stone","Better Silent Start","Better Skull","Better Third Choice","BetterRewards","Curses Come First","Defuse TimeMaze Blight","Infinite Spire","Minty Spire (QoL Compilation)","Permanent Neow","Rare Cards Sparkle","Relic Sorter","Reliquary","Replay The Spire","Shop Mod","Spicy Shops","StSLib","SuperFastMode","Wandering Minibosses"],"gold_per_floor":[117,130,150,150,207,207,227,227,254,254,254],"floor_reached":10,"language":"ENG","playtime":237,"items_purged":[],"score":58,"play_id":"120751ba-68aa-4716-9eac-4b1a812ff67f","local_time":"20210211213947","is_ascension_mode":false,"campfire_choices":[{"data":"Neutralize","floor":6,"key":"SMITH"}],"circlet_count":0,"master_deck":["Strike_G","Strike_G+1","Strike_G","Strike_G","Defend_G","Defend_G","Defend_G+1","Defend_G","Survivor","Neutralize+1","Unload","Bouncing Flask","Fluid Movement","Noxious Fumes+1"],"relics":["Ring of the Snake","infinitespire:Bottled Soul","Dream Catcher"],"acts_visited":["Exordium"],"potions_floor_usage":[10],"damage_taken":[{"damage":0,"enemies":"Small Slimes","floor":1,"turns":4},{"damage":0,"enemies":"2 Louse","floor":2,"turns":2},{"damage":2,"enemies":"Jaw Worm","floor":3,"turns":3},{"damage":3,"enemies":"Lots of Slimes","floor":7,"turns":5},{"damage":24,"enemies":"3 Sentries","floor":10,"turns":4}],"seed_played":"414869117151445040","potions_obtained":[{"floor":1,"key":"DuplicationPotion"},{"floor":3,"key":"Dexterity Potion"},{"floor":5,"key":"Toxic Potion"}],"is_trial":false,"path_per_floor":["M","M","M","?","?","R","M","?","T","E"],"character_chosen":"THE_SILENT","items_purchased":[],"campfire_rested":0,"item_purchase_floors":[],"current_hp_per_floor":[70,70,68,54,26,26,23,23,23,0,0],"gold":254,"neow_bonus":"ONE_RANDOM_RARE_CARD","is_daily":false,"chose_seed":false,"campfire_upgraded":1,"win_rate":0.0,"timestamp":1613104787,"path_taken":["M","M","M","?","?","R","?","?","T","E"],"items_purchased_type":[],"build_version":"2020-12-22","purchased_purges":0,"victory":false,"max_hp_per_floor":[70,70,70,70,70,70,70,70,70,70,70],"card_choices":[{"not_picked":["Underhanded Strike","Catalyst"],"picked":"Bouncing Flask","floor":1},{"not_picked":["Bane","Replay:Poison Smokescreen","Underhanded Strike"],"picked":"SKIP","floor":2},{"not_picked":["Blur","PiercingWail"],"picked":"Fluid Movement","floor":3},{"not_picked":["Masterful Stab","Sneak Up"],"picked":"Noxious Fumes","floor":7}],"player_experience":927630,"relics_obtained":[{"floor":5,"key":"infinitespire:Bottled Soul"},{"floor":9,"key":"Dream Catcher"}],"event_choices":[{"damage_healed":68,"gold_gain":0,"player_choice":"Upgrade","damage_taken":14,"max_hp_gain":0,"max_hp_loss":70,"event_name":"betterThird:BetterShining","floor":4,"gold_loss":0,"cards_upgraded":["Defend_G","Strike_G"]},{"damage_healed":0,"gold_gain":0,"player_choice":"Upgraded","damage_taken":0,"max_hp_gain":0,"max_hp_loss":0,"event_name":"Upgrade Shrine","floor":8,"gold_loss":0,"cards_upgraded":["Noxious Fumes"]}],"is_beta":false,"boss_relics":[],"items_purged_floors":[],"is_endless":false,"potions_floor_spawned":[1,3],"killed_by":"3 Sentries","ascension_level":0}}