{"host":"i3w38rq1z4slkels","time":1613122622,"event":{"mods":["2.2 Compatiblity","Act Like it!","BaseMod","Better Match","Better Vampires","BetterRewards","Conspire","Downfall","Hallownest","Minty Spire (QoL Compilation)","Rare Cards Sparkle","Replay The Spire","StSLib","The Bug Knight"],"gold_per_floor":[99,119,16,16,27,27,76,76,76,87,87,87,102,87,99,196,196,96,21,38,38,57,57,57,57],"floor_reached":23,"language":"ENG","playtime":1795,"items_purged":["CommonCold"],"score":179,"play_id":"aa0bb5fc-8685-43b4-954a-ce409ba25f5d","local_time":"20210212163702","is_ascension_mode":false,"campfire_choices":[{"floor":1.0,"key":"RECALL"},{"data":"bronze:GetLatest","floor":6.0,"key":"SMITH"},{"data":"bronze:ClassDefault","floor":8.0,"key":"SMITH"},{"data":"bronze:FineTuning","floor":11.0,"key":"SMITH"},{"data":"bronze:AlphaBuild","floor":18.0,"key":"SMITH"}],"circlet_count":0,"master_deck":["bronze:Strike","bronze:Strike","bronze:Strike","bronze:Strike","bronze:Defend","bronze:Defend","bronze:Defend","bronze:Defend","bronze:Replicate+1","bronze:Goto","bronze:Branch","bronze:DigitalCarnage","bronze:ClassDefault+1","bronze:FineTuning+1","bronze:GetLatest+1","bronze:ThunderWave","bronze:AlphaBuild+1"],"relics":["bronze:BronzeCore","Ring of Hypnosis","The Courier","Philosopher\u0027s Stone","downfall:HeartBlessingRed"],"acts_visited":["Exordium","TheCity"],"potions_floor_usage":[23,23],"damage_taken":[{"damage":1.0,"enemies":"Cultist","floor":2.0,"turns":4.0},{"damage":2.0,"enemies":"downfall:FleeingMerchant","floor":3.0,"turns":4.0},{"damage":8.0,"enemies":"2 Louse","floor":5.0,"turns":2.0},{"damage":0.0,"enemies":"Small Slimes","floor":10.0,"turns":2.0},{"damage":6.0,"enemies":"Blue Slaver","floor":13.0,"turns":3.0},{"damage":5.0,"enemies":"downfall:FleeingMerchant","floor":14.0,"turns":4.0},{"damage":9.0,"enemies":"Exordium Wildlife","floor":15.0,"turns":2.0},{"damage":37.0,"enemies":"IC_STATUS_ARCHETYPE","floor":16.0,"turns":7.0},{"damage":15.0,"enemies":"downfall:FleeingMerchant","floor":19.0,"turns":4.0},{"damage":0,"enemies":"Chosen","floor":20,"turns":2},{"damage":0,"enemies":"Spheric Guardian","floor":22,"turns":2},{"damage":77,"enemies":"Spheric Guardian","floor":23,"turns":6}],"seed_played":"-7123158601793985121","potions_obtained":[{"floor":2.0,"key":"bronze:FreeFunctionsPotion"},{"floor":5.0,"key":"hexamod:SoulburnPotion"},{"floor":10.0,"key":"Weak Potion"},{"floor":22,"key":"DistilledChaos"}],"is_trial":false,"path_per_floor":["R","M","$","?","M","R","T","R","?","M","R","T","M","$","M","B",null,"R","$","M","?","M","?"],"character_chosen":"THE_AUTOMATON","items_purchased":["bronze:ClassDefault","bronze:FineTuning"],"campfire_rested":0,"item_purchase_floors":[3,3],"current_hp_per_floor":[77,76,74,74,66,66,66,66,66,66,66,66,60,55,46,9,77,77,62,62,62,62,0,0,0],"gold":57,"neow_bonus":"TEN_PERCENT_HP_BONUS","is_daily":false,"chose_seed":false,"campfire_upgraded":4,"win_rate":0.0,"timestamp":1613122622,"path_taken":["R","M","?","?","?","R","T","R","?","M","R","?","M","?","M","BOSS","R","$","M","?","M","?"],"items_purchased_type":["Card","Card"],"build_version":"2020-12-22","purchased_purges":1,"victory":false,"max_hp_per_floor":[77,77,77,77,77,77,77,77,77,77,77,77,77,77,77,77,77,77,77,77,77,77,77,77,77],"card_choices":[{"not_picked":["bronze:ForLoop","bronze:ForceShield"],"picked":"bronze:Branch","floor":2.0},{"not_picked":["bronze:CloningBeam","bronze:OilSpill"],"picked":"bronze:DigitalCarnage","floor":3.0},{"not_picked":["bronze:BronzeArmor","bronze:WildBeam"],"picked":"bronze:GetLatest","floor":5.0},{"not_picked":["bronze:FineTuning","bronze:Flail","bronze:DelayedGuard"],"picked":"SKIP","floor":10.0},{"not_picked":["bronze:Fortify","bronze:Frontload","bronze:ClassDefault"],"picked":"SKIP","floor":13.0},{"not_picked":["bronze:Branch","bronze:CloningBeam"],"picked":"bronze:ThunderWave","floor":14.0},{"not_picked":["bronze:CloningBeam","bronze:GetLatest","bronze:BuggyMess"],"picked":"SKIP","floor":15.0},{"not_picked":["bronze:BurnOut","bronze:Break"],"picked":"bronze:AlphaBuild","floor":16.0},{"not_picked":["bronze:DelayedSlice","bronze:BugBarrage","bronze:DelayedGuard"],"picked":"SKIP","floor":19.0},{"not_picked":["bronze:FineTuning","bronze:BitShift","bronze:BuggyMess"],"picked":"SKIP","floor":20},{"not_picked":["bronze:CloningBeam","bronze:DigitalCarnage+1","bronze:ChosenStrike"],"picked":"SKIP","floor":22}],"player_experience":479928,"relics_obtained":[{"floor":9.0,"key":"Ring of Hypnosis"},{"floor":12.0,"key":"The Courier"}],"event_choices":[{"damage_healed":0,"gold_gain":0,"player_choice":"Leave","damage_taken":0,"max_hp_gain":0,"max_hp_loss":0,"event_name":"conspire:Investor","floor":21,"gold_loss":0}],"is_beta":false,"boss_relics":[{"not_picked":["Snecko Eye","Coffee Dripper"],"picked":"Philosopher\u0027s Stone"}],"items_purged_floors":[19],"is_endless":false,"potions_floor_spawned":[2,5,10,13,22],"killed_by":"Spheric Guardian","ascension_level":0}}