{"host":"pqs17sqrgflf4eqa","time":1613104152,"event":{"mods":["AchievementEnabler","BaseMod","Bestiary","Better Altar","Colored Map","Colored Powertips","Emptier Cage","Googly Eyes","Highlight Path","Minty Spire (QoL Compilation)","Quick Restart","StSLib","SuperFastMode","Transform Curses","slay the spire mod where everything is the same but ironclad has a cowboy hat"],"gold_per_floor":[115,190,209,12,12,12,40,70,138,138,138,138,167,186,186,284,284,303,40,51,68,85,85,120,134,134,146,146,158,158,193,193,290,290,305,8,26,26,26],"floor_reached":38,"language":"ENG","playtime":723,"items_purged":["Defend_P"],"score":561,"play_id":"37525276-2c61-411b-a9d6-235e2b97d7b1","local_time":"20210211232912","is_ascension_mode":true,"campfire_choices":[{"data":"Eruption","floor":6.0,"key":"SMITH"},{"data":"CrushJoints","floor":10.0,"key":"SMITH"},{"data":"FlyingSleeves","floor":12.0,"key":"SMITH"},{"data":"FollowUp","floor":15.0,"key":"SMITH"},{"floor":23.0,"key":"RECALL"},{"floor":28,"key":"REST"},{"data":"1","floor":32,"key":"LIFT"}],"circlet_count":0,"master_deck":["Strike_P","Strike_P","Strike_P","Strike_P","Defend_P","Defend_P+1","Defend_P+1","Eruption+1","Vigilance","Tantrum+1","FlyingSleeves+1","Consecrate","CrushJoints+1","FollowUp+1","Ragnarok","ClearTheMind","Apotheosis","Halt","InnerPeace+1","Ragnarok","BattleHymn","FlurryOfBlows+1","ThirdEye+1","DeusExMachina"],"relics":["PureWater","NeowsBlessing","War Paint","Art of War","StoneCalendar","Meat on the Bone","Eternal Feather","Fusion Hammer","HornCleat","Damaru","Blood Vial","Girya","Busted Crown","Membership Card","Letter Opener"],"acts_visited":["Exordium","TheCity","TheBeyond"],"potions_floor_usage":[24,31,33,33,38,38],"damage_taken":[{"damage":0.0,"enemies":"2 Louse","floor":1.0,"turns":1.0},{"damage":0.0,"enemies":"Cultist","floor":3.0,"turns":1.0},{"damage":0.0,"enemies":"Lagavulin","floor":7.0,"turns":1.0},{"damage":4.0,"enemies":"3 Sentries","floor":13.0,"turns":4.0},{"damage":0.0,"enemies":"Small Slimes","floor":14.0,"turns":2.0},{"damage":14.0,"enemies":"The Guardian","floor":16.0,"turns":7.0},{"damage":4.0,"enemies":"2 Thieves","floor":18.0,"turns":2.0},{"damage":4.0,"enemies":"Shell Parasite","floor":20.0,"turns":2.0},{"damage":0.0,"enemies":"Snecko","floor":21.0,"turns":2.0},{"damage":0.0,"enemies":"Snake Plant","floor":22.0,"turns":3.0},{"damage":20,"enemies":"Gremlin Leader","floor":24,"turns":4},{"damage":0,"enemies":"Centurion and Healer","floor":25,"turns":3},{"damage":0,"enemies":"3 Cultists","floor":27,"turns":3},{"damage":10,"enemies":"Snake Plant","floor":29,"turns":3},{"damage":14,"enemies":"Book of Stabbing","floor":31,"turns":2},{"damage":3,"enemies":"Automaton","floor":33,"turns":5},{"damage":7,"enemies":"Orb Walker","floor":35,"turns":2},{"damage":11,"enemies":"3 Shapes","floor":37,"turns":2},{"damage":62,"enemies":"Writhing Mass","floor":38,"turns":4}],"seed_played":"6725815875269294832","potions_obtained":[{"floor":1.0,"key":"Dexterity Potion"},{"floor":16.0,"key":"DistilledChaos"},{"floor":24,"key":"SpeedPotion"},{"floor":25,"key":"SpeedPotion"},{"floor":27,"key":"LiquidMemories"},{"floor":35,"key":"Explosive Potion"}],"is_trial":false,"path_per_floor":["M","?","M","$","?","R","E","?","T","R","?","R","E","M","R","B",null,"M","$","M","M","M","R","E","M","T","M","R","M","?","E","R","B",null,"M","$","M","M"],"character_chosen":"WATCHER","items_purchased":["Consecrate","Strength Potion","Ambrosia","Apotheosis","Membership Card","Letter Opener","Weak Potion"],"campfire_rested":1,"item_purchase_floors":[4,4,4,19,36,36,36],"current_hp_per_floor":[72,65,65,65,47,47,47,47,47,47,47,47,43,43,52,38,64,60,60,56,56,56,68,48,48,48,48,72,62,43,43,55,54,68,63,63,54,0,0],"gold":26,"neow_bonus":"THREE_ENEMY_KILL","is_daily":false,"chose_seed":false,"campfire_upgraded":4,"win_rate":0.0,"timestamp":1613104152,"path_taken":["M","?","?","$","?","R","E","?","T","R","?","R","E","M","R","BOSS","M","$","?","M","M","R","E","M","T","M","R","M","?","E","R","BOSS","M","$","M","M"],"items_purchased_type":["Card","Potion","Potion","Card","Relic","Relic","Potion"],"build_version":"2020-12-22","purchased_purges":1,"victory":false,"max_hp_per_floor":[72,72,72,72,72,72,72,72,72,72,72,72,72,72,72,72,72,72,72,72,72,72,72,72,72,72,72,72,72,72,72,72,72,72,72,72,72,72,72],"card_choices":[{"not_picked":["FlurryOfBlows","Weave"],"picked":"Tantrum","floor":1.0},{"not_picked":["TalkToTheHand","ClearTheMind"],"picked":"FlyingSleeves","floor":3.0},{"not_picked":["FlyingSleeves","Study"],"picked":"CrushJoints","floor":7.0},{"not_picked":["Indignation","WaveOfTheHand"],"picked":"FollowUp","floor":13.0},{"not_picked":["EmptyMind","Fasting2","BowlingBash"],"picked":"SKIP","floor":14.0},{"not_picked":["LessonLearned","MasterReality"],"picked":"Ragnarok","floor":16.0},{"not_picked":["Consecrate","Collect"],"picked":"ClearTheMind","floor":18.0},{"not_picked":["BowlingBash","SashWhip+1"],"picked":"Halt","floor":20.0},{"not_picked":["Consecrate","Collect"],"picked":"InnerPeace+1","floor":21.0},{"not_picked":["BowlingBash+1","Crescendo"],"picked":"Ragnarok","floor":22.0},{"not_picked":["Halt","JustLucky"],"picked":"BattleHymn","floor":24},{"not_picked":["WheelKick+1","Crescendo","DeceiveReality"],"picked":"SKIP","floor":25},{"not_picked":["Fasting2","InnerPeace+1"],"picked":"FlurryOfBlows+1","floor":27},{"not_picked":["Sanctity","CrushJoints","Weave"],"picked":"SKIP","floor":29},{"not_picked":["FollowUp","SashWhip"],"picked":"ThirdEye+1","floor":31},{"not_picked":["Establishment","ConjureBlade"],"picked":"DeusExMachina","floor":33},{"not_picked":["FlurryOfBlows"],"picked":"SKIP","floor":35},{"not_picked":["Worship"],"picked":"SKIP","floor":37}],"player_experience":167570,"relics_obtained":[{"floor":7.0,"key":"Art of War"},{"floor":9.0,"key":"Meat on the Bone"},{"floor":13.0,"key":"Eternal Feather"},{"floor":24,"key":"HornCleat"},{"floor":26,"key":"Damaru"},{"floor":31,"key":"Girya"}],"event_choices":[{"damage_healed":0.0,"max_hp_gain":0.0,"max_hp_loss":0.0,"gold_gain":75.0,"event_name":"FaceTrader","player_choice":"Touch","floor":2.0,"gold_loss":0.0,"damage_taken":7.0},{"damage_healed":0.0,"max_hp_gain":0.0,"max_hp_loss":0.0,"gold_gain":0.0,"event_name":"Scrap Ooze","player_choice":"Success","floor":5.0,"gold_loss":0.0,"damage_taken":18.0,"relics_obtained":["War Paint"]},{"damage_healed":0.0,"max_hp_gain":0.0,"max_hp_loss":0.0,"gold_gain":30.0,"event_name":"Dead Adventurer","player_choice":"Searched \u00273\u0027 times","floor":8.0,"gold_loss":0.0,"damage_taken":0.0,"relics_obtained":["StoneCalendar"]},{"damage_healed":0.0,"max_hp_gain":0.0,"max_hp_loss":0.0,"gold_gain":0.0,"event_name":"Upgrade Shrine","player_choice":"Upgraded","floor":11.0,"gold_loss":0.0,"damage_taken":0.0,"cards_upgraded":["Tantrum"]},{"damage_healed":0,"gold_gain":0,"player_choice":" Vial ","damage_taken":19,"relics_obtained":["Blood Vial"],"max_hp_gain":62,"max_hp_loss":43,"event_name":"betterAltar:BetterAltar","floor":30,"potions_obtained":[],"relics_lost":[],"gold_loss":0}],"is_beta":false,"boss_relics":[{"not_picked":["SlaversCollar","Coffee Dripper"],"picked":"Fusion Hammer"},{"not_picked":["Astrolabe","Runic Dome"],"picked":"Busted Crown"}],"items_purged_floors":[19],"is_endless":false,"potions_floor_spawned":[1,7,16,21,24,25,27,35],"killed_by":"Writhing Mass","ascension_level":5}}