{"host":"Jinnai","time":1613151979,"event":{"mods":["BaseMod","Block Reminder","Colored Map","Colored Powertips","Curses Come First","Highlight Path","Minty Spire (QoL Compilation)","Permanent Neow","Potion Indicator Mod","Quick Restart","Relic Stats","StSLib","ojb\u0027s Info Mod"],"gold_per_floor":[111,111,122,136,154,154,188,201,201,230,230,230,254,288,288,288,288],"floor_reached":16,"language":"ENG","playtime":616,"items_purged":[],"score":294,"play_id":"8723221d-6334-4d27-bb77-943254a226ee","local_time":"20210212124619","is_ascension_mode":true,"campfire_choices":[{"floor":6,"key":"REST"},{"floor":12,"key":"REST"},{"floor":15,"key":"REST"}],"circlet_count":0,"master_deck":["AscendersBane","Strike_G","Strike_G","Strike_G","Strike_G","Strike_G","Defend_G","Defend_G","Defend_G","Defend_G","Defend_G","Survivor","Neutralize","Corpse Explosion","Quick Slash","Catalyst","Sucker Punch","Backflip","Deflect","Dagger Throw","Quick Slash","PiercingWail","Setup"],"relics":["Ring of the Snake","Anchor","InkBottle","Ninja Scroll","Golden Idol","StrikeDummy"],"acts_visited":["Exordium"],"potions_floor_usage":[7,16],"damage_taken":[{"damage":8,"enemies":"Small Slimes","floor":1,"turns":3},{"damage":1,"enemies":"Jaw Worm","floor":3,"turns":3},{"damage":14,"enemies":"2 Louse","floor":4,"turns":2},{"damage":10,"enemies":"Red Slaver","floor":5,"turns":5},{"damage":14,"enemies":"3 Sentries","floor":7,"turns":4},{"damage":3,"enemies":"Looter","floor":8,"turns":4},{"damage":52,"enemies":"Gremlin Nob","floor":10,"turns":6},{"damage":6,"enemies":"Gremlin Gang","floor":13,"turns":4},{"damage":0,"enemies":"3 Sentries","floor":14,"turns":2},{"damage":40,"enemies":"Slime Boss","floor":16,"turns":9}],"seed_played":"2380743972740974336","potions_obtained":[{"floor":1,"key":"FairyPotion"},{"floor":4,"key":"Ancient Potion"},{"floor":5,"key":"GhostInAJar"},{"floor":13,"key":"SpeedPotion"}],"is_trial":false,"path_per_floor":["M","?","M","M","M","R","E","M","T","E","?","R","M","E","R","B"],"character_chosen":"THE_SILENT","items_purchased":[],"campfire_rested":3,"item_purchase_floors":[],"current_hp_per_floor":[51,51,50,36,26,44,30,27,27,10,10,26,20,20,36,0,0],"gold":288,"neow_bonus":"THREE_RARE_CARDS","is_daily":false,"chose_seed":false,"campfire_upgraded":0,"win_rate":0.0,"timestamp":1613151979,"path_taken":["M","?","M","M","M","R","E","M","T","E","?","R","M","E","R","BOSS"],"items_purchased_type":[],"build_version":"2020-12-18","purchased_purges":0,"victory":false,"max_hp_per_floor":[60,60,60,60,60,60,60,60,60,60,54,54,54,54,54,54,54],"relic_stats":{"counters":[10,42],"Golden Idol":12,"obtain_stats":[{"Anchor":7,"Ninja Scroll":10,"Golden Idol":11,"StrikeDummy":14,"InkBottle":9,"Ring of the Snake":0},{"Anchor":5,"Ninja Scroll":7,"Golden Idol":7,"StrikeDummy":9,"InkBottle":6,"Ring of the Snake":0},{"Anchor":17,"Ninja Scroll":27,"Golden Idol":27,"StrikeDummy":33,"InkBottle":21,"Ring of the Snake":0}],"InkBottle":[7],"Ring of the Snake":[20]},"card_choices":[{"not_picked":["Doppelganger","Bullet Time"],"picked":"Corpse Explosion","floor":0},{"not_picked":["Backstab","Outmaneuver"],"picked":"Quick Slash","floor":1},{"not_picked":["Acrobatics","Tactician"],"picked":"Catalyst","floor":3},{"not_picked":["PiercingWail","Dodge and Roll"],"picked":"Sucker Punch","floor":4},{"not_picked":["Concentrate","Dodge and Roll"],"picked":"Backflip","floor":5},{"not_picked":["Underhanded Strike","Concentrate"],"picked":"Deflect","floor":7},{"not_picked":["All Out Attack","Underhanded Strike"],"picked":"Dagger Throw","floor":8},{"not_picked":["Storm of Steel","All Out Attack"],"picked":"Quick Slash","floor":10},{"not_picked":["Bane","Deflect"],"picked":"PiercingWail","floor":13},{"not_picked":["Dodge and Roll","Unload"],"picked":"Setup","floor":14}],"player_experience":1723301,"relics_obtained":[{"floor":7,"key":"Anchor"},{"floor":9,"key":"InkBottle"},{"floor":10,"key":"Ninja Scroll"},{"floor":14,"key":"StrikeDummy"}],"event_choices":[{"damage_healed":0,"gold_gain":0,"player_choice":"Ignored","damage_taken":0,"max_hp_gain":0,"max_hp_loss":0,"event_name":"Liars Game","floor":2,"gold_loss":0},{"damage_healed":0,"gold_gain":0,"player_choice":"Lose Max HP","damage_taken":0,"relics_obtained":["Golden Idol"],"max_hp_gain":0,"max_hp_loss":6,"event_name":"Golden Idol","floor":11,"gold_loss":0}],"is_beta":true,"boss_relics":[],"items_purged_floors":[],"is_endless":false,"potions_floor_spawned":[1,4,5,13],"killed_by":"Slime Boss","ascension_level":20}}