{"host":"rupmf8lnk599ormj","time":1613097833,"event":{"mods":["2.2 Compatiblity","AchievementEnabler","BaseMod","Better Match","Better Third Choice","BetterRewards","Colored Map","Colored Powertips","Conspire","Downfall","Evolution","Gold Saver","Googly Eyes","Hero for Fun","Hubris","Minty Spire (QoL Compilation)","Quick Restart","Rare Cards Sparkle","Replay The Spire","Shade Mod","Spicy Shops","StSLib","The Cursed"],"gold_per_floor":[181,196,196,196,216,232,256,19,34,66,66,79,79,24,34,138,138,38,49,64,49,49,62,62,80,80,100,10,27,27,27],"floor_reached":30,"language":"ENG","playtime":2465,"items_purged":[],"score":259,"play_id":"66f6e15a-29bd-45f6-b162-4f930cc2e3b3","local_time":"20210211214353","is_ascension_mode":false,"campfire_choices":[{"floor":1,"key":"DIG"},{"floor":13,"key":"REST"},{"data":"Shade:Brains","floor":18,"key":"SMITH"},{"floor":26,"key":"REST"}],"circlet_count":0,"master_deck":["Shade:FingerOfDeath","Shade:FingerOfDeath","Shade:FingerOfDeath","Shade:Strike_Shade","Shade:Defend_Shade","Shade:Defend_Shade","Shade:Defend_Shade","Shade:Defend_Shade","Shade:AnimateDead","Shade:CarefulCut","Shade:AncientSpear","Shade:CommandSoldier","Shade:Coordination","Shade:OpenGraves","Shade:Bite_Shade","Shade:CallWraith","Shade:Doomsay","Shade:AuraOfUnlife","Shade:PotionOfRestlessness","Shade:Brains+1","Shade:Frenzy","Shade:Tombstone","Shade:FreshBones+1","Shade:SensePrey+1","Shade:FuneraryArmor","Shade:Bite_Shade","Shade:FuneraryArmor","Shade:FleshToFlesh+1","Shade:BoneShards","Shade:WallOfFlesh+1"],"relics":["Shade:YorickSkull","Ancient Tea Set","hubris:Towel","MealTicket","Pocketwatch","ReplayTheSpireMod:Ninjato","hubris:Backtick","Boot","downfall:HeartBlessingGreen","Nloth\u0027s Gift","Quantum Egg","Juzu Bracelet"],"acts_visited":["Exordium","TheCity"],"potions_floor_usage":[12,16,25,28],"damage_taken":[{"damage":0,"enemies":"2 Louse","floor":2,"turns":3},{"damage":3,"enemies":"Jaw Worm","floor":5,"turns":3},{"damage":0,"enemies":"Cultist","floor":6,"turns":2},{"damage":0,"enemies":"downfall:FleeingMerchant","floor":8,"turns":4},{"damage":11,"enemies":"Blue Slaver","floor":9,"turns":3},{"damage":5,"enemies":"Gremlin Nob","floor":10,"turns":3},{"damage":9,"enemies":"Gremlin Gang","floor":12,"turns":5},{"damage":0,"enemies":"downfall:FleeingMerchant","floor":14,"turns":4},{"damage":7,"enemies":"Exordium Thugs","floor":15,"turns":4},{"damage":30,"enemies":"IC_STATUS_ARCHETYPE","floor":16,"turns":6},{"damage":13,"enemies":"Spheric Guardian","floor":19,"turns":5},{"damage":0,"enemies":"Chosen","floor":20,"turns":5},{"damage":5,"enemies":"downfall:FleeingMerchant","floor":21,"turns":4},{"damage":26,"enemies":"Shelled Parasite and Fungi","floor":23,"turns":6},{"damage":20,"enemies":"Sentry and Sphere","floor":25,"turns":5},{"damage":26,"enemies":"Snake Plant","floor":27,"turns":5},{"damage":5,"enemies":"downfall:FleeingMerchant","floor":28,"turns":4},{"damage":6,"enemies":"Snecko","floor":29,"turns":4},{"damage":39,"enemies":"3 Cultists","floor":30,"turns":6}],"seed_played":"3257260651995999653","potions_obtained":[{"floor":0,"key":"DistilledChaos"},{"floor":0,"key":"Milkshake"},{"floor":0,"key":"GamblersBrew"},{"floor":2,"key":"champ:CounterPotion"},{"floor":12,"key":"Swift Potion"},{"floor":16,"key":"Flashbang"},{"floor":27,"key":"LiquidMemories"}],"is_trial":false,"path_per_floor":["R_BF","M","?","?","M","M","T","$","M","E","?","M","R","$","M","B",null,"R","M","M","$","?","M","T","M","R","M","$","M","M"],"character_chosen":"SHADE","items_purchased":["Pocketwatch","Shade:Bite_Shade","Shade:Brains","Juzu Bracelet"],"campfire_rested":2,"item_purchase_floors":[8,8,14,28],"current_hp_per_floor":[65,65,65,65,62,62,62,65,56,53,53,50,65,65,60,34,65,65,56,58,64,64,39,39,25,44,22,36,34,0,0],"gold":27,"neow_bonus":"THREE_SMALL_POTIONS","is_daily":false,"chose_seed":false,"campfire_upgraded":1,"win_rate":0.0,"timestamp":1613097833,"path_taken":["R_BF","M","?","?","M","M","T","$","?","E","?","?","R","?","M","BOSS","R","M","M","$","?","M","T","M","R","M","$","M","M"],"items_purchased_type":["Relic","Card","Card","Relic"],"build_version":"2020-12-22","purchased_purges":0,"victory":false,"max_hp_per_floor":[65,65,65,65,65,65,65,65,65,65,65,65,65,65,65,65,65,65,65,65,65,65,65,65,65,65,65,65,65,65,65],"card_choices":[{"not_picked":["Shade:Haruspicy","Shade:FreshBones"],"picked":"Shade:AncientSpear","floor":2},{"not_picked":["Shade:LyeBath","Shade:ExtraLimbs"],"picked":"Shade:CommandSoldier","floor":5},{"not_picked":["Shade:ClawBack","Shade:BoneShards"],"picked":"Shade:Coordination","floor":6},{"not_picked":["Shade:GraveStillness","Shade:GreyBargain"],"picked":"Shade:OpenGraves","floor":8},{"not_picked":["Shade:Bonestorm","Shade:BoneShards"],"picked":"Shade:CallWraith","floor":9},{"not_picked":["Shade:LoseControl","Shade:SpontaneousRitual"],"picked":"Shade:Doomsay","floor":10},{"not_picked":["Shade:RitualOffering","Shade:WallOfFlesh"],"picked":"Shade:AuraOfUnlife","floor":12},{"not_picked":["Shade:FeralStrike","Shade:Frenzy"],"picked":"Shade:PotionOfRestlessness","floor":14},{"not_picked":["Shade:Brains","Shade:PressTheAttack"],"picked":"Shade:Frenzy","floor":15},{"not_picked":["Shade:LoseControl","Shade:Consume"],"picked":"Shade:Tombstone","floor":16},{"not_picked":["Shade:FuneraryArmor","Shade:FleshToFlesh"],"picked":"Shade:FreshBones+1","floor":19},{"not_picked":["Shade:Premonition","Shade:ClawBack"],"picked":"Shade:SensePrey+1","floor":20},{"not_picked":["Shade:OminousRitual","Shade:PotionOfRestlessness"],"picked":"Shade:FuneraryArmor","floor":21},{"not_picked":["Shade:FreshBones","Shade:DangerousRitual"],"picked":"Shade:Bite_Shade","floor":23},{"not_picked":["Shade:SanguineRitual","Shade:CoffinDance"],"picked":"Shade:FuneraryArmor","floor":25},{"not_picked":["Shade:GraveStillness","Shade:Trample"],"picked":"Shade:FleshToFlesh+1","floor":27},{"not_picked":["Shade:Haruspicy","Shade:FuneraryArmor+1"],"picked":"Shade:BoneShards","floor":28},{"not_picked":["Shade:Haruspicy","Shade:RitualOffering+1"],"picked":"Shade:WallOfFlesh+1","floor":29}],"player_experience":248198,"relics_obtained":[{"floor":1,"key":"Ancient Tea Set"},{"floor":7,"key":"MealTicket"},{"floor":10,"key":"ReplayTheSpireMod:Ninjato"},{"floor":24,"key":"Quantum Egg"}],"event_choices":[{"damage_healed":0,"gold_gain":0,"player_choice":"Ignored","damage_taken":0,"max_hp_gain":0,"max_hp_loss":0,"event_name":"NoteForYourself","floor":4,"gold_loss":0}],"is_beta":false,"boss_relics":[{"not_picked":["Replay:Wanted Poster","hubris:BlackHole"],"picked":"hubris:Backtick"}],"items_purged_floors":[],"is_endless":false,"potions_floor_spawned":[2,6,12,15,16,27],"killed_by":"3 Cultists","ascension_level":0}}