{"host":"aduepa6pof7ckcrz","time":1613108359,"event":{"mods":["Act Like it!","Arknights","Aspiration","BaseMod","CapriCore","Colored Map","Colored Powertips","Downfall","Hallownest","Hermit","Hubris","Minty Spire (QoL Compilation)","Quick Restart","Replay The Spire","Robot Space Explorer","Shop Mod","StSLib","The Bug Knight","The Marked"],"gold_per_floor":[114,114,114,126,136,136,156,156,179,179,179,195,206,223,223,323,323,339,359,375,375,375,375,385,385,385,402,422,422,422],"floor_reached":29,"language":"FRA","playtime":3138,"items_purged":[],"score":221,"play_id":"a83f6552-29eb-4dcc-9dad-b4d245ae111b","local_time":"20210212063919","is_ascension_mode":false,"campfire_choices":[{"data":"HollowMod:HerrahsAnger","floor":6.0,"key":"SMITH"},{"data":"HollowMod:GrimmsGift","floor":11.0,"key":"SMITH"},{"data":"HollowMod:Weaversong","floor":15.0,"key":"SMITH"},{"data":"HollowMod:MantisMark","floor":23.0,"key":"SMITH"}],"circlet_count":0,"master_deck":["HollowMod:NailStrikeStart","HollowMod:NailStrikeStart","HollowMod:NailStrikeStart","HollowMod:NailStrikeStart","HollowMod:QuickDashStart","HollowMod:QuickDashStart","HollowMod:QuickDashStart","HollowMod:QuickDashStart","HollowMod:FocusHealStart","HollowMod:PogoStrike+1","HollowMod:HerrahsAnger+1","HollowMod:QuirrelsAssistance+1","HollowMod:CrystalDash","HollowMod:GrimmsGift+1","HollowMod:MonarchWings","HollowMod:CornifersMapStart","HollowMod:Weaversong+1","HollowMod:ChannelNail","HollowMod:theNailsmith","HollowMod:DesolateDive+1","HollowMod:MantisMark+1","HollowMod:MonomonsArchive+1","HollowMod:CornifersMapStart+1","HollowMod:HuntersJournal","HollowMod:GrimmsGift"],"relics":["HollowMod:VesselMask","Hallownest:DreamNailRelic","aspiration:ChemicalBlood","Runic Dome","Replay:Bottled Snecko"],"acts_visited":["Hallownest:Greenpath","Hallownest:CityofTears"],"potions_floor_usage":[27,28,29],"damage_taken":[{"damage":19.0,"enemies":"Hallownest:monsterHuskGuard","floor":1.0,"turns":6.0},{"damage":1.0,"enemies":"Hallownest:monsterHuskWarrior","floor":4.0,"turns":5.0},{"damage":2.0,"enemies":"Hallownest:2_MossCreeps","floor":5.0,"turns":5.0},{"damage":4.0,"enemies":"Hallownest:monsterFoolEater","floor":7.0,"turns":4.0},{"damage":0.0,"enemies":"Hallownest:monsterMossCharger","floor":12.0,"turns":2.0},{"damage":11.0,"enemies":"Hallownest:Guard_and_Warrior","floor":13.0,"turns":7.0},{"damage":11.0,"enemies":"Hallownest:1_Ooma_and_2_Uuma","floor":14.0,"turns":6.0},{"damage":23.0,"enemies":"Hallownest:BossBrokenVessel","floor":16.0,"turns":8.0},{"damage":5.0,"enemies":"Hallownest:2_Mistakes","floor":18.0,"turns":5.0},{"damage":6.0,"enemies":"Hallownest:Flukemon_and_Top","floor":19.0,"turns":3.0},{"damage":21.0,"enemies":"Hallownest:monsterShrumalOgre","floor":20.0,"turns":5.0},{"damage":7.0,"enemies":"Hallownest:Warrior_and_Youth","floor":24.0,"turns":5.0},{"damage":36,"enemies":"Hallownest:2_Flukemon","floor":27,"turns":6},{"damage":7,"enemies":"Hallownest:monsterShrumalOgre","floor":28,"turns":4},{"damage":8,"enemies":"Hallownest:Glutton_and_Coward","floor":29,"turns":2}],"seed_played":"-2338151401422347865","potions_obtained":[{"floor":1.0,"key":"Fire Potion"},{"floor":7.0,"key":"Dexterity Potion"},{"floor":14.0,"key":"BlessingOfTheForge"},{"floor":16.0,"key":"hexamod:SoulburnPotion"}],"is_trial":false,"path_per_floor":["M","?","?","M","M","R","M","?","T","?","R","M","M","M","R","B",null,"M","M","M","?","?","R","M","?","T","M","M","M"],"character_chosen":"THE_BUGKNIGHT","items_purchased":[],"campfire_rested":0,"item_purchase_floors":[],"current_hp_per_floor":[62,62,62,67,65,65,61,70,70,78,78,78,67,56,56,33,84,79,73,58,58,58,58,51,51,51,15,8,0,0],"gold":422,"neow_bonus":"ONE_RANDOM_RARE_CARD","is_daily":false,"chose_seed":false,"campfire_upgraded":4,"win_rate":0.0,"timestamp":1613108359,"path_taken":["M","?","?","?","?","R","M","?","T","?","R","M","?","M","R","BOSS","M","?","M","?","?","R","?","?","T","M","M","M"],"items_purchased_type":[],"build_version":"2020-12-22","purchased_purges":0,"victory":false,"max_hp_per_floor":[75,75,75,75,75,75,75,84,84,84,84,84,84,84,84,84,84,84,84,84,84,84,84,84,84,84,84,84,84,84],"card_choices":[{"not_picked":["HollowMod:SoulStrike","HollowMod:MothsMistake"],"picked":"HollowMod:QuirrelsAssistance","floor":1.0},{"not_picked":["HollowMod:InfectedCysts","HollowMod:DashSlash"],"picked":"HollowMod:CrystalDash","floor":4.0},{"not_picked":["HollowMod:LuriensSpire","HollowMod:LifebloodCocoon"],"picked":"HollowMod:GrimmsGift","floor":5.0},{"not_picked":["HollowMod:ChannelNail","HollowMod:TaintedHusks"],"picked":"HollowMod:MonarchWings","floor":7.0},{"not_picked":["HollowMod:DesolateDive","HollowMod:DashSlash"],"picked":"HollowMod:CornifersMapStart","floor":12.0},{"not_picked":["HollowMod:CrystalDash","HollowMod:VengefulVoid"],"picked":"HollowMod:Weaversong","floor":13.0},{"not_picked":["HollowMod:FallenFury","HollowMod:TaintedHusks"],"picked":"HollowMod:ChannelNail","floor":14.0},{"not_picked":["HollowMod:NewInfectedGuardian","HollowMod:HerrahsAnger"],"picked":"HollowMod:theNailsmith","floor":16.0},{"not_picked":["HollowMod:DescendingDark","HollowMod:Grubsong"],"picked":"HollowMod:DesolateDive+1","floor":18.0},{"not_picked":["HollowMod:InfectedCysts","HollowMod:TaintedHusks"],"picked":"HollowMod:MantisMark","floor":19.0},{"not_picked":["HollowMod:CloakDash","HollowMod:InfectedCysts+1"],"picked":"HollowMod:MonomonsArchive","floor":20.0},{"not_picked":["HollowMod:DashSlash+1","HollowMod:PerfectDash"],"picked":"HollowMod:CornifersMapStart+1","floor":24.0},{"not_picked":["HollowMod:InfectedCysts","HollowMod:SharpenedNail"],"picked":"HollowMod:HuntersJournal","floor":27},{"not_picked":["HollowMod:SoulEater","HollowMod:InfectedCysts"],"picked":"HollowMod:GrimmsGift","floor":28}],"player_experience":1037472,"relics_obtained":[{"floor":9.0,"key":"aspiration:ChemicalBlood"},{"floor":26.0,"key":"Replay:Bottled Snecko"}],"event_choices":[],"is_beta":false,"boss_relics":[{"not_picked":["hubris:CrackedHourglass","bronze:MakeshiftBattery"],"picked":"Runic Dome"}],"items_purged_floors":[],"is_endless":false,"potions_floor_spawned":[1,7,14,18,24],"killed_by":"Hallownest:Glutton_and_Coward","ascension_level":0}}