{"host":"2fcuechlb8c23yrb","time":1613160321,"event":{"mods":["2.2 Compatiblity","AchievementEnabler","BaseMod","Bestiary","Better Match","Block Reminder","Colored Map","Colored Powertips","DeckTracker","Displayed Cursed Tome","GifTheSpireLib","Highlight Path","Minty Spire (QoL Compilation)","Quick Restart","Rare Cards Sparkle","Relic Sorter","Relic Stats","StSLib"],"gold_per_floor":[115,6,24,24,99,99,130,143,169,185,203,203,215,250,250,355,355,371,371,371,371,386,386,386,397,397,397,49,49,49,49,49,150,150,160,171,181,28,43,56,56,72,97,97,97,1,1,301,301,301,301],"floor_reached":50,"language":"ENG","playtime":3651,"items_purged":[],"score":525,"play_id":"37d55369-83e7-4edf-95a0-11f0a4c70bf9","local_time":"20210212150521","is_ascension_mode":false,"campfire_choices":[{"data":"Accuracy","floor":6.0,"key":"SMITH"},{"floor":15.0,"key":"REST"},{"data":"Outmaneuver","floor":23.0,"key":"SMITH"},{"floor":27.0,"key":"RECALL"},{"floor":29.0,"key":"REST"},{"data":"Blade Dance","floor":32.0,"key":"SMITH"},{"floor":49.0,"key":"REST"}],"circlet_count":0,"master_deck":["Strike_G","Strike_G","Strike_G","Strike_G","Strike_G","Defend_G","Defend_G","Defend_G","Defend_G","Defend_G+1","Survivor","Neutralize","Infinite Blades+1","Accuracy+1","Cloak And Dagger","Blade Dance+1","Eviscerate","Dagger Throw","Outmaneuver+1","Backstab","Night Terror+1","Cloak And Dagger+1","Accuracy+1","Backstab","Phantasmal Killer+1","Dodge and Roll+1"],"relics":["Ring of the Snake","NeowsBlessing","Bronze Scales","Toxic Egg 2","SacredBark","MutagenicStrength","Juzu Bracelet","Omamori","Nloth\u0027s Gift","Black Star","Regal Pillow","Vajra"],"acts_visited":["Exordium","TheCity","TheBeyond"],"potions_floor_usage":[50,50,50],"damage_taken":[{"damage":0.0,"enemies":"2 Louse","floor":1.0,"turns":1.0},{"damage":0.0,"enemies":"Jaw Worm","floor":3.0,"turns":1.0},{"damage":0.0,"enemies":"Lagavulin","floor":7.0,"turns":1.0},{"damage":0.0,"enemies":"Small Slimes","floor":8.0,"turns":2.0},{"damage":8.0,"enemies":"2 Fungi Beasts","floor":10.0,"turns":3.0},{"damage":1.0,"enemies":"Red Slaver","floor":11.0,"turns":3.0},{"damage":0.0,"enemies":"Large Slime","floor":13.0,"turns":5.0},{"damage":0.0,"enemies":"Gremlin Nob","floor":14.0,"turns":1.0},{"damage":42.0,"enemies":"The Guardian","floor":16.0,"turns":8.0},{"damage":8.0,"enemies":"Shell Parasite","floor":18.0,"turns":4.0},{"damage":9.0,"enemies":"3 Byrds","floor":22.0,"turns":3.0},{"damage":18.0,"enemies":"Snake Plant","floor":25.0,"turns":3.0},{"damage":67.0,"enemies":"Champ","floor":33.0,"turns":9.0},{"damage":39.0,"enemies":"3 Darklings","floor":35.0,"turns":5.0},{"damage":8.0,"enemies":"3 Shapes","floor":36.0,"turns":2.0},{"damage":2.0,"enemies":"Jaw Worm Horde","floor":37.0,"turns":3.0},{"damage":23.0,"enemies":"4 Shapes","floor":39.0,"turns":4.0},{"damage":7.0,"enemies":"Writhing Mass","floor":40.0,"turns":6.0},{"damage":23.0,"enemies":"3 Darklings","floor":42.0,"turns":4.0},{"damage":68,"enemies":"Time Eater","floor":50,"turns":6}],"seed_played":"-8247718913653515250","potions_obtained":[{"floor":1.0,"key":"Explosive Potion"},{"floor":7.0,"key":"Block Potion"},{"floor":11.0,"key":"CunningPotion"},{"floor":13.0,"key":"CunningPotion"},{"floor":18.0,"key":"BlessingOfTheForge"},{"floor":22.0,"key":"FairyPotion"},{"floor":25.0,"key":"PowerPotion"},{"floor":36.0,"key":"BlessingOfTheForge"},{"floor":39.0,"key":"ColorlessPotion"},{"floor":42.0,"key":"SkillPotion"}],"is_trial":false,"path_per_floor":["M","$","M","$","?","R","E","M","T","M","M","?","M","E","R","B",null,"M","?","?","?","M","R","?","M","T","R","$","R","$","?","R","B",null,"M","M","M","$","M","M","$","M","T","?","?","$","?","?","R","B"],"character_chosen":"THE_SILENT","items_purchased":["Accuracy","Cloak And Dagger","Juzu Bracelet","Omamori","BlessingOfTheForge","Regal Pillow","AttackPotion","Dexterity Potion"],"campfire_rested":3,"item_purchase_floors":[2,2,28,28,28,38,46,46],"current_hp_per_floor":[70,70,70,70,59,59,59,59,59,51,50,36,36,36,57,15,70,62,62,62,62,53,53,70,52,52,52,52,70,70,70,70,3,70,31,23,21,21,42,35,35,12,12,30,30,30,30,30,66,0,0],"gold":301,"neow_bonus":"THREE_ENEMY_KILL","is_daily":false,"chose_seed":false,"campfire_upgraded":3,"win_rate":0.0,"timestamp":1613160321,"path_taken":["M","$","M","$","?","R","E","M","T","M","M","?","M","E","R","BOSS","M","?","?","?","?","R","?","M","T","R","$","R","?","?","R","BOSS","M","M","M","$","M","M","?","M","T","?","?","?","?","?","R","BOSS"],"items_purchased_type":["Card","Card","Relic","Relic","Potion","Relic","Potion","Potion"],"build_version":"2020-12-22","purchased_purges":0,"victory":false,"max_hp_per_floor":[70,70,70,70,70,70,70,70,70,70,70,70,70,70,70,70,70,70,70,70,70,70,70,70,70,70,70,70,70,70,70,70,70,70,70,70,70,70,70,70,70,70,70,70,70,70,70,70,70,70,70],"relic_stats":{"Regal Pillow":15,"counters":[20,74],"Bronze Scales":[224],"Juzu Bracelet":1,"Nloth\u0027s Gift":0,"Black Star":0,"obtain_stats":[{"Regal Pillow":38,"NeowsBlessing":0,"SacredBark":17,"Vajra":43,"Juzu Bracelet":28,"Omamori":28,"Centennial Puzzle":7,"Bronze Scales":9,"MutagenicStrength":20,"Nloth\u0027s Gift":31,"Black Star":34,"Toxic Egg 2":14,"Ring of the Snake":0},{"Regal Pillow":16,"NeowsBlessing":0,"SacredBark":9,"Vajra":19,"Juzu Bracelet":12,"Omamori":12,"Centennial Puzzle":3,"Bronze Scales":4,"MutagenicStrength":10,"Nloth\u0027s Gift":12,"Black Star":13,"Toxic Egg 2":8,"Ring of the Snake":0},{"Regal Pillow":54,"NeowsBlessing":0,"SacredBark":25,"Vajra":68,"Juzu Bracelet":35,"Omamori":35,"Centennial Puzzle":3,"Bronze Scales":5,"MutagenicStrength":29,"Nloth\u0027s Gift":35,"Black Star":44,"Toxic Egg 2":17,"Ring of the Snake":0}],"Ring of the Snake":[40]},"card_choices":[{"not_picked":["Sucker Punch","Calculated Gamble"],"picked":"Infinite Blades","floor":1.0},{"not_picked":["Dagger Spray","All Out Attack"],"picked":"Blade Dance","floor":3.0},{"not_picked":["Doppelganger","Skewer"],"picked":"Eviscerate","floor":7.0},{"not_picked":["Masterful Stab","Poisoned Stab"],"picked":"Dagger Throw","floor":8.0},{"not_picked":["Dagger Spray","Deadly Poison"],"picked":"Outmaneuver","floor":10.0},{"not_picked":["Doppelganger","Caltrops","Deadly Poison"],"picked":"SKIP","floor":11.0},{"not_picked":["Escape Plan","Dodge and Roll"],"picked":"Backstab","floor":13.0},{"not_picked":["Eviscerate","Bane"],"picked":"Dash","floor":14.0},{"not_picked":["Unload","Malaise+1"],"picked":"Night Terror+1","floor":16.0},{"not_picked":["Predator+1","Crippling Poison+1"],"picked":"Cloak And Dagger+1","floor":18.0},{"not_picked":["Bane","Underhanded Strike+1"],"picked":"Backstab","floor":22.0},{"not_picked":["Acrobatics+1","Noxious Fumes","Envenom"],"picked":"SKIP","floor":25.0},{"not_picked":["Doppelganger+1","Corpse Explosion+1"],"picked":"Phantasmal Killer+1","floor":33.0},{"not_picked":["Flechettes+1","Leg Sweep+1","Underhanded Strike"],"picked":"SKIP","floor":35.0},{"not_picked":["Masterful Stab","Bane+1","Outmaneuver+1"],"picked":"SKIP","floor":36.0},{"not_picked":["Catalyst+1","Prepared+1"],"picked":"Dodge and Roll+1","floor":37.0},{"not_picked":["Cloak And Dagger+1","Choke+1","Prepared+1"],"picked":"SKIP","floor":39.0},{"not_picked":["Flechettes+1","Backstab+1","Endless Agony"],"picked":"SKIP","floor":40.0},{"not_picked":["Dodge and Roll+1","All Out Attack+1","Calculated Gamble+1"],"picked":"SKIP","floor":42.0}],"player_experience":87686,"relics_obtained":[{"floor":7.0,"key":"Centennial Puzzle"},{"floor":9.0,"key":"Bronze Scales"},{"floor":14.0,"key":"Toxic Egg 2"},{"floor":43.0,"key":"Vajra"}],"event_choices":[{"damage_healed":0.0,"max_hp_gain":0.0,"max_hp_loss":0.0,"gold_gain":75.0,"event_name":"World of Goop","player_choice":"Gather Gold","floor":5.0,"gold_loss":0.0,"damage_taken":11.0},{"damage_healed":0.0,"max_hp_gain":0.0,"max_hp_loss":0.0,"gold_gain":0.0,"event_name":"Shining Light","player_choice":"Entered Light","floor":12.0,"gold_loss":0.0,"damage_taken":14.0,"cards_upgraded":["Defend_G","Infinite Blades"]},{"damage_healed":0.0,"max_hp_gain":0.0,"max_hp_loss":0.0,"gold_gain":0.0,"event_name":"Vampires","player_choice":"Ignored","floor":19.0,"gold_loss":0.0,"damage_taken":0.0},{"damage_healed":0.0,"max_hp_gain":0.0,"max_hp_loss":0.0,"gold_gain":0.0,"event_name":"Drug Dealer","player_choice":"Inject Mutagens","floor":20.0,"gold_loss":0.0,"damage_taken":0.0,"relics_obtained":["MutagenicStrength"]},{"damage_healed":0.0,"max_hp_gain":0.0,"max_hp_loss":0.0,"gold_gain":0.0,"event_name":"Duplicator","player_choice":"Copied","floor":21.0,"gold_loss":0.0,"damage_taken":0.0,"cards_obtained":["Accuracy"]},{"damage_healed":23.0,"max_hp_gain":0.0,"max_hp_loss":0.0,"gold_gain":0.0,"event_name":"The Library","player_choice":"Heal","floor":24.0,"gold_loss":0.0,"damage_taken":0.0},{"damage_healed":0.0,"max_hp_gain":0.0,"max_hp_loss":0.0,"gold_gain":0.0,"event_name":"N\u0027loth","player_choice":"Traded Relic","floor":31.0,"relics_lost":["Centennial Puzzle"],"gold_loss":0.0,"damage_taken":0.0,"relics_obtained":["Nloth\u0027s Gift"]},{"damage_healed":18.0,"max_hp_gain":0.0,"max_hp_loss":0.0,"gold_gain":0.0,"event_name":"Winding Halls","player_choice":"Writhe","floor":44.0,"gold_loss":0.0,"damage_taken":0.0,"cards_obtained":["Writhe"]},{"damage_healed":0.0,"max_hp_gain":0.0,"max_hp_loss":0.0,"gold_gain":0.0,"event_name":"Mysterious Sphere","player_choice":"Ignored","floor":45.0,"gold_loss":0.0,"damage_taken":0.0},{"cards_removed":["Dash"],"damage_healed":0.0,"max_hp_gain":0.0,"max_hp_loss":0.0,"gold_gain":0.0,"event_name":"Falling","player_choice":"Removed Attack","floor":47.0,"gold_loss":0.0,"damage_taken":0.0},{"damage_healed":0.0,"max_hp_gain":0.0,"max_hp_loss":0.0,"gold_gain":300.0,"event_name":"Wheel of Change","player_choice":"Gold","floor":48.0,"gold_loss":0.0,"damage_taken":0.0}],"is_beta":false,"boss_relics":[{"not_picked":["Ring of the Serpent","SlaversCollar"],"picked":"SacredBark"},{"not_picked":["Snecko Eye","Empty Cage"],"picked":"Black Star"}],"items_purged_floors":[],"is_endless":false,"potions_floor_spawned":[1,7,11,13,18,22,25,36,39,42],"killed_by":"Time Eater","ascension_level":0}}