{"host":"z8k0b1oqxoiri7b9","time":1613140120,"event":{"mods":["AchievementEnabler","BaseMod","Downfall","Minty Spire (QoL Compilation)","StSLib"],"gold_per_floor":[99,116,566,666,676,676,702,702,702,469,469,189,189,222,234,331,331,331,343,158,169,169,169,169],"floor_reached":22,"language":"ENG","playtime":1158,"items_purged":["downfall:Icky","downfall:Icky","Reflex"],"score":180,"play_id":"9e4d44be-1090-4d70-b4af-94bbc564bb8c","local_time":"20210212222840","is_ascension_mode":false,"campfire_choices":[],"circlet_count":0,"master_deck":["sneckomod:Strike","sneckomod:Strike","sneckomod:Strike","sneckomod:Defend","sneckomod:Defend","sneckomod:Defend","sneckomod:TailWhip","sneckomod:SnekBite","Slimebound:Tackle","Noxious Fumes","sneckomod:SoulCleanse","Glass Knife","Apotheosis","sneckomod:SoulDraw","sneckomod:UnknownRareAttack","Prepared","sneckomod:Memorize","sneckomod:UnknownDraw","sneckomod:UnknownClassSLIMEBOUND"],"relics":["sneckomod:SneckoSoul","PreservedInsect","Ornamental Fan","ClockworkSouvenir","Toy Ornithopter","Philosopher\u0027s Stone"],"acts_visited":["Exordium","TheCity"],"potions_floor_usage":[14,16,16],"damage_taken":[{"damage":4,"enemies":"2 Louse","floor":2,"turns":2},{"damage":0,"enemies":"Small Slimes","floor":5,"turns":3},{"damage":3,"enemies":"downfall:FleeingMerchant","floor":10,"turns":4},{"damage":16,"enemies":"downfall:FleeingMerchant","floor":12,"turns":4},{"damage":23,"enemies":"3 Sentries","floor":14,"turns":4},{"damage":1,"enemies":"Cultist","floor":15,"turns":3},{"damage":42,"enemies":"DF_ARCHETYPE_STREAMLINE","floor":16,"turns":10},{"damage":14,"enemies":"Shell Parasite","floor":19,"turns":3},{"damage":20,"enemies":"downfall:FleeingMerchant","floor":20,"turns":4},{"damage":48,"enemies":"Centurion and Healer","floor":21,"turns":7},{"damage":19,"enemies":"3 Cultists","floor":22,"turns":2}],"seed_played":"-9169635484124971683","potions_obtained":[{"floor":5,"key":"SteroidPotion"},{"floor":14,"key":"SteroidPotion"},{"floor":15,"key":"DistilledChaos"},{"floor":21,"key":"FearPotion"}],"is_trial":false,"path_per_floor":["R","M","?","?","M","R","T","?","?","$","R","$","R","E","M","B",null,"R","M","$","M","M"],"character_chosen":"THE_SNECKO","items_purchased":["ClockworkSouvenir","Apotheosis","sneckomod:UnknownDraw"],"campfire_rested":0,"item_purchase_floors":[10,12,20],"current_hp_per_floor":[99,95,95,95,95,95,95,77,77,74,74,58,58,35,34,2,99,99,85,65,17,0,0,0],"gold":169,"neow_bonus":"TEN_PERCENT_HP_BONUS","is_daily":false,"chose_seed":false,"campfire_upgraded":0,"win_rate":0.0,"timestamp":1613140120,"path_taken":["R","M","?","?","?","R","T","?","?","?","R","$","R","E","M","BOSS","R","M","$","M","M"],"items_purchased_type":["Relic","Card","Card"],"build_version":"2020-12-22","purchased_purges":3,"victory":false,"max_hp_per_floor":[99,99,99,99,99,99,99,99,99,99,99,99,99,99,99,99,99,99,99,99,99,99,99,99],"card_choices":[{"not_picked":["sneckomod:CheapStock","sneckomod:QuickBite"],"picked":"sneckomod:Unknown1Cost","floor":2},{"not_picked":["sneckomod:WideSting","sneckomod:UnknownCommonAttack","sneckomod:UnknownStrike"],"picked":"SKIP","floor":5},{"not_picked":["sneckomod:Nope","sneckomod:SoulExchange"],"picked":"sneckomod:SoulCleanse","floor":10},{"not_picked":["sneckomod:IronFang","sneckomod:WideSting"],"picked":"sneckomod:UnknownDraw","floor":12},{"not_picked":["sneckomod:TrashToTreasure","sneckomod:SoulCleanse"],"picked":"sneckomod:UnknownDraw","floor":14},{"not_picked":["sneckomod:QuickBite","sneckomod:DiceCrush"],"picked":"sneckomod:SoulDraw","floor":15},{"not_picked":["sneckomod:UnlimitedRolls","sneckomod:Restock"],"picked":"sneckomod:UnknownRareAttack","floor":16},{"not_picked":["sneckomod:CheapStock","sneckomod:IronFang"],"picked":"sneckomod:Memorize","floor":19},{"not_picked":["sneckomod:SnekBeam+1","sneckomod:PureSnecko+1","sneckomod:MasterEye"],"picked":"SKIP","floor":20},{"not_picked":["sneckomod:UnknownExhaust+1","sneckomod:UnknownClassGREEN"],"picked":"sneckomod:UnknownClassSLIMEBOUND","floor":21}],"player_experience":189203,"relics_obtained":[{"floor":7,"key":"PreservedInsect"},{"floor":14,"key":"Toy Ornithopter"}],"event_choices":[{"damage_healed":0,"gold_gain":0,"player_choice":"Success","damage_taken":18,"relics_obtained":["Ornamental Fan"],"max_hp_gain":0,"max_hp_loss":0,"event_name":"Scrap Ooze","floor":8,"gold_loss":0},{"cards_removed":["downfall:Icky"],"damage_healed":0,"gold_gain":0,"player_choice":"Forget","damage_taken":0,"max_hp_gain":0,"max_hp_loss":0,"event_name":"Living Wall","floor":9,"gold_loss":0}],"is_beta":false,"boss_relics":[{"not_picked":["Black Star","Velvet Choker"],"picked":"Philosopher\u0027s Stone"}],"items_purged_floors":[10,12,20],"is_endless":false,"potions_floor_spawned":[5,14,15,21],"killed_by":"3 Cultists","ascension_level":0}}