{"host":"o1zz25k9c3caz5ms","time":1613170696,"event":{"mods":["BaseMod","BetterRewards","Card Forge","Gold Saver","Minty Spire (QoL Compilation)","Quick Restart","Remove Card Discount Mod","Shop Mod","StSLib"],"gold_per_floor":[1249,1273,1138,1313,1324,1359,1370,1403,1429,1429,1454,1454,1100,1175,1175,1276,1276,1286,832,832,847,847,872,528,538,609,524,558,570,605,625,625,724,724,741,741,756,756,357,386,386,415,415,443,453,453,478,505,505,505],"floor_reached":51,"language":"ENG","playtime":2779,"items_purged":["Doubt"],"score":1432,"play_id":"17fcbe32-c412-4035-922d-618e96a3e60c","local_time":"20210212235816","is_ascension_mode":true,"campfire_choices":[{"data":"Poisoned Stab","floor":10,"key":"SMITH"},{"data":"Backstab","floor":12,"key":"SMITH"},{"floor":15,"key":"REST"},{"floor":32,"key":"REST"},{"floor":41,"key":"REST"},{"floor":46,"key":"REST"},{"floor":49,"key":"REST"}],"circlet_count":0,"master_deck":["Defend_G+1","Survivor+1","Neutralize+1","Bane+1","Bouncing Flask+1","Bullet Time+1","Catalyst+1","Crippling Poison+1","Deadly Poison+1","Envenom+1","Glass Knife+1","Noxious Fumes+1","Poisoned Stab+1","Terror+1","Slice+1","Quick Slash+1","Neutralize+1","Distraction+1","Dodge and Roll+1","Die Die Die+1","Deflect+1","Dagger Spray+1","Dagger Throw+1","Cloak And Dagger+1","Backstab+1","Backflip+1","Adrenaline+1","After Image+1","Adrenaline+1","Bane+1","Backstab+1","Backflip+1","Bouncing Flask+1","Bullet Time+1","Burst+1","Blade Dance+1","Catalyst+1","Cloak And Dagger+1","Corpse Explosion+1","Crippling Poison+1","Dagger Spray+1","Dagger Throw+1","Die Die Die+1","Deflect+1","Deadly Poison+1","Distraction+1","Dodge and Roll+1","Envenom+1","Finisher+1","Glass Knife+1","Flying Knee+1","Neutralize+1","Noxious Fumes+1","Quick Slash+1","Prepared+1","Poisoned Stab+1","Slice+1","Bane+1","Bane+1","Poisoned Stab+1","Bouncing Flask+1","Backstab+1","Glass Knife+1","Catalyst+1","Envenom+1","Envenom+1","Catalyst+1","Backstab+1","Crippling Poison+1"],"relics":["Ring of the Snake","Hammer of Thor","Seething Fire","Anvil of the Gods","MawBank","Torii","Whetstone","Smiling Mask","Centennial Puzzle","Lizard Tail","Busted Crown","Ice Cream","Bronze Scales","Mummified Hand","Tiny Chest","TwistedFunnel","Singing Bowl","MealTicket","Juzu Bracelet","Nunchaku","Gremlin Horn","PreservedInsect","Bag of Preparation","Toy Ornithopter","Meat on the Bone","TungstenRod","Snake Skull","Pen Nib"],"acts_visited":["Exordium","TheCity","TheBeyond"],"potions_floor_usage":[11,11,16,16,35,42,50,50,50],"damage_taken":[{"damage":0,"enemies":"Cultist","floor":1,"turns":1},{"damage":0,"enemies":"2 Louse","floor":2,"turns":1},{"damage":0,"enemies":"Jaw Worm","floor":5,"turns":1},{"damage":0,"enemies":"Gremlin Nob","floor":6,"turns":3},{"damage":0,"enemies":"2 Fungi Beasts","floor":7,"turns":1},{"damage":0,"enemies":"3 Sentries","floor":8,"turns":2},{"damage":0,"enemies":"Lagavulin","floor":11,"turns":2},{"damage":1,"enemies":"Hexaghost","floor":16,"turns":4},{"damage":0,"enemies":"Shell Parasite","floor":18,"turns":1},{"damage":1,"enemies":"2 Thieves","floor":21,"turns":2},{"damage":9,"enemies":"Book of Stabbing","floor":23,"turns":3},{"damage":0,"enemies":"Snecko","floor":25,"turns":2},{"damage":1,"enemies":"Slavers","floor":28,"turns":2},{"damage":17,"enemies":"Snake Plant","floor":29,"turns":2},{"damage":2,"enemies":"Book of Stabbing","floor":30,"turns":3},{"damage":7,"enemies":"Cultist and Chosen","floor":31,"turns":2},{"damage":10,"enemies":"Automaton","floor":33,"turns":5},{"damage":10,"enemies":"3 Darklings","floor":35,"turns":2},{"damage":0,"enemies":"Orb Walker","floor":37,"turns":1},{"damage":36,"enemies":"Nemesis","floor":40,"turns":3},{"damage":0,"enemies":"Giant Head","floor":42,"turns":3},{"damage":0,"enemies":"Reptomancer","floor":44,"turns":1},{"damage":0,"enemies":"Jaw Worm Horde","floor":45,"turns":2},{"damage":0,"enemies":"Nemesis","floor":48,"turns":3},{"damage":8,"enemies":"Donu and Deca","floor":50,"turns":5}],"seed_played":"-313507583978002751","potions_obtained":[{"floor":5,"key":"FearPotion"},{"floor":8,"key":"PowerPotion"},{"floor":16,"key":"Strength Potion"},{"floor":21,"key":"Energy Potion"},{"floor":28,"key":"CunningPotion"},{"floor":37,"key":"SteroidPotion"},{"floor":44,"key":"Block Potion"}],"is_trial":false,"path_per_floor":["M","M","$","?","M","E","M","E","T","R","E","R","$","?","R","B",null,"M","$","?","M","?","E","$","M","T","?","E","M","E","M","R","B",null,"M","?","M","?","$","E","R","E","T","E","M","R","T","E","R","B",null],"character_chosen":"THE_SILENT","items_purchased":["SkillPotion","FearPotion","Bane","Lizard Tail","SkillPotion","Ice Cream","Bronze Scales","Catalyst","Tiny Chest","TwistedFunnel","Gremlin Horn","PreservedInsect"],"campfire_rested":5,"item_purchase_floors":[3,3,3,13,13,19,19,24,24,24,39,39],"current_hp_per_floor":[70,70,70,70,70,70,70,70,70,70,70,70,70,59,70,69,70,70,70,70,69,70,61,61,61,61,61,60,45,45,40,62,54,78,68,68,70,66,81,45,70,72,72,74,76,92,92,94,94,86],"gold":505,"neow_bonus":"RANDOM_COMMON_RELIC","is_daily":false,"chose_seed":false,"campfire_upgraded":2,"win_rate":0.0,"timestamp":1613170696,"path_taken":["M","M","$","?","M","E","M","E","T","R","E","R","$","?","R","BOSS","M","$","?","M","?","E","$","M","T","?","E","M","E","M","R","BOSS","M","?","M","?","$","E","R","E","T","E","M","R","?","E","R","BOSS"],"items_purchased_type":["Potion","Potion","Card","Relic","Potion","Relic","Relic","Card","Relic","Relic","Relic","Relic"],"build_version":"2020-12-22","purchased_purges":1,"victory":true,"max_hp_per_floor":[70,70,70,70,70,70,70,70,70,70,70,70,70,70,70,70,70,70,70,70,70,70,70,70,70,70,70,70,72,74,76,76,78,78,78,78,80,86,86,86,86,88,88,90,92,92,92,94,94,94],"card_choices":[{"not_picked":["Sucker Punch","Deflect","Distraction"],"picked":"SKIP","floor":1},{"not_picked":["Prepared","Deadly Poison"],"picked":"Bane","floor":2},{"not_picked":["Flechettes","Dodge and Roll","Sucker Punch"],"picked":"SKIP","floor":5},{"not_picked":["Underhanded Strike","Infinite Blades","Quick Slash"],"picked":"SKIP","floor":6},{"not_picked":["Tactician","Choke"],"picked":"Poisoned Stab","floor":7},{"not_picked":["Dodge and Roll","Blade Dance"],"picked":"Bouncing Flask","floor":8},{"not_picked":["Setup","Dagger Throw"],"picked":"Backstab","floor":11},{"not_picked":["Envenom","Storm of Steel"],"picked":"Glass Knife","floor":16},{"not_picked":["PiercingWail"],"picked":"SKIP","floor":18},{"not_picked":["Endless Agony+1"],"picked":"SKIP","floor":21},{"not_picked":["Leg Sweep"],"picked":"SKIP","floor":23},{"not_picked":["Dodge and Roll"],"picked":"SKIP","floor":25},{"not_picked":[],"picked":"Catalyst+1","floor":28},{"not_picked":["Sucker Punch+1"],"picked":"Singing Bowl","floor":29},{"not_picked":["Underhanded Strike"],"picked":"Singing Bowl","floor":30},{"not_picked":["Backflip"],"picked":"Singing Bowl","floor":31},{"not_picked":["Burst"],"picked":"Singing Bowl","floor":33},{"not_picked":[],"picked":"Backstab+1","floor":35},{"not_picked":["Prepared+1"],"picked":"Singing Bowl","floor":37},{"not_picked":["Dramatic Entrance"],"picked":"Singing Bowl","floor":38},{"not_picked":["Flash of Steel"],"picked":"Singing Bowl","floor":38},{"not_picked":["Dark Shackles"],"picked":"Singing Bowl","floor":38},{"not_picked":[],"picked":"Crippling Poison+1","floor":40},{"not_picked":["Prepared+1"],"picked":"Singing Bowl","floor":42},{"not_picked":["Acrobatics"],"picked":"Singing Bowl","floor":44},{"not_picked":["Well Laid Plans+1"],"picked":"Singing Bowl","floor":45},{"not_picked":["PiercingWail"],"picked":"Singing Bowl","floor":48}],"player_experience":337983,"relics_obtained":[{"floor":6,"key":"Torii"},{"floor":8,"key":"Whetstone"},{"floor":9,"key":"Smiling Mask"},{"floor":11,"key":"Centennial Puzzle"},{"floor":23,"key":"Mummified Hand"},{"floor":26,"key":"Singing Bowl"},{"floor":28,"key":"Juzu Bracelet"},{"floor":30,"key":"Nunchaku"},{"floor":40,"key":"Bag of Preparation"},{"floor":42,"key":"Toy Ornithopter"},{"floor":43,"key":"Meat on the Bone"},{"floor":44,"key":"TungstenRod"},{"floor":47,"key":"Snake Skull"},{"floor":48,"key":"Pen Nib"}],"event_choices":[{"damage_healed":0,"gold_gain":175,"player_choice":"AGREE","damage_taken":0,"max_hp_gain":0,"max_hp_loss":0,"event_name":"Liars Game","floor":4,"gold_loss":0,"cards_obtained":["Doubt"]},{"damage_healed":0,"gold_gain":75,"player_choice":"Gather Gold","damage_taken":11,"max_hp_gain":0,"max_hp_loss":0,"event_name":"World of Goop","floor":14,"gold_loss":0},{"damage_healed":0,"gold_gain":0,"player_choice":"Simplicity","damage_taken":0,"max_hp_gain":0,"max_hp_loss":0,"event_name":"Back to Basics","floor":20,"gold_loss":0,"cards_upgraded":[]},{"damage_healed":23,"gold_gain":0,"player_choice":"Heal","damage_taken":0,"max_hp_gain":0,"max_hp_loss":0,"event_name":"The Library","floor":22,"gold_loss":0},{"damage_healed":0,"gold_gain":0,"player_choice":"Obtained Relic","damage_taken":0,"relics_obtained":["MealTicket"],"max_hp_gain":0,"max_hp_loss":0,"event_name":"Addict","floor":27,"gold_loss":85},{"damage_healed":0,"gold_gain":0,"player_choice":"Ignored","damage_taken":0,"max_hp_gain":0,"max_hp_loss":0,"event_name":"Tomb of Lord Red Mask","floor":36,"gold_loss":0},{"damage_healed":0,"gold_gain":0,"player_choice":"Memory 3","damage_taken":10,"max_hp_gain":0,"max_hp_loss":0,"event_name":"SensoryStone","floor":38,"gold_loss":0}],"is_beta":false,"boss_relics":[{"not_picked":["Tiny House","Runic Pyramid"],"picked":"Busted Crown"},{"not_picked":["Velvet Choker","Astrolabe","Coffee Dripper"]}],"items_purged_floors":[13],"is_endless":false,"potions_floor_spawned":[5,6,8,16,21,28,29,33,37,44,48],"ascension_level":4}}