{"host":"5hsgormuu0lj4iiq","time":1613089711,"event":{"mods":["AchievementEnabler","BaseMod","Colored Map","Colored Powertips","Minty Spire (QoL Compilation)","Quick Restart","Relic Stats","SuperFastMode","everything is the same but u backflip on backflip","slay the spire mod where everything is the same but ironclad has a cowboy hat"],"gold_per_floor":[118,84,96,15,15,15,45,45,69,87,104,104,168,178,178,178,178],"floor_reached":16,"language":"ENG","playtime":336,"items_purged":[],"score":200,"play_id":"5efaf6b4-0dc7-4ab4-b0db-4694e8c82036","local_time":"20210211192831","is_ascension_mode":true,"campfire_choices":[{"data":"Ball Lightning","floor":6,"key":"SMITH"},{"data":"Defragment","floor":12,"key":"SMITH"},{"data":"Self Repair","floor":15,"key":"SMITH"}],"circlet_count":0,"master_deck":["AscendersBane","Strike_B","Strike_B","Strike_B","Strike_B","Defend_B","Defend_B","Defend_B","Defend_B","Zap","Dualcast","Chill","Rip and Tear","Ball Lightning+1","Self Repair+1","Defragment+1","Biased Cognition","Leap"],"relics":["Cracked Core","NeowsBlessing","Symbiotic Virus","CultistMask","PreservedInsect","Bag of Marbles"],"acts_visited":["Exordium"],"potions_floor_usage":[16,16],"damage_taken":[{"damage":0,"enemies":"Cultist","floor":1,"turns":1},{"damage":0,"enemies":"Small Slimes","floor":3,"turns":1},{"damage":0,"enemies":"3 Sentries","floor":7,"turns":1},{"damage":0,"enemies":"Jaw Worm","floor":10,"turns":2},{"damage":0,"enemies":"Exordium Thugs","floor":11,"turns":4},{"damage":11,"enemies":"3 Sentries","floor":13,"turns":4},{"damage":29,"enemies":"Lots of Slimes","floor":14,"turns":3},{"damage":53,"enemies":"The Guardian","floor":16,"turns":15}],"seed_played":"6078241979931219137","potions_obtained":[{"floor":3,"key":"Weak Potion"},{"floor":11,"key":"Swift Potion"}],"is_trial":false,"path_per_floor":["M","$","M","$","?","R","E","?","T","M","M","R","?","M","R","B"],"character_chosen":"DEFECT","items_purchased":["Rip and Tear","Self Repair"],"campfire_rested":0,"item_purchase_floors":[2,4],"current_hp_per_floor":[68,68,68,68,73,73,73,73,73,73,80,80,76,47,47,0,0],"gold":178,"neow_bonus":"THREE_ENEMY_KILL","is_daily":false,"chose_seed":false,"campfire_upgraded":3,"win_rate":0.0,"timestamp":1613089711,"path_taken":["M","$","M","$","?","R","E","?","T","M","?","R","?","M","R","BOSS"],"items_purchased_type":["Card","Card"],"build_version":"2020-12-22","purchased_purges":0,"victory":false,"max_hp_per_floor":[75,75,75,75,80,80,80,80,80,80,80,80,80,80,80,80,80],"relic_stats":{"counters":[8,31],"PreservedInsect":33,"obtain_stats":[{"NeowsBlessing":0,"CultistMask":8,"PreservedInsect":9,"Bag of Marbles":13,"Cracked Core":0,"Symbiotic Virus":7},{"NeowsBlessing":0,"CultistMask":3,"PreservedInsect":3,"Bag of Marbles":6,"Cracked Core":0,"Symbiotic Virus":3},{"NeowsBlessing":0,"CultistMask":3,"PreservedInsect":3,"Bag of Marbles":13,"Cracked Core":0,"Symbiotic Virus":3}]},"card_choices":[{"not_picked":["Sweeping Beam","BootSequence"],"picked":"Chill","floor":1},{"not_picked":["Turbo","Gash"],"picked":"Ball Lightning","floor":3},{"not_picked":["Barrage","Streamline","Hello World"],"picked":"SKIP","floor":7},{"not_picked":["Hologram","Ball Lightning"],"picked":"Defragment","floor":10},{"not_picked":["Barrage","Coolheaded"],"picked":"Biased Cognition","floor":11},{"not_picked":["Steam","Reprogram"],"picked":"Leap","floor":14}],"player_experience":728316,"relics_obtained":[{"floor":7,"key":"Symbiotic Virus"},{"floor":9,"key":"PreservedInsect"},{"floor":13,"key":"Bag of Marbles"}],"event_choices":[{"damage_healed":0,"gold_gain":0,"player_choice":"Donut","damage_taken":0,"max_hp_gain":5,"max_hp_loss":0,"event_name":"Big Fish","floor":5,"gold_loss":0},{"damage_healed":0,"gold_gain":0,"player_choice":"Trade","damage_taken":0,"relics_obtained":["CultistMask"],"max_hp_gain":0,"max_hp_loss":0,"event_name":"FaceTrader","floor":8,"gold_loss":0},{"damage_healed":0,"gold_gain":0,"player_choice":"Searched \u00272\u0027 times","damage_taken":0,"max_hp_gain":0,"max_hp_loss":0,"event_name":"Dead Adventurer","floor":13,"gold_loss":0}],"is_beta":false,"boss_relics":[],"items_purged_floors":[],"is_endless":false,"potions_floor_spawned":[3,11],"killed_by":"The Guardian","ascension_level":12}}