{"host":"04hh9gplt9wkfmr1","time":1613152753,"event":{"mods":["AchievementEnabler","BaseMod","Colored Map","KOR Keyword Fix","Minty Spire (QoL Compilation)","Rare Cards Sparkle","SuperFastMode"],"gold_per_floor":[114,114,131,149,159,185,185,216,240,258,258,101,51,85,85,185,185,197,296,71,71,91,91,125,141,191,206,206,224,238,269,269,364,364,381,395,395,445,445,477,477,324,347,4,17,50,0,20,20,20],"floor_reached":51,"language":"KOR","playtime":2391,"items_purged":["Strike_P"],"score":892,"play_id":"dbfa27b6-730c-4342-a1b1-193e0357c8b1","local_time":"20210213025913","is_ascension_mode":true,"campfire_choices":[{"data":"Eruption","floor":7.0,"key":"SMITH"},{"floor":11.0,"key":"REST"},{"floor":15.0,"key":"REST"},{"data":"Fasting2","floor":23.0,"key":"SMITH"},{"floor":28.0,"key":"REST"},{"floor":32.0,"key":"REST"},{"floor":41.0,"key":"REST"},{"floor":49,"key":"REST"}],"circlet_count":0,"master_deck":["Strike_P","Strike_P+1","Defend_P+1","Defend_P","Defend_P","Eruption+1","Vigilance+1","Adaptation","ClearTheMind","Indignation","Tantrum+1","Judgement","DeusExMachina","FearNoEvil","Fasting2+1","Tantrum","ClearTheMind","Halt+1","InnerPeace","DevaForm","Tantrum+1","Madness","Finesse","Magnetism","FearNoEvil","LikeWater","Sanctity","Halt","Crescendo"],"relics":["HolyWater","Unceasing Top","War Paint","Centennial Puzzle","Blood Vial","Omamori","Art of War","Regal Pillow","Whetstone","Pen Nib","Ancient Tea Set","Fusion Hammer","Turnip","Nunchaku","MealTicket","Potion Belt","Sundial","Vajra"],"acts_visited":["Exordium","TheCity","TheBeyond"],"potions_floor_usage":[48,50,50],"damage_taken":[{"damage":1.0,"enemies":"Cultist","floor":1.0,"turns":3.0},{"damage":2.0,"enemies":"Jaw Worm","floor":3.0,"turns":4.0},{"damage":0.0,"enemies":"2 Louse","floor":4.0,"turns":4.0},{"damage":2.0,"enemies":"2 Fungi Beasts","floor":5.0,"turns":4.0},{"damage":0.0,"enemies":"Lagavulin","floor":6.0,"turns":4.0},{"damage":28.0,"enemies":"Gremlin Nob","floor":8.0,"turns":4.0},{"damage":0.0,"enemies":"Blue Slaver","floor":10.0,"turns":2.0},{"damage":39.0,"enemies":"3 Sentries","floor":14.0,"turns":6.0},{"damage":20.0,"enemies":"The Guardian","floor":16.0,"turns":9.0},{"damage":22.0,"enemies":"Shell Parasite","floor":18.0,"turns":4.0},{"damage":9.0,"enemies":"2 Thieves","floor":22.0,"turns":2.0},{"damage":15.0,"enemies":"Gremlin Leader","floor":24.0,"turns":5.0},{"damage":15.0,"enemies":"Shelled Parasite and Fungi","floor":25.0,"turns":2.0},{"damage":0.0,"enemies":"Snecko","floor":27.0,"turns":2.0},{"damage":7.0,"enemies":"3 Cultists","floor":29.0,"turns":4.0},{"damage":0.0,"enemies":"Shelled Parasite and Fungi","floor":30.0,"turns":1.0},{"damage":25.0,"enemies":"Book of Stabbing","floor":31.0,"turns":4.0},{"damage":24.0,"enemies":"Champ","floor":33.0,"turns":5.0},{"damage":4.0,"enemies":"Orb Walker","floor":35.0,"turns":2.0},{"damage":20.0,"enemies":"3 Shapes","floor":36.0,"turns":5.0},{"damage":0.0,"enemies":"Mind Bloom Boss Battle","floor":38.0,"turns":3.0},{"damage":34.0,"enemies":"Nemesis","floor":40.0,"turns":5.0},{"damage":28.0,"enemies":"Sphere and 2 Shapes","floor":45.0,"turns":5.0},{"damage":0,"enemies":"Giant Head","floor":46,"turns":6},{"damage":2,"enemies":"Transient","floor":48,"turns":5},{"damage":32,"enemies":"Awakened One","floor":50,"turns":6}],"seed_played":"7560015109960976188","potions_obtained":[{"floor":3.0,"key":"FearPotion"},{"floor":5.0,"key":"Strength Potion"},{"floor":6.0,"key":"Swift Potion"},{"floor":10.0,"key":"Regen Potion"},{"floor":25.0,"key":"Block Potion"},{"floor":29.0,"key":"Swift Potion"},{"floor":33.0,"key":"BlessingOfTheForge"},{"floor":35.0,"key":"BottledMiracle"},{"floor":36.0,"key":"Dexterity Potion"},{"floor":45.0,"key":"Swift Potion"},{"floor":48,"key":"ColorlessPotion"}],"is_trial":false,"path_per_floor":["M","?","M","M","M","E","R","E","T","M","R","$","?","E","R","B",null,"M","?","$","?","M","R","E","M","T","M","R","M","M","E","R","B",null,"M","M","?","?","?","E","R","$","T","$","M","E","?","M","R","B",null],"character_chosen":"WATCHER","items_purchased":["Omamori","Fasting2","Regal Pillow","FearNoEvil","LikeWater","Potion Belt","Sanctity","Halt"],"campfire_rested":6,"item_purchase_floors":[12,20,20,42,44,44,44,44],"current_hp_per_floor":[50,50,48,48,46,46,46,18,18,20,41,41,41,19,40,22,72,50,50,50,37,30,30,17,4,4,6,44,39,41,18,56,34,77,73,55,55,57,47,15,53,53,53,68,42,44,44,44,77,45],"gold":20,"neow_bonus":"ONE_RARE_RELIC","is_daily":false,"chose_seed":false,"campfire_upgraded":2,"win_rate":0.0,"timestamp":1613152753,"path_taken":["M","?","?","M","M","E","R","E","T","M","R","$","?","E","R","BOSS","M","?","$","?","M","R","E","M","T","M","R","M","M","E","R","BOSS","M","M","?","?","?","E","R","$","T","$","?","E","?","M","R","BOSS"],"items_purchased_type":["Relic","Card","Relic","Card","Card","Relic","Card","Card"],"build_version":"2020-12-22","purchased_purges":1,"victory":true,"max_hp_per_floor":[72,72,72,72,72,72,72,72,72,72,72,72,72,72,72,72,72,72,72,72,77,77,77,77,77,77,77,77,77,77,77,77,77,77,77,77,77,77,77,77,77,77,77,77,77,77,77,77,77,77],"card_choices":[{"not_picked":["Consecrate","EmptyFist"],"picked":"Adaptation","floor":1.0},{"not_picked":["Worship","ThirdEye","SashWhip"],"picked":"SKIP","floor":3.0},{"not_picked":["CrushJoints","SashWhip","Protect"],"picked":"SKIP","floor":4.0},{"not_picked":["Wireheading","FollowUp","CrushJoints"],"picked":"SKIP","floor":5.0},{"not_picked":["Swivel","Consecrate"],"picked":"ClearTheMind","floor":6.0},{"not_picked":["WaveOfTheHand","ThirdEye"],"picked":"Indignation","floor":8.0},{"not_picked":["FollowUp","Omniscience"],"picked":"Tantrum","floor":10.0},{"not_picked":["DeceiveReality","EmptyFist"],"picked":"Judgement","floor":14.0},{"not_picked":["Judgement","Devotion"],"picked":"DeusExMachina","floor":16.0},{"not_picked":["Consecrate","Protect"],"picked":"FearNoEvil","floor":18.0},{"not_picked":["FlyingSleeves","Wallop","Wireheading"],"picked":"SKIP","floor":22.0},{"not_picked":["WheelKick","EmptyFist"],"picked":"Tantrum","floor":24.0},{"not_picked":["Prostrate","BowlingBash+1"],"picked":"ClearTheMind","floor":25.0},{"not_picked":["ReachHeaven","CrushJoints","EmptyFist"],"picked":"SKIP","floor":27.0},{"not_picked":["Perseverance","SandsOfTime","JustLucky"],"picked":"SKIP","floor":29.0},{"not_picked":["Conclude+1","BowlingBash+1"],"picked":"Halt+1","floor":30.0},{"not_picked":["PathToVictory+1","SpiritShield"],"picked":"InnerPeace","floor":31.0},{"not_picked":["ConjureBlade","Devotion"],"picked":"DevaForm","floor":33.0},{"not_picked":["Evaluate+1","CarveReality+1","SashWhip"],"picked":"SKIP","floor":35.0},{"not_picked":["Consecrate","EmptyFist+1"],"picked":"Tantrum+1","floor":36.0},{"not_picked":["Swift Strike","The Bomb"],"picked":"Madness","floor":39.0},{"not_picked":["Mind Blast","Swift Strike"],"picked":"Finesse","floor":39.0},{"not_picked":["Jack Of All Trades","Finesse"],"picked":"Magnetism","floor":39.0},{"not_picked":["Protect","Swivel+1","JustLucky"],"picked":"SKIP","floor":40.0},{"not_picked":["Tantrum","EmptyFist+1","Protect+1"],"picked":"SKIP","floor":45.0},{"not_picked":["Consecrate+1","WindmillStrike+1","Omniscience"],"picked":"SKIP","floor":46},{"not_picked":["Protect","Consecrate+1"],"picked":"Crescendo","floor":48}],"player_experience":151300,"relics_obtained":[{"floor":6.0,"key":"War Paint"},{"floor":8.0,"key":"Centennial Puzzle"},{"floor":9.0,"key":"Blood Vial"},{"floor":14.0,"key":"Art of War"},{"floor":24.0,"key":"Whetstone"},{"floor":26.0,"key":"Pen Nib"},{"floor":31.0,"key":"Ancient Tea Set"},{"floor":38.0,"key":"Turnip"},{"floor":40.0,"key":"Nunchaku"},{"floor":43.0,"key":"MealTicket"},{"floor":46,"key":"Sundial"}],"event_choices":[{"cards_removed":["Defend_P"],"damage_healed":0.0,"max_hp_gain":0.0,"max_hp_loss":0.0,"gold_gain":0.0,"event_name":"Bonfire Elementals","player_choice":"Offered Basic","floor":2.0,"gold_loss":0.0,"damage_taken":0.0},{"cards_removed":["Strike_P"],"damage_healed":0.0,"max_hp_gain":0.0,"max_hp_loss":0.0,"gold_gain":0.0,"event_name":"The Cleric","player_choice":"Card Removal","floor":13.0,"gold_loss":50.0,"damage_taken":0.0},{"damage_healed":0.0,"max_hp_gain":0.0,"max_hp_loss":0.0,"gold_gain":99.0,"event_name":"Nest","player_choice":"Stole From Cult","floor":19.0,"gold_loss":0.0,"damage_taken":0.0},{"damage_healed":0.0,"max_hp_gain":5.0,"max_hp_loss":0.0,"gold_gain":0.0,"event_name":"Forgotten Altar","player_choice":"Shed Blood","floor":21.0,"gold_loss":0.0,"damage_taken":18.0},{"damage_healed":0.0,"max_hp_gain":0.0,"max_hp_loss":0.0,"gold_gain":0.0,"event_name":"Mysterious Sphere","player_choice":"Ignored","floor":37.0,"gold_loss":0.0,"damage_taken":0.0},{"damage_healed":0.0,"max_hp_gain":0.0,"max_hp_loss":0.0,"gold_gain":0.0,"event_name":"MindBloom","player_choice":"Fight","floor":38.0,"gold_loss":0.0,"damage_taken":0.0},{"damage_healed":0.0,"max_hp_gain":0.0,"max_hp_loss":0.0,"gold_gain":0.0,"event_name":"SensoryStone","player_choice":"Memory 3","floor":39.0,"gold_loss":0.0,"damage_taken":10.0},{"damage_healed":0,"gold_gain":0,"player_choice":"Paid Gold","damage_taken":0,"relics_obtained":["Vajra"],"max_hp_gain":0,"max_hp_loss":0,"event_name":"WeMeetAgain","floor":47,"gold_loss":50}],"is_beta":false,"boss_relics":[{"not_picked":["SacredBark","Philosopher\u0027s Stone"],"picked":"HolyWater"},{"not_picked":["Pandora\u0027s Box","Calling Bell"],"picked":"Fusion Hammer"}],"items_purged_floors":[42],"is_endless":false,"potions_floor_spawned":[3,5,6,10,25,29,33,35,36,45,48],"ascension_level":2}}