{"host":"x5w9zppki4gdwvc7","time":1613129621,"event":{"mods":["AchievementEnabler","BaseMod","Colored Powertips","DeckTracker","Minty Spire (QoL Compilation)","SuperFastMode"],"gold_per_floor":[115,133,133,233,250,250,277,320,332,356,368,415,407,432,444,561,573,602,614,626,638,666,678,690,730,769,781,793,189,189,215,215,310,310,326,5,55,71,71,71,97,123,123,123,123,0,29,29,29,29,29],"floor_reached":50,"language":"ENG","playtime":2128,"items_purged":["Headbutt+1"],"score":803,"play_id":"9c8fbcee-77d7-47c2-ad6c-8a5a1f7ce1e1","local_time":"20210212123341","daily_mods":["Colorless Cards","Heirloom","Time Dilation","Flight"],"is_ascension_mode":false,"campfire_choices":[{"data":"Twin Strike","floor":6,"key":"SMITH"},{"data":"Perfected Strike","floor":11,"key":"SMITH"},{"data":"Perfected Strike","floor":15,"key":"SMITH"},{"data":"Ghostly","floor":23,"key":"SMITH"},{"data":"Ghostly","floor":24,"key":"SMITH"},{"data":"Ghostly","floor":27,"key":"SMITH"},{"data":"Ghostly","floor":30,"key":"SMITH"},{"data":"Perfected Strike","floor":32,"key":"SMITH"},{"data":"Barricade","floor":40,"key":"SMITH"},{"data":"Whirlwind","floor":44,"key":"SMITH"},{"data":"Shrug It Off","floor":45,"key":"SMITH"},{"data":"Disarm","floor":49,"key":"SMITH"}],"circlet_count":0,"master_deck":["Strike_R+1","Strike_R+1","Strike_R","Strike_R","Defend_R+1","Defend_R","Bash","Twin Strike+1","Perfected Strike+1","Pommel Strike","Perfected Strike+1","Shrug It Off+1","Barricade+1","Disarm+1","Whirlwind+1","Disarm+1","Ghostly","Ghostly+1","Ghostly+1","Ghostly+1","Ghostly+1","Perfected Strike+1","Dropkick+1","Rage+1","Body Slam+1","Trip+1","Shrug It Off+1"],"relics":["Black Blood","Prayer Wheel","MawBank","Singing Bowl","Nunchaku","Pear","Nilry\u0027s Codex","Pen Nib","Lantern","War Paint","Eternal Feather","Lee\u0027s Waffle","Sundial","Astrolabe","StrikeDummy","StoneCalendar","Letter Opener","Anchor","Shovel","Red Mask","Turnip"],"acts_visited":["Exordium","TheCity","TheBeyond"],"potions_floor_usage":[7,8,16,33,41,47,50,50],"damage_taken":[{"damage":10,"enemies":"Cultist","floor":1,"turns":4},{"damage":11,"enemies":"Jaw Worm","floor":2,"turns":4},{"damage":5,"enemies":"Small Slimes","floor":5,"turns":3},{"damage":13,"enemies":"Lagavulin","floor":7,"turns":3},{"damage":6,"enemies":"Gremlin Nob","floor":8,"turns":3},{"damage":5,"enemies":"Looter","floor":10,"turns":3},{"damage":17,"enemies":"3 Sentries","floor":12,"turns":5},{"damage":3,"enemies":"Red Slaver","floor":14,"turns":2},{"damage":30,"enemies":"The Guardian","floor":16,"turns":11},{"damage":22,"enemies":"2 Thieves","floor":18,"turns":3},{"damage":14,"enemies":"3 Byrds","floor":22,"turns":9},{"damage":29,"enemies":"Book of Stabbing","floor":25,"turns":11},{"damage":16,"enemies":"Gremlin Leader","floor":31,"turns":8},{"damage":53,"enemies":"Automaton","floor":33,"turns":11},{"damage":18,"enemies":"Orb Walker","floor":35,"turns":3},{"damage":9,"enemies":"Mind Bloom Boss Battle","floor":37,"turns":7},{"damage":8,"enemies":"3 Darklings","floor":38,"turns":4},{"damage":38,"enemies":"Giant Head","floor":41,"turns":9},{"damage":34,"enemies":"Reptomancer","floor":42,"turns":9},{"damage":12,"enemies":"Nemesis","floor":47,"turns":5},{"damage":84,"enemies":"Awakened One","floor":50,"turns":12}],"seed_played":"5382992087219752471","potions_obtained":[{"floor":1,"key":"Energy Potion"},{"floor":5,"key":"DistilledChaos"},{"floor":7,"key":"SpeedPotion"},{"floor":13,"key":"SteroidPotion"},{"floor":25,"key":"FearPotion"},{"floor":37,"key":"Dexterity Potion"},{"floor":42,"key":"LiquidBronze"}],"is_trial":true,"path_per_floor":["M","M","?","?","M","R","E","E","T","M","R","E","?","M","R","B",null,"M","?","?","?","M","R","R","E","T","R","?","$","R","E","R","B",null,"M","$","?","M","?","R","E","E","T","R","R","?","E","$","R","B"],"character_chosen":"IRONCLAD","items_purchased":["War Paint","Eternal Feather","Lee\u0027s Waffle","BloodPotion","StrikeDummy"],"campfire_rested":0,"item_purchase_floors":[29,29,29,29,36],"current_hp_per_floor":[76,71,55,55,56,56,49,51,51,54,54,55,55,58,58,34,96,86,86,70,48,50,50,50,35,35,35,30,61,61,57,61,22,63,59,59,62,69,69,69,43,23,23,38,53,53,55,55,70,0,0],"gold":29,"neow_bonus":"","is_daily":false,"chose_seed":false,"campfire_upgraded":12,"win_rate":0.0,"timestamp":1613129621,"path_taken":["M","?","?","?","M","R","E","E","T","?","R","E","?","?","R","BOSS","M","?","?","?","M","R","R","E","T","R","?","$","R","E","R","BOSS","M","$","?","M","?","R","E","E","T","R","R","?","E","?","R","BOSS"],"items_purchased_type":["Relic","Relic","Relic","Potion","Relic"],"build_version":"2020-12-22","purchased_purges":1,"victory":false,"max_hp_per_floor":[80,80,80,80,80,80,80,82,82,84,84,96,96,96,96,96,96,96,96,96,48,52,52,52,54,54,54,54,61,61,61,61,63,63,65,65,65,69,69,69,69,71,71,71,71,71,73,73,73,73,73],"card_choices":[{"not_picked":["Panacea","Headbutt","Impatience"],"picked":"SKIP","floor":1},{"not_picked":["Headbutt","Discovery","Hemokinesis"],"picked":"SKIP","floor":1},{"not_picked":["True Grit","Clothesline"],"picked":"Iron Wave","floor":2},{"not_picked":["Havoc","Armaments","Entrench"],"picked":"SKIP","floor":2},{"not_picked":["Wild Strike","Iron Wave"],"picked":"Twin Strike","floor":5},{"not_picked":["Iron Wave","Power Through","Deep Breath"],"picked":"SKIP","floor":5},{"not_picked":["Impatience","Rampage"],"picked":"Perfected Strike","floor":7},{"not_picked":["Good Instincts","Pommel Strike","Cleave"],"picked":"Singing Bowl","floor":8},{"not_picked":["Demon Form","Power Through"],"picked":"Pommel Strike","floor":10},{"not_picked":["Headbutt","Thunderclap","Dark Embrace"],"picked":"Singing Bowl","floor":10},{"not_picked":["Warcry","Armaments","Bludgeon"],"picked":"Singing Bowl","floor":12},{"not_picked":["True Grit","Heavy Blade"],"picked":"Perfected Strike","floor":14},{"not_picked":["Seeing Red","Pummel"],"picked":"Shrug It Off","floor":14},{"not_picked":["Thinking Ahead","Double Tap"],"picked":"Barricade","floor":16},{"not_picked":["Shrug It Off","Pommel Strike"],"picked":"Disarm","floor":18},{"not_picked":["Clothesline","Armaments+1"],"picked":"Whirlwind","floor":18},{"not_picked":["Sword Boomerang","Rampage","Armaments"],"picked":"Singing Bowl","floor":22},{"not_picked":["Shrug It Off","Dark Shackles","Sword Boomerang+1"],"picked":"Singing Bowl","floor":22},{"not_picked":["Combust","Carnage","Pommel Strike"],"picked":"Singing Bowl","floor":25},{"not_picked":["Demon Form","Body Slam"],"picked":"Perfected Strike","floor":31},{"not_picked":["Magnetism","Transmutation","Apotheosis"],"picked":"Singing Bowl","floor":33},{"not_picked":["Finesse","Blind+1"],"picked":"Body Slam+1","floor":35},{"not_picked":["Havoc","Anger","Searing Blow+1"],"picked":"Singing Bowl","floor":35},{"not_picked":["Flash of Steel+1","Warcry"],"picked":"Trip+1","floor":37},{"not_picked":["Mind Blast+1","Clothesline+1","Purity"],"picked":"Singing Bowl","floor":38},{"not_picked":["Wild Strike","Cleave+1","Clash+1"],"picked":"Singing Bowl","floor":38},{"not_picked":["Swift Strike","Double Tap"],"picked":"Shrug It Off+1","floor":41},{"not_picked":["Burning Pact","Heavy Blade+1","Dual Wield+1"],"picked":"Singing Bowl","floor":42},{"not_picked":["Armaments","Heavy Blade","Forethought"],"picked":"Singing Bowl","floor":47}],"player_experience":639991,"relics_obtained":[{"floor":7,"key":"MawBank"},{"floor":8,"key":"Singing Bowl"},{"floor":9,"key":"Nunchaku"},{"floor":12,"key":"Pear"},{"floor":20,"key":"Nilry\u0027s Codex"},{"floor":25,"key":"Pen Nib"},{"floor":26,"key":"Lantern"},{"floor":31,"key":"Sundial"},{"floor":37,"key":"StoneCalendar"},{"floor":41,"key":"Letter Opener"},{"floor":42,"key":"Anchor"},{"floor":43,"key":"Shovel"},{"floor":47,"key":"Turnip"}],"event_choices":[{"damage_healed":0,"gold_gain":0,"player_choice":"Entered Light","damage_taken":16,"max_hp_gain":0,"max_hp_loss":0,"event_name":"Shining Light","floor":3,"gold_loss":0,"cards_upgraded":["Strike_R","Strike_R"]},{"damage_healed":0,"gold_gain":100,"player_choice":"Pray","damage_taken":0,"max_hp_gain":0,"max_hp_loss":0,"event_name":"Golden Shrine","floor":4,"gold_loss":0},{"damage_healed":0,"gold_gain":0,"player_choice":"Bought 1 Potion","damage_taken":0,"max_hp_gain":0,"max_hp_loss":0,"event_name":"The Woman in Blue","floor":13,"gold_loss":0},{"damage_healed":0,"gold_gain":0,"player_choice":"Read","damage_taken":0,"max_hp_gain":0,"max_hp_loss":0,"event_name":"The Library","floor":19,"gold_loss":0,"cards_obtained":["Disarm"]},{"damage_healed":0,"gold_gain":0,"player_choice":"Obtained Book","damage_taken":16,"max_hp_gain":0,"max_hp_loss":0,"event_name":"Cursed Tome","floor":20,"gold_loss":0},{"damage_healed":0,"gold_gain":0,"player_choice":"Became a Ghost","damage_taken":0,"max_hp_gain":0,"max_hp_loss":48,"event_name":"Ghosts","floor":21,"gold_loss":0,"cards_obtained":["Ghostly","Ghostly","Ghostly","Ghostly","Ghostly"]},{"damage_healed":0,"gold_gain":0,"player_choice":"Damaged","damage_taken":5,"max_hp_gain":0,"max_hp_loss":0,"event_name":"Wheel of Change","floor":28,"gold_loss":0},{"damage_healed":0,"gold_gain":0,"player_choice":"Fight","damage_taken":0,"max_hp_gain":0,"max_hp_loss":0,"event_name":"MindBloom","floor":37,"gold_loss":0},{"cards_removed":["Strike_R"],"damage_healed":0,"gold_gain":0,"player_choice":"Removed Attack","damage_taken":0,"max_hp_gain":0,"max_hp_loss":0,"event_name":"Falling","floor":39,"gold_loss":0},{"damage_healed":0,"gold_gain":0,"player_choice":"Paid","damage_taken":0,"relics_obtained":["Red Mask"],"max_hp_gain":0,"max_hp_loss":0,"event_name":"Tomb of Lord Red Mask","floor":46,"gold_loss":123}],"is_beta":false,"boss_relics":[{"not_picked":["Philosopher\u0027s Stone","SacredBark"],"picked":"Black Blood"},{"not_picked":["Pandora\u0027s Box","Velvet Choker"],"picked":"Astrolabe"}],"items_purged_floors":[36],"is_endless":true,"potions_floor_spawned":[1,5,7,25,37,38,42],"killed_by":"Awakened One","ascension_level":0}}