{"host":"raaimkojny05jekw","time":1613121661,"event":{"mods":["AchievementEnabler","BaseMod","Colored Map","Colored Powertips","DeckTracker","Minty Spire (QoL Compilation)","Quick Restart","Rare Cards Sparkle","everything is the same but u backflip on backflip"],"gold_per_floor":[133,133,208,258,208,208,253,253,302,363,363,53,82,102,102,199,199,219,219,233,233,248,248,280,280,280,325,345,15,40,110,110,110,110],"floor_reached":33,"language":"KOR","playtime":1103,"items_purged":["Strike_R"],"score":344,"play_id":"e3a07fe0-6bc3-4d68-9add-36278e05b212","local_time":"20210212182101","is_ascension_mode":true,"campfire_choices":[{"data":"HandOfGreed","floor":6,"key":"SMITH"},{"data":"Fire Breathing","floor":8,"key":"SMITH"},{"data":"Blood for Blood","floor":11,"key":"SMITH"},{"data":"True Grit","floor":15,"key":"SMITH"},{"floor":23,"key":"REST"},{"data":"Shockwave","floor":25,"key":"SMITH"},{"floor":32,"key":"REST"}],"circlet_count":0,"master_deck":["Strike_R","Strike_R+1","Defend_R","Defend_R","Defend_R+1","Defend_R","Bash+1","Writhe","HandOfGreed+1","Fire Breathing+1","Cleave+1","Blood for Blood+1","Immolate","Inflame","Pommel Strike","True Grit+1","Reaper","Shrug It Off","Wild Strike","Disarm","Shockwave+1","Mayhem+1","Feel No Pain+1","Evolve+1"],"relics":["Burning Blood","Orichalcum","Whetstone","Philosopher\u0027s Stone","Shuriken","Frozen Egg 2","PreservedInsect"],"acts_visited":["Exordium","TheCity"],"potions_floor_usage":[13,16,22,22,30,33,33],"damage_taken":[{"damage":10,"enemies":"Small Slimes","floor":1,"turns":4},{"damage":0,"enemies":"2 Louse","floor":4,"turns":3},{"damage":7,"enemies":"Jaw Worm","floor":7,"turns":3},{"damage":21,"enemies":"Exordium Wildlife","floor":10,"turns":5},{"damage":12,"enemies":"3 Sentries","floor":13,"turns":4},{"damage":8,"enemies":"Red Slaver","floor":14,"turns":2},{"damage":26,"enemies":"The Guardian","floor":16,"turns":9},{"damage":18,"enemies":"Spheric Guardian","floor":18,"turns":4},{"damage":28,"enemies":"Shell Parasite","floor":20,"turns":5},{"damage":42,"enemies":"Snake Plant","floor":22,"turns":4},{"damage":43,"enemies":"Gremlin Leader","floor":24,"turns":6},{"damage":5,"enemies":"Snecko","floor":27,"turns":3},{"damage":25,"enemies":"Cultist and Chosen","floor":28,"turns":5},{"damage":23,"enemies":"Book of Stabbing","floor":30,"turns":6},{"damage":8,"enemies":"Centurion and Healer","floor":31,"turns":5},{"damage":69,"enemies":"Automaton","floor":33,"turns":6}],"seed_played":"-6647782496133242723","potions_obtained":[{"floor":1,"key":"Dexterity Potion"},{"floor":7,"key":"Energy Potion"},{"floor":16,"key":"AttackPotion"},{"floor":18,"key":"Swift Potion"},{"floor":30,"key":"LiquidBronze"},{"floor":31,"key":"SkillPotion"}],"is_trial":false,"path_per_floor":["M","?","?","M","?","R","M","R","T","M","R","$","E","M","R","B",null,"M","$","M","?","M","R","E","R","T","M","M","$","E","M","R","B"],"character_chosen":"IRONCLAD","items_purchased":["Immolate","Inflame","Mayhem+1","Feel No Pain+1","Regen Potion"],"campfire_rested":2,"item_purchase_floors":[12,12,29,29,29],"current_hp_per_floor":[76,60,49,55,55,55,54,54,54,39,39,39,33,31,31,11,80,68,68,55,55,19,43,18,18,18,19,8,8,15,21,45,0,0],"gold":110,"neow_bonus":"RANDOM_COLORLESS_2","is_daily":false,"chose_seed":false,"campfire_upgraded":5,"win_rate":0.0,"timestamp":1613121661,"path_taken":["M","?","?","M","?","R","M","R","T","M","R","?","E","?","R","BOSS","M","$","M","?","M","R","E","R","T","M","M","$","E","M","R","BOSS"],"items_purchased_type":["Card","Card","Card","Card","Potion"],"build_version":"2020-12-22","purchased_purges":1,"victory":false,"max_hp_per_floor":[80,80,80,80,80,80,80,80,80,80,80,80,80,80,80,80,80,80,80,80,80,80,80,80,80,80,80,80,80,80,80,80,80,80],"card_choices":[{"not_picked":["Transmutation","Secret Technique"],"picked":"HandOfGreed","floor":0},{"not_picked":["True Grit","Twin Strike"],"picked":"Fire Breathing","floor":1},{"not_picked":["Sentinel","Sword Boomerang"],"picked":"Cleave","floor":4},{"not_picked":["Entrench","Iron Wave","Havoc"],"picked":"SKIP","floor":7},{"not_picked":["Perfected Strike","Havoc"],"picked":"Blood for Blood","floor":10},{"not_picked":["Flex","Juggernaut"],"picked":"Pommel Strike","floor":13},{"not_picked":["Flex","Dual Wield"],"picked":"True Grit","floor":14},{"not_picked":["Exhume","Bludgeon"],"picked":"Reaper","floor":16},{"not_picked":["Thunderclap","Iron Wave+1"],"picked":"Shrug It Off","floor":18},{"not_picked":["Armaments","Clash"],"picked":"Wild Strike","floor":20},{"not_picked":["Warcry+1","True Grit+1"],"picked":"Disarm","floor":22},{"not_picked":["Brutality","Clothesline"],"picked":"Shockwave","floor":24},{"not_picked":["Anger","Infernal Blade+1","Perfected Strike+1"],"picked":"SKIP","floor":27},{"not_picked":["Clothesline","Shockwave","Iron Wave"],"picked":"SKIP","floor":28},{"not_picked":["Anger","Battle Trance"],"picked":"Evolve+1","floor":30},{"not_picked":["Anger+1","Thunderclap","Heavy Blade"],"picked":"SKIP","floor":31}],"player_experience":741023,"relics_obtained":[{"floor":9,"key":"Orichalcum"},{"floor":13,"key":"Whetstone"},{"floor":24,"key":"Shuriken"},{"floor":26,"key":"Frozen Egg 2"},{"floor":30,"key":"PreservedInsect"}],"event_choices":[{"damage_healed":0,"gold_gain":0,"player_choice":"Entered Light","damage_taken":16,"max_hp_gain":0,"max_hp_loss":0,"event_name":"Shining Light","floor":2,"gold_loss":0,"cards_upgraded":["Defend_R","Bash"]},{"damage_healed":0,"gold_gain":75,"player_choice":"Gather Gold","damage_taken":11,"max_hp_gain":0,"max_hp_loss":0,"event_name":"World of Goop","floor":3,"gold_loss":0},{"cards_removed":["Strike_R"],"damage_healed":0,"gold_gain":0,"player_choice":"Card Removal","damage_taken":0,"max_hp_gain":0,"max_hp_loss":0,"event_name":"The Cleric","floor":5,"gold_loss":50},{"cards_removed":["Strike_R"],"damage_healed":0,"gold_gain":0,"player_choice":"Purged","damage_taken":0,"max_hp_gain":0,"max_hp_loss":0,"event_name":"Purifier","floor":21,"gold_loss":0}],"is_beta":false,"boss_relics":[{"not_picked":["Black Blood","SacredBark"],"picked":"Philosopher\u0027s Stone"}],"items_purged_floors":[12],"is_endless":false,"potions_floor_spawned":[1,7,16,18,30,31],"killed_by":"Automaton","ascension_level":4}}