{"host":"s6xp7bbqy5sa00x4","time":1613093593,"event":{"mods":["BaseMod","BetterRewards","Downfall","Hermit","Infinite Spire","Marisa????????","Minty Spire (QoL Compilation)","Remilia??????","Replay The Spire","Shop Mod","StSLib","The Hierophant","The Poker Player","The Runesmith","The Servant 0.9.4"],"gold_per_floor":[114,134,309,374,9,9,37,53,99,117,117,145,155,184,184,280,280,298,309,329,329,329,358,358,386,386,301,314,314,314,314],"floor_reached":30,"language":"ENG","playtime":2263,"items_purged":[],"score":432,"play_id":"ed070391-3322-4c7f-88c4-5de9dae91ff2","local_time":"20210211203313","is_ascension_mode":true,"campfire_choices":[{"floor":24,"key":"RECALL"}],"circlet_count":0,"master_deck":["Strike_B+1","Strike_B+1","Strike_B+1","Strike_B+1","Defend_B+1","Defend_B+1","Defend_B+1","Defend_B+1","Zap","Dualcast","Hello World","Cold Snap","Lockon","Lockon+1","Streamline","Sunder+1","Rebound","Go for the Eyes+1","Doubt","Beam Cell+1","ReplayTheSpireMod:Calculation Training","Rainbow","BasicCrystalCard","ReplayTheSpireMod:Repulse","Steam Power","Finesse","Redo","Hyperbeam","Consume","Multi-Cast","Conserve Battery","Leap","Ball Lightning+1","All For One","FTL","Defragment+1","downfall:Bewildered","Stack","Doom and Gloom","FIFO Queue+1","Force Field+1"],"relics":["Cracked Core","Blue Doll","Raider\u0027s Mask","Prayer Wheel","Kunai","DataDisk","Blood Vial","Pantograph","Quantum Egg","Runic Pyramid","sneckomod:BabySnecko","Replay:Antivirus Software","Whetstone","Toxic Egg 2","Replay:WaspNest","Gremlin Food"],"acts_visited":["Exordium","TheCity"],"potions_floor_usage":[7,7,23,25,25,28],"damage_taken":[{"damage":15,"enemies":"Cultist","floor":1,"turns":4},{"damage":0,"enemies":"Small Slimes","floor":2,"turns":2},{"damage":12,"enemies":"3 Sentries","floor":7,"turns":4},{"damage":1,"enemies":"2 Louse","floor":8,"turns":2},{"damage":13,"enemies":"Lots of Slimes","floor":10,"turns":3},{"damage":4,"enemies":"Gremlin Nob","floor":12,"turns":4},{"damage":8,"enemies":"Large Slime","floor":13,"turns":3},{"damage":21,"enemies":"3 Sentries","floor":14,"turns":5},{"damage":24,"enemies":"Fading Forest","floor":16,"turns":11},{"damage":18,"enemies":"Spheric Guardian","floor":18,"turns":4},{"damage":3,"enemies":"Chosen","floor":19,"turns":4},{"damage":12,"enemies":"Snake Plant","floor":20,"turns":3},{"damage":30,"enemies":"Slavers","floor":23,"turns":3},{"damage":21,"enemies":"Book of Stabbing","floor":25,"turns":5},{"damage":0,"enemies":"Cultist and Chosen","floor":28,"turns":4},{"damage":26,"enemies":"Gremlin Leader","floor":30,"turns":3}],"seed_played":"4323297623998329588","potions_obtained":[{"floor":2,"key":"AttackPotion"},{"floor":7,"key":"Fruit Juice"},{"floor":8,"key":"SneckoOil"},{"floor":12,"key":"SneckoOil"},{"floor":13,"key":"SpeedPotion"},{"floor":19,"key":"AttackPotion"},{"floor":25,"key":"Regen Potion"}],"is_trial":false,"path_per_floor":["M","M","?","?","$","?","E","M","T","M","?","E","M","E","R","B",null,"M","M","M","?","?","E","R","E","T","?","M","?","E"],"character_chosen":"DEFECT","items_purchased":["Blue Doll","Raider\u0027s Mask","ReplayTheSpireMod:Fabricate Wheel","Hello World","Cold Snap","Lockon","BootSequence","Kunai","Beam Cell+1","ReplayUltimateDefense"],"campfire_rested":0,"item_purchase_floors":[0,0,0,0,0,0,0,5,5,5],"current_hp_per_floor":[44,44,44,44,44,75,68,67,67,56,56,54,48,29,53,56,80,62,61,51,51,51,23,23,4,4,4,18,18,0,0],"gold":314,"neow_bonus":"","is_daily":false,"chose_seed":false,"campfire_upgraded":0,"win_rate":0.0,"timestamp":1613093593,"path_taken":["M","?","?","?","$","?","E","?","T","M","?","E","M","E","R","BOSS","M","?","M","?","?","E","R","E","T","?","M","?","E"],"items_purchased_type":["Relic","Relic","Card","Card","Card","Card","Card","Relic","Card","Card"],"build_version":"2020-12-22","purchased_purges":0,"victory":false,"max_hp_per_floor":[75,75,75,75,75,75,80,80,80,80,80,80,80,80,80,80,80,80,80,80,80,80,80,80,80,80,80,80,80,80,80],"card_choices":[{"not_picked":["Go for the Eyes","Rebound"],"picked":"Streamline","floor":1},{"not_picked":["Go for the Eyes","Time Bomb"],"picked":"Sunder","floor":1},{"not_picked":["Stack","Beam Cell"],"picked":"Rebound","floor":2},{"not_picked":["Beam Cell","Rebound"],"picked":"Go for the Eyes","floor":2},{"not_picked":["Beam Cell","BootSequence"],"picked":"ReplayTheSpireMod:Calculation Training","floor":7},{"not_picked":["Melter","Compile Driver"],"picked":"Rainbow","floor":8},{"not_picked":["FIFO Queue","Cold Snap"],"picked":"BasicCrystalCard","floor":8},{"not_picked":["Stack","Compile Driver"],"picked":"ReplayTheSpireMod:Repulse","floor":10},{"not_picked":["Rebound","Panic Button"],"picked":"Steam Power","floor":10},{"not_picked":["Turbo","Stack"],"picked":"Redo","floor":12},{"not_picked":["Panic Button","Gash"],"picked":"Hyperbeam","floor":13},{"not_picked":["Compile Driver","Rebound"],"picked":"Sweeping Beam","floor":13},{"not_picked":["Panic Button","Barrage"],"picked":"Consume","floor":14},{"not_picked":["Machine Learning","Amplify"],"picked":"Multi-Cast","floor":16},{"not_picked":["Beam Cell","Cold Snap"],"picked":"Conserve Battery","floor":18},{"not_picked":["Streamline","Redo"],"picked":"Leap","floor":18},{"not_picked":["Leap","Beam Cell"],"picked":"Ball Lightning+1","floor":19},{"not_picked":["Reinforced Body","BasicCrystalCard"],"picked":"All For One","floor":19},{"not_picked":["Coolheaded","Gash"],"picked":"FTL","floor":20},{"not_picked":["Go for the Eyes","Beam Cell"],"picked":"Defragment+1","floor":20},{"not_picked":["Compile Driver","ReplayTheSpireMod:Repulse"],"picked":"Stack","floor":23},{"not_picked":["ReplayTheSpireMod:Fabricate Wheel","Cold Snap"],"picked":"Doom and Gloom","floor":25},{"not_picked":["Redo+1","Panic Button+1"],"picked":"FIFO Queue+1","floor":28},{"not_picked":["Static Discharge","Rebound"],"picked":"Force Field+1","floor":28}],"player_experience":397159,"relics_obtained":[{"floor":7,"key":"DataDisk"},{"floor":9,"key":"Blood Vial"},{"floor":12,"key":"Pantograph"},{"floor":14,"key":"Quantum Egg"},{"floor":23,"key":"Replay:Antivirus Software"},{"floor":25,"key":"Whetstone"},{"floor":26,"key":"Toxic Egg 2"}],"event_choices":[{"damage_healed":0,"gold_gain":175,"player_choice":"AGREE","damage_taken":0,"max_hp_gain":0,"max_hp_loss":0,"event_name":"Liars Game","floor":3,"gold_loss":0,"cards_obtained":["Doubt"]},{"damage_healed":0,"gold_gain":65,"player_choice":"Gained Gold","damage_taken":0,"max_hp_gain":0,"max_hp_loss":0,"event_name":"Golden Wing","floor":4,"gold_loss":0},{"cards_removed":["BootSequence"],"damage_healed":31,"gold_gain":0,"player_choice":"Offered Uncommon","damage_taken":0,"max_hp_gain":0,"max_hp_loss":0,"event_name":"Bonfire Elementals","floor":6,"gold_loss":0},{"damage_healed":0,"gold_gain":0,"cards_transformed":["ReplayUltimateDefense"],"player_choice":"Transformed","damage_taken":0,"max_hp_gain":0,"max_hp_loss":0,"event_name":"Transmorgrifier","floor":11,"gold_loss":0,"cards_obtained":["Finesse"]},{"damage_healed":0,"gold_gain":0,"player_choice":"Simplicity","damage_taken":0,"max_hp_gain":0,"max_hp_loss":0,"event_name":"Back to Basics","floor":22,"gold_loss":0,"cards_upgraded":["Strike_B","Strike_B","Strike_B","Strike_B","Defend_B","Defend_B","Defend_B","Defend_B"]},{"damage_healed":0,"gold_gain":0,"player_choice":"Obtained Relic","damage_taken":0,"relics_obtained":["Replay:WaspNest"],"max_hp_gain":0,"max_hp_loss":0,"event_name":"Addict","floor":27,"gold_loss":85},{"cards_removed":["Sweeping Beam"],"damage_healed":0,"gold_gain":0,"player_choice":"Gave Card","damage_taken":0,"relics_obtained":["Gremlin Food"],"max_hp_gain":0,"max_hp_loss":0,"event_name":"WeMeetAgain","floor":29,"gold_loss":0}],"is_beta":false,"boss_relics":[{"not_picked":["Astrolabe","infinitespire:Cupcake"],"picked":"Runic Pyramid"}],"items_purged_floors":[],"is_endless":false,"potions_floor_spawned":[2,7,8,12,13,19,25],"killed_by":"Gremlin Leader","ascension_level":1}}