{"host":"wq5h7jomr5a1xww7","time":1613151321,"event":{"mods":["BaseMod","Highlight Path","Minty Spire (QoL Compilation)","Relic Stats","StSLib"],"gold_per_floor":[119,47,61,61,75,100,100,135,135,163,183,183,197,211,211,315,315,329,349,379,379,394,394,414,449,449,449,449,36,63,63,63,165,165,183,183,196,216,233,233,455,468,519,519,544,558,572,234,234,234,234],"floor_reached":50,"language":"ENG","playtime":2391,"items_purged":["Strike_R","Strike_R"],"score":534,"play_id":"0f0d1f29-4c90-4664-9a87-60b548c45e0b","local_time":"20210212113521","is_ascension_mode":false,"campfire_choices":[{"data":"Whirlwind","floor":7,"key":"SMITH"},{"data":"Spot Weakness","floor":12,"key":"SMITH"},{"data":"Bash","floor":15,"key":"SMITH"},{"floor":23,"key":"REST"},{"floor":28,"key":"REST"},{"floor":32,"key":"REST"},{"floor":40,"key":"REST"},{"floor":44,"key":"RECALL"},{"floor":49,"key":"REST"}],"circlet_count":0,"master_deck":["Strike_R","Strike_R+1","Strike_R+1","Defend_R","Defend_R","Defend_R","Defend_R","Bash+1","Heavy Blade","Whirlwind+1","Clothesline","Spot Weakness+1","Uppercut","Sword Boomerang","Sever Soul","True Grit","Twin Strike","Rupture","Ghostly Armor","Shrug It Off+1","Second Wind","RitualDagger","Feel No Pain","Spot Weakness","Disarm","Combust","Burning Pact","RitualDagger","Armaments+1","Feel No Pain+1"],"relics":["Burning Blood","Juzu Bracelet","Dead Branch","Pantograph","Smiling Mask","Philosopher\u0027s Stone","Red Mask","Bronze Scales","Calipers","Question Card","Membership Card","Lizard Tail","Regal Pillow","Runic Dome","Whetstone","Red Skull","Lantern","PrismaticShard"],"acts_visited":["Exordium","TheCity","TheBeyond"],"potions_floor_usage":[8,19,20,24,25,25,25,33,33,33,45,45,50,50,50],"damage_taken":[{"damage":1,"enemies":"Cultist","floor":1,"turns":4},{"damage":1,"enemies":"Jaw Worm","floor":3,"turns":5},{"damage":0,"enemies":"Small Slimes","floor":5,"turns":2},{"damage":34,"enemies":"Lagavulin","floor":6,"turns":7},{"damage":21,"enemies":"Gremlin Nob","floor":8,"turns":5},{"damage":17,"enemies":"3 Sentries","floor":10,"turns":4},{"damage":6,"enemies":"2 Fungi Beasts","floor":11,"turns":4},{"damage":13,"enemies":"Red Slaver","floor":13,"turns":4},{"damage":2,"enemies":"Blue Slaver","floor":14,"turns":3},{"damage":19,"enemies":"The Guardian","floor":16,"turns":10},{"damage":12,"enemies":"Chosen","floor":18,"turns":5},{"damage":6,"enemies":"Spheric Guardian","floor":19,"turns":3},{"damage":44,"enemies":"Masked Bandits","floor":20,"turns":5},{"damage":7,"enemies":"Snecko","floor":22,"turns":4},{"damage":30,"enemies":"Snake Plant","floor":24,"turns":5},{"damage":27,"enemies":"Slavers","floor":25,"turns":4},{"damage":21,"enemies":"Gremlin Leader","floor":30,"turns":7},{"damage":85,"enemies":"Collector","floor":33,"turns":8},{"damage":17,"enemies":"Orb Walker","floor":35,"turns":4},{"damage":37,"enemies":"3 Darklings","floor":37,"turns":4},{"damage":9,"enemies":"Sphere and 2 Shapes","floor":38,"turns":5},{"damage":59,"enemies":"Spire Growth","floor":39,"turns":5},{"damage":57,"enemies":"3 Darklings","floor":42,"turns":5},{"damage":18,"enemies":"Reptomancer","floor":45,"turns":5},{"damage":3,"enemies":"Maw","floor":46,"turns":7},{"damage":29,"enemies":"Sphere and 2 Shapes","floor":47,"turns":5},{"damage":87,"enemies":"Donu and Deca","floor":50,"turns":5}],"seed_played":"-3206475220393750504","potions_obtained":[{"floor":3,"key":"ColorlessPotion"},{"floor":4,"key":"LiquidMemories"},{"floor":4,"key":"EntropicBrew"},{"floor":5,"key":"Weak Potion"},{"floor":11,"key":"Fire Potion"},{"floor":19,"key":"BlessingOfTheForge"},{"floor":20,"key":"CultistPotion"},{"floor":25,"key":"SpeedPotion"},{"floor":30,"key":"Fruit Juice"},{"floor":39,"key":"SkillPotion"},{"floor":42,"key":"DuplicationPotion"},{"floor":46,"key":"Explosive Potion"}],"is_trial":false,"path_per_floor":["M","$","M","?","M","E","R","E","T","E","M","R","M","M","R","B",null,"M","M","?","?","M","R","M","E","T","?","R","$","E","?","R","B",null,"M","?","M","M","M","R","?","M","T","R","E","M","M","$","R","B"],"character_chosen":"IRONCLAD","items_purchased":["Whirlwind","Membership Card","Combust","Lizard Tail","FearPotion","Red Skull","Lantern","DuplicationPotion","Weak Potion","PrismaticShard"],"campfire_rested":5,"item_purchase_floors":[2,29,29,29,29,48,48,48,48,48],"current_hp_per_floor":[88,88,88,88,88,60,60,45,45,34,34,34,27,31,31,43,88,82,82,44,38,37,63,39,18,18,18,44,44,29,29,70,14,93,82,82,51,48,52,93,93,42,42,42,30,33,10,10,52,0,0],"gold":234,"neow_bonus":"TEN_PERCENT_HP_BONUS","is_daily":false,"chose_seed":false,"campfire_upgraded":3,"win_rate":0.0,"timestamp":1613151321,"path_taken":["M","?","M","?","M","E","R","E","T","E","M","R","M","M","R","BOSS","M","M","?","?","M","R","M","E","T","?","R","$","E","?","R","BOSS","M","?","M","M","M","R","?","M","T","R","E","M","M","?","R","BOSS"],"items_purchased_type":["Card","Relic","Card","Relic","Potion","Relic","Relic","Potion","Potion","Relic"],"build_version":"2020-12-22","purchased_purges":2,"victory":false,"max_hp_per_floor":[88,88,88,88,88,88,88,88,88,88,88,88,88,88,88,88,88,88,88,88,88,88,88,88,88,88,88,88,88,88,88,88,93,93,93,93,93,93,93,93,93,93,93,93,93,93,93,93,93,93,93],"relic_stats":{"Lizard Tail":46,"Regal Pillow":44,"counters":[27,134],"Dead Branch":[72],"Pantograph":68,"Bronze Scales":[139],"Juzu Bracelet":0,"Whetstone":["Strike_R","Strike_R"],"Smiling Mask":-12,"Question Card":11,"obtain_stats":[{"Regal Pillow":30,"Lantern":48,"Calipers":26,"Dead Branch":8,"Juzu Bracelet":6,"Whetstone":45,"Smiling Mask":10,"Question Card":27,"PrismaticShard":48,"Burning Blood":0,"Runic Dome":34,"Lizard Tail":29,"Pantograph":9,"Bronze Scales":25,"Philosopher\u0027s Stone":17,"Red Mask":20,"Membership Card":29,"Red Skull":48},{"Regal Pillow":17,"Lantern":26,"Calipers":16,"Dead Branch":5,"Juzu Bracelet":4,"Whetstone":24,"Smiling Mask":6,"Question Card":16,"PrismaticShard":26,"Burning Blood":0,"Runic Dome":18,"Lizard Tail":16,"Pantograph":5,"Bronze Scales":16,"Philosopher\u0027s Stone":10,"Red Mask":13,"Membership Card":16,"Red Skull":26},{"Regal Pillow":81,"Lantern":129,"Calipers":74,"Dead Branch":23,"Juzu Bracelet":18,"Whetstone":117,"Smiling Mask":27,"Question Card":74,"PrismaticShard":129,"Burning Blood":0,"Runic Dome":89,"Lizard Tail":74,"Pantograph":23,"Bronze Scales":74,"Philosopher\u0027s Stone":48,"Red Mask":61,"Membership Card":74,"Red Skull":129}],"Burning Blood":140},"card_choices":[{"not_picked":["Sword Boomerang","Clash"],"picked":"Heavy Blade","floor":1},{"not_picked":["Sword Boomerang","Entrench"],"picked":"Clothesline","floor":3},{"not_picked":["Searing Blow","Combust"],"picked":"Spot Weakness","floor":5},{"not_picked":["Twin Strike","Spot Weakness"],"picked":"Uppercut","floor":6},{"not_picked":["Clash","Iron Wave"],"picked":"Sword Boomerang","floor":8},{"not_picked":["Bludgeon","Evolve"],"picked":"Sever Soul","floor":10},{"not_picked":["Whirlwind","Iron Wave"],"picked":"True Grit","floor":11},{"not_picked":["Sword Boomerang","Barricade"],"picked":"Twin Strike","floor":13},{"not_picked":["Clash","True Grit"],"picked":"Rupture","floor":14},{"not_picked":["Clash+1","Entrench"],"picked":"Ghostly Armor","floor":18},{"not_picked":["Thunderclap","Shockwave"],"picked":"Shrug It Off+1","floor":19},{"not_picked":["Sword Boomerang+1","Wild Strike"],"picked":"Second Wind","floor":20},{"not_picked":["Cleave+1","Sword Boomerang"],"picked":"Feel No Pain","floor":22},{"not_picked":["Rampage","Flex"],"picked":"Spot Weakness","floor":24},{"not_picked":["Offering","Iron Wave+1"],"picked":"Disarm","floor":25},{"not_picked":["Juggernaut","Searing Blow+1","Twin Strike"],"picked":"Burning Pact","floor":30},{"not_picked":["Twin Strike+1","Reckless Charge","Burning Pact"],"picked":"Armaments+1","floor":37},{"not_picked":["Body Slam","Pommel Strike","Anger","Shrug It Off"],"picked":"SKIP","floor":38},{"not_picked":["Iron Wave","Pommel Strike","Sever Soul+1","Warcry"],"picked":"SKIP","floor":39},{"not_picked":["Cleave+1","Fire Breathing","Clothesline+1","Exhume"],"picked":"SKIP","floor":45},{"not_picked":["Perfected Strike","Body Slam","Ghostly Armor"],"picked":"Feel No Pain+1","floor":47}],"player_experience":90236,"relics_obtained":[{"floor":6,"key":"Juzu Bracelet"},{"floor":8,"key":"Dead Branch"},{"floor":9,"key":"Pantograph"},{"floor":10,"key":"Smiling Mask"},{"floor":20,"key":"Red Mask"},{"floor":25,"key":"Bronze Scales"},{"floor":26,"key":"Calipers"},{"floor":30,"key":"Regal Pillow"},{"floor":45,"key":"Whetstone"}],"event_choices":[{"damage_healed":0,"gold_gain":0,"player_choice":"Got Potions","damage_taken":0,"max_hp_gain":0,"max_hp_loss":0,"event_name":"Lab","floor":4,"gold_loss":0},{"damage_healed":0,"gold_gain":0,"player_choice":"Fought Bandits","damage_taken":0,"max_hp_gain":0,"max_hp_loss":0,"event_name":"Masked Bandits","floor":20,"gold_loss":0},{"damage_healed":0,"gold_gain":0,"player_choice":"Joined the Cult","damage_taken":6,"max_hp_gain":0,"max_hp_loss":0,"event_name":"Nest","floor":21,"gold_loss":0,"cards_obtained":["RitualDagger"]},{"damage_healed":0,"gold_gain":0,"player_choice":"Opened","damage_taken":0,"relics_obtained":["Question Card"],"max_hp_gain":0,"max_hp_loss":0,"event_name":"The Mausoleum","floor":27,"gold_loss":0},{"damage_healed":0,"gold_gain":0,"player_choice":"Copied","damage_taken":0,"max_hp_gain":0,"max_hp_loss":0,"event_name":"Duplicator","floor":31,"gold_loss":0,"cards_obtained":["RitualDagger"]},{"damage_healed":0,"gold_gain":0,"player_choice":"Memory 1","damage_taken":0,"max_hp_gain":0,"max_hp_loss":0,"event_name":"SensoryStone","floor":36,"gold_loss":0},{"damage_healed":0,"gold_gain":222,"player_choice":"Wore Mask","damage_taken":0,"max_hp_gain":0,"max_hp_loss":0,"event_name":"Tomb of Lord Red Mask","floor":41,"gold_loss":0}],"is_beta":false,"boss_relics":[{"not_picked":["Pandora\u0027s Box","Cursed Key"],"picked":"Philosopher\u0027s Stone"},{"not_picked":["Calling Bell","Fusion Hammer"],"picked":"Runic Dome"}],"items_purged_floors":[29,48],"is_endless":false,"potions_floor_spawned":[3,5,11,16,19,20,25,30,39,42,46],"killed_by":"Donu and Deca","ascension_level":0}}