{"host":"c4psiqwczhd30bq5","time":1613139793,"event":{"mods":["Act Like it!","Aspiration","BaseMod","BetterRewards","Conspire","Downfall","Hallownest","Hubris","Minty Spire (QoL Compilation)","StSLib"],"gold_per_floor":[219,255,255,270,20,51,51,51,51,81,81,98,132,132,132,229,229,248,248,267,313,76,76,87,87,114,139,139,89,89,44,44,147,147,161,0,0,0,15,42,42,42,42,42,42,58,7,17,17,17,17],"floor_reached":50,"language":"ENG","playtime":2966,"items_purged":[],"score":548,"play_id":"2babc2ac-3eaa-44df-9505-d254d2e4665c","local_time":"20210212152313","is_ascension_mode":true,"campfire_choices":[{"floor":8,"key":"REST"},{"floor":11,"key":"REST"},{"data":"Anger","floor":15,"key":"SMITH"},{"floor":23,"key":"RECALL"},{"data":"Hallownest:attackMasterCycloneSlash","floor":32,"key":"SMITH"},{"floor":42,"key":"REST"},{"floor":44,"key":"REST"},{"data":"conspire:SpireCoStock","floor":49,"key":"SMITH"}],"circlet_count":0,"master_deck":["Strike_R","Strike_R","Strike_R","Strike_R","Strike_R","Defend_R+1","Defend_R","Defend_R","Defend_R","Bash","Anger","Perfected Strike","Flex","Impervious","Anger+1","Cleave","Clash","Thunderclap","Hallownest:attackMasterCycloneSlash+1","hubris:ReadiedAction+1","hubris:CleavingFinish","Flash of Steel","Iron Wave","Dual Wield+1","conspire:SpireCoStock+1","conspire:HitWhereItHurts","Metallicize","Anger+1","Rage+1","Thunderclap+1","Shrug It Off+1"],"relics":["Black Blood","hubris:ChampionShield","HornCleat","Omamori","Hallownest:DreamNailRelic","hubris:BundleOfHerbs","hubris:ToyBattleship","Blue Candle","hubris:Icosahedron","Juzu Bracelet","Lantern","Orichalcum","Red Mask","hubris:HollowSoul","Hallownest:StagBellRelic1","Pantograph","hubris:Towel"],"acts_visited":["Hallownest:Greenpath","Hallownest:CityofTears","Hallownest:KingdomsEdge"],"potions_floor_usage":[10,16,27,39,40,48,50,50,50],"damage_taken":[{"damage":17,"enemies":"Hallownest:monsterHuskGuard","floor":1,"turns":5},{"damage":25,"enemies":"conspire:MimicChest","floor":2,"turns":6},{"damage":4,"enemies":"Hallownest:2_Baldur","floor":4,"turns":3},{"damage":12,"enemies":"Hallownest:eliteVengeflyKing","floor":6,"turns":8},{"damage":20,"enemies":"Hallownest:eliteMossKnight","floor":10,"turns":11},{"damage":1,"enemies":"Hallownest:2_MossCreeps","floor":12,"turns":4},{"damage":34,"enemies":"Hallownest:eliteCrystalGuardian","floor":13,"turns":8},{"damage":50,"enemies":"Hallownest:BossBrokenVessel","floor":16,"turns":12},{"damage":13,"enemies":"Hallownest:Guard_and_Sentry","floor":18,"turns":4},{"damage":8,"enemies":"Hallownest:2_Mistakes","floor":20,"turns":5},{"damage":39,"enemies":"Hallownest:Glutton_and_Coward","floor":21,"turns":5},{"damage":20,"enemies":"Hallownest:monsterShrumalOgre","floor":24,"turns":6},{"damage":29,"enemies":"Hallownest:eliteSoulWarrior","floor":27,"turns":9},{"damage":69,"enemies":"Hallownest:BossSoulMaster","floor":33,"turns":15},{"damage":47,"enemies":"Hallownest:Shield_Heavy","floor":35,"turns":6},{"damage":10,"enemies":"Hallownest:2_Littles","floor":39,"turns":6},{"damage":78,"enemies":"Hallownest:StalkingDevout","floor":40,"turns":17},{"damage":6,"enemies":"Hallownest:2_Great","floor":46,"turns":6},{"damage":21,"enemies":"Hallownest:2_Wandering_and_1_Horned","floor":48,"turns":8},{"damage":21,"enemies":"Hallownest:BossGreyPrinceZote","floor":50,"turns":3}],"seed_played":"-1181441483106829468","potions_obtained":[{"floor":6,"key":"SneckoOil"},{"floor":13,"key":"SteroidPotion"},{"floor":20,"key":"Energy Potion"},{"floor":27,"key":"Fire Potion"},{"floor":39,"key":"Explosive Potion"},{"floor":40,"key":"AttackPotion"},{"floor":46,"key":"LiquidBronze"},{"floor":48,"key":"SneckoOil"}],"is_trial":false,"path_per_floor":["M","?","?","M","$","E","?","R","T","E","R","M","E","?","R","B",null,"M","?","M","M","$","R","M","?","T","E","?","?","?","?","R","B",null,"M","?","?","?","M","E","?","R","T","R","?","M","$","M","R","B"],"character_chosen":"IRONCLAD","items_purchased":["HornCleat","Juzu Bracelet","Flash of Steel","BloodPotion"],"campfire_rested":4,"item_purchase_floors":[5,22,22,47],"current_hp_per_floor":[69,50,50,52,52,46,46,70,70,62,80,80,61,61,61,39,80,79,79,80,53,53,53,45,80,80,63,63,63,71,71,71,14,80,45,45,45,60,62,17,17,41,41,65,65,71,71,62,62,0,0],"gold":17,"neow_bonus":"HUNDRED_GOLD","is_daily":false,"chose_seed":false,"campfire_upgraded":3,"win_rate":0.0,"timestamp":1613139793,"path_taken":["M","?","?","M","$","E","?","R","T","E","R","M","E","?","R","BOSS","M","?","M","M","$","R","M","?","T","E","?","?","?","?","R","BOSS","M","?","?","?","M","E","?","R","T","R","?","M","$","M","R","BOSS"],"items_purchased_type":["Relic","Relic","Card","Potion"],"build_version":"2020-12-22","purchased_purges":0,"victory":false,"max_hp_per_floor":[80,80,80,80,80,80,80,80,80,80,80,80,80,80,80,80,80,80,80,80,80,80,80,80,80,80,80,80,80,80,80,80,80,80,80,80,80,80,80,80,80,80,80,80,80,80,80,80,80,80,80],"card_choices":[{"not_picked":["Shrug It Off","Clothesline"],"picked":"Anger","floor":1},{"not_picked":["Sentinel","Armaments"],"picked":"Perfected Strike","floor":2},{"not_picked":["Pummel","Flame Barrier"],"picked":"Flex","floor":4},{"not_picked":["Iron Wave","Dark Embrace"],"picked":"Impervious","floor":6},{"not_picked":["Shrug It Off","Body Slam"],"picked":"Anger","floor":10},{"not_picked":["Searing Blow","Perfected Strike"],"picked":"Cleave","floor":12},{"not_picked":["Anger","Immolate"],"picked":"Clash","floor":13},{"not_picked":["Impervious","Juggernaut"],"picked":"Offering","floor":16},{"not_picked":["Wild Strike+1","Perfected Strike"],"picked":"Thunderclap","floor":18},{"not_picked":["Flex","Iron Wave+1"],"picked":"hubris:ReadiedAction+1","floor":20},{"not_picked":["hubris:SharpeningStone","Wild Strike"],"picked":"hubris:CleavingFinish","floor":21},{"not_picked":["Clothesline","True Grit"],"picked":"Iron Wave","floor":24},{"not_picked":["hubris:StunningStrike","True Grit"],"picked":"Dual Wield+1","floor":27},{"not_picked":["Exhume","Bludgeon"],"picked":"conspire:HitWhereItHurts","floor":33},{"not_picked":["Headbutt","Clothesline+1"],"picked":"Metallicize","floor":35},{"not_picked":["hubris:CleavingFinish","Cleave+1"],"picked":"Anger+1","floor":39},{"not_picked":["Ghostly Armor+1","Cleave"],"picked":"Rage+1","floor":40},{"not_picked":["Iron Wave","Brutality"],"picked":"Thunderclap+1","floor":46},{"not_picked":["hubris:SharpeningStone","Dark Embrace+1"],"picked":"Shrug It Off+1","floor":48}],"player_experience":276568,"relics_obtained":[{"floor":2,"key":"hubris:ChampionShield"},{"floor":6,"key":"Omamori"},{"floor":9,"key":"hubris:BundleOfHerbs"},{"floor":10,"key":"hubris:ToyBattleship"},{"floor":13,"key":"Blue Candle"},{"floor":26,"key":"Lantern"},{"floor":27,"key":"Orichalcum"},{"floor":40,"key":"Pantograph"}],"event_choices":[{"damage_healed":0,"gold_gain":0,"player_choice":"Invest 1","damage_taken":0,"max_hp_gain":0,"max_hp_loss":0,"event_name":"conspire:Investor","floor":29,"gold_loss":0}],"is_beta":false,"boss_relics":[{"not_picked":["Snecko Eye","Velvet Choker"],"picked":"Black Blood"},{"not_picked":["hubris:BlackHole","Fusion Hammer"],"picked":"hubris:HollowSoul"}],"items_purged_floors":[],"is_endless":false,"potions_floor_spawned":[6,13,20,27,39,40,46,48],"killed_by":"Hallownest:BossGreyPrinceZote","ascension_level":1}}