{"host":"3i0tc1zs9k2bo7un","time":1613113484,"event":{"mods":["Act Like it!","Aspiration","BaseMod","Gensokyo","Minty Spire (QoL Compilation)","MostiFishMod","Quick Restart","Reliquary","Replay The Spire","StSLib","TestMod","Wide Potions","[IsaacMod]ÒÔÈö¼âËþ","¡¾ÒÅÎï¿¨ÅÆ¡¿REMEMod"],"gold_per_floor":[47,103,103,115,127,160,170,200,200,200,220,253,253,62,62,141,141,176,204,322,357,389,415,450,482,482,507,578,525,475,500,500,629,629,664,684,704,738,88,117,143,171,171,199,227,70,70,70,70,70,70,70,70,70,97,127],"floor_reached":57,"language":"ZHS","playtime":4007,"items_purged":["Strike_G","Strike_G","Strike_G","Strike_G","Defend_G"],"score":4188,"play_id":"702eeb14-cea6-4c26-b377-59c446e6ac0a","local_time":"20210212150444","is_ascension_mode":true,"campfire_choices":[{"data":"REME_CopyPotion","floor":10.0,"key":"SMITH"},{"data":"Terror","floor":13.0,"key":"SMITH"},{"data":"Calculated Gamble","floor":15.0,"key":"SMITH"},{"data":"Strike_G","floor":32,"key":"PURGE"},{"data":"Deep Breath","floor":47,"key":"SMITH"},{"floor":49,"key":"RECALL"},{"data":"Acrobatics","floor":53,"key":"SMITH"}],"circlet_count":0,"master_deck":["AscendersBane","Defend_G+1","Defend_G+1","Defend_G","Defend_G","Calculated Gamble+1","Terror+1","REME_CopyPotion+1","Acrobatics+1","Deep Breath+1","Acrobatics+1","MostiFishMod:Opportunism+1","MostiFishMod:GrandStart+1","Burst+1","Prepared+1","MostiFishMod:Opportunism+1","Grand Finale+1","MostiFishMod:Dislodge+1","MostiFishMod:HiddenBlade+1"],"relics":["Ring of the Snake","DaveBox","testmod-TestBox","HushsDoor","REME_ComplimentaryCards","SteamSale","testmod-LifeArmor","The Courier","Potion Belt","SynthV:TestCard","aspiration:Lifesprig","ImprovedEquipment","Leech","Omamori","SatanicBible","testmod-AssaultLearning","testmod-Alchemist","ChampionBelt","GuppysHead","HollowDreamFlower","reliquary:BoilingFlask","EdensBlessing","aspiration:SeaSaltIceCream","testmod-AscensionHeart","MealTicket","Toxic Egg 2","Turnip","reliquary:RoseTintedGlasses","PreservedInsect","Torii","StoneCalendar","Black Star","aspiration:ChemicalBlood","Toy Ornithopter","TuHaoJin","reliquary:BoilingFlask","Guide Book","Gambling Chip","Golden Egg","testmod-CrystalShield","Oddly Smooth Stone","reliquary:FeatherDuster","SalivaCoin","Lantern","Pen Nib","Simple Rune","reliquary:Firecrackers","reliquary:IridiumChain","Strawberry","Bird Faced Urn","TheAbacus","REME_PoisonedDagger","Pantograph"],"acts_visited":["Gensokyo:Gensokyo","Gensokyo:Gensokyoer","Gensokyo:Gensokyoest","TheEnding"],"potions_floor_usage":[56,56,56,56,56,56,56,56,56,56,56,56,56,56,56,56,56,56,56,56,56,56,56,56,56,56,56,56,56,56,56,56,56,56,56,56,56,56,56,56,56,56],"damage_taken":[{"damage":9.0,"enemies":"Gensokyo:Python","floor":1.0,"turns":4.0},{"damage":0.0,"enemies":"Gensokyo:3_Fairies","floor":4.0,"turns":3.0},{"damage":5.0,"enemies":"Gensokyo:2_Kodama","floor":5.0,"turns":3.0},{"damage":32.0,"enemies":"Gensokyo:Mamizou","floor":6.0,"turns":9.0},{"damage":4.0,"enemies":"Gensokyo:2_Rabbits","floor":7.0,"turns":4.0},{"damage":11.0,"enemies":"Gensokyo:Aya","floor":8.0,"turns":6.0},{"damage":0.0,"enemies":"Gensokyo:Gryphon_and_Rabbit","floor":11.0,"turns":6.0},{"damage":10.0,"enemies":"Gensokyo:Mamizou","floor":12.0,"turns":9.0},{"damage":0.0,"enemies":"Gensokyo:Yukari","floor":16.0,"turns":9.0},{"damage":0.0,"enemies":"Gensokyo:Reisen","floor":18.0,"turns":4.0},{"damage":0.0,"enemies":"Gensokyo:Koishi","floor":19.0,"turns":6.0},{"damage":0.0,"enemies":"Gensokyo:Reisen","floor":20.0,"turns":3.0},{"damage":9.0,"enemies":"Gensokyo:Tenshi","floor":21.0,"turns":3.0},{"damage":6.0,"enemies":"Gensokyo:Reisen","floor":22.0,"turns":5.0},{"damage":0.0,"enemies":"Gensokyo:Koishi","floor":23.0,"turns":5.0},{"damage":0.0,"enemies":"Gensokyo:Tenshi","floor":24.0,"turns":4.0},{"damage":0.0,"enemies":"Gensokyo:Koishi","floor":25.0,"turns":6.0},{"damage":0.0,"enemies":"Gensokyo:Reisen","floor":27.0,"turns":2.0},{"damage":0,"enemies":"Gensokyo:Tenshi","floor":31,"turns":2},{"damage":0,"enemies":"Gensokyo:Eiki","floor":33,"turns":4},{"damage":0,"enemies":"Gensokyo:Marisa","floor":35,"turns":2},{"damage":0,"enemies":"Gensokyo:3_Bats","floor":36,"turns":1},{"damage":0,"enemies":"Gensokyo:AncientGuardian","floor":37,"turns":1},{"damage":0,"enemies":"Gensokyo:Kasen","floor":38,"turns":2},{"damage":0,"enemies":"Gensokyo:Marisa","floor":40,"turns":3},{"damage":0,"enemies":"Gensokyo:Kasen","floor":41,"turns":1},{"damage":0,"enemies":"Gensokyo:Marisa","floor":42,"turns":1},{"damage":0,"enemies":"Gensokyo:Kasen","floor":44,"turns":1},{"damage":0,"enemies":"Gensokyo:Marisa","floor":45,"turns":1},{"damage":0,"enemies":"Gensokyo:Scarlet_Devils","floor":50,"turns":4},{"damage":0,"enemies":"Gensokyo:Yuyuko","floor":51,"turns":1},{"damage":0,"enemies":"Shield and Spear","floor":55,"turns":1},{"damage":0,"enemies":"LittleHush","floor":56,"turns":11}],"seed_played":"7226697566955475125","potions_obtained":[{"floor":1.0,"key":"Dexterity Potion"},{"floor":2.0,"key":"GamblersBrew"},{"floor":2.0,"key":"FairyPotion"},{"floor":7.0,"key":"Swift Potion"},{"floor":8.0,"key":"Fire Potion"},{"floor":22.0,"key":"LiquidMemories"},{"floor":24.0,"key":"Languid Potion"},{"floor":25.0,"key":"REME_GoldPotion"},{"floor":31,"key":"PowerPotion"},{"floor":35,"key":"Poison Potion"},{"floor":37,"key":"LiquidBronze"},{"floor":42,"key":"BlessingOfTheForge"},{"floor":44,"key":"SteroidPotion"},{"floor":55,"key":"EntropicBrew"}],"is_trial":false,"path_per_floor":["M","?","?","M","M","E","M","E","T","R","M","E","R","$","R","B",null,"M","M","M","M","M","E","M","M","T","M","?","$","?","M","R","B",null,"M","M","M","M","$","E","M","M","T","E","M","COS","R","$","R","B","B",null,"R","$","E","B",null],"character_chosen":"THE_SILENT","items_purchased":["testmod-Alchemist","Acrobatics","Deep Breath","GuppysHead","Prepared+1","Grand Finale","Guide Book","Gambling Chip","Golden Egg","testmod-CrystalShield"],"campfire_rested":0,"item_purchase_floors":[14,14,17,17,29,34,39,39,39,39],"current_hp_per_floor":[50,24,8,8,3,22,22,17,17,17,22,18,18,18,18,24,43,46,49,49,41,45,51,52,53,53,54,47,54,61,62,62,67,56,57,57,57,58,58,59,60,61,61,62,70,70,70,70,70,75,80,80,80,80,81,86],"gold":127,"neow_bonus":"RANDOM_EVENT","is_daily":false,"chose_seed":false,"campfire_upgraded":5,"win_rate":0.0,"timestamp":1613113484,"path_taken":["M","?","?","M","M","E","M","E","T","R","M","E","R","$","R","BOSS","M","M","M","M","M","E","M","M","T","M","?","$","?","M","R","BOSS","M","M","M","M","$","E","M","M","T","E","M","COS","R","$","R","BOSS","BOSS","R","$","E","BOSS"],"items_purchased_type":["Relic","Card","Card","Relic","Card","Card","Relic","Relic","Relic","Relic"],"build_version":"2020-12-22","purchased_purges":5,"victory":true,"max_hp_per_floor":[66,66,66,66,66,66,66,66,66,66,66,66,66,66,66,66,49,49,49,49,49,50,51,52,53,53,54,54,54,61,62,62,67,56,57,57,57,58,58,59,60,61,61,62,70,70,70,70,70,75,80,80,80,80,81,86],"card_choices":[{"not_picked":["Unload","Underhanded Strike","PiercingWail"],"picked":"SKIP","floor":1.0},{"not_picked":["Blade Dance","Bane","Dagger Spray","Flying Knee"],"picked":"Calculated Gamble","floor":2.0},{"not_picked":["Dagger Spray","Atom Bomb","Deflect","Poisoned Stab","Accuracy"],"picked":"SKIP","floor":4.0},{"not_picked":["Heel Hook","Reflex","Prepared","Outmaneuver"],"picked":"Terror","floor":5.0},{"not_picked":["Underhanded Strike","Blade Dance","MostiFishMod:PerfectParry","MostiFishMod:ThornCasing"],"picked":"REME_CopyPotion","floor":6.0},{"not_picked":["PiercingWail","Poisoned Stab","Noxious Fumes","ReplayTheSpireMod:Shiv Toss","MostiFishMod:ThornCasing"],"picked":"SKIP","floor":7.0},{"not_picked":["Reflex","Cloak And Dagger","Noxious Fumes","Prepared","ReplayTheSpireMod:Speed Training"],"picked":"SKIP","floor":8.0},{"not_picked":["Slice","Dagger Throw","Masterful Stab","Accuracy","Hidden Blade"],"picked":"SKIP","floor":11.0},{"not_picked":["Skewer","Slice","Dodge and Roll","Leg Sweep","MostiFishMod:PoisonShield"],"picked":"SKIP","floor":12.0},{"not_picked":["Fluid Movement","Cloak And Dagger","Dagger Spray+1","Poisoned Stab","ReplayTheSpireMod:Exploit Weakness"],"picked":"SKIP","floor":18.0},{"not_picked":["Deflect","Blade Dance","Backflip","Underhanded Strike+1"],"picked":"MostiFishMod:FullyArmed","floor":19.0},{"not_picked":["Poisoned Stab","Masterful Stab","MostiFishMod:ThornCasing","Expertise","Crippling Poison"],"picked":"SKIP","floor":20.0},{"not_picked":["PiercingWail","Deflect","Burst","Riddle With Holes"],"picked":"Acrobatics","floor":21.0},{"not_picked":["A Thousand Cuts","Poison Darts","Replay:Bag of Tricks","Phantasmal Killer","MostiFishMod:LethalBlade"],"picked":"SKIP","floor":22.0},{"not_picked":["Malaise+1","MostiFishMod:Opportunism+1","Bullet Time+1","MostiFishMod:Neurotoxin"],"picked":"MostiFishMod:Opportunism+1","floor":23.0},{"not_picked":["Night Terror","Tools of the Trade","Malaise","Doppelganger"],"picked":"MostiFishMod:FullyArmed","floor":24.0},{"not_picked":["MostiFishMod:ShivMaster","MostiFishMod:HiddenBlade","MostiFishMod:ShivMaster","Replay:Bag of Tricks"],"picked":"MostiFishMod:GrandStart","floor":25.0},{"not_picked":["Die Die Die","MostiFishMod:ShivMaster","MostiFishMod:AdrenalineArouse","ReplayTheSpireMod:Necrosis"],"picked":"Burst","floor":27.0},{"not_picked":["Glass Knife","Poison Darts","Envenom","Poison Darts"],"picked":"MostiFishMod:FullyArmed","floor":31},{"not_picked":["MostiFishMod:WinterMarkForm","REME_GrazeFinale","ReplayTheSpireMod:Necrosis+1","REME_CopyPotion+1"],"picked":"MostiFishMod:Opportunism+1","floor":33},{"not_picked":["Doppelganger","MostiFishMod:SpreadingSpore","Storm of Steel","Envenom","MostiFishMod:AdrenalineArouse"],"picked":"SKIP","floor":35},{"not_picked":["Doppelganger","MostiFishMod:SpreadingSpore","Storm of Steel","Envenom","MostiFishMod:AdrenalineArouse"],"picked":"SKIP","floor":35},{"not_picked":["Doppelganger","MostiFishMod:SpreadingSpore","Storm of Steel","Envenom","MostiFishMod:AdrenalineArouse"],"picked":"SKIP","floor":35},{"not_picked":["Deflect+1","Bane","REME_GreenPollution","PiercingWail+1","Dagger Throw"],"picked":"SKIP","floor":36},{"not_picked":["Bullet Time+1","Dagger Throw","Draining Mist+1","PiercingWail+1","Cloak And Dagger+1"],"picked":"SKIP","floor":37},{"not_picked":["MostiFishMod:AdrenalineArouse","MostiFishMod:Listen","REME_CopyPotion+1","ReplayTheSpireMod:From All Sides","Venomology"],"picked":"SKIP","floor":38},{"not_picked":["MostiFishMod:Wind","Die Die Die","Poison Darts","Night Terror"],"picked":"MostiFishMod:Dislodge","floor":40},{"not_picked":["ReplayTheSpireMod:From All Sides","REME_SpectralBlade","MostiFishMod:Neurotoxin","Storm of Steel","ReplayTheSpireMod:From All Sides"],"picked":"SKIP","floor":41},{"not_picked":["A Thousand Cuts","Replay:Bag of Tricks","aspiration:Lunge","Poison Darts","After Image"],"picked":"SKIP","floor":42},{"not_picked":["MostiFishMod:GrandStart","Poison Darts","MostiFishMod:Opportunism","MostiFishMod:HiddenBlade","Glass Knife"],"picked":"SKIP","floor":44},{"not_picked":["MostiFishMod:GrandStart","Poison Darts","MostiFishMod:Opportunism","Glass Knife"],"picked":"MostiFishMod:HiddenBlade","floor":44},{"not_picked":["Tools of the Trade","REME_ShadowForm","Corpse Explosion+1","Corpse Explosion","Poison Darts"],"picked":"SKIP","floor":45},{"not_picked":["MostiFishMod:ShivMaster","Burst+1","REME_LeechingPoison","aspiration:Lunge","Burst"],"picked":"SKIP","floor":55}],"player_experience":711932,"relics_obtained":[{"floor":1.0,"key":"SynthV:TestCard"},{"floor":2.0,"key":"aspiration:Lifesprig"},{"floor":6.0,"key":"Leech"},{"floor":8.0,"key":"Omamori"},{"floor":9.0,"key":"SatanicBible"},{"floor":12.0,"key":"testmod-AssaultLearning"},{"floor":18.0,"key":"HollowDreamFlower"},{"floor":19.0,"key":"reliquary:BoilingFlask"},{"floor":20.0,"key":"EdensBlessing"},{"floor":21.0,"key":"aspiration:SeaSaltIceCream"},{"floor":22.0,"key":"MealTicket"},{"floor":23.0,"key":"Toxic Egg 2"},{"floor":24.0,"key":"Turnip"},{"floor":25.0,"key":"reliquary:RoseTintedGlasses"},{"floor":26.0,"key":"PreservedInsect"},{"floor":27.0,"key":"Torii"},{"floor":31,"key":"StoneCalendar"},{"floor":35,"key":"aspiration:ChemicalBlood"},{"floor":35,"key":"Toy Ornithopter"},{"floor":38,"key":"TuHaoJin"},{"floor":38,"key":"reliquary:SculptingSteel"},{"floor":40,"key":"Oddly Smooth Stone"},{"floor":40,"key":"reliquary:FeatherDuster"},{"floor":41,"key":"SalivaCoin"},{"floor":41,"key":"Lantern"},{"floor":42,"key":"Pen Nib"},{"floor":42,"key":"Simple Rune"},{"floor":44,"key":"reliquary:Firecrackers"},{"floor":44,"key":"reliquary:IridiumChain"},{"floor":45,"key":"Strawberry"},{"floor":45,"key":"Bird Faced Urn"},{"floor":55,"key":"REME_PoisonedDagger"},{"floor":55,"key":"Pantograph"}],"event_choices":[],"is_beta":false,"boss_relics":[{"not_picked":["SacredBark","aspiration:RitualDagger"],"picked":"ChampionBelt"},{"not_picked":[]},{"not_picked":["Kintsugi","ChewingGum"],"picked":"Black Star"},{"not_picked":[]}],"items_purged_floors":[14,17,29,34,39],"is_endless":false,"potions_floor_spawned":[1,7,8,22,24,25,31,35,37,42,44,55],"ascension_level":20}}