{"host":"7gquyva492f4udta","time":1613153040,"event":{"mods":["BaseMod","Minty Spire (QoL Compilation)"],"gold_per_floor":[117,117,42,60,79,114,114,124,178,265,277,289,316,338,350,362,362],"floor_reached":16,"language":"ENG","playtime":697,"items_purged":["Strike_R"],"score":128,"play_id":"bda4ad4f-ec51-4185-a6d2-6928eb9ad6fd","local_time":"20210212120400","is_ascension_mode":true,"campfire_choices":[{"floor":7,"key":"REST"},{"floor":11,"key":"REST"},{"data":"Pommel Strike","floor":15,"key":"SMITH"}],"circlet_count":0,"master_deck":["Strike_R","Strike_R","Strike_R","Strike_R+1","Defend_R+1","Defend_R","Defend_R","Defend_R","Bash","Pommel Strike+1","Thunderclap+1","Pommel Strike+1","Burning Pact"],"relics":["Runic Pyramid","Molten Egg 2","MawBank"],"acts_visited":["Exordium"],"potions_floor_usage":[],"damage_taken":[{"damage":4,"enemies":"Jaw Worm","floor":1,"turns":5},{"damage":6,"enemies":"2 Louse","floor":4,"turns":2},{"damage":0,"enemies":"Cultist","floor":5,"turns":3},{"damage":38,"enemies":"3 Sentries","floor":6,"turns":10},{"damage":13,"enemies":"Gremlin Gang","floor":8,"turns":7},{"damage":5,"enemies":"Blue Slaver","floor":13,"turns":5},{"damage":10,"enemies":"Large Slime","floor":14,"turns":3},{"damage":74,"enemies":"Slime Boss","floor":16,"turns":8}],"seed_played":"1777486563793858563","potions_obtained":[{"floor":5,"key":"Weak Potion"},{"floor":6,"key":"Ancient Potion"},{"floor":8,"key":"Block Potion"}],"is_trial":false,"path_per_floor":["M","?","$","M","M","E","R","M","T","?","R","?","M","M","R","B"],"character_chosen":"IRONCLAD","items_purchased":[],"campfire_rested":2,"item_purchase_floors":[],"current_hp_per_floor":[76,60,60,54,54,16,40,27,27,16,40,80,75,65,65,0,0],"gold":362,"neow_bonus":"BOSS_RELIC","is_daily":false,"chose_seed":false,"campfire_upgraded":1,"win_rate":0.0,"timestamp":1613153040,"path_taken":["M","?","$","M","M","E","R","M","T","?","R","?","?","M","R","BOSS"],"items_purchased_type":[],"build_version":"2020-12-22","purchased_purges":1,"victory":false,"max_hp_per_floor":[80,80,80,80,80,80,80,80,80,80,80,80,80,80,80,80,80],"card_choices":[{"not_picked":["Iron Wave","Headbutt"],"picked":"Pommel Strike","floor":1},{"not_picked":["True Grit","Dark Embrace","Headbutt"],"picked":"SKIP","floor":4},{"not_picked":["Anger","Sword Boomerang","Warcry"],"picked":"SKIP","floor":5},{"not_picked":["Warcry","Combust"],"picked":"Rupture","floor":6},{"not_picked":["Havoc","Entrench"],"picked":"Thunderclap+1","floor":8},{"not_picked":["Cleave+1","Second Wind"],"picked":"Pommel Strike+1","floor":13},{"not_picked":["Warcry","Perfected Strike+1"],"picked":"Burning Pact","floor":14}],"player_experience":268672,"relics_obtained":[{"floor":6,"key":"Molten Egg 2"},{"floor":9,"key":"MawBank"}],"event_choices":[{"damage_healed":0,"gold_gain":0,"player_choice":"Entered Light","damage_taken":16,"max_hp_gain":0,"max_hp_loss":0,"event_name":"Shining Light","floor":2,"gold_loss":0,"cards_upgraded":["Strike_R","Defend_R"]},{"damage_healed":0,"gold_gain":75,"player_choice":"Gather Gold","damage_taken":11,"max_hp_gain":0,"max_hp_loss":0,"event_name":"World of Goop","floor":10,"gold_loss":0},{"cards_removed":["Rupture"],"damage_healed":40,"gold_gain":0,"player_choice":"Offered Uncommon","damage_taken":0,"max_hp_gain":0,"max_hp_loss":0,"event_name":"Bonfire Elementals","floor":12,"gold_loss":0}],"is_beta":false,"boss_relics":[],"items_purged_floors":[3],"is_endless":false,"potions_floor_spawned":[5,6,8],"killed_by":"Slime Boss","ascension_level":5}}