{"host":"fnndj664xgd3vavt","time":1613152827,"event":{"mods":["AchievementEnabler","BaseMod","Colored Powertips","DeckTracker","Downfall","Highlight Path","Infinite Spire","Marisa????????","Minty Spire (QoL Compilation)","Quick Restart","Random Character Button","Replay The Spire","StSLib","The Servant 0.9.4"],"gold_per_floor":[99,110,125,144,144,144,169,201,211,26,46,46,66,94,113,113,113,113],"floor_reached":16,"language":"ENG","playtime":804,"items_purged":["downfall:Icky"],"score":114,"play_id":"eab774a5-691f-46d5-a6d1-a51bd3e21b95","local_time":"20210212130027","is_ascension_mode":false,"campfire_choices":[{"data":"hexamod:Float","floor":1,"key":"SMITH"},{"data":"hexamod:Sear","floor":6,"key":"SMITH"},{"floor":12,"key":"REST"}],"circlet_count":0,"master_deck":["hexamod:Strike","hexamod:Strike","hexamod:Strike","hexamod:Strike","hexamod:Defend","hexamod:Defend","hexamod:Defend","hexamod:Defend","hexamod:Sear+1","hexamod:Float+1","hexamod:HauntingEcho","hexamod:HauntingEcho","hexamod:ExtraCrispy+1","hexamod:SoulSteal","hexamod:EtherealExpedition","hexamod:SearingWound","hexamod:SoulSteal","hexamod:GhostOfSpirePast"],"relics":["hexamod:SpiritBrand","ReplayTheSpireMod:Lightbulb","Shuriken","ReplayTheSpireMod:CursedCoin","Gremlin Horn","Matryoshka"],"acts_visited":["Exordium"],"potions_floor_usage":[],"damage_taken":[{"damage":0,"enemies":"Small Slimes","floor":2,"turns":4},{"damage":0,"enemies":"Cultist","floor":3,"turns":3},{"damage":6,"enemies":"Jaw Worm","floor":4,"turns":2},{"damage":26,"enemies":"Lagavulin","floor":8,"turns":6},{"damage":2,"enemies":"Blue Slaver","floor":9,"turns":3},{"damage":0,"enemies":"downfall:FleeingMerchant","floor":10,"turns":4},{"damage":11,"enemies":"Exordium Wildlife","floor":11,"turns":2},{"damage":11,"enemies":"2 Fungi Beasts","floor":13,"turns":3},{"damage":32,"enemies":"Gremlin Nob","floor":14,"turns":4},{"damage":0,"enemies":"Large Slime","floor":15,"turns":3},{"damage":55,"enemies":"DF_ARCHETYPE_STREAMLINE","floor":16,"turns":9}],"seed_played":"7985909177176296557","potions_obtained":[{"floor":2,"key":"FairyPotion"},{"floor":4,"key":"champ:CounterPotion"},{"floor":11,"key":"Strength Potion"},{"floor":15,"key":"Explosive Potion"}],"is_trial":false,"path_per_floor":["R","M","M","M","?","R","T","E","M","$","M","R","M","E","M","B"],"character_chosen":"THE_SPIRIT","items_purchased":["ReplayTheSpireMod:CursedCoin","Gremlin Horn"],"campfire_rested":1,"item_purchase_floors":[10,10],"current_hp_per_floor":[77,77,77,71,71,71,71,45,43,43,32,55,44,12,12,0,0,0],"gold":113,"neow_bonus":"TEN_PERCENT_HP_BONUS","is_daily":false,"chose_seed":false,"campfire_upgraded":2,"win_rate":0.0,"timestamp":1613152827,"path_taken":["R","M","M","M","?","R","T","E","M","?","M","R","M","E","M","BOSS"],"items_purchased_type":["Relic","Relic"],"build_version":"2020-12-22","purchased_purges":1,"victory":false,"max_hp_per_floor":[77,77,77,77,77,77,77,77,77,77,77,77,77,77,77,77,77,77],"card_choices":[{"not_picked":["hexamod:Firestarter","hexamod:ChargedBarrage"],"picked":"hexamod:HauntingEcho","floor":2},{"not_picked":["hexamod:SwordOfDarkness","hexamod:Hexaguard"],"picked":"hexamod:HauntingEcho","floor":3},{"not_picked":["hexamod:GhostLash","hexamod:ShieldOfDarkness"],"picked":"hexamod:ExtraCrispy","floor":4},{"not_picked":["hexamod:GhostflameInferno","hexamod:SwordOfDarkness"],"picked":"hexamod:SoulSteal","floor":8},{"not_picked":["hexamod:GhostShield","hexamod:BacktrackSmack"],"picked":"hexamod:EtherealExpedition","floor":9},{"not_picked":["hexamod:UnleashSpirits","hexamod:EtherealExpedition"],"picked":"hexamod:SearingWound","floor":10},{"not_picked":["hexamod:BacktrackSmack","hexamod:SwordOfDarkness","hexamod:ThermalTransfer"],"picked":"SKIP","floor":11},{"not_picked":["hexamod:GhostShield","hexamod:HeatCrush","hexamod:EtherealExpedition"],"picked":"SKIP","floor":13},{"not_picked":["hexamod:SwordOfDarkness","hexamod:NightmareStrike"],"picked":"hexamod:SoulSteal","floor":14},{"not_picked":["hexamod:Incineration","hexamod:ExtraCrispy"],"picked":"hexamod:GhostOfSpirePast","floor":15}],"player_experience":309557,"relics_obtained":[{"floor":7,"key":"ReplayTheSpireMod:Lightbulb"},{"floor":8,"key":"Shuriken"},{"floor":14,"key":"Matryoshka"}],"event_choices":[],"is_beta":false,"boss_relics":[],"items_purged_floors":[10],"is_endless":false,"potions_floor_spawned":[2,4,11,13,14,15],"killed_by":"DF_ARCHETYPE_STREAMLINE","ascension_level":0}}