{"host":"1focbxb2e8qu7ccd","time":1613150429,"event":{"mods":["AchievementEnabler","BaseMod","Bestiary","Highlight Path","Minty Spire (QoL Compilation)","Relic Stats"],"gold_per_floor":[14,14,34,49,9,38,38,71,95,95,106,106,71,86,86,175,175,199,84,124,148,148,184,203,203,252,252,252],"floor_reached":27,"language":"ENG","playtime":1833,"items_purged":["Flechettes"],"score":482,"play_id":"0032572b-5e41-41d5-99fa-c69ae448848a","local_time":"20210212122029","is_ascension_mode":true,"campfire_choices":[{"data":"Die Die Die","floor":7.0,"key":"SMITH"},{"data":"Poisoned Stab","floor":10.0,"key":"SMITH"},{"data":"Footwork","floor":15.0,"key":"SMITH"},{"floor":25,"key":"REST"}],"circlet_count":0,"master_deck":["AscendersBane","Survivor","Neutralize","Die Die Die+1","Infinite Blades","Backflip","Sucker Punch","Poisoned Stab+1","Masterful Stab","Adrenaline","Footwork+1","Dodge and Roll","Malaise","Dash","Accuracy","Wraith Form v2","Tactician","Dagger Throw","Calculated Gamble","Bullet Time","Leg Sweep","Footwork","Footwork+1"],"relics":["Ring of the Snake","Bronze Scales","Happy Flower","Golden Idol","Pandora\u0027s Box","Red Mask","The Specimen","Oddly Smooth Stone"],"acts_visited":["Exordium","TheCity"],"potions_floor_usage":[24,27],"damage_taken":[{"damage":1.0,"enemies":"Cultist","floor":1.0,"turns":5.0},{"damage":7.0,"enemies":"Small Slimes","floor":3.0,"turns":3.0},{"damage":0.0,"enemies":"2 Louse","floor":4.0,"turns":2.0},{"damage":0.0,"enemies":"Looter","floor":5.0,"turns":4.0},{"damage":20.0,"enemies":"Lagavulin","floor":6.0,"turns":7.0},{"damage":10.0,"enemies":"3 Sentries","floor":8.0,"turns":5.0},{"damage":2.0,"enemies":"Exordium Wildlife","floor":11.0,"turns":3.0},{"damage":0.0,"enemies":"Lots of Slimes","floor":14.0,"turns":2.0},{"damage":16.0,"enemies":"The Guardian","floor":16.0,"turns":14.0},{"damage":0.0,"enemies":"Chosen","floor":18.0,"turns":4.0},{"damage":1.0,"enemies":"Masked Bandits","floor":20.0,"turns":4.0},{"damage":0.0,"enemies":"3 Byrds","floor":21.0,"turns":4.0},{"damage":41,"enemies":"Gremlin Leader","floor":23,"turns":9},{"damage":17,"enemies":"Cultist and Chosen","floor":24,"turns":6},{"damage":33,"enemies":"Slavers","floor":27,"turns":3}],"seed_played":"-4451012578228456899","potions_obtained":[{"floor":1.0,"key":"ColorlessPotion"},{"floor":4.0,"key":"Strength Potion"},{"floor":8.0,"key":"Dexterity Potion"},{"floor":11.0,"key":"LiquidMemories"},{"floor":24,"key":"Weak Potion"}],"is_trial":false,"path_per_floor":["M","?","M","M","M","E","R","E","T","R","M","?","?","M","R","B",null,"M","$","?","M","?","E","M","R","T","E"],"character_chosen":"THE_SILENT","items_purchased":["Footwork"],"campfire_rested":1,"item_purchase_floors":[19],"current_hp_per_floor":[58,58,51,51,51,31,31,21,21,21,19,19,34,34,34,18,50,50,50,49,49,70,29,12,33,33,0,0],"gold":252,"neow_bonus":"THREE_RARE_CARDS","is_daily":false,"chose_seed":false,"campfire_upgraded":3,"win_rate":0.0,"timestamp":1613150429,"path_taken":["M","?","M","M","M","E","R","E","T","R","M","?","?","M","R","BOSS","M","$","?","M","?","E","?","R","T","E"],"items_purchased_type":["Card"],"build_version":"2020-12-22","purchased_purges":1,"victory":false,"max_hp_per_floor":[66,66,66,66,66,66,66,66,66,66,66,60,60,60,60,60,60,60,60,60,60,70,70,70,70,70,70,70],"relic_stats":{"Happy Flower":[16],"counters":[15,75],"Golden Idol":50,"Bronze Scales":[207],"Pandora\u0027s Box":["Malaise","Dash","Accuracy","Flechettes","Wraith Form v2","Tactician","Dagger Throw","Calculated Gamble","Bullet Time"],"obtain_stats":[{"Happy Flower":8,"The Specimen":23,"Golden Idol":12,"Bronze Scales":6,"Oddly Smooth Stone":26,"Pandora\u0027s Box":17,"Red Mask":20,"Ring of the Snake":0},{"Happy Flower":6,"The Specimen":13,"Golden Idol":7,"Bronze Scales":5,"Oddly Smooth Stone":14,"Pandora\u0027s Box":9,"Red Mask":11,"Ring of the Snake":0},{"Happy Flower":26,"The Specimen":66,"Golden Idol":29,"Bronze Scales":21,"Oddly Smooth Stone":72,"Pandora\u0027s Box":45,"Red Mask":53,"Ring of the Snake":0}],"Ring of the Snake":[30]},"card_choices":[{"not_picked":["Wraith Form v2","Envenom"],"picked":"Die Die Die","floor":0.0},{"not_picked":["Eviscerate","Well Laid Plans","Prepared"],"picked":"SKIP","floor":1.0},{"not_picked":["Prepared","Setup"],"picked":"Backflip","floor":3.0},{"not_picked":["Backflip","Blur"],"picked":"Sucker Punch","floor":4.0},{"not_picked":["Phantasmal Killer","Outmaneuver"],"picked":"Poisoned Stab","floor":5.0},{"not_picked":["Dodge and Roll","PiercingWail"],"picked":"Masterful Stab","floor":6.0},{"not_picked":["Calculated Gamble","Slice"],"picked":"Adrenaline","floor":8.0},{"not_picked":["PiercingWail","Reflex"],"picked":"Footwork","floor":11.0},{"not_picked":["Dagger Throw","Flying Knee"],"picked":"Dodge and Roll","floor":14.0},{"not_picked":["Storm of Steel","Venomology"],"picked":"Burst","floor":16.0},{"not_picked":["Slice","Dagger Throw"],"picked":"Leg Sweep","floor":18.0},{"not_picked":["Cloak And Dagger","Underhanded Strike","Sucker Punch"],"picked":"SKIP","floor":21.0},{"not_picked":["Blade Dance","Noxious Fumes"],"picked":"Footwork+1","floor":23},{"not_picked":["Poisoned Stab","Flying Knee","Flechettes+1"],"picked":"SKIP","floor":24}],"player_experience":941964,"relics_obtained":[{"floor":6.0,"key":"Bronze Scales"},{"floor":8.0,"key":"Happy Flower"},{"floor":20.0,"key":"Red Mask"},{"floor":23,"key":"The Specimen"},{"floor":26,"key":"Oddly Smooth Stone"}],"event_choices":[{"damage_healed":0.0,"max_hp_gain":0.0,"max_hp_loss":0.0,"gold_gain":0.0,"cards_transformed":["Strike_G"],"event_name":"Living Wall","player_choice":"Change","floor":2.0,"gold_loss":0.0,"damage_taken":0.0,"cards_obtained":["Infinite Blades"]},{"damage_healed":0.0,"max_hp_gain":0.0,"max_hp_loss":6.0,"gold_gain":0.0,"event_name":"Golden Idol","player_choice":"Lose Max HP","floor":12.0,"gold_loss":0.0,"damage_taken":0.0,"relics_obtained":["Golden Idol"]},{"damage_healed":15.0,"max_hp_gain":0.0,"max_hp_loss":0.0,"gold_gain":0.0,"event_name":"The Cleric","player_choice":"Healed","floor":13.0,"gold_loss":35.0,"damage_taken":0.0},{"damage_healed":0.0,"max_hp_gain":0.0,"max_hp_loss":0.0,"gold_gain":0.0,"event_name":"Masked Bandits","player_choice":"Fought Bandits","floor":20.0,"gold_loss":0.0,"damage_taken":0.0},{"cards_removed":["Burst"],"damage_healed":11.0,"max_hp_gain":10.0,"max_hp_loss":0.0,"gold_gain":0.0,"event_name":"Bonfire Elementals","player_choice":"Offered Rare","floor":22.0,"gold_loss":0.0,"damage_taken":0.0}],"is_beta":false,"boss_relics":[{"not_picked":["Sozu","Ectoplasm"],"picked":"Pandora\u0027s Box"}],"items_purged_floors":[19],"is_endless":false,"potions_floor_spawned":[1,4,8,11,20,23,24],"killed_by":"Slavers","ascension_level":20}}