{"host":"og21o26alpnbwmz8","time":1613143079,"event":{"mods":["Act Like it!","Aspiration","BaseMod","Conspire","Downfall","Gensokyo","Halation","Hubris","Jedi Mod","Mimic Mod","Minty Spire (QoL Compilation)","Pale of the Ancients","Reliquary","Replay The Spire","Shop Mod","Spikes Relics","StSLib","The Alterego","The Blue Laboratory","The Poker Player","The Witch","Waifu the Spire","Yuri Mod"],"gold_per_floor":[114,114,114,124,124,155,155,168,168,19,31,49,69,69,69,269,269,285,297,311,71,83,83,88,88,88,88,119,119,119,139,139,261,261,295,308,218,249,139,139,156,156,180,216,228,228,228,289,289,314,314,314,81,138,164],"floor_reached":56,"language":"ENG","playtime":3561,"items_purged":["SkullFlask"],"score":1271,"play_id":"e9e60208-0e83-4e0c-8af3-bb859a69a9b4","local_time":"20210212101759","is_ascension_mode":false,"campfire_choices":[{"data":"Hexguard","floor":7,"key":"SMITH"},{"data":"SummonRatFamiliar","floor":15,"key":"SMITH"},{"data":"VileEgg","floor":23,"key":"SMITH"},{"data":"Bewitch","floor":27,"key":"SMITH"},{"data":"Twitch","floor":32,"key":"SMITH"},{"data":"GrimVengeance","floor":40,"key":"SMITH"},{"data":"HandOfGreed","floor":42,"key":"SMITH"},{"data":"ChosenOfTheMoon","floor":46,"key":"SMITH"},{"floor":49,"key":"RECALL"},{"data":"Secret Weapon","floor":52,"key":"SMITH"}],"circlet_count":0,"master_deck":["PlagueSpreader+1","Hexguard+1","ZombieSpit+1","Survey Options","Bewitch+1","PlagueSpreader","SummonRatFamiliar+1","Trip","Twitch+1","Schadenfreude+1","VileEgg+1","HandOfGreed+1","hubris:NaturalOne","SaltCircle","ChosenOfTheMoon+1","BoneCarving+1","Gensokyo:CustomPotion","GrimVengeance+1","Secret Weapon+1","Sharp Hide+1","jedi:forcepull","Finesse","Sharp Hide","PlatinumSkin"],"relics":["BlackCat","NeowsBlessing","Replay:PocketPolymizer","reliquary:BallBearing","Guardian:BottledAnomaly","hubris:Icosahedron","Sozu","LugNut","Sundial","ReplayTheSpireMod:Shallot","Ring of Chaos","Lizard Tail","Guardian:PocketSentry","Pet Ghost"],"acts_visited":["Exordium","TheCity","TheCity","TheEnding"],"potions_floor_usage":[],"damage_taken":[{"damage":0,"enemies":"conspire:RoseBush","floor":1,"turns":1},{"damage":0,"enemies":"Small Slimes","floor":4,"turns":1},{"damage":0,"enemies":"3 Sentries","floor":6,"turns":2},{"damage":0,"enemies":"Jaw Worm","floor":8,"turns":3},{"damage":5,"enemies":"Looter","floor":11,"turns":3},{"damage":6,"enemies":"2 Fungi Beasts","floor":12,"turns":3},{"damage":0,"enemies":"Blue Slaver","floor":13,"turns":4},{"damage":31,"enemies":"The Guardian","floor":16,"turns":6},{"damage":18,"enemies":"2 Thieves","floor":18,"turns":4},{"damage":11,"enemies":"3 Byrds","floor":19,"turns":5},{"damage":5,"enemies":"Centurion and Healer","floor":20,"turns":5},{"damage":0,"enemies":"Cultist and Chosen","floor":22,"turns":7},{"damage":0,"enemies":"Replay:Snechameleon","floor":24,"turns":4},{"damage":0,"enemies":"Shelled Parasite and Fungi","floor":28,"turns":4},{"damage":0,"enemies":"Snecko","floor":31,"turns":4},{"damage":0,"enemies":"Champ","floor":33,"turns":8},{"damage":2,"enemies":"Gensokyo:AncientGuardian","floor":35,"turns":6},{"damage":0,"enemies":"Gensokyo:3_Bats","floor":36,"turns":5},{"damage":16,"enemies":"conspire:MimicChest","floor":38,"turns":7},{"damage":0,"enemies":"Gensokyo:SeedOfUnknown","floor":41,"turns":5},{"damage":0,"enemies":"Gensokyo:3_Boulders","floor":44,"turns":5},{"damage":16,"enemies":"Gensokyo:Sharpion","floor":45,"turns":5},{"damage":0,"enemies":"Gensokyo:Dusk_and_Dawn","floor":48,"turns":5},{"damage":1,"enemies":"Gensokyo:Yuyuko","floor":50,"turns":6},{"damage":14,"enemies":"Shield and Spear","floor":54,"turns":6},{"damage":37,"enemies":"The Heart","floor":55,"turns":9}],"seed_played":"-3726298229843256561","potions_obtained":[{"floor":8,"key":"Dexterity Potion"},{"floor":13,"key":"blueLaboratory:BottleOfVodka"},{"floor":16,"key":"FairyPotion"}],"is_trial":false,"path_per_floor":["M","?","?","M","?","E","R","M","T","$","M","M","M","?","R","B",null,"M","M","M","$","M","R","E","?","T","R","M","?","$","M","R","B",null,"M","M","?","?","$","R","M","R","T","M","M","R","?","M","R","B",null,"R","$","E","B",null],"character_chosen":"WITCH","items_purchased":["Guardian:BottledAnomaly","LugNut","GrimVengeance","Guardian:PocketSentry","PlatinumSkin"],"campfire_rested":0,"item_purchase_floors":[10,21,39,53,53],"current_hp_per_floor":[67,67,67,67,54,54,54,54,54,54,49,43,43,43,43,12,67,49,38,33,33,36,36,41,41,41,41,46,46,46,51,51,56,67,65,67,67,51,51,51,56,56,56,66,60,60,60,67,67,67,67,67,67,58,27],"gold":164,"neow_bonus":"THREE_ENEMY_KILL","is_daily":false,"chose_seed":false,"campfire_upgraded":9,"win_rate":0.0,"timestamp":1613143079,"path_taken":["M","?","?","M","?","E","R","M","T","?","M","M","?","?","R","BOSS","M","M","M","$","M","R","E","?","T","R","M","?","$","M","R","BOSS","M","M","?","?","?","R","?","R","T","M","M","R","?","M","R","BOSS","R","$","E","BOSS"],"items_purchased_type":["Relic","Relic","Card","Relic","Card"],"build_version":"2020-12-22","purchased_purges":1,"victory":true,"max_hp_per_floor":[67,67,67,67,67,67,67,67,67,67,67,67,67,67,67,67,67,67,67,67,67,67,67,67,67,67,67,67,67,67,67,67,67,67,67,67,67,67,67,67,67,67,67,67,67,67,67,67,67,67,67,67,67,67,67],"card_choices":[{"not_picked":["BleedOut","RiteOfSummer","Decrepify"],"picked":"SKIP","floor":1},{"not_picked":["RiteOfAutumn","Bewitch","SoulBarrier"],"picked":"SKIP","floor":4},{"not_picked":["WickedThoughts","Broomstick","Demonfyre"],"picked":"SKIP","floor":6},{"not_picked":["CrystalResonance","WickedThoughts"],"picked":"SkullFlask","floor":8},{"not_picked":["SaltCircle","MercuryWand"],"picked":"Bewitch","floor":11},{"not_picked":["BlackBolt","MercuryWand"],"picked":"PlagueSpreader","floor":12},{"not_picked":["Shrooms","DarkProcession"],"picked":"SummonRatFamiliar","floor":13},{"not_picked":["StrangeBrew","EternalThirst"],"picked":"Twitch","floor":16},{"not_picked":["Bewitch","GnarledBody+1"],"picked":"Schadenfreude+1","floor":18},{"not_picked":["BlackShield","Bewitch","SkullFlask"],"picked":"SKIP","floor":19},{"not_picked":["MercuryWand","MagicFang"],"picked":"VileEgg","floor":20},{"not_picked":["SkullFlask+1","GnarledBody+1","CrystalResonance+1"],"picked":"SKIP","floor":22},{"not_picked":["Demonfyre","SkullFlask+1","BleedOut"],"picked":"SKIP","floor":24},{"not_picked":["Athame","SaltCircle+1","SkullFlask"],"picked":"SKIP","floor":28},{"not_picked":["Demonfyre+1","WickedThoughts","SoulBarrier+1"],"picked":"SKIP","floor":31},{"not_picked":["SummonToadFamiliar","DireShriek"],"picked":"ChosenOfTheMoon","floor":33},{"not_picked":["Broomstick","BlackShield+1"],"picked":"BoneCarving+1","floor":35},{"not_picked":["SummonRatFamiliar+1","Pillage","Harmlessness"],"picked":"SKIP","floor":36},{"not_picked":["MementoMori","Athame","RiteOfWinter+1"],"picked":"SKIP","floor":41},{"not_picked":["SummonCatFamiliar+1","MercuryWand+1","BoneCarving+1"],"picked":"SKIP","floor":44},{"not_picked":["Bewitch","Demonfyre","Schadenfreude"],"picked":"SKIP","floor":45},{"not_picked":["TwistedMind","KarmaDrain","Atonement+1"],"picked":"SKIP","floor":48},{"not_picked":["MysticUnburial","UnnaturalEnergy","BlackShield+1"],"picked":"SKIP","floor":54}],"player_experience":251836,"relics_obtained":[{"floor":6,"key":"Replay:PocketPolymizer"},{"floor":9,"key":"reliquary:BallBearing"},{"floor":24,"key":"Sundial"},{"floor":26,"key":"ReplayTheSpireMod:Shallot"},{"floor":38,"key":"Lizard Tail"},{"floor":54,"key":"Pet Ghost"}],"event_choices":[{"damage_healed":0,"gold_gain":0,"player_choice":"Agree","damage_taken":0,"max_hp_gain":0,"max_hp_loss":0,"event_name":"conspire:LoneGhost","floor":3,"gold_loss":0},{"damage_healed":0,"gold_gain":0,"player_choice":"Entered Light","damage_taken":13,"max_hp_gain":0,"max_hp_loss":0,"event_name":"Shining Light","floor":5,"gold_loss":0,"cards_upgraded":["conspire:GhostlyStrike","conspire:GhostlyStrike"]},{"damage_healed":0,"gold_gain":0,"player_choice":"Ignored","damage_taken":0,"max_hp_gain":0,"max_hp_loss":0,"event_name":"Vampires","floor":25,"gold_loss":0}],"is_beta":false,"boss_relics":[{"not_picked":["Replay:Grab Bag","Snecko Heart"],"picked":"Sozu"},{"not_picked":["Tiny House","halation:CatFaceCupcake"],"picked":"Ring of Chaos"}],"items_purged_floors":[39],"is_endless":false,"potions_floor_spawned":[8,13,16,18,19,20,28,31,35,41,45,48],"ascension_level":0}}