{"host":"clf2hd4adhiiw0zf","time":1613121795,"event":{"mods":["AchievementEnabler","BaseMod","Beaked The Cultist","Bestiary","Dark Map","Downfall","Gremlin Mod","Hermit","Jorbs\u0027s Wanderer Trilogy","Marisa????????","Minty Spire (QoL Compilation)","Shop Mod","StSLib","The Cursed","The Servant 0.9.4","Wide Potions"],"gold_per_floor":[99,117,217,217,217,217,217,235,249,261,279,279,311,329,343,444,444,444,461,461,461,474,64,64,49,61,61,88,88,105,105,125,221,221,21,31,51,104,6,6,57,73,73,98,98,116,145,145,157,157],"floor_reached":51,"language":"ENG","playtime":2430,"items_purged":[],"score":1063,"play_id":"dc7824cb-9f3e-445d-9a1c-134eaf0a042e","local_time":"20210212022315","is_ascension_mode":true,"campfire_choices":[{"data":"champ:Execute","floor":1,"key":"SMITH"},{"floor":12,"key":"REST"},{"floor":18,"key":"RECALL"},{"data":"champ:TripleStrike","floor":27,"key":"SMITH"},{"data":"champ:SteelEdge","floor":29,"key":"SMITH"},{"data":"champ:Improvising","floor":35,"key":"SMITH"},{"data":"champ:HoldFirm","floor":40,"key":"SMITH"},{"data":"champ:GladiatorForm","floor":43,"key":"SMITH"},{"floor":45,"key":"REST"}],"circlet_count":0,"master_deck":["champ:Strike","champ:Strike","champ:Strike","champ:Strike","champ:Defend","champ:Defend","champ:Defend","champ:Defend","champ:Execute+1","champ:Taunt","champ:LastStand","champ:Backstep","champ:BladeFlurry","champ:HoldFirm+1","champ:TornadoPunch","champ:FanOfKnives","champ:TripleStrike+1","champ:RapidStrikes","champ:BerserkerStyle","champ:FaceSlap","champ:GladiatorForm+1","champ:RapidStrikes+1","champ:FaceSlap","champ:PerfectedStrike","downfall:Bewildered","Clumsy","champ:SteelEdge+1","champ:StanceDance","champ:BringItOn","champ:Duel+1","Regret","TheCursedMod:Dregs","champ:PreciseThrust","champ:Improvising+1","champ:FlashCut+1","champ:EnragedBash","champ:Shatter","champ:Endure+1","champ:GladiatorStyle","champ:LastStand","TheCursedMod:Dregs","Pain","champ:ShieldThrow","champ:PerfectedStrike","champ:PerfectedStrike+1","champ:CrookedStrike+1"],"relics":["champ:ChampionCrown","Champion Belt","champ:LiftRelic","Question Card","champ:DefensiveTrainingManual","SlaversCollar","Letter Opener","downfall:ExtraCursedKey","Darkstone Periapt","OrangePellets","Shuriken","Potion Belt","Lizard Tail","Runic Dome","downfall:HeartBlessingRed","downfall:HeartBlessingGreen","CatCart","Mummified Hand","DollysMirror","Regal Pillow","Guardian:PocketSentry"],"acts_visited":["Exordium","TheCity","TheBeyond"],"potions_floor_usage":[15,33,33,38,47,50,50],"damage_taken":[{"damage":24,"enemies":"Jaw Worm","floor":2,"turns":4},{"damage":60,"enemies":"Jaw Worm","floor":3,"turns":6},{"damage":0,"enemies":"Small Slimes","floor":8,"turns":3},{"damage":10,"enemies":"2 Louse","floor":9,"turns":2},{"damage":0,"enemies":"Exordium Thugs","floor":10,"turns":4},{"damage":0,"enemies":"Blue Slaver","floor":11,"turns":3},{"damage":4,"enemies":"Gremlin Nob","floor":13,"turns":3},{"damage":0,"enemies":"3 Louse","floor":14,"turns":2},{"damage":6,"enemies":"Exordium Thugs","floor":15,"turns":3},{"damage":30,"enemies":"SI_SHIV_ARCHETYPE","floor":16,"turns":5},{"damage":32,"enemies":"Spheric Guardian","floor":19,"turns":5},{"damage":31,"enemies":"3 Byrds","floor":22,"turns":5},{"damage":15,"enemies":"downfall:FleeingMerchant","floor":23,"turns":4},{"damage":0,"enemies":"downfall:FleeingMerchant","floor":25,"turns":4},{"damage":12,"enemies":"Cultist and Chosen","floor":26,"turns":3},{"damage":31,"enemies":"Gremlin Leader","floor":28,"turns":5},{"damage":26,"enemies":"Centurion and Healer","floor":30,"turns":4},{"damage":24,"enemies":"Snecko","floor":32,"turns":3},{"damage":31,"enemies":"IC_MUSHROOM_ARCHETYPE","floor":33,"turns":3},{"damage":48,"enemies":"3 Darklings","floor":36,"turns":4},{"damage":21,"enemies":"Orb Walker","floor":37,"turns":3},{"damage":79,"enemies":"Orin","floor":38,"turns":12},{"damage":20,"enemies":"downfall:FleeingMerchant","floor":39,"turns":3},{"damage":17,"enemies":"3 Darklings","floor":42,"turns":4},{"damage":6,"enemies":"Nemesis","floor":44,"turns":5},{"damage":24,"enemies":"Transient","floor":46,"turns":5},{"damage":26,"enemies":"Giant Head","floor":47,"turns":5},{"damage":15,"enemies":"Jaw Worm Horde","floor":49,"turns":3},{"damage":98,"enemies":"WA_ARCHETYPE_DIVINITY","floor":50,"turns":9}],"seed_played":"4586016279927236960","potions_obtained":[{"floor":9,"key":"sneckomod:MuddlingPotion"},{"floor":10,"key":"SkillPotion"},{"floor":16,"key":"BlessingOfTheForge"},{"floor":30,"key":"SkillPotion"},{"floor":32,"key":"Weak Potion"},{"floor":38,"key":"Swift Potion"},{"floor":42,"key":"PowerPotion"},{"floor":44,"key":"Ancient Potion"},{"floor":47,"key":"Block Potion"},{"floor":49,"key":"DistilledChaos"}],"is_trial":false,"path_per_floor":["R","M","?","?","?","?","T","M","M","M","M","R","E","M","M","B",null,"R","M","?","?","M","$","T","$","M","R","E","R","M","T","M","B",null,"R","M","M","?","$","R","T","M","R","E","R","M","E","?","M","B",null],"character_chosen":"THE_CHAMP","items_purchased":["Darkstone Periapt","OrangePellets","Mummified Hand","champ:GladiatorStyle","DollysMirror"],"campfire_rested":2,"item_purchase_floors":[23,23,39,39,39],"current_hp_per_floor":[63,59,19,19,19,14,14,14,14,14,14,41,37,37,31,28,90,90,75,75,75,61,61,73,73,61,61,61,61,35,47,44,28,114,114,81,60,53,33,33,45,33,33,32,84,60,49,110,110,47],"gold":157,"neow_bonus":"THREE_RARE_CARDS","is_daily":false,"chose_seed":false,"campfire_upgraded":6,"win_rate":0.0,"timestamp":1613121795,"path_taken":["R","M","?","?","?","?","T","M","M","M","?","R","E","M","M","BOSS","R","M","?","?","M","?","T","$","M","R","E","R","?","?","M","BOSS","R","M","M","?","$","R","T","M","R","E","R","M","E","?","M","BOSS"],"items_purchased_type":["Relic","Relic","Relic","Card","Relic"],"build_version":"2020-12-22","purchased_purges":0,"victory":true,"max_hp_per_floor":[90,90,90,90,90,90,90,90,90,90,90,90,90,90,90,90,90,90,90,90,90,90,90,102,102,102,102,102,102,102,114,114,114,114,114,114,114,114,114,114,126,126,126,126,126,126,126,110,110,110],"card_choices":[{"not_picked":["champ:UltimateStance","champ:DancingMaster"],"picked":"champ:LastStand","floor":0},{"not_picked":["champ:DefensiveShout","champ:Circumvent"],"picked":"champ:Backstep","floor":2},{"not_picked":["champ:PreciseThrust","champ:Circumvent"],"picked":"champ:BladeFlurry","floor":3},{"not_picked":["champ:EndlessRage","champ:FancyFootwork","champ:DefensiveShout"],"picked":"champ:HoldFirm","floor":8},{"not_picked":["champ:PreciseThrust","champ:ShieldSigil","champ:CrownThrow"],"picked":"champ:TornadoPunch","floor":9},{"not_picked":["champ:Haymaker","champ:Circumvent","champ:BladeFlurry"],"picked":"champ:FanOfKnives","floor":10},{"not_picked":["champ:TornadoPunch","champ:ShieldSlam","champ:DefensiveShout"],"picked":"champ:TripleStrike","floor":11},{"not_picked":["champ:SetATrap","champ:Circumvent","champ:BladeFlurry"],"picked":"champ:RapidStrikes","floor":13},{"not_picked":["champ:FalseCounter","champ:HeartStrike","champ:ShieldSigil"],"picked":"champ:BerserkerStyle","floor":14},{"not_picked":["champ:FanOfKnives","champ:PreciseThrust","champ:Encircle"],"picked":"champ:FaceSlap","floor":15},{"not_picked":["champ:IgnorePain","champ:VampiricStrike","champ:Improvising"],"picked":"champ:GladiatorForm","floor":16},{"not_picked":["champ:FanOfKnives","champ:AdrenalArmor","champ:StanceDance"],"picked":"champ:RapidStrikes+1","floor":19},{"not_picked":["champ:Shatter","champ:EnragedBash","champ:ArenaPreparation"],"picked":"champ:FaceSlap","floor":22},{"not_picked":["champ:RisingSlash+1","champ:PreemptiveStrike","champ:GladiatorStyle"],"picked":"champ:PerfectedStrike","floor":23},{"not_picked":["champ:Encircle+1","champ:DeathBlow+1","champ:SwordSigil"],"picked":"champ:SteelEdge","floor":25},{"not_picked":["champ:ShieldSlam","champ:Parry+1","champ:SetATrap"],"picked":"champ:StanceDance","floor":26},{"not_picked":["champ:RageSigil","champ:RecklessLeap","champ:BladeFlurry"],"picked":"champ:BringItOn","floor":28},{"not_picked":["champ:ShieldSigil","champ:EndlessRage","champ:Shatter"],"picked":"champ:Duel+1","floor":30},{"not_picked":["champ:DefensiveShout+1","champ:RecklessLeap","champ:Circumvent"],"picked":"champ:PreciseThrust","floor":32},{"not_picked":["champ:EnchantCrown","champ:CheapShot","champ:HoldFirm"],"picked":"champ:Improvising","floor":33},{"not_picked":["champ:FalseCounter","champ:PreciseThrust+1","champ:Backstep+1"],"picked":"champ:FlashCut+1","floor":36},{"not_picked":["champ:Backstep","champ:BladeFlurry+1","champ:EndlessRage+1"],"picked":"champ:EnragedBash","floor":37},{"not_picked":["champ:TornadoPunch+1","champ:StanceDance+1","champ:FaceSlap"],"picked":"champ:Shatter","floor":38},{"not_picked":["champ:Circumvent+1","champ:HeavySlash","champ:RageSigil+1"],"picked":"champ:Endure+1","floor":39},{"not_picked":["champ:BladeFlurry","champ:Shatter+1","champ:GutPunch+1","champ:ShieldSlam+1"],"picked":"SKIP","floor":42},{"not_picked":["champ:PreemptiveStrike+1","champ:RisingSlash+1","champ:ArenaPreparation+1"],"picked":"champ:ShieldThrow","floor":44},{"not_picked":["champ:FancyFootwork","champ:TornadoPunch","champ:ArenaPreparation"],"picked":"champ:PerfectedStrike","floor":46},{"not_picked":["champ:FaceSlap","champ:Backstep+1","champ:FlashCut"],"picked":"champ:PerfectedStrike+1","floor":47},{"not_picked":["champ:FocusedBerserking","champ:FaceSlap","champ:Circumvent"],"picked":"champ:CrookedStrike+1","floor":49}],"player_experience":232293,"relics_obtained":[{"floor":3,"key":"Champion Belt"},{"floor":7,"key":"Question Card"},{"floor":13,"key":"champ:DefensiveTrainingManual"},{"floor":24,"key":"Shuriken"},{"floor":28,"key":"Potion Belt"},{"floor":31,"key":"Lizard Tail"},{"floor":38,"key":"CatCart"},{"floor":44,"key":"Regal Pillow"},{"floor":47,"key":"Guardian:PocketSentry"}],"event_choices":[{"damage_healed":0,"gold_gain":0,"player_choice":"Fight","damage_taken":0,"max_hp_gain":0,"max_hp_loss":0,"event_name":"OrinTheCat","floor":38,"gold_loss":0}],"is_beta":false,"boss_relics":[{"not_picked":["champ:PowerArmor","champ:ChampionCrownUpgraded"],"picked":"SlaversCollar"},{"not_picked":["Velvet Choker","Pandora\u0027s Box"],"picked":"Runic Dome"}],"items_purged_floors":[],"is_endless":false,"potions_floor_spawned":[9,10,14,16,19,26,30,32,38,42,44,47,49],"ascension_level":3}}