{"host":"y3h3n3f7seyagppx","time":1613159837,"event":{"mods":["AlwaysNeverKeys","BaseMod","Better Vampires","Colored Powertips","DeckTracker","Emptier Cage","Minty Spire (QoL Compilation)","Permanent Neow","Quick Restart","Rare Cards Sparkle","Relic Sorter","Relic Stats","StSLib","Transform Curses"],"gold_per_floor":[117,117,117,11,25,25,50,68,95,95,127,138,173,191,191,191,191],"floor_reached":16,"language":"ENG","playtime":13208,"items_purged":[],"score":240,"play_id":"cf4b407d-6f08-44bb-9750-b9d37cc83852","local_time":"20210212145717","is_ascension_mode":true,"campfire_choices":[{"data":"Armaments","floor":6,"key":"SMITH"},{"data":"Body Slam","floor":10,"key":"SMITH"},{"floor":15,"key":"REST"}],"circlet_count":0,"master_deck":["AscendersBane","Strike_R","Strike_R+1","Strike_R","Defend_R","Defend_R","Defend_R","Defend_R","Bash+1","Rage","Pommel Strike","Armaments+1","Twin Strike","Body Slam+1","Brutality","Battle Trance","Flame Barrier"],"relics":["Burning Blood","Tiny Chest","Art of War","PreservedInsect","Bronze Scales"],"acts_visited":["Exordium"],"potions_floor_usage":[12,16],"damage_taken":[{"damage":2,"enemies":"2 Louse","floor":1,"turns":4},{"damage":10,"enemies":"Small Slimes","floor":5,"turns":5},{"damage":31,"enemies":"Gremlin Nob","floor":7,"turns":4},{"damage":0,"enemies":"Jaw Worm","floor":8,"turns":3},{"damage":16,"enemies":"Lagavulin","floor":11,"turns":6},{"damage":8,"enemies":"Exordium Thugs","floor":12,"turns":4},{"damage":8,"enemies":"3 Sentries","floor":13,"turns":7},{"damage":14,"enemies":"Red Slaver","floor":14,"turns":3},{"damage":40,"enemies":"Slime Boss","floor":16,"turns":7}],"seed_played":"-6324816801515718808","potions_obtained":[{"floor":8,"key":"ElixirPotion"},{"floor":12,"key":"BlessingOfTheForge"},{"floor":13,"key":"LiquidBronze"}],"is_trial":false,"path_per_floor":["M","?","?","$","M","R","E","M","T","R","E","M","E","M","R","B"],"character_chosen":"IRONCLAD","items_purchased":["BloodPotion","Armaments"],"campfire_rested":1,"item_purchase_floors":[4,4],"current_hp_per_floor":[68,61,41,41,37,37,12,18,18,18,8,19,17,9,29,0,0],"gold":191,"neow_bonus":"TRANSFORM_TWO_CARDS","is_daily":false,"chose_seed":false,"campfire_upgraded":2,"win_rate":0.0,"timestamp":1613159837,"path_taken":["M","?","?","?","M","R","E","?","T","R","E","M","E","M","R","BOSS"],"items_purchased_type":["Potion","Card"],"build_version":"2020-12-22","purchased_purges":0,"victory":false,"max_hp_per_floor":[68,68,68,68,68,68,68,68,68,68,68,68,68,68,68,68,68],"relic_stats":{"counters":[9,43],"Bronze Scales":[12],"Tiny Chest":0,"PreservedInsect":35,"Art of War":[3],"obtain_stats":[{"Bronze Scales":13,"Tiny Chest":7,"PreservedInsect":11,"Art of War":9,"Burning Blood":0},{"Bronze Scales":7,"Tiny Chest":3,"PreservedInsect":5,"Art of War":4,"Burning Blood":0},{"Bronze Scales":33,"Tiny Chest":13,"PreservedInsect":22,"Art of War":16,"Burning Blood":0}],"Burning Blood":44},"card_choices":[{"not_picked":["Entrench","Ghostly Armor"],"picked":"Pommel Strike","floor":1},{"not_picked":["Havoc","Shrug It Off"],"picked":"Twin Strike","floor":5},{"not_picked":["True Grit","Sword Boomerang"],"picked":"Body Slam","floor":7},{"not_picked":["Wild Strike","Blood for Blood","Body Slam"],"picked":"SKIP","floor":8},{"not_picked":["Anger","Rupture"],"picked":"Brutality","floor":11},{"not_picked":["Bloodletting","Clash","Wild Strike"],"picked":"SKIP","floor":12},{"not_picked":["Twin Strike","Iron Wave"],"picked":"Battle Trance","floor":13},{"not_picked":["Iron Wave","Battle Trance"],"picked":"Flame Barrier","floor":14}],"player_experience":22151127,"relics_obtained":[{"floor":7,"key":"Tiny Chest"},{"floor":9,"key":"Art of War"},{"floor":11,"key":"PreservedInsect"},{"floor":13,"key":"Bronze Scales"}],"event_choices":[{"cards_removed":["Clash"],"damage_healed":0,"gold_gain":0,"player_choice":"Card Removal","damage_taken":7,"max_hp_gain":0,"max_hp_loss":0,"event_name":"Golden Wing","floor":2,"gold_loss":0},{"damage_healed":0,"gold_gain":0,"player_choice":"Entered Light","damage_taken":20,"max_hp_gain":0,"max_hp_loss":0,"event_name":"Shining Light","floor":3,"gold_loss":0,"cards_upgraded":["Bash","Strike_R"]}],"is_beta":false,"boss_relics":[],"items_purged_floors":[],"is_endless":false,"potions_floor_spawned":[8,12,13],"killed_by":"Slime Boss","ascension_level":20}}