{"host":"iphsb0ccnjx0pfn6","time":1613104996,"event":{"mods":["2.2 Compatiblity","AchievementEnabler","BaseMod","Colored Map","DeckTracker","Keyboard Shortcuts","Minty Spire (QoL Compilation)","Permanent Neow","Quick Restart","Relic Stats","StSLib","SuperFastMode","Uncapped","everything is the same but u backflip on backflip"],"gold_per_floor":[13,28,28,28,28,28,58,58,58,58,74,124,142,154,154,154,154],"floor_reached":16,"language":"KOR","playtime":261,"items_purged":[],"score":200,"play_id":"19a79b59-ea87-478e-a86c-e4000237e5a1","local_time":"20210212134316","is_ascension_mode":true,"campfire_choices":[{"data":"Eruption","floor":6.0,"key":"SMITH"},{"data":"FlurryOfBlows","floor":10.0,"key":"SMITH"},{"data":"Pray","floor":15.0,"key":"SMITH"}],"circlet_count":0,"master_deck":["AscendersBane","Strike_P","Strike_P","Defend_P","Defend_P","Defend_P","Eruption+1","Vigilance","FlurryOfBlows+1","Pray+1","Pray"],"relics":["PureWater","Calipers","Yang"],"acts_visited":["Exordium"],"potions_floor_usage":[16],"damage_taken":[{"damage":7.0,"enemies":"Cultist","floor":1.0,"turns":3.0},{"damage":4.0,"enemies":"Small Slimes","floor":2.0,"turns":2.0},{"damage":22.0,"enemies":"Gremlin Nob","floor":7.0,"turns":3.0},{"damage":4.0,"enemies":"2 Louse","floor":11.0,"turns":4.0},{"damage":8.0,"enemies":"Looter","floor":13.0,"turns":4.0},{"damage":0.0,"enemies":"Exordium Wildlife","floor":14.0,"turns":3.0},{"damage":46,"enemies":"Slime Boss","floor":16,"turns":6}],"seed_played":"-8192896821420025693","potions_obtained":[{"floor":2.0,"key":"Ambrosia"},{"floor":7.0,"key":"EntropicBrew"}],"is_trial":false,"path_per_floor":["M","M","?","$","?","R","E","?","T","R","M","?","M","M","R","B"],"character_chosen":"WATCHER","items_purchased":[],"campfire_rested":0,"item_purchase_floors":[],"current_hp_per_floor":[54,50,50,50,50,50,28,50,50,50,46,46,38,38,38,0,0],"gold":154,"neow_bonus":"REMOVE_TWO","is_daily":false,"chose_seed":false,"campfire_upgraded":3,"win_rate":0.0,"timestamp":1613104996,"path_taken":["M","?","?","$","?","R","E","?","T","R","?","?","?","M","R","BOSS"],"items_purchased_type":[],"build_version":"2020-12-22","purchased_purges":0,"victory":false,"max_hp_per_floor":[68,68,68,68,68,68,68,68,68,68,68,68,68,68,68,68,68],"relic_stats":{"counters":[7,25],"Yang":[35],"obtain_stats":[{"Calipers":7,"Yang":9,"PureWater":0},{"Calipers":3,"Yang":3,"PureWater":0},{"Calipers":8,"Yang":8,"PureWater":0}]},"card_choices":[{"not_picked":["ThirdEye","SashWhip","FlurryOfBlows"],"picked":"SKIP","floor":1.0},{"not_picked":["ThirdEye","SashWhip"],"picked":"FlurryOfBlows","floor":1.0},{"not_picked":["Collect","SashWhip"],"picked":"Pray","floor":2.0},{"not_picked":["Evaluate","Prostrate","LikeWater"],"picked":"SKIP","floor":7.0},{"not_picked":["Sanctity","Perseverance","FlurryOfBlows"],"picked":"SKIP","floor":11.0},{"not_picked":["Protect","JustLucky","LikeWater"],"picked":"SKIP","floor":13.0},{"not_picked":["SashWhip","Swivel"],"picked":"Pray","floor":14.0}],"player_experience":1303770,"relics_obtained":[{"floor":7.0,"key":"Calipers"},{"floor":9.0,"key":"Yang"}],"event_choices":[{"cards_removed":["Strike_P"],"damage_healed":0.0,"max_hp_gain":0.0,"max_hp_loss":0.0,"gold_gain":0.0,"event_name":"Living Wall","player_choice":"Forget","floor":3.0,"gold_loss":0.0,"damage_taken":0.0},{"damage_healed":0.0,"max_hp_gain":0.0,"max_hp_loss":0.0,"gold_gain":0.0,"event_name":"Liars Game","player_choice":"Ignored","floor":5.0,"gold_loss":0.0,"damage_taken":0.0},{"damage_healed":22.0,"max_hp_gain":0.0,"max_hp_loss":0.0,"gold_gain":0.0,"event_name":"Big Fish","player_choice":"Banana","floor":8.0,"gold_loss":0.0,"damage_taken":0.0},{"damage_healed":0.0,"max_hp_gain":0.0,"max_hp_loss":0.0,"gold_gain":50.0,"event_name":"Golden Shrine","player_choice":"Pray","floor":12.0,"gold_loss":0.0,"damage_taken":0.0}],"is_beta":false,"boss_relics":[],"items_purged_floors":[],"is_endless":false,"potions_floor_spawned":[2,7],"killed_by":"Slime Boss","ascension_level":20}}