{"host":"6nqy62k7v1jh46lb","time":1613160402,"event":{"mods":["AchievementEnabler","BaseMod","Bestiary","Block Reminder","Colored Powertips","Highlight Path","Minty Spire (QoL Compilation)","Relic Stats"],"gold_per_floor":[111,122,134,153,9,9,36,50,98,128,128,158,158,158,158,263,263,274,292,217,217,229,229,241,241,241,241,93,106,117,132,132,234,234,244,65,65,3,3,3,16,33,56,72,90,90,119,0,0,0,0],"floor_reached":50,"language":"ENG","playtime":14823,"items_purged":["Strike_P","Strike_P"],"score":494,"play_id":"e584261c-a746-4bac-b1cc-075f8874748e","local_time":"20210212210642","is_ascension_mode":false,"campfire_choices":[{"data":"Vigilance","floor":6.0,"key":"SMITH"},{"floor":11.0,"key":"REST"},{"floor":13.0,"key":"REST"},{"floor":15.0,"key":"REST"},{"floor":23.0,"key":"REST"},{"floor":25.0,"key":"REST"},{"data":"SandsOfTime","floor":27.0,"key":"SMITH"},{"floor":32.0,"key":"REST"},{"data":"ThirdEye","floor":40.0,"key":"SMITH"},{"floor":46.0,"key":"REST"},{"floor":49.0,"key":"REST"}],"circlet_count":0,"master_deck":["Strike_P","Strike_P","Defend_P","Defend_P","Defend_P","Defend_P","Eruption","Vigilance+1","LikeWater","PathToVictory","InnerPeace","Weave","ThirdEye+1","CutThroughFate","JustLucky","Consecrate","SpiritShield","SandsOfTime+1","ClearTheMind","Conclude","Halt+1","Consecrate+1"],"relics":["Sozu","Orichalcum","Bag of Preparation","Juzu Bracelet","InkBottle","Anchor","Regal Pillow","Velvet Choker","Nilry\u0027s Codex","Pantograph","Lee\u0027s Waffle","Busted Crown","Shuriken","Potion Belt","Gambling Chip","Red Mask"],"acts_visited":["Exordium","TheCity","TheBeyond"],"potions_floor_usage":[],"damage_taken":[{"damage":1.0,"enemies":"Jaw Worm","floor":1.0,"turns":5.0},{"damage":0.0,"enemies":"Small Slimes","floor":2.0,"turns":4.0},{"damage":1.0,"enemies":"Cultist","floor":3.0,"turns":3.0},{"damage":0.0,"enemies":"3 Louse","floor":4.0,"turns":4.0},{"damage":20.0,"enemies":"Gremlin Nob","floor":7.0,"turns":6.0},{"damage":3.0,"enemies":"Large Slime","floor":8.0,"turns":7.0},{"damage":7.0,"enemies":"3 Sentries","floor":10.0,"turns":12.0},{"damage":35.0,"enemies":"Gremlin Nob","floor":12.0,"turns":6.0},{"damage":58.0,"enemies":"The Guardian","floor":16.0,"turns":13.0},{"damage":13.0,"enemies":"Spheric Guardian","floor":18.0,"turns":8.0},{"damage":2.0,"enemies":"Shell Parasite","floor":19.0,"turns":6.0},{"damage":26.0,"enemies":"Shelled Parasite and Fungi","floor":22.0,"turns":6.0},{"damage":1.0,"enemies":"Snecko","floor":24.0,"turns":4.0},{"damage":19.0,"enemies":"3 Cultists","floor":29.0,"turns":7.0},{"damage":4.0,"enemies":"Snake Plant","floor":30.0,"turns":5.0},{"damage":2.0,"enemies":"Centurion and Healer","floor":31.0,"turns":6.0},{"damage":47.0,"enemies":"Collector","floor":33.0,"turns":8.0},{"damage":7.0,"enemies":"3 Darklings","floor":35.0,"turns":7.0},{"damage":13.0,"enemies":"3 Shapes","floor":41.0,"turns":6.0},{"damage":18.0,"enemies":"Jaw Worm Horde","floor":42.0,"turns":3.0},{"damage":27.0,"enemies":"3 Darklings","floor":44.0,"turns":10.0},{"damage":2.0,"enemies":"Maw","floor":45.0,"turns":8.0},{"damage":39.0,"enemies":"Giant Head","floor":47.0,"turns":9.0},{"damage":73,"enemies":"Awakened One","floor":50,"turns":7}],"seed_played":"-8299225014451616471","potions_obtained":[],"is_trial":false,"path_per_floor":["M","M","M","M","$","R","E","M","T","E","R","E","R","?","R","B",null,"M","M","$","?","M","R","M","R","T","R","$","M","M","M","R","B",null,"M","$","?","?","?","R","M","M","T","M","M","R","E","?","R","B"],"character_chosen":"WATCHER","items_purchased":["Orichalcum","Lee\u0027s Waffle","Conclude"],"campfire_rested":8,"item_purchase_floors":[5,28,36],"current_hp_per_floor":[71,71,70,70,70,70,50,47,47,40,61,26,47,47,72,14,72,59,57,57,41,15,51,50,72,72,72,79,60,56,54,79,32,79,72,72,72,72,72,72,59,41,41,14,12,49,10,10,47,0,0],"gold":0,"neow_bonus":"BOSS_RELIC","is_daily":false,"chose_seed":false,"campfire_upgraded":3,"win_rate":0.0,"timestamp":1613160402,"path_taken":["M","M","M","M","$","R","E","M","T","E","R","E","R","?","R","BOSS","M","M","$","?","M","R","M","R","T","R","$","M","M","M","R","BOSS","M","$","?","?","?","R","M","M","T","M","M","R","E","?","R","BOSS"],"items_purchased_type":["Relic","Relic","Card"],"build_version":"2020-12-22","purchased_purges":2,"victory":false,"max_hp_per_floor":[72,72,72,72,72,72,72,72,72,72,72,72,72,72,72,72,72,72,72,72,72,72,72,72,72,72,72,79,79,79,79,79,79,79,79,79,79,79,75,75,75,75,75,75,75,75,75,75,75,75,75],"relic_stats":{"Regal Pillow":52,"Lee\u0027s Waffle":7,"counters":[24,160],"Bag of Preparation":[38],"Juzu Bracelet":1,"Orichalcum":[294],"Sozu":11,"Busted Crown":14,"Shuriken":[16],"Pantograph":25,"Gambling Chip":[5],"obtain_stats":[{"Potion Belt":43,"Regal Pillow":14,"Lee\u0027s Waffle":28,"Nilry\u0027s Codex":21,"Velvet Choker":17,"Bag of Preparation":7,"Juzu Bracelet":9,"Orichalcum":5,"Sozu":0,"Anchor":12,"Busted Crown":34,"Shuriken":38,"Pantograph":26,"Gambling Chip":47,"Red Mask":48,"PureWater":0,"InkBottle":10},{"Potion Belt":20,"Regal Pillow":8,"Lee\u0027s Waffle":13,"Nilry\u0027s Codex":11,"Velvet Choker":9,"Bag of Preparation":5,"Juzu Bracelet":6,"Orichalcum":4,"Sozu":0,"Anchor":8,"Busted Crown":17,"Shuriken":18,"Pantograph":13,"Gambling Chip":23,"Red Mask":23,"PureWater":0,"InkBottle":7},{"Potion Belt":126,"Regal Pillow":47,"Lee\u0027s Waffle":84,"Nilry\u0027s Codex":74,"Velvet Choker":60,"Bag of Preparation":22,"Juzu Bracelet":29,"Orichalcum":16,"Sozu":0,"Anchor":47,"Busted Crown":110,"Shuriken":117,"Pantograph":84,"Gambling Chip":153,"Red Mask":153,"PureWater":0,"InkBottle":41}],"InkBottle":[48]},"card_choices":[{"not_picked":["EmptyFist","EmptyBody"],"picked":"LikeWater","floor":1.0},{"not_picked":["EmptyFist","CutThroughFate"],"picked":"PathToVictory","floor":2.0},{"not_picked":["Crescendo","Indignation"],"picked":"InnerPeace","floor":3.0},{"not_picked":["SashWhip","Halt"],"picked":"Weave","floor":4.0},{"not_picked":["WindmillStrike","Vault"],"picked":"ThirdEye","floor":7.0},{"not_picked":["SignatureMove","CrushJoints"],"picked":"CutThroughFate","floor":8.0},{"not_picked":["WheelKick","FlurryOfBlows"],"picked":"JustLucky","floor":10.0},{"not_picked":["SignatureMove","WindmillStrike"],"picked":"Consecrate","floor":12.0},{"not_picked":["DeusExMachina","Omniscience"],"picked":"SpiritShield","floor":16.0},{"not_picked":["Consecrate+1","FlurryOfBlows+1"],"picked":"SandsOfTime","floor":18.0},{"not_picked":["ForeignInfluence","ReachHeaven"],"picked":"ClearTheMind","floor":19.0},{"not_picked":["CrushJoints","ClearTheMind+1","Study"],"picked":"SKIP","floor":22.0},{"not_picked":["SashWhip","FlurryOfBlows","BowlingBash"],"picked":"SKIP","floor":24.0},{"not_picked":["FlurryOfBlows","JustLucky","SashWhip"],"picked":"SKIP","floor":29.0},{"not_picked":["FlurryOfBlows","Evaluate","ClearTheMind+1"],"picked":"SKIP","floor":30.0},{"not_picked":["Adaptation+1","Judgement","Wallop+1"],"picked":"SKIP","floor":31.0},{"not_picked":["Blasphemy","Wish"],"picked":"Devotion","floor":33.0},{"not_picked":["FearNoEvil+1"],"picked":"SKIP","floor":35.0},{"not_picked":["EmptyBody"],"picked":"SKIP","floor":41.0},{"not_picked":[],"picked":"Halt+1","floor":42.0},{"not_picked":["JustLucky"],"picked":"SKIP","floor":44.0},{"not_picked":[],"picked":"Consecrate+1","floor":45.0},{"not_picked":["Crescendo+1"],"picked":"SKIP","floor":47.0}],"player_experience":184124,"relics_obtained":[{"floor":7.0,"key":"Bag of Preparation"},{"floor":9.0,"key":"Juzu Bracelet"},{"floor":10.0,"key":"InkBottle"},{"floor":12.0,"key":"Anchor"},{"floor":21.0,"key":"Nilry\u0027s Codex"},{"floor":26.0,"key":"Pantograph"},{"floor":43.0,"key":"Potion Belt"},{"floor":47.0,"key":"Gambling Chip"}],"event_choices":[{"damage_healed":0.0,"max_hp_gain":0.0,"max_hp_loss":0.0,"gold_gain":0.0,"event_name":"Dead Adventurer","player_choice":"Searched \u00271\u0027 times","floor":14.0,"gold_loss":0.0,"damage_taken":0.0,"relics_obtained":["Regal Pillow"]},{"damage_healed":0.0,"max_hp_gain":0.0,"max_hp_loss":0.0,"gold_gain":0.0,"event_name":"Cursed Tome","player_choice":"Obtained Book","floor":21.0,"gold_loss":0.0,"damage_taken":16.0},{"cards_removed":["Devotion"],"damage_healed":0.0,"max_hp_gain":0.0,"max_hp_loss":0.0,"gold_gain":0.0,"event_name":"Falling","player_choice":"Removed Power","floor":37.0,"gold_loss":0.0,"damage_taken":0.0},{"damage_healed":0.0,"max_hp_gain":0.0,"max_hp_loss":0.0,"gold_gain":0.0,"event_name":"WeMeetAgain","player_choice":"Paid Gold","floor":38.0,"gold_loss":62.0,"damage_taken":0.0,"relics_obtained":["Shuriken"]},{"damage_healed":0.0,"max_hp_gain":0.0,"max_hp_loss":4.0,"gold_gain":0.0,"event_name":"Winding Halls","player_choice":"Max HP","floor":39.0,"gold_loss":0.0,"damage_taken":0.0},{"damage_healed":0.0,"max_hp_gain":0.0,"max_hp_loss":0.0,"gold_gain":0.0,"event_name":"Tomb of Lord Red Mask","player_choice":"Paid","floor":48.0,"gold_loss":119.0,"damage_taken":0.0,"relics_obtained":["Red Mask"]}],"is_beta":false,"boss_relics":[{"not_picked":["Snecko Eye","Runic Pyramid"],"picked":"Velvet Choker"},{"not_picked":["SacredBark","Runic Dome"],"picked":"Busted Crown"}],"items_purged_floors":[20,36],"is_endless":false,"potions_floor_spawned":[3,4,7,10,16,24,31,33,42,45,47],"killed_by":"Awakened One","ascension_level":0}}