{"host":"og6lam4kt3nibbw0","time":1613148574,"event":{"mods":["AchievementEnabler","BaseMod","Colored Map","DeckTracker","Highlight Path","Keyboard Shortcuts","Minty Spire (QoL Compilation)","Permanent Neow","Quick Restart","StSLib","SuperFastMode"],"gold_per_floor":[318,318,338,338,5,5,5,24,24,24,40,40,59,59,80,80,169,169,182,196,86,99,13,13,13,37,37,37,37,76,116,140,140,140,140],"floor_reached":34,"language":"KOR","playtime":1205,"items_purged":[],"score":524,"play_id":"3339a79a-9e1e-4854-a6a0-1fd0b0c33cef","local_time":"20210213014934","is_ascension_mode":true,"campfire_choices":[{"data":"Turbo","floor":7.0,"key":"SMITH"},{"data":"Dualcast","floor":9.0,"key":"SMITH"},{"data":"Chaos","floor":14.0,"key":"SMITH"},{"data":"Defragment","floor":16.0,"key":"SMITH"},{"data":"Leap","floor":24,"key":"SMITH"},{"floor":29,"key":"REST"},{"floor":33,"key":"REST"}],"circlet_count":0,"master_deck":["AscendersBane","Zap+1","Dualcast+1","Streamline+1","Turbo+1","Leap+1","Chaos+1","Defragment+1","Reboot+1","Sweeping Beam","Sweeping Beam","Amplify","Genetic Algorithm","White Noise","Genetic Algorithm","Buffer","Storm","Loop","Shame","Auto Shields+1"],"relics":["Cracked Core","Old Coin","Bag of Preparation","ClockworkSouvenir","Golden Idol","Pandora\u0027s Box","Ginger","FossilizedHelix","Red Mask","Art of War"],"acts_visited":["Exordium","TheCity"],"potions_floor_usage":[17,26,28,34,34],"damage_taken":[{"damage":4.0,"enemies":"Jaw Worm","floor":1.0,"turns":4.0},{"damage":0.0,"enemies":"2 Louse","floor":3.0,"turns":2.0},{"damage":3.0,"enemies":"2 Fungi Beasts","floor":8.0,"turns":4.0},{"damage":8.0,"enemies":"Blue Slaver","floor":11.0,"turns":2.0},{"damage":1.0,"enemies":"Lots of Slimes","floor":13.0,"turns":4.0},{"damage":0.0,"enemies":"Looter","floor":15.0,"turns":2.0},{"damage":11,"enemies":"Slime Boss","floor":17,"turns":7},{"damage":2,"enemies":"Chosen","floor":19,"turns":3},{"damage":26,"enemies":"Shell Parasite","floor":20,"turns":5},{"damage":4,"enemies":"Sentry and Sphere","floor":22,"turns":5},{"damage":16,"enemies":"Snake Plant","floor":26,"turns":3},{"damage":0,"enemies":"Colosseum Slavers","floor":28,"turns":4},{"damage":12,"enemies":"Masked Bandits","floor":30,"turns":4},{"damage":10,"enemies":"Slavers","floor":31,"turns":3},{"damage":0,"enemies":"Snecko","floor":32,"turns":4},{"damage":22,"enemies":"Champ","floor":34,"turns":8}],"seed_played":"-8648856558473134944","potions_obtained":[{"floor":3.0,"key":"Ancient Potion"},{"floor":13.0,"key":"EssenceOfSteel"},{"floor":15.0,"key":"Strength Potion"},{"floor":19,"key":"Fire Potion"},{"floor":31,"key":"EssenceOfDarkness"},{"floor":32,"key":"ColorlessPotion"}],"is_trial":false,"path_per_floor":["M","?","M","M","$","?","R","M","R","T","M","?","M","R","M","R","B",null,"M","M","?","M","$","R","?","M","T","?","R","?","E","M","R","B"],"character_chosen":"DEFECT","items_purchased":["Bag of Preparation","ClockworkSouvenir","Loop"],"campfire_rested":2,"item_purchase_floors":[5,5,23],"current_hp_per_floor":[60,39,39,39,39,39,39,36,36,36,28,28,27,27,27,27,16,52,50,24,24,20,20,20,20,4,4,4,23,11,1,1,20,0,0],"gold":140,"neow_bonus":"ONE_RARE_RELIC","is_daily":false,"chose_seed":false,"campfire_upgraded":5,"win_rate":0.0,"timestamp":1613148574,"path_taken":["M","?","M","M","$","?","R","?","R","T","M","?","M","R","M","R","BOSS","M","M","?","?","$","R","?","M","T","?","R","?","E","M","R","BOSS"],"items_purchased_type":["Relic","Relic","Card"],"build_version":"2020-12-22","purchased_purges":0,"victory":false,"max_hp_per_floor":[71,71,71,71,71,71,71,71,71,71,71,64,64,64,64,64,64,64,64,64,64,64,64,64,64,64,64,64,64,64,64,64,64,64,64],"card_choices":[{"not_picked":["Stack","Leap"],"picked":"Streamline","floor":1.0},{"not_picked":["Redo","Compile Driver"],"picked":"Turbo","floor":3.0},{"not_picked":["Cold Snap","Lockon"],"picked":"Leap","floor":8.0},{"not_picked":["Tempest","Rebound"],"picked":"Chaos","floor":11.0},{"not_picked":["Genetic Algorithm","Melter","Rip and Tear"],"picked":"SKIP","floor":13.0},{"not_picked":["Ball Lightning","Turbo"],"picked":"Defragment","floor":15.0},{"not_picked":["Meteor Strike","Rainbow"],"picked":"Reboot","floor":17},{"not_picked":["Ball Lightning","Compile Driver","Reinforced Body"],"picked":"SKIP","floor":19},{"not_picked":["Stack","Redo"],"picked":"Storm","floor":20},{"not_picked":["Steam","Beam Cell","Blizzard"],"picked":"SKIP","floor":22},{"not_picked":["Rainbow","Gash","Tempest"],"picked":"SKIP","floor":26},{"not_picked":["Doom and Gloom","Rainbow","Scrape"],"picked":"SKIP","floor":31},{"not_picked":["Reprogram","Rebound"],"picked":"Auto Shields+1","floor":32}],"player_experience":955083,"relics_obtained":[{"floor":27,"key":"FossilizedHelix"},{"floor":30,"key":"Red Mask"},{"floor":31,"key":"Art of War"}],"event_choices":[{"damage_healed":0.0,"max_hp_gain":0.0,"max_hp_loss":0.0,"gold_gain":0.0,"event_name":"Shining Light","player_choice":"Entered Light","floor":2.0,"gold_loss":0.0,"damage_taken":21.0,"cards_upgraded":["Strike_B","Zap"]},{"damage_healed":0.0,"max_hp_gain":0.0,"max_hp_loss":0.0,"gold_gain":0.0,"event_name":"Accursed Blacksmith","player_choice":"Forge","floor":6.0,"gold_loss":0.0,"damage_taken":0.0,"cards_upgraded":["Streamline"]},{"damage_healed":0.0,"max_hp_gain":0.0,"max_hp_loss":7.0,"gold_gain":0.0,"event_name":"Golden Idol","player_choice":"Lose Max HP","floor":12.0,"gold_loss":0.0,"damage_taken":0.0,"relics_obtained":["Golden Idol"]},{"cards_removed":["Turbo"],"damage_healed":0,"gold_gain":0,"player_choice":"Upgrade and Remove","damage_taken":0,"max_hp_gain":0,"max_hp_loss":0,"event_name":"Designer","floor":21,"gold_loss":110,"cards_upgraded":["Reboot"]},{"damage_healed":0,"gold_gain":0,"player_choice":"Stole Relic","damage_taken":0,"relics_obtained":["Ginger"],"max_hp_gain":0,"max_hp_loss":0,"event_name":"Addict","floor":25,"gold_loss":0,"cards_obtained":["Shame"]},{"damage_healed":0,"gold_gain":0,"player_choice":"Fight","damage_taken":0,"max_hp_gain":0,"max_hp_loss":0,"event_name":"Colosseum","floor":28,"gold_loss":0},{"damage_healed":0,"gold_gain":0,"player_choice":"Fled From Nobs","damage_taken":0,"max_hp_gain":0,"max_hp_loss":0,"event_name":"Colosseum","floor":28,"gold_loss":0},{"damage_healed":0,"gold_gain":0,"player_choice":"Fought Bandits","damage_taken":0,"max_hp_gain":0,"max_hp_loss":0,"event_name":"Masked Bandits","floor":30,"gold_loss":0}],"is_beta":false,"boss_relics":[{"not_picked":["Velvet Choker","Philosopher\u0027s Stone"],"picked":"Pandora\u0027s Box"}],"items_purged_floors":[],"is_endless":false,"potions_floor_spawned":[3,13,15,19,28,31,32],"killed_by":"Champ","ascension_level":20}}