{"host":"rygl6lff02urotq6","time":1613151143,"event":{"mods":["AchievementEnabler","BaseMod","Bestiary","Better Altar","Better Match","Better Note","Better Sensory Stone","Better Skull","Better Third Choice","BetterRewards","Colored Map","Colored Powertips","Curses Come First","DeckTracker","Downfall","Energized Spire","Hero for Fun","Mimic Mod","Minty Spire (QoL Compilation)","Quick Restart","Rare Cards Sparkle","Relic Sorter","Reliquary","Spicy Shops","StSLib","SuperFastMode","The Bug Knight","Transform Curses"],"gold_per_floor":[99,112,124,138,148,168,191,222,232,32,44,44,44,74,84,186,186,186,199,199,218,233,10,91,145,157,189,209,225,125,125,142,245,245,245,26,26,39,54,54,90,101,37,37,37,50,50,69,85,85,85,85,85,85],"floor_reached":52,"language":"ENG","playtime":3645,"items_purged":[],"score":757,"play_id":"0e0c9026-26fc-425e-b135-725bc4d2f42a","local_time":"20210212123223","is_ascension_mode":false,"campfire_choices":[{"floor":1,"key":"RECALL"},{"floor":10,"key":"REST"},{"floor":13,"key":"REST"},{"data":"Slimebound:LevelUp","floor":18,"key":"SMITH"},{"floor":30,"key":"REST"},{"data":"Slimebound:LeechLife","floor":35,"key":"SMITH"},{"floor":40,"key":"REST"},{"floor":47,"key":"REST"}],"circlet_count":0,"master_deck":["Slimebound:Strike_Slimebound","Slimebound:Strike_Slimebound","Slimebound:Strike_Slimebound","Slimebound:Tackle","Slimebound:Defend_Slimebound","Slimebound:Defend_Slimebound","Slimebound:Defend_Slimebound","Slimebound:Defend_Slimebound","Slimebound:Split+1","Slimebound:CorrosiveSpit","Slimebound:Gluttony","Slimebound:LeechEnergy","Slimebound:Schlurp","Slimebound:LeechingTouch","Slimebound:ItLooksTasty","Slimebound:RollThrough","Slimebound:LevelUp+1","Slimebound:FlameTackle","Slimebound:DisruptingSlam","Slimebound:SplitMire","Slimebound:AcidTongue","Slimebound:SamplingLick","Slimebound:Equalize+1","Slimebound:Prepare","Slimebound:GoopTackle+1","Slimebound:ForwardTackle","Slimebound:Chomp+1","Slimebound:LivingWall","Slimebound:Equalize+1","Slimebound:HauntingLick","Slimebound:LeechLife+1","Slimebound:SplitMire+1","Slimebound:GoopTackle+1","Slimebound:SplitBruiser","expansioncontent:InvincibleStrength","expansioncontent:InvincibleStrength","expansioncontent:HyperBeam","expansioncontent:PolyBeam","Slimebound:Schlurp","Slimebound:Replication+1","Slimebound:ItLooksTasty+1","Slimebound:LeechingTouch","Slimebound:SamplingLick","Slimebound:SplitAcid","Slimebound:SamplingLick+1","Slimebound:Chomp+1","Slimebound:RollThrough+1","Slimebound:AcidTongue","Slimebound:ItLooksTasty+1","Slimebound:Prepare+1","Slimebound:AcidTongue+1","Slimebound:BestDefense","Slimebound:SlimeBarrage+1","Slimebound:SelfFormingGoo","Slimebound:Darklings","Slimebound:Chomp+1","Slimebound:LevelUp+1","Slimebound:SplitBruiser","Slimebound:SpikyOuterGoop","Slimebound:ItLooksTasty+1","Slimebound:FinishingTackle","Slimebound:DisruptingSlam+1","Slimebound:RainOfGoop+1","Slimebound:ForwardTackle+1"],"relics":["Slimebound:AbsorbEndCombat","reliquary:OuijaBoard","Vajra","downfall:HeartBlessingRed","downfall:HeartBlessingGreen","Slimebound:TarBlob","Slimebound:SelfDamagePreventRelic","Mummified Hand","reliquary:Aerogel","downfall:HeartBlessingBlue","energizedSpire:StickyHand","TungstenRod","Turnip","Pen Nib"],"acts_visited":["Exordium","TheCity","TheBeyond","TheEnding"],"potions_floor_usage":[27,33,36,46,48,52,52],"damage_taken":[{"damage":10,"enemies":"2 Louse","floor":2,"turns":3},{"damage":19,"enemies":"Jaw Worm","floor":3,"turns":3},{"damage":18,"enemies":"Small Slimes","floor":4,"turns":4},{"damage":8,"enemies":"Red Slaver","floor":5,"turns":4},{"damage":10,"enemies":"Exordium Wildlife","floor":6,"turns":3},{"damage":14,"enemies":"3 Sentries","floor":8,"turns":10},{"damage":8,"enemies":"2 Fungi Beasts","floor":9,"turns":3},{"damage":13,"enemies":"Red Slaver","floor":11,"turns":4},{"damage":15,"enemies":"Blue Slaver","floor":15,"turns":4},{"damage":11,"enemies":"SI_SHIV_ARCHETYPE","floor":16,"turns":10},{"damage":24,"enemies":"Spheric Guardian","floor":19,"turns":5},{"damage":17,"enemies":"Shell Parasite","floor":21,"turns":5},{"damage":18,"enemies":"Snecko","floor":22,"turns":4},{"damage":5,"enemies":"downfall:FleeingMerchant","floor":23,"turns":4},{"damage":10,"enemies":"Cultist and Chosen","floor":26,"turns":4},{"damage":25,"enemies":"Slavers","floor":27,"turns":6},{"damage":19,"enemies":"Shelled Parasite and Fungi","floor":28,"turns":5},{"damage":16,"enemies":"Snecko","floor":29,"turns":4},{"damage":21,"enemies":"Snake Plant","floor":32,"turns":3},{"damage":74,"enemies":"DF_ARCHETYPE_CLAW","floor":33,"turns":7},{"damage":9,"enemies":"downfall:FleeingMerchant","floor":36,"turns":4},{"damage":29,"enemies":"3 Darklings","floor":38,"turns":4},{"damage":20,"enemies":"Orb Walker","floor":39,"turns":3},{"damage":8,"enemies":"Spire Growth","floor":41,"turns":6},{"damage":20,"enemies":"Spire Growth","floor":42,"turns":4},{"damage":5,"enemies":"downfall:FleeingMerchant","floor":43,"turns":3},{"damage":12,"enemies":"Transient","floor":46,"turns":5},{"damage":12,"enemies":"Maw","floor":48,"turns":6},{"damage":16,"enemies":"4 Shapes","floor":49,"turns":3},{"damage":77,"enemies":"WA_ARCHETYPE_DIVINITY","floor":50,"turns":9},{"damage":92,"enemies":"downfall:CharBossMerchant","floor":52,"turns":8}],"seed_played":"-2504646548755884968","potions_obtained":[{"floor":2,"key":"FairyPotion"},{"floor":5,"key":"Block Potion"},{"floor":16,"key":"SkillPotion"},{"floor":19,"key":"LiquidMemories"},{"floor":28,"key":"Slimebound:SlimedPotion"},{"floor":33,"key":"bronze:BurnAndBuffPotion"},{"floor":38,"key":"Slimebound:SlimedPotion"},{"floor":42,"key":"SpeedPotion"},{"floor":46,"key":"Block Potion"},{"floor":48,"key":"AttackPotion"},{"floor":49,"key":"hexamod:SoulburnPotion"}],"is_trial":false,"path_per_floor":["R","M","M","M","M","M","T","E","M","R","M","?","R","?","M","B",null,"R","M","?","M","M","$","T","T","M","E","M","M","R","?","M","B",null,"R","$","?","M","M","R","MIM","M","$","?","?","M","R","M","M","B",null,"E"],"character_chosen":"SLIMEBOUND","items_purchased":["Slimebound:SelfDamagePreventRelic","Slimebound:Prepare","TungstenRod","expansioncontent:InvincibleStrength","Slimebound:SelfFormingGoo","Pen Nib","DistilledChaos"],"campfire_rested":5,"item_purchase_floors":[23,23,36,36,43,43,43],"current_hp_per_floor":[71,63,48,36,32,26,26,20,16,37,28,28,49,49,38,35,71,71,51,51,42,26,29,29,29,39,22,21,11,45,45,32,9,81,81,81,81,58,48,72,77,63,66,66,66,62,81,81,73,16,81,0,0,0],"gold":85,"neow_bonus":"TEN_PERCENT_HP_BONUS","is_daily":false,"chose_seed":false,"campfire_upgraded":2,"win_rate":0.0,"timestamp":1613151143,"path_taken":["R","M","M","M","M","M","T","E","M","R","M","?","R","?","M","BOSS","R","M","?","M","M","$","T","?","M","E","?","M","R","?","M","BOSS","R","$","?","M","M","R","MIM","M","?","?","?","M","R","M","M","BOSS","E"],"items_purchased_type":["Relic","Card","Relic","Card","Card","Relic","Potion"],"build_version":"2020-12-22","purchased_purges":0,"victory":false,"max_hp_per_floor":[71,71,71,71,71,71,71,71,71,71,71,71,71,71,71,71,71,71,71,71,71,71,71,71,71,71,71,71,71,81,81,81,81,81,81,81,81,81,81,81,81,81,81,81,81,81,81,81,81,81,81,81,81,81],"card_choices":[{"not_picked":["Slimebound:FinishingTackle","Slimebound:ComboTackle"],"picked":"Slimebound:Gluttony","floor":2},{"not_picked":["Slimebound:SplitLeeching","Slimebound:RejuvenatingLick"],"picked":"Slimebound:LeechEnergy","floor":3},{"not_picked":["Slimebound:SamplingLick","Slimebound:ComboTackle"],"picked":"Slimebound:Schlurp","floor":4},{"not_picked":["Slimebound:FormOfPuddle","Slimebound:ProtectTheBoss"],"picked":"Slimebound:LeechingTouch","floor":5},{"not_picked":["Slimebound:ProtectTheBoss","Slimebound:ComboTackle"],"picked":"Slimebound:ItLooksTasty","floor":6},{"not_picked":["Slimebound:SlimeSpikes","Slimebound:MassFeed"],"picked":"Slimebound:RollThrough","floor":8},{"not_picked":["Slimebound:LeechingTouch","Slimebound:SlimeSpikes"],"picked":"Slimebound:LevelUp","floor":9},{"not_picked":["Slimebound:LeechingTouch","Slimebound:ProtectTheBoss"],"picked":"Slimebound:FlameTackle","floor":11},{"not_picked":["Slimebound:Dissolve","Slimebound:Schlurp"],"picked":"Slimebound:DisruptingSlam","floor":15},{"not_picked":["Slimebound:DouseInSlime","Slimebound:MassRepurpose"],"picked":"Slimebound:SlimeSlap","floor":16},{"not_picked":["Slimebound:Schlurp+1","Slimebound:GoopSpray"],"picked":"Slimebound:SplitMire","floor":19},{"not_picked":["Slimebound:Gluttony","Slimebound:Grow"],"picked":"Slimebound:AcidTongue","floor":21},{"not_picked":["Slimebound:Nibble","Slimebound:SlimeBrawl+1"],"picked":"Slimebound:SamplingLick","floor":22},{"not_picked":["Slimebound:HauntingLick","Slimebound:SplitLeeching"],"picked":"Slimebound:Equalize+1","floor":23},{"not_picked":["Slimebound:Repurpose","Slimebound:ProtectTheBoss+1"],"picked":"Slimebound:GoopTackle+1","floor":26},{"not_picked":["Slimebound:Grow","Slimebound:SlimeTap"],"picked":"Slimebound:ForwardTackle","floor":27},{"not_picked":["Slimebound:LeechingTouch","Slimebound:Nibble+1"],"picked":"Slimebound:Chomp+1","floor":28},{"not_picked":["Slimebound:Grow","Slimebound:MinionMaster"],"picked":"Slimebound:LivingWall","floor":29},{"not_picked":["Slimebound:SplitBruiser","Slimebound:ComboTackle"],"picked":"Slimebound:HauntingLick","floor":32},{"not_picked":["Slimebound:SelfFormingGoo","Slimebound:Overexert"],"picked":"Slimebound:LeechLife","floor":33},{"not_picked":["Slimebound:SplitMire+1","Slimebound:SplitBruiser"],"picked":"Slimebound:GoopTackle+1","floor":36},{"not_picked":["expansioncontent:InvincibleStrength","expansioncontent:HyperBeam"],"picked":"expansioncontent:PolyBeam","floor":37},{"not_picked":["Slimebound:Schlurp","Slimebound:ItLooksTasty+1"],"picked":"Slimebound:Replication+1","floor":38},{"not_picked":["Slimebound:LeechingTouch","Slimebound:SamplingLick"],"picked":"Slimebound:SplitAcid","floor":39},{"not_picked":["Slimebound:SamplingLick+1","Slimebound:RollThrough+1"],"picked":"Slimebound:Chomp+1","floor":41},{"not_picked":["Slimebound:AcidTongue","Slimebound:ItLooksTasty+1"],"picked":"Slimebound:Prepare+1","floor":42},{"not_picked":["Slimebound:AcidTongue+1","Slimebound:SlimeBarrage+1"],"picked":"Slimebound:BestDefense","floor":43},{"not_picked":["Slimebound:Chomp+1","Slimebound:LevelUp+1"],"picked":"Slimebound:SplitBruiser","floor":46},{"not_picked":["Slimebound:ItLooksTasty+1","Slimebound:FinishingTackle"],"picked":"Slimebound:SpikyOuterGoop","floor":48},{"not_picked":["Slimebound:RainOfGoop+1","Slimebound:ForwardTackle+1"],"picked":"Slimebound:DisruptingSlam+1","floor":49}],"player_experience":338487,"relics_obtained":[{"floor":7,"key":"Vajra"},{"floor":8,"key":"reliquary:FerryPass"},{"floor":16,"key":"reliquary:OuijaBoard"},{"floor":24,"key":"Mummified Hand"},{"floor":27,"key":"reliquary:Aerogel"},{"floor":41,"key":"Turnip"}],"event_choices":[{"damage_healed":0,"gold_gain":0,"player_choice":"Grow","damage_taken":0,"max_hp_gain":0,"max_hp_loss":0,"event_name":"Living Wall","floor":12,"gold_loss":0,"cards_upgraded":["Slimebound:Split"]},{"cards_removed":["Slimebound:LevelUp"],"damage_healed":0,"gold_gain":0,"player_choice":"Give","damage_taken":0,"max_hp_gain":0,"max_hp_loss":0,"event_name":"betterNote:BetterNote","floor":20,"gold_loss":0,"cards_obtained":["None"]}],"is_beta":false,"boss_relics":[{"not_picked":["energizedSpire:RedRose","Snecko Eye"],"picked":"Slimebound:TarBlob"},{"not_picked":["energizedSpire:HugeHouse","energizedSpire:OgreHead"],"picked":"energizedSpire:StickyHand"}],"items_purged_floors":[],"is_endless":false,"potions_floor_spawned":[2,5,16,19,28,33,38,42,46,48,49],"killed_by":"downfall:CharBossMerchant","ascension_level":0}}