{"host":"id23shmscryl4psl","time":1613169397,"event":{"mods":["BaseMod","Better Altar","Better Match","Better Note","Better Sensory Stone","Better Skull","Better Third Choice","Colored Map","Colored Powertips","Dark Map","HololiveMod","Minty Spire (QoL Compilation)","Rare Cards Sparkle","Relic Stats","Robot Space Explorer","StSLib"],"gold_per_floor":[333,345,58,68,86,120,120,11,37,37,53,88,88,107,107,250,250,272,296,296,325,373,373,373,373],"floor_reached":24,"language":"ENG","playtime":1657,"items_purged":[],"score":291,"play_id":"9ddda57f-bf05-4583-96e8-c225f399642c","local_time":"20210212153637","is_ascension_mode":true,"campfire_choices":[{"floor":7,"key":"REST"},{"floor":10,"key":"RECALL"},{"data":"Hololive_CallSakuraMiko","floor":13,"key":"SMITH"},{"data":"Hololive_CallShiranuiFlare","floor":15,"key":"SMITH"},{"floor":23,"key":"REST"}],"circlet_count":0,"master_deck":["Hololive_Strike","Hololive_Strike","Hololive_Defend","Hololive_Defend","Hololive_StrengthChampion","Hololive_CallFriendA","Hololive_CallAmaneKanata","Hololive_CallHimemoriLuna","Hololive_CallMinatoAqua","Hololive_CallOzoraSubaru","Hololive_CallRosalyn","Hololive_CallAkiRosenthal","Hololive_CallUruhaRushia","Hololive_CallSakuraMiko+1","Hololive_CallShishiroBotan","Hololive_Yoholoon","Hololive_CallMomosuzuNene+8","Hololive_Trident","Hololive_CallShiranuiFlare+1","Hololive_Thief","Hololive_CallRoboco+1","Hololive_CallInugamiKorone+1","Hololive_RevenueBasedLive","Hololive_CallOkamiMio"],"relics":["Hololive_TheStar","Ginger","Strawberry","Black Star"],"acts_visited":["Exordium","TheCity"],"potions_floor_usage":[6,14,16,16,24],"damage_taken":[{"damage":0,"enemies":"Cultist","floor":1,"turns":4},{"damage":0,"enemies":"2 Louse","floor":2,"turns":4},{"damage":5,"enemies":"Jaw Worm","floor":4,"turns":5},{"damage":0,"enemies":"Large Slime","floor":5,"turns":6},{"damage":0,"enemies":"Lagavulin","floor":6,"turns":6},{"damage":0,"enemies":"Exordium Wildlife","floor":11,"turns":5},{"damage":0,"enemies":"3 Louse","floor":12,"turns":4},{"damage":12,"enemies":"Gremlin Gang","floor":14,"turns":3},{"damage":0,"enemies":"Slime Boss","floor":16,"turns":10},{"damage":17,"enemies":"3 Byrds","floor":18,"turns":5},{"damage":0,"enemies":"Spheric Guardian","floor":19,"turns":4},{"damage":0,"enemies":"Centurion and Healer","floor":21,"turns":11},{"damage":17,"enemies":"Snake Plant","floor":22,"turns":6},{"damage":22,"enemies":"Gremlin Leader","floor":24,"turns":3}],"seed_played":"8884131808807125904","potions_obtained":[{"floor":1,"key":"Explosive Potion"},{"floor":5,"key":"FearPotion"},{"floor":12,"key":"BlessingOfTheForge"},{"floor":14,"key":"Weak Potion"},{"floor":21,"key":"BlessingOfTheForge"},{"floor":22,"key":"Swift Potion"}],"is_trial":false,"path_per_floor":["M","M","$","M","M","E","R","$","T","R","M","M","R","M","R","B",null,"M","M","?","M","M","R","E"],"character_chosen":"Hololive_HololiveCharacter","items_purchased":["Ginger","Hololive_CallShishiroBotan","Hololive_Yoholoon"],"campfire_rested":2,"item_purchase_floors":[3,8,8],"current_hp_per_floor":[26,26,26,21,21,28,40,40,40,40,40,40,40,28,28,28,42,25,25,25,25,8,20,0,0],"gold":373,"neow_bonus":"TWO_FIFTY_GOLD","is_daily":false,"chose_seed":false,"campfire_upgraded":2,"win_rate":0.0,"timestamp":1613169397,"path_taken":["M","M","$","?","M","E","R","$","T","R","M","M","R","M","R","BOSS","M","?","?","M","M","R","E"],"items_purchased_type":["Relic","Card","Card"],"build_version":"2020-12-22","purchased_purges":0,"victory":false,"max_hp_per_floor":[35,35,35,35,35,42,42,42,42,42,42,42,42,42,42,42,42,42,42,42,42,42,42,42,42],"relic_stats":{"counters":[14,76],"Black Star":0,"Ginger":[18],"obtain_stats":[{"Strawberry":6,"Hololive_TheStar":0,"Black Star":17,"Ginger":3},{"Strawberry":5,"Hololive_TheStar":0,"Black Star":9,"Ginger":2},{"Strawberry":25,"Hololive_TheStar":0,"Black Star":47,"Ginger":8}]},"card_choices":[{"not_picked":["Hololive_ManjiGathering","Hololive_Drill","Hololive_RevenueBasedLive"],"picked":"Hololive_CallRosalyn","floor":1},{"not_picked":["Hololive_Rebound","Hololive_OvertimeWork","Hololive_Sequa"],"picked":"Hololive_CallAkiRosenthal","floor":2},{"not_picked":["Hololive_Sequa","Hololive_HuntDinosaur","Hololive_HighAtkLowDef","Hololive_StrengthChampion"],"picked":"SKIP","floor":4},{"not_picked":["Hololive_CallYukihanaLamy","Hololive_CallFriendA","Hololive_LuckPotion"],"picked":"Hololive_CallUruhaRushia","floor":5},{"not_picked":["Hololive_Watashimo","Hololive_Rebound","Hololive_LuckPotion"],"picked":"Hololive_CallSakuraMiko","floor":6},{"not_picked":["Hololive_RevenueBasedLive","Hololive_DevilCharm","Hololive_CocoNews"],"picked":"Hololive_CallMomosuzuNene","floor":11},{"not_picked":["Hololive_OvertimeWork","Hololive_FlyingPonyTail","Hololive_CallUruhaRushia"],"picked":"Hololive_Trident","floor":12},{"not_picked":["Hololive_Breathe","Hololive_CocoNews","Hololive_HuntDinosaur"],"picked":"Hololive_CallShiranuiFlare","floor":14},{"not_picked":["Hololive_DDD","Hololive_AWSL","Hololive_BeCareful"],"picked":"Hololive_Thief","floor":16},{"not_picked":["Hololive_Psychosis","Hololive_CallAyundaRisu","Hololive_HuntDinosaur"],"picked":"Hololive_CallRoboco+1","floor":18},{"not_picked":["Hololive_StrengthChampion","Hololive_CallShiranuiFlare","Hololive_Rebound"],"picked":"Hololive_CallInugamiKorone+1","floor":19},{"not_picked":["Hololive_FlyingPonyTail","Hololive_StrengthChampion","Hololive_CallRosalyn"],"picked":"Hololive_RevenueBasedLive","floor":21},{"not_picked":["Hololive_Rebound","Hololive_CallAkiRosenthal","Hololive_LuckPotion"],"picked":"Hololive_CallOkamiMio","floor":22}],"player_experience":90320,"relics_obtained":[{"floor":6,"key":"Strawberry"}],"event_choices":[{"damage_healed":0,"gold_gain":0,"player_choice":"Ignored","damage_taken":0,"max_hp_gain":0,"max_hp_loss":0,"event_name":"N\u0027loth","floor":20,"gold_loss":0}],"is_beta":false,"boss_relics":[{"not_picked":["Astrolabe","SacredBark"],"picked":"Black Star"}],"items_purged_floors":[],"is_endless":false,"potions_floor_spawned":[1,5,12,14,21,22],"killed_by":"Gremlin Leader","ascension_level":1}}