{"host":"ywif2ugnepgiw45s","time":1613169060,"event":{"mods":["Act Like it!","BaseMod","Better Skull","Downfall","Elementarium","GifTheSpireLib","Hermit","Lobotomy","Minty Spire (QoL Compilation)","READ ME - Guardian Mod","Shade Mod","Shop Mod","StSLib","The Cursed","The Exalted","The Jungle","The Servant 0.9.4"],"gold_per_floor":[217,229,36,52,72,101,101,130,130,130,205,219,252,272,272,272,272],"floor_reached":16,"language":"ENG","playtime":738,"items_purged":[],"score":128,"play_id":"aafc6b80-8da6-45eb-9459-ed14a969d5c7","local_time":"20210212173100","is_ascension_mode":true,"campfire_choices":[{"data":"Shade:Brains","floor":7,"key":"SMITH"},{"floor":15,"key":"REST"}],"circlet_count":0,"master_deck":["Shade:Strike_Shade","Shade:Strike_Shade","Shade:Strike_Shade","Shade:Strike_Shade","Shade:Defend_Shade+1","Shade:Defend_Shade","Shade:Defend_Shade","Shade:Defend_Shade+1","Shade:AnimateDead","Shade:CarefulCut","Shade:Bonestorm","Shade:Brains+1","Shade:OpenGraves","Shade:FleshOffering","Shade:AuraOfUnlife"],"relics":["Shade:YorickSkull","MerchantsRug","Vajra","Gremlin Horn","Matryoshka","Blue Candle"],"acts_visited":["Exordium"],"potions_floor_usage":[13,16],"damage_taken":[{"damage":0,"enemies":"Cultist","floor":1,"turns":4},{"damage":0,"enemies":"Jaw Worm","floor":2,"turns":3},{"damage":0,"enemies":"Small Slimes","floor":4,"turns":3},{"damage":0,"enemies":"Blue Slaver","floor":5,"turns":4},{"damage":24,"enemies":"Gremlin Nob","floor":6,"turns":5},{"damage":4,"enemies":"3 Sentries","floor":8,"turns":5},{"damage":0,"enemies":"Large Slime","floor":12,"turns":4},{"damage":2,"enemies":"Gremlin Nob","floor":13,"turns":4},{"damage":6,"enemies":"Lots of Slimes","floor":14,"turns":3},{"damage":24,"enemies":"Slime Boss","floor":16,"turns":7}],"seed_played":"8914528573924003631","potions_obtained":[{"floor":2,"key":"GamblersBrew"},{"floor":4,"key":"SpeedPotion"},{"floor":5,"key":"Dexterity Potion"},{"floor":14,"key":"SkillPotion"}],"is_trial":false,"path_per_floor":["M","M","$","M","M","E","R","E","T","?","?","M","E","M","R","B"],"character_chosen":"SHADE","items_purchased":["Shade:OpenGraves","MerchantsRug"],"campfire_rested":1,"item_purchase_floors":[3,3],"current_hp_per_floor":[65,65,65,65,65,41,41,37,37,24,13,13,11,5,24,0,0],"gold":272,"neow_bonus":"HUNDRED_GOLD","is_daily":false,"chose_seed":false,"campfire_upgraded":1,"win_rate":0.0,"timestamp":1613169060,"path_taken":["M","M","?","M","M","E","R","E","T","?","?","M","E","M","R","BOSS"],"items_purchased_type":["Card","Relic"],"build_version":"2020-12-22","purchased_purges":0,"victory":false,"max_hp_per_floor":[65,65,65,65,65,65,65,65,65,65,65,65,65,65,65,65,65],"card_choices":[{"not_picked":["Shade:AncientSpear","Shade:Frenzy"],"picked":"Shade:Bonestorm","floor":1},{"not_picked":["Shade:AncientSpear","Shade:CoffinDance"],"picked":"Shade:Brains","floor":2},{"not_picked":["Shade:Premonition","Shade:FreshBones"],"picked":"Shade:FleshOffering","floor":4},{"not_picked":["Shade:ClawBack","Shade:Trample","Shade:FuneraryArmor"],"picked":"SKIP","floor":5},{"not_picked":["Shade:Premonition","Shade:LyeBath","Shade:Doomsay"],"picked":"SKIP","floor":6},{"not_picked":["Shade:SanguineRitual","Shade:BoneShards","Shade:FleshOffering"],"picked":"SKIP","floor":8},{"not_picked":["Shade:GraveStillness","Shade:Bonestorm","Shade:Frenzy"],"picked":"SKIP","floor":12},{"not_picked":["Shade:CallOfTheGrave","Shade:FleshLikeOak"],"picked":"Shade:AuraOfUnlife","floor":13},{"not_picked":["Shade:GraveStillness","Shade:SkeletonArmy","Shade:SpontaneousRitual"],"picked":"SKIP","floor":14}],"player_experience":1787962,"relics_obtained":[{"floor":6,"key":"Vajra"},{"floor":8,"key":"Gremlin Horn"},{"floor":9,"key":"Matryoshka"},{"floor":13,"key":"Blue Candle"}],"event_choices":[{"damage_healed":0,"gold_gain":0,"player_choice":"Entered Light","damage_taken":13,"max_hp_gain":0,"max_hp_loss":0,"event_name":"Shining Light","floor":10,"gold_loss":0,"cards_upgraded":["Shade:Defend_Shade","Shade:Defend_Shade"]},{"damage_healed":0,"gold_gain":75,"player_choice":"Gather Gold","damage_taken":11,"max_hp_gain":0,"max_hp_loss":0,"event_name":"World of Goop","floor":11,"gold_loss":0}],"is_beta":false,"boss_relics":[],"items_purged_floors":[],"is_endless":false,"potions_floor_spawned":[2,4,5,6,14],"killed_by":"Slime Boss","ascension_level":1}}