{"host":"kfd0jpqqxt101ydt","time":1613116733,"event":{"mods":["BaseMod","Downfall","Googly Eyes","Highlight Path","Minty Spire (QoL Compilation)","StSLib"],"gold_per_floor":[0,11,11,186,203,203,226,239,258,258,290,302,314,355,380,495,507,519,544,570,582,594,594,594],"floor_reached":22,"language":"ENG","playtime":1068,"items_purged":[],"score":232,"play_id":"b5b83e28-6a50-42cc-bce2-f2fcc24a6ff7","local_time":"20210212095853","is_ascension_mode":true,"campfire_choices":[{"data":"hexamod:Sear","floor":1,"key":"SMITH"},{"data":"hexamod:Float","floor":13,"key":"SMITH"},{"floor":18,"key":"RECALL"}],"circlet_count":0,"master_deck":["hexamod:Strike","hexamod:Strike","hexamod:Strike","hexamod:Defend","hexamod:Defend+1","hexamod:Defend","hexamod:Sear+1","hexamod:Float+1","hexamod:ShieldOfDarkness","hexamod:FourthSeal","hexamod:FastForward","hexamod:HeatCrush","hexamod:SkipABeat+1","hexamod:SwordOfDarkness","hexamod:AdvancingGuard","hexamod:FirstSeal","hexamod:TimeOfNeed","hexamod:HauntingEcho","hexamod:GhostShield"],"relics":["hexamod:SpiritBrand","Pocketwatch","Eternal Feather","Orichalcum","MawBank","War Paint","Fusion Hammer"],"acts_visited":["Exordium","TheCity"],"potions_floor_usage":[11,12,14,19,20],"damage_taken":[{"damage":2,"enemies":"2 Louse","floor":2,"turns":4},{"damage":1,"enemies":"Jaw Worm","floor":5,"turns":4},{"damage":0,"enemies":"Small Slimes","floor":8,"turns":4},{"damage":3,"enemies":"Red Slaver","floor":9,"turns":4},{"damage":21,"enemies":"Gremlin Nob","floor":11,"turns":4},{"damage":0,"enemies":"Gremlin Gang","floor":12,"turns":1},{"damage":0,"enemies":"3 Sentries","floor":14,"turns":7},{"damage":0,"enemies":"3 Louse","floor":15,"turns":3},{"damage":4,"enemies":"SI_SHIV_ARCHETYPE","floor":16,"turns":11},{"damage":2,"enemies":"Spheric Guardian","floor":19,"turns":5},{"damage":18,"enemies":"3 Byrds","floor":20,"turns":6},{"damage":2,"enemies":"3 Cultists","floor":22,"turns":5}],"seed_played":"7733347916320333325","potions_obtained":[{"floor":8,"key":"SmokeBomb"},{"floor":8,"key":"BlessingOfTheForge"},{"floor":9,"key":"ColorlessPotion"},{"floor":11,"key":"EssenceOfSteel"},{"floor":15,"key":"SteroidPotion"},{"floor":16,"key":"Block Potion"},{"floor":16,"key":"hexamod:SoulburnPotion"},{"floor":19,"key":"CultistPotion"},{"floor":20,"key":"hexamod:EctoCoolerPotion"}],"is_trial":false,"path_per_floor":["R","M","?","?","M","?","T","M","M","?","E","M","R","E","M","B",null,"R","M","M","?","M"],"character_chosen":"THE_SPIRIT","items_purchased":[],"campfire_rested":0,"item_purchase_floors":[],"current_hp_per_floor":[70,68,65,65,64,64,64,64,61,61,40,40,49,49,49,52,70,70,70,59,59,57,57,57],"gold":594,"neow_bonus":"ONE_RARE_RELIC","is_daily":false,"chose_seed":false,"campfire_upgraded":2,"win_rate":0.0,"timestamp":1613116733,"path_taken":["R","M","?","?","M","?","T","M","M","?","E","?","R","E","M","BOSS","R","M","M","?","M"],"items_purchased_type":[],"build_version":"2020-12-22","purchased_purges":0,"victory":false,"max_hp_per_floor":[70,70,70,70,70,70,70,70,70,70,70,70,70,70,70,70,70,70,70,70,70,70,70,70],"card_choices":[{"not_picked":["hexamod:InspiringFlames","hexamod:EtherealExpedition"],"picked":"hexamod:ShieldOfDarkness","floor":2},{"not_picked":["hexamod:NightmareGuise","hexamod:HeatMetal"],"picked":"hexamod:FourthSeal","floor":5},{"not_picked":["hexamod:TimeWarp","hexamod:ThermalTransfer"],"picked":"hexamod:FastForward","floor":8},{"not_picked":["hexamod:RecurringNightmare","hexamod:GhostLash"],"picked":"hexamod:HeatCrush","floor":9},{"not_picked":["hexamod:RecurringNightmare","hexamod:RainOfEmbers"],"picked":"hexamod:SwordOfDarkness","floor":11},{"not_picked":["hexamod:BurningTouch","hexamod:Firestarter"],"picked":"hexamod:AdvancingGuard","floor":14},{"not_picked":["hexamod:FastForward","hexamod:ThermalTransfer"],"picked":"hexamod:FirstSeal","floor":15},{"not_picked":["hexamod:SixthSeal","hexamod:ParanormalForm"],"picked":"hexamod:TimeOfNeed","floor":16},{"not_picked":["hexamod:ShieldOfDarkness","hexamod:InspiringFlames"],"picked":"hexamod:HauntingEcho","floor":19},{"not_picked":["hexamod:RecurringNightmare","hexamod:HauntingEcho"],"picked":"hexamod:GhostShield","floor":20}],"player_experience":38972,"relics_obtained":[{"floor":7,"key":"Orichalcum"},{"floor":11,"key":"MawBank"},{"floor":14,"key":"War Paint"}],"event_choices":[{"damage_healed":0,"gold_gain":0,"player_choice":"Success","damage_taken":3,"relics_obtained":["Eternal Feather"],"max_hp_gain":0,"max_hp_loss":0,"event_name":"Scrap Ooze","floor":3,"gold_loss":0},{"cards_removed":["Doubt"],"damage_healed":0,"gold_gain":0,"player_choice":"Card Removal","damage_taken":0,"max_hp_gain":0,"max_hp_loss":0,"event_name":"The Cleric","floor":6,"gold_loss":0}],"is_beta":false,"boss_relics":[{"not_picked":["Astrolabe","Busted Crown"],"picked":"Fusion Hammer"}],"items_purged_floors":[],"is_endless":false,"potions_floor_spawned":[8,9,12,16,20],"killed_by":"3 Cultists","ascension_level":1}}