{"host":"0uumfqrc8aynrssa","time":1613139087,"event":{"mods":["AchievementEnabler","Act Like it!","Aspiration","Astrologer","BaseMod","Better Altar","Better Match","Better Note","Better Sensory Stone","Better Skull","Better Third Choice","Better Vampires","CapriCore","Colored Map","Colored Powertips","Conspire","Downfall","Energized Spire","Friendly Minions","Gensokyo","GifTheSpireLib","Hallownest","Hermit","Highlight Path","Hubris","Infinite Spire","Koishi","Marisa????????","Marked Mod","Minty Spire (QoL Compilation)","Pale of the Ancients","Permanent Neow","Potionbrewer","Random Character Button","Rare Cards Sparkle","Reimu??????","Relic Sorter","Reliquary","Remilia??????","Robot Space Explorer","Shop Mod","Somnambulant","Spicy Shops","Spikes Relics","Spire Arcade","StSLib","Stuff the Spire","The Animator","The Awakened One except there are too many feathers","The Bug Knight","The Cursed","The Hierophant","The Immortal","The Marked","The Problem Sleuth","The Runesmith","The Servant 0.9.4","TheBandit","TheFirefly","Trackpad","Wandering Minibosses","everything is the same but u backflip on backflip","slay the spire mod where everything is the same but ironclad has a cowboy hat"],"gold_per_floor":[114,124,140,159,84,84,118,132,158,177,177,28,28,43,43,142,142,152,152,166,186,197,197,197,197],"floor_reached":24,"language":"ENG","playtime":1662,"items_purged":["Defend_B","Defend_B","Strike_B"],"score":202,"play_id":"66219d72-33a8-4391-a1f3-7cb3af74388a","local_time":"20210212091127","is_ascension_mode":false,"campfire_choices":[{"data":"Zap","floor":6,"key":"SMITH"},{"data":"Buffer","floor":11,"key":"SMITH"},{"data":"Dualcast","floor":13,"key":"SMITH"},{"floor":15,"key":"REST"},{"floor":23,"key":"REST"}],"circlet_count":0,"master_deck":["Zap+1","Dualcast+1","Sweeping Beam","Leap","Conserve Battery","Undo","BootSequence","Buffer+1","Redo","Multi-Cast","Turbo","Lockon","Auto Shields","StuffTheSpire:Plugnplay","Steam Power","Loop","Leap","Self Repair"],"relics":["Cracked Core","StoneCalendar","Potion Belt","hubris:SphereOfDissonance","Pandora\u0027s Box"],"acts_visited":["Exordium","Gensokyo:Gensokyoer"],"potions_floor_usage":[24,24],"damage_taken":[{"damage":1,"enemies":"Cultist","floor":1,"turns":3},{"damage":1,"enemies":"Jaw Worm","floor":2,"turns":4},{"damage":13,"enemies":"2 Louse","floor":3,"turns":2},{"damage":9,"enemies":"2 Fungi Beasts","floor":4,"turns":3},{"damage":22,"enemies":"3 Sentries","floor":7,"turns":6},{"damage":0,"enemies":"Blue Slaver","floor":8,"turns":3},{"damage":0,"enemies":"conspire:2 RoseBushes","floor":10,"turns":4},{"damage":0,"enemies":"Lots of Slimes","floor":14,"turns":2},{"damage":50,"enemies":"Hexaghost","floor":16,"turns":12},{"damage":0,"enemies":"Gensokyo:CosmicMonolith","floor":18,"turns":7},{"damage":45,"enemies":"Gensokyo:3_Dogs","floor":20,"turns":6},{"damage":2,"enemies":"Gensokyo:Slime_Group","floor":21,"turns":6},{"damage":21,"enemies":"Gensokyo:Wraith","floor":22,"turns":6},{"damage":38,"enemies":"Gensokyo:Chomper_and_Gloop","floor":24,"turns":5}],"seed_played":"1904565432394520546","potions_obtained":[{"floor":1,"key":"hexamod:SoulburnPotion"},{"floor":4,"key":"FearPotion"},{"floor":7,"key":"ZuzhouPotion:ReiMu"},{"floor":16,"key":"PowerPotion"},{"floor":20,"key":"FocusPotion"},{"floor":22,"key":"CultistPotion"}],"is_trial":false,"path_per_floor":["M","M","M","M","$","R","E","M","T","M","R","$","R","M","R","B",null,"M","AVR","M","M","M","R","M"],"character_chosen":"DEFECT","items_purchased":["Redo"],"campfire_rested":2,"item_purchase_floors":[12],"current_hp_per_floor":[81,80,67,58,58,58,36,36,36,36,36,36,36,36,60,10,82,82,82,37,35,14,38,0,0],"gold":197,"neow_bonus":"TEN_PERCENT_HP_BONUS","is_daily":false,"chose_seed":false,"campfire_upgraded":3,"win_rate":0.0,"timestamp":1613139087,"path_taken":["M","M","M","M","$","R","E","M","T","M","R","$","R","M","R","BOSS","M","AVR","M","?","M","R","M"],"items_purchased_type":["Card"],"build_version":"2020-12-22","purchased_purges":3,"victory":false,"max_hp_per_floor":[82,82,82,82,82,82,82,82,82,82,82,82,82,82,82,82,82,82,82,82,82,82,82,82,82],"card_choices":[{"not_picked":["FTL","Steam"],"picked":"Sweeping Beam","floor":1},{"not_picked":["Compile Driver","Steam"],"picked":"Leap","floor":2},{"not_picked":["Streamline","Auto Shields"],"picked":"Conserve Battery","floor":3},{"not_picked":["Hologram","Rebound"],"picked":"Undo","floor":4},{"not_picked":["Hologram","StuffTheSpire:Coldhearted"],"picked":"BootSequence","floor":7},{"not_picked":["Ball Lightning","Scrape"],"picked":"Buffer","floor":8},{"not_picked":["FTL","Gash","Compile Driver"],"picked":"SKIP","floor":10},{"not_picked":["Beam Cell","Turbo","hubris:Ukulele"],"picked":"SKIP","floor":14},{"not_picked":["Reboot","Hyperbeam"],"picked":"Multi-Cast","floor":16},{"not_picked":["Compile Driver","Blizzard"],"picked":"Turbo","floor":18},{"not_picked":["StuffTheSpire:Plugnplay","Go for the Eyes"],"picked":"Leap","floor":20},{"not_picked":["Gash","StuffTheSpire:Plugnplay","RefreshScreen+1"],"picked":"SKIP","floor":21},{"not_picked":["Beam Cell","Coolheaded"],"picked":"Self Repair","floor":22}],"player_experience":990732,"relics_obtained":[{"floor":7,"key":"StoneCalendar"},{"floor":9,"key":"Potion Belt"}],"event_choices":[],"is_beta":false,"boss_relics":[{"not_picked":["Fusion Hammer","energizedSpire:MagnifyingGlass","reliquary:KinkedSpring"]}],"items_purged_floors":[5,12,19],"is_endless":false,"potions_floor_spawned":[1,4,7,8,16,20,22],"killed_by":"Gensokyo:Chomper_and_Gloop","ascension_level":0}}