{"host":"17trt2gvjgnh9jmc","time":1613139657,"event":{"mods":["AchievementEnabler","BaseMod","Bestiary","Colored Map","Minty Spire (QoL Compilation)","Relic Stats"],"gold_per_floor":[109,121,121,141,156,189,204,204,204,223,238,266,327,28,28,132,132,151,162,212,223,69,104,104,136,136,147,164,189,205,7,7,102,102,118,28,38,53,70,104,118,147,172,203,230,250,276,189,189,189,189,189,70,103,103],"floor_reached":56,"language":"ENG","playtime":12486,"items_purged":["Strike_R","Defend_R","Strike_R","Feed"],"score":1580,"play_id":"ed1b819d-1fb9-4223-9ec1-2c8e367ae2b3","local_time":"20210212152057","is_ascension_mode":true,"campfire_choices":[{"data":"Twin Strike","floor":8.0,"key":"SMITH"},{"data":"Spot Weakness","floor":15.0,"key":"SMITH"},{"data":"Brutality","floor":24.0,"key":"SMITH"},{"floor":32.0,"key":"RECALL"},{"data":"Heavy Blade","floor":49,"key":"SMITH"},{"data":"Demon Form","floor":52,"key":"SMITH"}],"circlet_count":0,"master_deck":["Strike_R","Bash","Inflame","Rage","Wild Strike","Metallicize","Twin Strike+1","Spot Weakness+1","Rupture","Intimidate+1","Rage","Flex+1","Brutality+1","Wild Strike+1","Body Slam+1","Shockwave+1","Inflame+1","Rage","Heavy Blade+1","Fire Breathing+1","Rupture","Bloodletting+1","Limit Break","Brutality","Whirlwind+1","Heavy Blade+1","Whirlwind","Demon Form+1","Bloodletting+1","Heavy Blade+1","Rupture","Inflame","Inflame"],"relics":["Burning Blood","Anchor","Pocketwatch","Gambling Chip","Bird Faced Urn","Lantern","Vajra","Sling","Astrolabe","Smiling Mask","Ice Cream","Calipers","Happy Flower","Black Star","Torii","WingedGreaves","Bottled Flame","Oddly Smooth Stone","Blood Vial","Meat on the Bone","Sundial","Molten Egg 2","Pantograph","War Paint","InkBottle","Mango","Centennial Puzzle"],"acts_visited":["Exordium","TheCity","TheBeyond","TheEnding"],"potions_floor_usage":[46,55,55],"damage_taken":[{"damage":4.0,"enemies":"2 Louse","floor":1.0,"turns":4.0},{"damage":6.0,"enemies":"Small Slimes","floor":2.0,"turns":4.0},{"damage":0.0,"enemies":"Jaw Worm","floor":4.0,"turns":3.0},{"damage":10.0,"enemies":"Exordium Wildlife","floor":5.0,"turns":7.0},{"damage":26.0,"enemies":"Lagavulin","floor":6.0,"turns":9.0},{"damage":13.0,"enemies":"Exordium Thugs","floor":7.0,"turns":6.0},{"damage":6.0,"enemies":"Red Slaver","floor":10.0,"turns":7.0},{"damage":0.0,"enemies":"2 Fungi Beasts","floor":11.0,"turns":3.0},{"damage":12.0,"enemies":"3 Sentries","floor":12.0,"turns":8.0},{"damage":17.0,"enemies":"3 Sentries","floor":13.0,"turns":7.0},{"damage":19.0,"enemies":"The Guardian","floor":16.0,"turns":10.0},{"damage":22.0,"enemies":"2 Thieves","floor":18.0,"turns":4.0},{"damage":29.0,"enemies":"Spheric Guardian","floor":19.0,"turns":4.0},{"damage":14.0,"enemies":"Centurion and Healer","floor":21.0,"turns":5.0},{"damage":34.0,"enemies":"Slavers","floor":23.0,"turns":5.0},{"damage":11.0,"enemies":"Book of Stabbing","floor":25.0,"turns":3.0},{"damage":9.0,"enemies":"Snake Plant","floor":27.0,"turns":2.0},{"damage":34.0,"enemies":"Shelled Parasite and Fungi","floor":28.0,"turns":3.0},{"damage":9.0,"enemies":"Gremlin Leader","floor":29.0,"turns":5.0},{"damage":8.0,"enemies":"Cultist and Chosen","floor":30.0,"turns":4.0},{"damage":17.0,"enemies":"Collector","floor":33.0,"turns":5.0},{"damage":37.0,"enemies":"3 Darklings","floor":35.0,"turns":4.0},{"damage":9.0,"enemies":"3 Shapes","floor":37.0,"turns":3.0},{"damage":22.0,"enemies":"Transient","floor":38.0,"turns":5.0},{"damage":10,"enemies":"Sphere and 2 Shapes","floor":39,"turns":3},{"damage":49,"enemies":"Nemesis","floor":40,"turns":3},{"damage":27,"enemies":"3 Darklings","floor":41,"turns":3},{"damage":17,"enemies":"Giant Head","floor":42,"turns":5},{"damage":39,"enemies":"Nemesis","floor":44,"turns":3},{"damage":25,"enemies":"Reptomancer","floor":45,"turns":3},{"damage":13,"enemies":"Transient","floor":46,"turns":5},{"damage":17,"enemies":"Giant Head","floor":47,"turns":4},{"damage":49,"enemies":"Donu and Deca","floor":50,"turns":5},{"damage":90,"enemies":"Shield and Spear","floor":54,"turns":4},{"damage":147,"enemies":"The Heart","floor":55,"turns":7}],"seed_played":"5462911413150290264","potions_obtained":[{"floor":1.0,"key":"Weak Potion"},{"floor":2.0,"key":"Block Potion"},{"floor":10.0,"key":"Fire Potion"},{"floor":12.0,"key":"ColorlessPotion"},{"floor":13.0,"key":"PowerPotion"},{"floor":18.0,"key":"Fire Potion"},{"floor":21.0,"key":"Explosive Potion"},{"floor":25.0,"key":"ColorlessPotion"},{"floor":28.0,"key":"SteroidPotion"},{"floor":38.0,"key":"Strength Potion"},{"floor":40,"key":"BloodPotion"},{"floor":46,"key":"Explosive Potion"}],"is_trial":false,"path_per_floor":["M","M","?","M","M","E","M","R","T","M","M","E","?","$","R","B",null,"M","M","?","M","$","E","R","E","T","M","M","E","M","$","R","B",null,"M","?","M","M","M","E","M","E","T","E","E","M","E","$","R","B",null,"R","$","E","B",null],"character_chosen":"IRONCLAD","items_purchased":["Vajra","Sling","Fire Breathing","Happy Flower","Rupture","Inflame"],"campfire_rested":0,"item_purchase_floors":[14,14,22,31,48,53],"current_hp_per_floor":[80,80,68,74,73,56,52,52,52,55,64,61,59,59,59,55,104,94,86,86,91,91,78,78,81,81,84,67,78,88,88,88,91,116,95,95,107,107,114,81,72,75,75,56,65,76,81,81,81,85,122,122,122,74,21],"gold":103,"neow_bonus":"TRANSFORM_CARD","is_daily":false,"chose_seed":false,"campfire_upgraded":5,"win_rate":0.0,"timestamp":1613139657,"path_taken":["M","M","?","M","M","E","M","R","T","M","M","E","?","?","R","BOSS","M","M","?","M","$","E","R","E","T","M","M","E","?","$","R","BOSS","M","?","M","?","M","E","M","E","T","E","E","M","E","$","R","BOSS","R","$","E","BOSS"],"items_purchased_type":["Relic","Relic","Card","Relic","Card","Card"],"build_version":"2020-12-22","purchased_purges":4,"victory":true,"max_hp_per_floor":[80,80,80,80,83,86,89,89,89,92,95,98,101,101,101,104,104,104,107,107,110,110,113,113,113,113,113,116,116,116,116,116,116,116,116,116,119,119,122,122,122,122,122,122,122,122,122,122,122,122,122,122,122,136,136],"relic_stats":{"Happy Flower":[20],"Torii":53,"counters":[35,165],"Astrolabe":["Wild Strike","Body Slam","Shockwave"],"War Paint":["Flex","Intimidate"],"Smiling Mask":225,"Burning Blood":208,"Blood Vial":12,"Centennial Puzzle":[3],"Sundial":[2],"Gambling Chip":[82],"Bird Faced Urn":[304],"Pantograph":50,"Black Star":6,"obtain_stats":[{"Ice Cream":25,"Lantern":13,"Calipers":29,"Torii":40,"Vajra":14,"Mango":54,"Sling":14,"Smiling Mask":23,"Burning Blood":0,"Blood Vial":43,"Centennial Puzzle":54,"Sundial":44,"Gambling Chip":9,"Pantograph":45,"WingedGreaves":40,"InkBottle":47,"Happy Flower":31,"Astrolabe":17,"Oddly Smooth Stone":42,"War Paint":47,"Anchor":3,"Bottled Flame":42,"Bird Faced Urn":12,"Molten Egg 2":45,"Black Star":34,"Pocketwatch":6,"Meat on the Bone":44},{"Ice Cream":16,"Lantern":9,"Calipers":19,"Torii":26,"Vajra":10,"Mango":34,"Sling":10,"Smiling Mask":15,"Burning Blood":0,"Blood Vial":28,"Centennial Puzzle":34,"Sundial":29,"Gambling Chip":6,"Pantograph":30,"WingedGreaves":26,"InkBottle":32,"Happy Flower":20,"Astrolabe":11,"Oddly Smooth Stone":28,"War Paint":32,"Anchor":2,"Bottled Flame":28,"Bird Faced Urn":9,"Molten Egg 2":30,"Black Star":21,"Pocketwatch":5,"Meat on the Bone":29},{"Ice Cream":89,"Lantern":51,"Calipers":99,"Torii":126,"Vajra":58,"Mango":158,"Sling":58,"Smiling Mask":86,"Burning Blood":0,"Blood Vial":134,"Centennial Puzzle":158,"Sundial":137,"Gambling Chip":33,"Pantograph":140,"WingedGreaves":126,"InkBottle":149,"Happy Flower":103,"Astrolabe":68,"Oddly Smooth Stone":134,"War Paint":149,"Anchor":8,"Bottled Flame":134,"Bird Faced Urn":51,"Molten Egg 2":140,"Black Star":108,"Pocketwatch":27,"Meat on the Bone":137}],"InkBottle":[8],"Pocketwatch":[135],"Meat on the Bone":36},"card_choices":[{"not_picked":["Warcry","True Grit"],"picked":"Rage","floor":1.0},{"not_picked":["Sever Soul","Shrug It Off"],"picked":"Wild Strike","floor":2.0},{"not_picked":["Havoc","Flex"],"picked":"Feed","floor":4.0},{"not_picked":["Headbutt","Bloodletting"],"picked":"Metallicize","floor":5.0},{"not_picked":["Reckless Charge","Anger"],"picked":"Twin Strike","floor":6.0},{"not_picked":["Havoc","Armaments"],"picked":"Spot Weakness","floor":7.0},{"not_picked":["Twin Strike","Perfected Strike"],"picked":"Rupture","floor":10.0},{"not_picked":["Warcry","Clash"],"picked":"Intimidate","floor":11.0},{"not_picked":["Searing Blow","True Grit"],"picked":"Rage","floor":12.0},{"not_picked":["Entrench","Armaments"],"picked":"Flex","floor":13.0},{"not_picked":["Juggernaut","Double Tap"],"picked":"Brutality","floor":16.0},{"not_picked":["Cleave","Twin Strike+1"],"picked":"Inflame+1","floor":18.0},{"not_picked":["Flex","Twin Strike"],"picked":"Rage","floor":19.0},{"not_picked":["Havoc","Uppercut"],"picked":"Heavy Blade+1","floor":21.0},{"not_picked":["Sentinel+1","Clash","Pommel Strike"],"picked":"SKIP","floor":23.0},{"not_picked":["Rage","Body Slam","Carnage"],"picked":"SKIP","floor":25.0},{"not_picked":["Flex","Flame Barrier+1"],"picked":"Rupture","floor":27.0},{"not_picked":["Anger","Headbutt","Twin Strike"],"picked":"SKIP","floor":28.0},{"not_picked":["Cleave","Body Slam+1"],"picked":"Bloodletting+1","floor":29.0},{"not_picked":["Disarm+1","Clothesline"],"picked":"Limit Break","floor":30.0},{"not_picked":["Berserk","Juggernaut"],"picked":"Brutality","floor":33.0},{"not_picked":["Perfected Strike+1","Anger+1","Pommel Strike"],"picked":"SKIP","floor":35.0},{"not_picked":["Bloodletting+1","Pommel Strike","Sword Boomerang"],"picked":"SKIP","floor":37.0},{"not_picked":["Sever Soul+1","Second Wind+1"],"picked":"Whirlwind+1","floor":38.0},{"not_picked":["Fire Breathing","Clash+1"],"picked":"Heavy Blade","floor":39},{"not_picked":["Clash","Battle Trance","Twin Strike"],"picked":"SKIP","floor":40},{"not_picked":["Clash+1","Dark Embrace","Body Slam"],"picked":"SKIP","floor":41},{"not_picked":["Intimidate","Dropkick"],"picked":"Whirlwind","floor":42},{"not_picked":["Dark Embrace","Shrug It Off+1"],"picked":"Demon Form","floor":44},{"not_picked":["Evolve+1","Juggernaut"],"picked":"Bloodletting+1","floor":45},{"not_picked":["Evolve+1","Pommel Strike+1"],"picked":"Heavy Blade+1","floor":46},{"not_picked":["Power Through+1","Reckless Charge+1","Warcry"],"picked":"SKIP","floor":47},{"not_picked":["Pommel Strike+1","Sentinel+1"],"picked":"Inflame","floor":54}],"player_experience":455683,"relics_obtained":[{"floor":6.0,"key":"Pocketwatch"},{"floor":9.0,"key":"Gambling Chip"},{"floor":12.0,"key":"Bird Faced Urn"},{"floor":23.0,"key":"Smiling Mask"},{"floor":25.0,"key":"Ice Cream"},{"floor":29.0,"key":"Calipers"},{"floor":40,"key":"Torii"},{"floor":40,"key":"WingedGreaves"},{"floor":42,"key":"Bottled Flame"},{"floor":42,"key":"Oddly Smooth Stone"},{"floor":43,"key":"Blood Vial"},{"floor":44,"key":"Meat on the Bone"},{"floor":44,"key":"Sundial"},{"floor":45,"key":"Molten Egg 2"},{"floor":45,"key":"Pantograph"},{"floor":47,"key":"War Paint"},{"floor":47,"key":"InkBottle"},{"floor":54,"key":"Mango"},{"floor":54,"key":"Centennial Puzzle"}],"event_choices":[{"damage_healed":0.0,"max_hp_gain":0.0,"max_hp_loss":0.0,"gold_gain":0.0,"event_name":"Scrap Ooze","player_choice":"Success","floor":3.0,"gold_loss":0.0,"damage_taken":12.0,"relics_obtained":["Anchor"]},{"damage_healed":0.0,"max_hp_gain":0.0,"max_hp_loss":0.0,"gold_gain":30.0,"event_name":"Dead Adventurer","player_choice":"Searched \u00273\u0027 times","floor":13.0,"gold_loss":0.0,"damage_taken":0.0,"relics_obtained":["Lantern"]},{"damage_healed":0.0,"max_hp_gain":0.0,"max_hp_loss":0.0,"gold_gain":100.0,"event_name":"The Joust","player_choice":"Bet on Murderer","floor":20.0,"gold_loss":50.0,"damage_taken":0.0},{"cards_removed":["Defend_R"],"damage_healed":0.0,"max_hp_gain":0.0,"max_hp_loss":0.0,"gold_gain":0.0,"event_name":"Designer","player_choice":"Upgrade and Remove","floor":36.0,"gold_loss":90.0,"damage_taken":0.0,"cards_upgraded":["Fire Breathing"]}],"is_beta":false,"boss_relics":[{"not_picked":["Fusion Hammer","Calling Bell"],"picked":"Astrolabe"},{"not_picked":["Philosopher\u0027s Stone","Pandora\u0027s Box"],"picked":"Black Star"}],"items_purged_floors":[22,31,48,53],"is_endless":false,"potions_floor_spawned":[1,2,10,11,12,13,18,21,25,28,38,40,42,44,46],"ascension_level":2}}