{"host":"9rxgn077cyjlend4","time":1613100434,"event":{"mods":["BaseMod","Minty Spire (QoL Compilation)","StSLib","The Saiyan"],"gold_per_floor":[94,107,107,121,68,108,73,73,73,98,121,136,211,62,62,190,190,190,190],"floor_reached":18,"language":"ENG","playtime":1266,"items_purged":[],"score":160,"play_id":"255aa965-da9d-4f0c-ae17-b68e7372b71f","local_time":"20210212032714","is_ascension_mode":false,"campfire_choices":[{"data":"Saiyan:DragonFist","floor":15,"key":"SMITH"}],"circlet_count":0,"master_deck":["Saiyan:SAIYA_Strike","Saiyan:SAIYA_Strike","Saiyan:SAIYA_Strike","Saiyan:SAIYA_Strike","Saiyan:SAIYA_Defend","Saiyan:SAIYA_Defend","Saiyan:SAIYA_Defend","Saiyan:SAIYA_Defend","Saiyan:EnergyBlast","Saiyan:KaioKen","Saiyan:RuthlessBlow","Saiyan:ExpandingShockwave","Saiyan:Flurry","Saiyan:DoubleMasenko","Saiyan:MeteorDash","Saiyan:DragonFist+1","Saiyan:KameHameHa","Saiyan:GhostAttack","Saiyan:SenzuBean"],"relics":["SaiyanSoul","SaiyanHeart","Golden Idol","Mummified Hand","Lantern","Regal Pillow","Snecko Eye"],"acts_visited":["Exordium","TheCity"],"potions_floor_usage":[16,16,18],"damage_taken":[{"damage":0,"enemies":"Jaw Worm","floor":1,"turns":5},{"damage":1,"enemies":"Small Slimes","floor":2,"turns":2},{"damage":0,"enemies":"2 Louse","floor":4,"turns":2},{"damage":32,"enemies":"Gremlin Nob","floor":6,"turns":5},{"damage":1,"enemies":"Looter","floor":10,"turns":3},{"damage":1,"enemies":"Lots of Slimes","floor":12,"turns":3},{"damage":28,"enemies":"The Guardian","floor":16,"turns":11},{"damage":71,"enemies":"Spheric Guardian","floor":18,"turns":7}],"seed_played":"-278823857362894128","potions_obtained":[{"floor":2,"key":"DistilledChaos"},{"floor":4,"key":"LiquidBronze"},{"floor":10,"key":"Strength Potion"},{"floor":16,"key":"Dexterity Potion"}],"is_trial":false,"path_per_floor":["M","M","?","M","$","E","?","?","T","M","T","M","?","$","R","B",null,"M"],"character_chosen":"SAIYAJIN","items_purchased":["Saiyan:DoubleMasenko","Saiyan:GhostAttack"],"campfire_rested":0,"item_purchase_floors":[5,14],"current_hp_per_floor":[67,67,63,64,64,34,50,50,50,50,50,51,40,40,40,13,70,0,0],"gold":190,"neow_bonus":"TEN_PERCENT_HP_BONUS","is_daily":false,"chose_seed":false,"campfire_upgraded":1,"win_rate":0.0,"timestamp":1613100434,"path_taken":["M","M","?","M","$","E","?","?","T","M","?","?","?","?","R","BOSS","M"],"items_purchased_type":["Card","Card"],"build_version":"2020-12-22","purchased_purges":0,"victory":false,"max_hp_per_floor":[67,68,63,64,64,66,66,66,66,67,67,69,69,69,69,70,70,71,71],"card_choices":[{"not_picked":["Saiyan:Quickening","Saiyan:RemoveWeights"],"picked":"Saiyan:ExpandingShockwave","floor":1},{"not_picked":["Saiyan:Honing","Saiyan:Momentum"],"picked":"Saiyan:Flurry","floor":2},{"not_picked":["Saiyan:Honing","Saiyan:Taunt","Saiyan:RemoveWeights"],"picked":"SKIP","floor":4},{"not_picked":["Saiyan:Teleport","Saiyan:DoubleMasenko"],"picked":"Saiyan:MeteorDash","floor":6},{"not_picked":["Saiyan:AugmentedBlast","Saiyan:PlotArmor"],"picked":"Saiyan:DragonFist","floor":10},{"not_picked":["Saiyan:BackAttack","Saiyan:ConcussiveBlow"],"picked":"Saiyan:KameHameHa","floor":12},{"not_picked":["Saiyan:MindBoom","Saiyan:HyperTimeChamber"],"picked":"Saiyan:SenzuBean","floor":16}],"player_experience":671661,"relics_obtained":[{"floor":6,"key":"Mummified Hand"},{"floor":9,"key":"Lantern"},{"floor":11,"key":"Regal Pillow"}],"event_choices":[{"damage_healed":0,"gold_gain":0,"player_choice":"Lose Max HP","damage_taken":0,"relics_obtained":["Golden Idol"],"max_hp_gain":0,"max_hp_loss":5,"event_name":"Golden Idol","floor":3,"gold_loss":0},{"damage_healed":16,"gold_gain":0,"player_choice":"Healed","damage_taken":0,"max_hp_gain":0,"max_hp_loss":0,"event_name":"The Cleric","floor":7,"gold_loss":35},{"damage_healed":0,"gold_gain":0,"player_choice":"Ignored","damage_taken":0,"max_hp_gain":0,"max_hp_loss":0,"event_name":"Liars Game","floor":8,"gold_loss":0},{"damage_healed":0,"gold_gain":75,"player_choice":"Gather Gold","damage_taken":11,"max_hp_gain":0,"max_hp_loss":0,"event_name":"World of Goop","floor":13,"gold_loss":0}],"is_beta":false,"boss_relics":[{"not_picked":["Tiny House","Astrolabe"],"picked":"Snecko Eye"}],"items_purged_floors":[],"is_endless":false,"potions_floor_spawned":[2,4,10,16],"killed_by":"Spheric Guardian","ascension_level":0}}