{"host":"at5b10nm0iti0w4x","time":1613096146,"event":{"mods":["2.2 Compatiblity","AchievementEnabler","BaseMod","Bestiary","Block Reminder","Colored Map","Colored Powertips","Highlight Path","Keyboard Shortcuts","Minty Spire (QoL Compilation)","Quick Restart","Relic Stats","Slay the Relics Exporter","StSLib","SuperFastMode","Unknown Chances"],"gold_per_floor":[114,124,138,156,171,171,181,211,211,211,226,245,245,256,256,354,354,367,381,381,218,218,232,232,243,243,243,257,136,150,169,169,274,274,288,288,288,300,313,313,313,143,143,143,161,161,161,161,161,161],"floor_reached":51,"language":"ENG","playtime":3283,"items_purged":["Riddle With Holes"],"score":645,"play_id":"18e42fdf-df5e-4e09-a62a-064a7091e845","local_time":"20210211211546","is_ascension_mode":false,"campfire_choices":[{"data":"Accuracy","floor":6.0,"key":"SMITH"},{"data":"Cloak And Dagger","floor":10.0,"key":"SMITH"},{"data":"Blade Dance","floor":13.0,"key":"SMITH"},{"data":"Blade Dance","floor":15.0,"key":"SMITH"},{"data":"After Image","floor":27.0,"key":"SMITH"},{"data":"Tools of the Trade","floor":32.0,"key":"SMITH"},{"data":"Adrenaline","floor":40.0,"key":"SMITH"},{"data":"Accuracy","floor":47.0,"key":"SMITH"},{"data":"Caltrops","floor":49.0,"key":"SMITH"}],"circlet_count":0,"master_deck":["Defend_G+1","Defend_G+1","Defend_G+1","Defend_G+1","Defend_G+1","Neutralize","Dash","Backstab","Cloak And Dagger+1","Blade Dance+1","Accuracy+1","Dagger Spray","Sucker Punch","Escape Plan","Blur","Blade Dance+1","After Image+1","Sucker Punch+1","Bite","Bite","Bite","Bite","Bite","Caltrops+1","Cloak And Dagger","Cloak And Dagger","Tools of the Trade+1","Infinite Blades+1","Adrenaline+1","Backflip+1","Accuracy+1","Blind"],"relics":["Ring of the Snake"],"acts_visited":["Exordium","TheCity","TheBeyond"],"potions_floor_usage":[50,50,50],"damage_taken":[{"damage":3.0,"enemies":"Cultist","floor":1.0,"turns":5.0},{"damage":0.0,"enemies":"2 Louse","floor":2.0,"turns":2.0},{"damage":1.0,"enemies":"Jaw Worm","floor":3.0,"turns":3.0},{"damage":0.0,"enemies":"Red Slaver","floor":4.0,"turns":4.0},{"damage":0.0,"enemies":"2 Fungi Beasts","floor":5.0,"turns":3.0},{"damage":0.0,"enemies":"3 Louse","floor":7.0,"turns":2.0},{"damage":9.0,"enemies":"The Mushroom Lair","floor":8.0,"turns":4.0},{"damage":1.0,"enemies":"Red Slaver","floor":11.0,"turns":2.0},{"damage":0.0,"enemies":"Exordium Wildlife","floor":12.0,"turns":3.0},{"damage":0.0,"enemies":"Looter","floor":14.0,"turns":2.0},{"damage":37.0,"enemies":"The Guardian","floor":16.0,"turns":11.0},{"damage":4.0,"enemies":"3 Byrds","floor":18.0,"turns":4.0},{"damage":4.0,"enemies":"Shell Parasite","floor":19.0,"turns":5.0},{"damage":8.0,"enemies":"Shelled Parasite and Fungi","floor":23.0,"turns":3.0},{"damage":1.0,"enemies":"Centurion and Healer","floor":25.0,"turns":4.0},{"damage":15.0,"enemies":"Snake Plant","floor":28.0,"turns":9.0},{"damage":9.0,"enemies":"Sentry and Sphere","floor":30.0,"turns":7.0},{"damage":8.0,"enemies":"Cultist and Chosen","floor":31.0,"turns":6.0},{"damage":34.0,"enemies":"Collector","floor":33.0,"turns":11.0},{"damage":19.0,"enemies":"3 Darklings","floor":35.0,"turns":7.0},{"damage":0.0,"enemies":"Orb Walker","floor":38.0,"turns":3.0},{"damage":10.0,"enemies":"3 Darklings","floor":39.0,"turns":5.0},{"damage":12.0,"enemies":"4 Shapes","floor":45.0,"turns":8.0},{"damage":19,"enemies":"Time Eater","floor":50,"turns":10}],"seed_played":"968590009254567803","potions_obtained":[{"floor":1.0,"key":"ColorlessPotion"},{"floor":3.0,"key":"Explosive Potion"},{"floor":4.0,"key":"CultistPotion"},{"floor":14.0,"key":"Strength Potion"},{"floor":25.0,"key":"Fruit Juice"},{"floor":45.0,"key":"PowerPotion"}],"is_trial":false,"path_per_floor":["M","M","M","M","M","R","M","?","T","R","M","M","R","M","R","B",null,"M","M","?","$","?","M","?","M","T","R","M","$","M","M","R","B",null,"M","?","?","M","M","R","?","$","T","$","M","?","R","T","R","B",null],"character_chosen":"THE_SILENT","items_purchased":["Flash of Steel","Caltrops","Cloak And Dagger","Accuracy","GhostInAJar"],"campfire_rested":0,"item_purchase_floors":[21,21,29,42,42],"current_hp_per_floor":[74,74,73,73,73,73,73,64,64,64,63,63,63,63,63,26,77,73,69,53,53,53,49,49,52,52,52,50,50,50,51,51,29,53,51,51,51,51,47,47,47,47,47,47,41,41,41,41,41,30],"gold":161,"neow_bonus":"TEN_PERCENT_HP_BONUS","is_daily":false,"chose_seed":false,"campfire_upgraded":9,"win_rate":0.0,"timestamp":1613096146,"path_taken":["M","M","M","M","M","R","?","?","T","R","M","M","R","M","R","BOSS","M","M","?","$","?","M","?","M","T","R","?","?","M","M","R","BOSS","M","?","?","?","M","R","?","?","T","$","M","?","R","?","R","BOSS"],"items_purchased_type":["Card","Card","Card","Card","Potion"],"build_version":"2020-12-22","purchased_purges":1,"victory":true,"max_hp_per_floor":[77,77,77,77,77,77,77,77,77,77,77,77,77,77,77,77,77,77,77,53,53,53,53,53,53,53,53,53,53,53,53,53,53,53,58,58,58,58,58,58,58,58,58,58,58,58,58,58,58,58],"relic_stats":{"counters":[24,123],"obtain_stats":[{"Ring of the Snake":0},{"Ring of the Snake":0},{"Ring of the Snake":0}],"Ring of the Snake":[48]},"card_choices":[{"not_picked":["Crippling Poison","Prepared"],"picked":"Dash","floor":1.0},{"not_picked":["Poisoned Stab","Slice"],"picked":"Backstab","floor":2.0},{"not_picked":["Reflex","Outmaneuver"],"picked":"Cloak And Dagger","floor":3.0},{"not_picked":["Quick Slash","Underhanded Strike"],"picked":"Blade Dance","floor":4.0},{"not_picked":["Envenom","Prepared"],"picked":"Accuracy","floor":5.0},{"not_picked":["Slice","Deflect"],"picked":"Dagger Spray","floor":7.0},{"not_picked":["Bane","Cloak And Dagger"],"picked":"Sucker Punch","floor":8.0},{"not_picked":["Leg Sweep","Slice"],"picked":"Escape Plan","floor":11.0},{"not_picked":["Acrobatics","Skewer"],"picked":"Blur","floor":12.0},{"not_picked":["Slice","Backflip"],"picked":"Blade Dance","floor":14.0},{"not_picked":["Malaise","Night Terror"],"picked":"After Image","floor":16.0},{"not_picked":["Flying Knee","Reflex","Masterful Stab"],"picked":"SKIP","floor":18.0},{"not_picked":["Poisoned Stab","Bane+1"],"picked":"Sucker Punch+1","floor":19.0},{"not_picked":["Riddle With Holes","Slice","Flechettes"],"picked":"SKIP","floor":23.0},{"not_picked":["Poisoned Stab+1","Masterful Stab"],"picked":"Riddle With Holes","floor":25.0},{"not_picked":["Catalyst","All Out Attack+1"],"picked":"Cloak And Dagger","floor":28.0},{"not_picked":["Concentrate+1","Poisoned Stab"],"picked":"Tools of the Trade","floor":30.0},{"not_picked":["Prepared","Tactician"],"picked":"Infinite Blades+1","floor":31.0},{"not_picked":["Glass Knife","Wraith Form v2"],"picked":"Adrenaline","floor":33.0},{"not_picked":["Flying Knee","Catalyst","Deadly Poison"],"picked":"SKIP","floor":35.0},{"not_picked":["Slice","Skewer+1"],"picked":"Backflip+1","floor":38.0},{"not_picked":["Slice+1","Dagger Spray+1","Underhanded Strike+1"],"picked":"SKIP","floor":39.0},{"not_picked":["Backflip","Escape Plan","Dagger Spray+1"],"picked":"SKIP","floor":45.0},{"not_picked":["Good Instincts","Metamorphosis"],"picked":"Blind","floor":46.0}],"player_experience":94201,"relics_obtained":[],"event_choices":[{"damage_healed":0.0,"max_hp_gain":0.0,"max_hp_loss":0.0,"gold_gain":0.0,"event_name":"Mushrooms","player_choice":"Fought Mushrooms","floor":8.0,"gold_loss":0.0,"damage_taken":0.0},{"damage_healed":0.0,"max_hp_gain":0.0,"max_hp_loss":24.0,"gold_gain":0.0,"event_name":"Vampires","player_choice":"Became a vampire","floor":20.0,"gold_loss":0.0,"damage_taken":0.0,"cards_obtained":["Bite","Bite","Bite","Bite","Bite"]},{"damage_healed":0.0,"max_hp_gain":0.0,"max_hp_loss":0.0,"gold_gain":0.0,"event_name":"Back to Basics","player_choice":"Simplicity","floor":24.0,"gold_loss":0.0,"damage_taken":0.0,"cards_upgraded":["Defend_G","Defend_G","Defend_G","Defend_G","Defend_G"]},{"cards_removed":["Flash of Steel"],"damage_healed":0.0,"max_hp_gain":0.0,"max_hp_loss":0.0,"gold_gain":0.0,"event_name":"Falling","player_choice":"Removed Attack","floor":36.0,"gold_loss":0.0,"damage_taken":0.0},{"cards_removed":["Survivor"],"damage_healed":0.0,"max_hp_gain":0.0,"max_hp_loss":0.0,"gold_gain":0.0,"event_name":"Bonfire Elementals","player_choice":"Offered Basic","floor":37.0,"gold_loss":0.0,"damage_taken":0.0},{"damage_healed":0.0,"max_hp_gain":0.0,"max_hp_loss":0.0,"gold_gain":0.0,"event_name":"Mysterious Sphere","player_choice":"Ignored","floor":41.0,"gold_loss":0.0,"damage_taken":0.0},{"damage_healed":0.0,"max_hp_gain":0.0,"max_hp_loss":0.0,"gold_gain":0.0,"event_name":"SensoryStone","player_choice":"Memory 1","floor":46.0,"gold_loss":0.0,"damage_taken":0.0}],"is_beta":false,"boss_relics":[{"not_picked":[]},{"not_picked":[]}],"items_purged_floors":[29],"is_endless":false,"potions_floor_spawned":[1,3,4,8,14,25,30,45],"ascension_level":0}}