{"host":"7khugpwg9t1rdchu","time":1613142019,"event":{"mods":["BaseMod","Block Reminder","Colored Map","Colored Powertips","Highlight Path","Minty Spire (QoL Compilation)","Relic Sorter","Relic Stats","StSLib"],"gold_per_floor":[113,126,201,201,212,245,261,261,288,300,338,350,362,392,404,416,416],"floor_reached":16,"language":"ENG","playtime":912,"items_purged":[],"score":110,"play_id":"5ac9561c-59b3-4770-b0b9-283a5705df28","local_time":"20210212100019","is_ascension_mode":false,"campfire_choices":[{"floor":8,"key":"REST"},{"floor":15,"key":"REST"}],"circlet_count":0,"master_deck":["Strike_G","Strike_G","Strike_G","Strike_G","Strike_G","Defend_G","Defend_G","Defend_G","Defend_G","Defend_G","Survivor","Neutralize","Quick Slash","Glass Knife+1","Backflip","Poisoned Stab","Heel Hook","Tactician","Backstab","Acrobatics"],"relics":["Ring of the Snake","NeowsBlessing","Oddly Smooth Stone","MawBank","Dream Catcher"],"acts_visited":["Exordium"],"potions_floor_usage":[6],"damage_taken":[{"damage":0,"enemies":"Jaw Worm","floor":1,"turns":1},{"damage":0,"enemies":"2 Louse","floor":2,"turns":1},{"damage":0,"enemies":"Cultist","floor":5,"turns":1},{"damage":25,"enemies":"Gremlin Nob","floor":6,"turns":4},{"damage":6,"enemies":"Blue Slaver","floor":7,"turns":2},{"damage":3,"enemies":"3 Sentries","floor":11,"turns":8},{"damage":10,"enemies":"Exordium Thugs","floor":14,"turns":3},{"damage":57,"enemies":"Hexaghost","floor":16,"turns":12}],"seed_played":"-3674092467800476868","potions_obtained":[{"floor":2,"key":"Strength Potion"},{"floor":6,"key":"Swift Potion"},{"floor":12,"key":"Energy Potion"},{"floor":12,"key":"Swift Potion"}],"is_trial":false,"path_per_floor":["M","M","?","?","M","E","M","R","T","$","E","?","$","M","R","B"],"character_chosen":"THE_SILENT","items_purchased":[],"campfire_rested":2,"item_purchase_floors":[],"current_hp_per_floor":[70,70,59,59,59,34,28,49,49,49,46,46,46,36,57,0,0],"gold":416,"neow_bonus":"THREE_ENEMY_KILL","is_daily":false,"chose_seed":false,"campfire_upgraded":0,"win_rate":0.0,"timestamp":1613142019,"path_taken":["M","M","?","?","?","E","M","R","T","$","E","?","?","M","R","BOSS"],"items_purchased_type":[],"build_version":"2020-12-22","purchased_purges":0,"victory":false,"max_hp_per_floor":[70,70,70,70,70,70,70,70,70,70,70,70,70,70,70,70,70],"relic_stats":{"Dream Catcher":1,"counters":[8,32],"MawBank":84,"obtain_stats":[{"Dream Catcher":11,"NeowsBlessing":0,"Oddly Smooth Stone":6,"MawBank":9,"Ring of the Snake":0},{"Dream Catcher":6,"NeowsBlessing":0,"Oddly Smooth Stone":4,"MawBank":5,"Ring of the Snake":0},{"Dream Catcher":17,"NeowsBlessing":0,"Oddly Smooth Stone":7,"MawBank":9,"Ring of the Snake":0}],"Ring of the Snake":[16]},"card_choices":[{"not_picked":["Backflip","Blade Dance"],"picked":"Quick Slash","floor":1},{"not_picked":["Crippling Poison","Underhanded Strike"],"picked":"Glass Knife","floor":2},{"not_picked":["Prepared","Deflect"],"picked":"Backflip","floor":5},{"not_picked":["Dagger Throw","Flying Knee"],"picked":"Poisoned Stab","floor":6},{"not_picked":["PiercingWail","Dodge and Roll"],"picked":"Heel Hook","floor":7},{"not_picked":["Expertise","Finisher"],"picked":"Tactician","floor":11},{"not_picked":["Flying Knee","Acrobatics"],"picked":"Backstab","floor":14},{"not_picked":["Caltrops","Escape Plan"],"picked":"Acrobatics","floor":15}],"player_experience":4926,"relics_obtained":[{"floor":6,"key":"Oddly Smooth Stone"},{"floor":9,"key":"MawBank"},{"floor":11,"key":"Dream Catcher"}],"event_choices":[{"damage_healed":0,"gold_gain":75,"player_choice":"Gather Gold","damage_taken":11,"max_hp_gain":0,"max_hp_loss":0,"event_name":"World of Goop","floor":3,"gold_loss":0},{"damage_healed":0,"gold_gain":0,"player_choice":"Upgraded","damage_taken":0,"max_hp_gain":0,"max_hp_loss":0,"event_name":"Upgrade Shrine","floor":4,"gold_loss":0,"cards_upgraded":["Glass Knife"]},{"damage_healed":0,"gold_gain":0,"player_choice":"Got Potions","damage_taken":0,"max_hp_gain":0,"max_hp_loss":0,"event_name":"Lab","floor":12,"gold_loss":0}],"is_beta":false,"boss_relics":[],"items_purged_floors":[],"is_endless":false,"potions_floor_spawned":[2,6],"killed_by":"Hexaghost","ascension_level":0}}