{"host":"d52brwsy6af8zvaq","time":1613098955,"event":{"mods":["AchievementEnabler","BaseMod","Bestiary","Highlight Path","Minty Spire (QoL Compilation)","Quick Restart","Relic Stats","ojb\u0027s Better Paths Mod"],"gold_per_floor":[114,130,130,149,224,255,255,286,286,73,73,44,57,57,57,131,131,148,48,5,17,17,17,17],"floor_reached":23,"language":"ENG","playtime":718,"items_purged":["Strike_B"],"score":394,"play_id":"62c18c7a-a369-4379-9a0d-8ab9a3ee31fe","local_time":"20210211200235","is_ascension_mode":true,"campfire_choices":[{"floor":7.0,"key":"REST"},{"data":"Zap","floor":11.0,"key":"SMITH"},{"data":"Glacier","floor":15.0,"key":"SMITH"}],"circlet_count":0,"master_deck":["AscendersBane","Strike_B","Defend_B","Defend_B","Defend_B","Defend_B","Zap+1","Dualcast","Steam","Conserve Battery","Glacier+1","Rainbow+1","Doom and Gloom","Loop","Stack+1","Turbo+1","Streamline","Parasite","Seek+1","Chaos+1","Compile Driver+1","Defragment","White Noise+1","Blizzard","Creative AI"],"relics":["Cracked Core","Mummified Hand","Toxic Egg 2","Boot","Mercury Hourglass","SacredBark"],"acts_visited":["Exordium","TheCity"],"potions_floor_usage":[],"damage_taken":[{"damage":7.0,"enemies":"Small Slimes","floor":1.0,"turns":3.0},{"damage":0.0,"enemies":"Jaw Worm","floor":2.0,"turns":3.0},{"damage":0.0,"enemies":"2 Louse","floor":4.0,"turns":3.0},{"damage":38.0,"enemies":"3 Sentries","floor":6.0,"turns":19.0},{"damage":14.0,"enemies":"Lagavulin","floor":8.0,"turns":7.0},{"damage":3.0,"enemies":"Blue Slaver","floor":13.0,"turns":3.0},{"damage":25.0,"enemies":"Slime Boss","floor":16.0,"turns":12.0},{"damage":21.0,"enemies":"Shell Parasite","floor":18.0,"turns":3.0},{"damage":10,"enemies":"2 Thieves","floor":19,"turns":5},{"damage":25,"enemies":"3 Cultists","floor":21,"turns":5},{"damage":8,"enemies":"Slavers","floor":23,"turns":1}],"seed_played":"-3907937525233227643","potions_obtained":[{"floor":1.0,"key":"Explosive Potion"},{"floor":8.0,"key":"Strength Potion"},{"floor":13.0,"key":"PowerPotion"},{"floor":16.0,"key":"AttackPotion"},{"floor":18.0,"key":"EssenceOfSteel"}],"is_trial":false,"path_per_floor":["M","M","?","M","?","E","R","E","T","$","R","$","M","?","R","B",null,"M","M","$","M","?","E"],"character_chosen":"DEFECT","items_purchased":["Loop","Stack+1","Turbo+1","Defragment"],"campfire_rested":1,"item_purchase_floors":[10,10,12,20],"current_hp_per_floor":[64,64,59,59,48,10,33,19,19,19,19,19,16,35,35,10,61,40,30,30,5,5,0,0],"gold":17,"neow_bonus":"TEN_PERCENT_HP_BONUS","is_daily":false,"chose_seed":false,"campfire_upgraded":2,"win_rate":0.0,"timestamp":1613098955,"path_taken":["M","M","?","M","?","E","R","E","T","?","R","?","M","?","R","BOSS","M","M","$","M","?","E"],"items_purchased_type":["Card","Card","Card","Card"],"build_version":"2020-12-22","purchased_purges":1,"victory":false,"max_hp_per_floor":[78,78,78,78,78,78,78,78,78,78,78,78,78,78,78,78,78,78,78,78,78,78,78,78],"relic_stats":{"counters":[11,63],"Mummified Hand":[8],"Boot":[5],"obtain_stats":[{"Mummified Hand":3,"SacredBark":17,"Toxic Egg 2":6,"Cracked Core":0,"Boot":8,"Mercury Hourglass":9},{"Mummified Hand":2,"SacredBark":7,"Toxic Egg 2":4,"Cracked Core":0,"Boot":5,"Mercury Hourglass":5},{"Mummified Hand":6,"SacredBark":49,"Toxic Egg 2":28,"Cracked Core":0,"Boot":35,"Mercury Hourglass":35}],"Mercury Hourglass":[141]},"card_choices":[{"not_picked":["Reprogram","Stack"],"picked":"Steam","floor":1.0},{"not_picked":["Beam Cell","BootSequence"],"picked":"Conserve Battery","floor":2.0},{"not_picked":["Cold Snap","Rebound"],"picked":"Glacier","floor":4.0},{"not_picked":["Gash","Conserve Battery+1"],"picked":"Rainbow+1","floor":6.0},{"not_picked":["Gash","Aggregate+1"],"picked":"Doom and Gloom","floor":8.0},{"not_picked":["Steam+1","Turbo+1"],"picked":"Streamline","floor":13.0},{"not_picked":["Amplify+1","Machine Learning"],"picked":"Seek+1","floor":16.0},{"not_picked":["Redo+1","Steam+1"],"picked":"Chaos+1","floor":18.0},{"not_picked":["Coolheaded+1","Stack+1"],"picked":"Compile Driver+1","floor":19},{"not_picked":["Go for the Eyes","Lockon"],"picked":"White Noise+1","floor":21}],"player_experience":2236361,"relics_obtained":[{"floor":6.0,"key":"Toxic Egg 2"},{"floor":8.0,"key":"Boot"},{"floor":9.0,"key":"Mercury Hourglass"}],"event_choices":[{"damage_healed":0.0,"max_hp_gain":0.0,"max_hp_loss":0.0,"gold_gain":0.0,"event_name":"Scrap Ooze","player_choice":"Success","floor":3.0,"gold_loss":0.0,"damage_taken":5.0,"relics_obtained":["Mummified Hand"]},{"damage_healed":0.0,"max_hp_gain":0.0,"max_hp_loss":0.0,"gold_gain":75.0,"event_name":"World of Goop","player_choice":"Gather Gold","floor":5.0,"gold_loss":0.0,"damage_taken":11.0},{"damage_healed":19.0,"max_hp_gain":0.0,"max_hp_loss":0.0,"gold_gain":0.0,"event_name":"Mushrooms","player_choice":"Healed and dodged fight","floor":14.0,"gold_loss":0.0,"damage_taken":0.0,"cards_obtained":["Parasite"]},{"damage_healed":0,"gold_gain":0,"cards_transformed":["Strike_B","Strike_B"],"player_choice":"Became Test Subject","damage_taken":0,"max_hp_gain":0,"max_hp_loss":0,"event_name":"Drug Dealer","floor":22,"gold_loss":0,"cards_obtained":["Blizzard","Creative AI"]}],"is_beta":false,"boss_relics":[{"not_picked":["Empty Cage","Velvet Choker"],"picked":"SacredBark"}],"items_purged_floors":[10],"is_endless":false,"potions_floor_spawned":[1,8,13,16,18,21],"killed_by":"Slavers","ascension_level":20}}