{"host":"soyfmymeou4emntr","time":1613115001,"event":{"mods":["BaseMod","Minty Spire (QoL Compilation)","Permanent Neow","Relic Sorter","Relic Stats","StSLib"],"gold_per_floor":[119,135,135,135,150,150,182,193,216,216,241,255,289,300,300,374,374,390,233,243,243,4,18,18,48,48,75,94,8,8,27,27,101,101,112,12,25,42,57,89,89,124,175,11,25,58,58,67,67,67,67],"floor_reached":50,"language":"ENG","playtime":4243,"items_purged":["Strike_G","Strike_G+1"],"score":1214,"play_id":"2a729eb4-d8f6-4c8f-a611-6e2edc016f6c","local_time":"20210212003001","is_ascension_mode":true,"campfire_choices":[{"floor":6.0,"key":"REST"},{"floor":10.0,"key":"REST"},{"data":"Noxious Fumes","floor":15.0,"key":"SMITH"},{"data":"Leg Sweep","floor":24.0,"key":"SMITH"},{"floor":30.0,"key":"REST"},{"data":"Bouncing Flask","floor":32.0,"key":"SMITH"},{"floor":41.0,"key":"REST"},{"data":"Catalyst","floor":47,"key":"SMITH"},{"floor":49,"key":"RECALL"}],"circlet_count":0,"master_deck":["AscendersBane","Defend_G","Defend_G","Defend_G","Defend_G","Defend_G","Survivor","Neutralize+1","Flying Knee","Dagger Spray","Leg Sweep+1","Flying Knee+1","Cloak And Dagger","Noxious Fumes+1","Backflip","Corpse Explosion","Bouncing Flask+1","Bouncing Flask+1","Eviscerate","Calculated Gamble","Blur","Predator","Wraith Form v2","Calculated Gamble","Well Laid Plans","Burst","Catalyst+1","PiercingWail"],"relics":["Ring of the Snake","Dream Catcher","Regal Pillow","Bronze Scales","Snake Skull","Bottled Lightning","Snecko Eye","Lantern","Oddly Smooth Stone","Strawberry","Whetstone","Omamori","Empty Cage","Akabeko","Centennial Puzzle","Lee\u0027s Waffle","CeramicFish"],"acts_visited":["Exordium","TheCity","TheBeyond"],"potions_floor_usage":[50,50],"damage_taken":[{"damage":0.0,"enemies":"Jaw Worm","floor":1.0,"turns":3.0},{"damage":0.0,"enemies":"2 Louse","floor":2.0,"turns":3.0},{"damage":0.0,"enemies":"Small Slimes","floor":5.0,"turns":2.0},{"damage":9.0,"enemies":"Lagavulin","floor":7.0,"turns":6.0},{"damage":0.0,"enemies":"Exordium Thugs","floor":8.0,"turns":4.0},{"damage":4.0,"enemies":"Looter","floor":12.0,"turns":4.0},{"damage":6.0,"enemies":"Gremlin Nob","floor":13.0,"turns":3.0},{"damage":1.0,"enemies":"Lots of Slimes","floor":14.0,"turns":3.0},{"damage":22.0,"enemies":"The Guardian","floor":16.0,"turns":11.0},{"damage":33.0,"enemies":"2 Thieves","floor":18.0,"turns":3.0},{"damage":6.0,"enemies":"Shell Parasite","floor":20.0,"turns":5.0},{"damage":8.0,"enemies":"Snake Plant","floor":23.0,"turns":3.0},{"damage":35.0,"enemies":"Slavers","floor":25.0,"turns":4.0},{"damage":8.0,"enemies":"Book of Stabbing","floor":27.0,"turns":4.0},{"damage":1.0,"enemies":"Centurion and Healer","floor":28.0,"turns":3.0},{"damage":12.0,"enemies":"Cultist and Chosen","floor":31.0,"turns":4.0},{"damage":24.0,"enemies":"Champ","floor":33.0,"turns":8.0},{"damage":0.0,"enemies":"3 Darklings","floor":35.0,"turns":3.0},{"damage":0.0,"enemies":"Orb Walker","floor":37.0,"turns":2.0},{"damage":0.0,"enemies":"Sphere and 2 Shapes","floor":38.0,"turns":3.0},{"damage":24.0,"enemies":"Spire Growth","floor":39.0,"turns":6.0},{"damage":29.0,"enemies":"Nemesis","floor":40.0,"turns":7.0},{"damage":16.0,"enemies":"Reptomancer","floor":42.0,"turns":4.0},{"damage":0,"enemies":"Maw","floor":45,"turns":6},{"damage":3,"enemies":"Nemesis","floor":46,"turns":5},{"damage":92,"enemies":"Awakened One","floor":50,"turns":14}],"seed_played":"5091711572577490481","potions_obtained":[{"floor":1.0,"key":"SteroidPotion"},{"floor":2.0,"key":"FearPotion"},{"floor":8.0,"key":"GamblersBrew"},{"floor":14.0,"key":"Swift Potion"},{"floor":27.0,"key":"BlessingOfTheForge"},{"floor":31.0,"key":"Regen Potion"},{"floor":33.0,"key":"SpeedPotion"},{"floor":39.0,"key":"CunningPotion"},{"floor":40.0,"key":"SkillPotion"},{"floor":42.0,"key":"PowerPotion"},{"floor":46,"key":"Regen Potion"}],"is_trial":false,"path_per_floor":["M","M","?","?","M","R","E","M","T","R","T","M","E","M","R","B",null,"M","$","M","?","$","M","R","E","T","E","M","$","R","M","R","B",null,"M","$","M","M","M","E","R","E","T","$","M","E","R","?","R","B"],"character_chosen":"THE_SILENT","items_purchased":["Lantern","Oddly Smooth Stone","Regen Potion","Lee\u0027s Waffle"],"campfire_rested":4,"item_purchase_floors":[19,22,29,44],"current_hp_per_floor":[59,59,48,28,28,47,38,38,38,66,66,62,56,55,55,33,58,25,25,19,66,66,58,58,30,30,22,21,21,57,45,45,63,71,71,71,71,71,47,18,54,38,38,80,80,77,77,77,77,0,0],"gold":67,"neow_bonus":"THREE_CARDS","is_daily":false,"chose_seed":false,"campfire_upgraded":4,"win_rate":0.0,"timestamp":1613115001,"path_taken":["M","M","?","?","M","R","E","M","T","R","?","?","E","M","R","BOSS","M","$","M","?","$","M","R","E","T","E","M","?","R","M","R","BOSS","M","$","M","M","M","E","R","E","T","$","M","E","R","?","R","BOSS"],"items_purchased_type":["Relic","Relic","Potion","Relic"],"build_version":"2020-12-22","purchased_purges":2,"victory":false,"max_hp_per_floor":[66,66,66,66,66,66,66,66,66,66,66,66,66,66,66,66,66,66,66,66,66,66,66,66,73,73,73,73,73,73,73,73,73,73,73,73,73,73,73,73,73,73,73,80,80,80,80,80,80,80,80],"relic_stats":{"Dream Catcher":4,"Regal Pillow":39,"Centennial Puzzle":[6],"Lee\u0027s Waffle":42,"counters":[26,123],"Bronze Scales":[338],"CeramicFish":9,"Snecko Eye":[173,173,152,160],"Snake Skull":[244],"Whetstone":["Strike_G","Flying Knee"],"obtain_stats":[{"Regal Pillow":7,"Lantern":19,"Lee\u0027s Waffle":44,"CeramicFish":46,"Oddly Smooth Stone":22,"Snake Skull":11,"Omamori":27,"Whetstone":26,"Empty Cage":34,"Akabeko":40,"Dream Catcher":3,"Centennial Puzzle":42,"Bronze Scales":9,"Strawberry":25,"Snecko Eye":17,"Bottled Lightning":13,"Ring of the Snake":0},{"Regal Pillow":4,"Lantern":10,"Lee\u0027s Waffle":23,"CeramicFish":25,"Oddly Smooth Stone":11,"Snake Skull":5,"Omamori":14,"Whetstone":13,"Empty Cage":17,"Akabeko":22,"Dream Catcher":2,"Centennial Puzzle":23,"Bronze Scales":5,"Strawberry":13,"Snecko Eye":9,"Bottled Lightning":7,"Ring of the Snake":0},{"Regal Pillow":14,"Lantern":42,"Lee\u0027s Waffle":98,"CeramicFish":109,"Oddly Smooth Stone":47,"Snake Skull":18,"Omamori":58,"Whetstone":54,"Empty Cage":73,"Akabeko":94,"Dream Catcher":6,"Centennial Puzzle":98,"Bronze Scales":18,"Strawberry":54,"Snecko Eye":39,"Bottled Lightning":25,"Ring of the Snake":0}],"Ring of the Snake":[52]},"card_choices":[{"not_picked":["Eviscerate","Well Laid Plans"],"picked":"Masterful Stab","floor":0.0},{"not_picked":["Caltrops","Backstab"],"picked":"Flying Knee","floor":1.0},{"not_picked":["Sucker Punch","Reflex"],"picked":"Dagger Spray","floor":2.0},{"not_picked":["Escape Plan","Endless Agony"],"picked":"Leg Sweep","floor":5.0},{"not_picked":["Riddle With Holes","Underhanded Strike"],"picked":"Flying Knee","floor":6.0},{"not_picked":["Poisoned Stab","Quick Slash"],"picked":"Cloak And Dagger","floor":7.0},{"not_picked":["Eviscerate","Catalyst"],"picked":"Noxious Fumes","floor":8.0},{"not_picked":["Cloak And Dagger","Deflect","Dagger Throw"],"picked":"SKIP","floor":12.0},{"not_picked":["Quick Slash","A Thousand Cuts"],"picked":"Backflip","floor":13.0},{"not_picked":["Sucker Punch","Cloak And Dagger","Bane"],"picked":"SKIP","floor":14.0},{"not_picked":["Bullet Time","Tools of the Trade"],"picked":"Corpse Explosion","floor":16.0},{"not_picked":["Poisoned Stab","Dodge and Roll"],"picked":"Bouncing Flask+1","floor":18.0},{"not_picked":["Sucker Punch","Dodge and Roll+1","Backstab"],"picked":"SKIP","floor":20.0},{"not_picked":["Slice","All Out Attack","Skewer"],"picked":"SKIP","floor":23.0},{"not_picked":["All Out Attack","Well Laid Plans"],"picked":"Bouncing Flask","floor":25.0},{"not_picked":["Prepared","Poisoned Stab"],"picked":"Eviscerate","floor":27.0},{"not_picked":["Distraction","Slice"],"picked":"Calculated Gamble","floor":28.0},{"not_picked":["Deflect","Dagger Spray"],"picked":"Blur","floor":30.0},{"not_picked":["Unload","Sucker Punch"],"picked":"Predator","floor":31.0},{"not_picked":["Die Die Die","Unload"],"picked":"Wraith Form v2","floor":33.0},{"not_picked":["Sucker Punch+1","Dagger Spray"],"picked":"Calculated Gamble","floor":35.0},{"not_picked":["Dagger Spray","Dagger Throw+1"],"picked":"Well Laid Plans","floor":37.0},{"not_picked":["Underhanded Strike","Prepared","Deadly Poison+1"],"picked":"SKIP","floor":38.0},{"not_picked":["Outmaneuver","Quick Slash","Underhanded Strike"],"picked":"SKIP","floor":39.0},{"not_picked":["Poisoned Stab","Underhanded Strike"],"picked":"Burst","floor":40.0},{"not_picked":["Heel Hook","Deflect"],"picked":"Catalyst","floor":42.0},{"not_picked":["Poisoned Stab","Deadly Poison","Sucker Punch"],"picked":"SKIP","floor":45},{"not_picked":["Blade Dance","Flying Knee","Dodge and Roll"],"picked":"SKIP","floor":46}],"player_experience":3259921,"relics_obtained":[{"floor":7.0,"key":"Regal Pillow"},{"floor":9.0,"key":"Bronze Scales"},{"floor":11.0,"key":"Snake Skull"},{"floor":13.0,"key":"Bottled Lightning"},{"floor":25.0,"key":"Strawberry"},{"floor":26.0,"key":"Whetstone"},{"floor":27.0,"key":"Omamori"},{"floor":40.0,"key":"Akabeko"},{"floor":42.0,"key":"Centennial Puzzle"},{"floor":46,"key":"CeramicFish"}],"event_choices":[{"damage_healed":0.0,"max_hp_gain":0.0,"max_hp_loss":0.0,"gold_gain":0.0,"event_name":"Scrap Ooze","player_choice":"Success","floor":3.0,"gold_loss":0.0,"damage_taken":11.0,"relics_obtained":["Dream Catcher"]},{"damage_healed":0.0,"max_hp_gain":0.0,"max_hp_loss":0.0,"gold_gain":0.0,"event_name":"Shining Light","player_choice":"Entered Light","floor":4.0,"gold_loss":0.0,"damage_taken":20.0,"cards_upgraded":["Neutralize","Strike_G"]},{"cards_removed":["Masterful Stab"],"damage_healed":47.0,"max_hp_gain":0.0,"max_hp_loss":0.0,"gold_gain":0.0,"event_name":"Bonfire Elementals","player_choice":"Offered Uncommon","floor":21.0,"gold_loss":0.0,"damage_taken":0.0},{"damage_healed":0,"gold_gain":0,"cards_transformed":["Strike_G"],"player_choice":"Transformed","damage_taken":0,"max_hp_gain":0,"max_hp_loss":0,"event_name":"Transmorgrifier","floor":48,"gold_loss":0,"cards_obtained":["PiercingWail"]}],"is_beta":false,"boss_relics":[{"not_picked":["Runic Dome","HoveringKite"],"picked":"Snecko Eye"},{"not_picked":["SacredBark","Ring of the Serpent"],"picked":"Empty Cage"}],"items_purged_floors":[22,36],"is_endless":false,"potions_floor_spawned":[1,2,5,8,14,27,31,33,39,40,42,46],"killed_by":"Awakened One","ascension_level":20}}