{"host":"uv5ws9rdk87e8i5k","time":1613149524,"event":{"mods":["AchievementEnabler","BaseMod","Colored Map","Minty Spire (QoL Compilation)","Permanent Neow","Quick Restart","StSLib","SuperFastMode","The Necromancer"],"gold_per_floor":[117,130,142,161,161,177,177,212,212,212,238,250,250,281,281,386,386,403,421,434,446,462,462,462],"floor_reached":23,"language":"ENG","playtime":581,"items_purged":[],"score":427,"play_id":"89fcdd5f-9bd9-4a1b-9414-665f885701c2","local_time":"20210212110524","is_ascension_mode":true,"campfire_choices":[{"data":"Searing Blow","floor":10.0,"key":"SMITH"},{"data":"Searing Blow+1","floor":13.0,"key":"SMITH"},{"data":"Searing Blow+2","floor":15.0,"key":"SMITH"}],"circlet_count":0,"master_deck":["AscendersBane","Strike_R","Strike_R","Strike_R","Strike_R","Strike_R","Defend_R","Defend_R","Defend_R","Defend_R","Bash","Immolate","Burning Pact","Searing Blow+3","Headbutt","Shockwave","Armaments","Offering","Flame Barrier","Armaments","True Grit"],"relics":["Black Blood","CultistMask","Centennial Puzzle","InkBottle","Mango","Mercury Hourglass"],"acts_visited":["Exordium","TheCity"],"potions_floor_usage":[20,20,21],"damage_taken":[{"damage":9.0,"enemies":"Jaw Worm","floor":1.0,"turns":3.0},{"damage":1.0,"enemies":"Cultist","floor":2.0,"turns":4.0},{"damage":0.0,"enemies":"2 Louse","floor":3.0,"turns":1.0},{"damage":0.0,"enemies":"Large Slime","floor":4.0,"turns":4.0},{"damage":12.0,"enemies":"3 Louse","floor":6.0,"turns":2.0},{"damage":18.0,"enemies":"Gremlin Nob","floor":8.0,"turns":4.0},{"damage":17.0,"enemies":"3 Sentries","floor":11.0,"turns":4.0},{"damage":12.0,"enemies":"Blue Slaver","floor":12.0,"turns":5.0},{"damage":10.0,"enemies":"Gremlin Nob","floor":14.0,"turns":3.0},{"damage":0.0,"enemies":"Slime Boss","floor":16.0,"turns":6.0},{"damage":12,"enemies":"2 Thieves","floor":18,"turns":3},{"damage":35,"enemies":"Chosen","floor":19,"turns":5},{"damage":22,"enemies":"Snake Plant","floor":20,"turns":4},{"damage":51,"enemies":"Shelled Parasite and Fungi","floor":21,"turns":6},{"damage":6,"enemies":"Chosen and Byrds","floor":22,"turns":4},{"damage":39,"enemies":"Slavers","floor":23,"turns":3}],"seed_played":"-5011464355010532343","potions_obtained":[{"floor":2.0,"key":"Explosive Potion"},{"floor":3.0,"key":"CultistPotion"},{"floor":12.0,"key":"EntropicBrew"},{"floor":14.0,"key":"GamblersBrew"},{"floor":16,"key":"BloodPotion"},{"floor":19,"key":"AttackPotion"},{"floor":20,"key":"LiquidMemories"}],"is_trial":false,"path_per_floor":["M","M","M","M","?","M","?","E","T","R","E","M","R","E","R","B",null,"M","M","M","M","M","E"],"character_chosen":"IRONCLAD","items_purchased":[],"campfire_rested":0,"item_purchase_floors":[],"current_hp_per_floor":[69,74,80,80,80,74,74,62,62,62,65,59,59,55,55,61,86,86,63,71,32,38,0,0],"gold":462,"neow_bonus":"ONE_RANDOM_RARE_CARD","is_daily":false,"chose_seed":false,"campfire_upgraded":3,"win_rate":0.0,"timestamp":1613149524,"path_taken":["M","M","M","M","?","?","?","E","T","R","E","M","R","E","R","BOSS","BOSS","M","M","M","M","M","E"],"items_purchased_type":[],"build_version":"2020-12-22","purchased_purges":0,"victory":false,"max_hp_per_floor":[80,80,80,80,80,80,80,80,80,80,94,94,94,94,94,94,94,94,94,94,94,94,94,94],"card_choices":[{"not_picked":["Sword Boomerang","Anger"],"picked":"Burning Pact","floor":1.0},{"not_picked":["Warcry","Flame Barrier"],"picked":"Searing Blow","floor":2.0},{"not_picked":["Anger","Power Through"],"picked":"Headbutt","floor":3.0},{"not_picked":["Searing Blow","Feel No Pain","Inflame"],"picked":"SKIP","floor":4.0},{"not_picked":["Spot Weakness","Intimidate"],"picked":"Shockwave","floor":6.0},{"not_picked":["Havoc","Shrug It Off"],"picked":"Armaments","floor":8.0},{"not_picked":["Thunderclap","Whirlwind","Bloodletting"],"picked":"SKIP","floor":11.0},{"not_picked":["Havoc","Rampage","Iron Wave"],"picked":"SKIP","floor":12.0},{"not_picked":["Sword Boomerang","Wild Strike","Clash"],"picked":"SKIP","floor":14.0},{"not_picked":["Demon Form","Reaper"],"picked":"Offering","floor":16},{"not_picked":["Rampage+1","Carnage","Sword Boomerang"],"picked":"SKIP","floor":18},{"not_picked":["Iron Wave","Perfected Strike"],"picked":"Flame Barrier","floor":19},{"not_picked":["Havoc","Clash+1"],"picked":"Armaments","floor":20},{"not_picked":["Heavy Blade","Fiend Fire","Dark Embrace"],"picked":"SKIP","floor":21},{"not_picked":["Anger","Bloodletting"],"picked":"True Grit","floor":22}],"player_experience":157287,"relics_obtained":[{"floor":8.0,"key":"Centennial Puzzle"},{"floor":9.0,"key":"InkBottle"},{"floor":11.0,"key":"Mango"},{"floor":14.0,"key":"Mercury Hourglass"}],"event_choices":[{"damage_healed":0.0,"max_hp_gain":0.0,"max_hp_loss":0.0,"gold_gain":0.0,"event_name":"FaceTrader","player_choice":"Trade","floor":5.0,"gold_loss":0.0,"damage_taken":0.0,"relics_obtained":["CultistMask"]},{"damage_healed":0.0,"max_hp_gain":0.0,"max_hp_loss":0.0,"gold_gain":0.0,"event_name":"Liars Game","player_choice":"Ignored","floor":7.0,"gold_loss":0.0,"damage_taken":0.0}],"is_beta":false,"boss_relics":[{"not_picked":["Runic Dome","Pandora\u0027s Box"],"picked":"Black Blood"}],"items_purged_floors":[],"is_endless":false,"potions_floor_spawned":[2,3,8,12,14,16,19,20],"killed_by":"Slavers","ascension_level":12}}