{"host":"cijhj3091wf4aho3","time":1613100420,"event":{"mods":["BaseMod","Colored Map","Colored Powertips","Downfall","Friendly Minions","GifTheSpireLib","Highlight Path","Minty Spire (QoL Compilation)","Permanent Neow","Random Character Button","Relic Sorter","Relic Stats","StSLib","everything is the same but u backflip on backflip","slay the spire mod where everything is the same but ironclad has a cowboy hat"],"gold_per_floor":[99,115,25,37,60,73,97,124,274,299,319,319,204,214,225,322,322,322,338,338,198,218,244,244,279,293,45,57,83,83,110,125,228,228,128,138,138,154,9,9,90,115,115,148,165,191,191,191,191,191],"floor_reached":48,"language":"ENG","playtime":3428,"items_purged":["Guardian:Strike_Guardian","downfall:Icky","Guardian:Strike_Guardian","Guardian:GuardianWhirl","Guardian:Defend_Guardian"],"score":828,"play_id":"3179d2dc-47d9-43d7-8f91-506b1218acbe","local_time":"20210211192700","is_ascension_mode":true,"campfire_choices":[{"data":"Guardian:TwinSlam","floor":1,"key":"SMITH"},{"data":"Guardian:ConstructionForm","floor":12,"key":"SMITH"},{"floor":18,"key":"RECALL"},{"data":"1","floor":35,"key":"LIFT"},{"data":"2","floor":43,"key":"LIFT"},{"data":"3","floor":47,"key":"LIFT"}],"circlet_count":0,"master_deck":["Guardian:Strike_Guardian","Guardian:Defend_Guardian","Guardian:Defend_Guardian","Guardian:Defend_Guardian","Guardian:CurlUp","Guardian:TwinSlam+1","Guardian:ConstructionForm+1","Guardian:CompilePackage","Guardian:SphericShield","Dramatic Entrance","Guardian:ConstructionForm","expansioncontent:QuickStudy"],"relics":["Guardian:ModeShifter","Bag of Marbles","Lantern","Dead Branch","Boot","SlaversCollar","CeramicFish","Mummified Hand","Peace Pipe","Girya","Black Star","downfall:HeartBlessingRed","Bronze Scales","TungstenRod","bronze:DecasWashers","Pocketwatch","Orichalcum","Nunchaku","Bag of Preparation","Guardian:PickAxe","Guardian:PocketSentry"],"acts_visited":["Exordium","TheCity","TheBeyond"],"potions_floor_usage":[26,26,39,42],"damage_taken":[{"damage":0,"enemies":"Cultist","floor":2,"turns":4},{"damage":0,"enemies":"downfall:FleeingMerchant","floor":3,"turns":4},{"damage":0,"enemies":"Small Slimes","floor":4,"turns":3},{"damage":0,"enemies":"Jaw Worm","floor":6,"turns":4},{"damage":16,"enemies":"Gremlin Nob","floor":8,"turns":7},{"damage":0,"enemies":"Lagavulin","floor":10,"turns":6},{"damage":7,"enemies":"Blue Slaver","floor":11,"turns":4},{"damage":0,"enemies":"downfall:FleeingMerchant","floor":13,"turns":4},{"damage":0,"enemies":"3 Louse","floor":14,"turns":2},{"damage":7,"enemies":"Exordium Thugs","floor":15,"turns":4},{"damage":0,"enemies":"DF_ARCHETYPE_STREAMLINE","floor":16,"turns":7},{"damage":0,"enemies":"Chosen","floor":19,"turns":6},{"damage":0,"enemies":"downfall:FleeingMerchant","floor":21,"turns":4},{"damage":13,"enemies":"3 Cultists","floor":22,"turns":6},{"damage":16,"enemies":"Slavers","floor":23,"turns":3},{"damage":0,"enemies":"Gremlin Leader","floor":25,"turns":8},{"damage":0,"enemies":"Snake Plant","floor":26,"turns":4},{"damage":0,"enemies":"downfall:FleeingMerchant","floor":27,"turns":4},{"damage":0,"enemies":"Snecko","floor":28,"turns":6},{"damage":7,"enemies":"Slavers","floor":29,"turns":5},{"damage":0,"enemies":"Shelled Parasite and Fungi","floor":31,"turns":4},{"damage":0,"enemies":"Centurion and Healer","floor":32,"turns":5},{"damage":0,"enemies":"IC_MUSHROOM_ARCHETYPE","floor":33,"turns":8},{"damage":4,"enemies":"Orb Walker","floor":36,"turns":3},{"damage":8,"enemies":"3 Darklings","floor":38,"turns":6},{"damage":0,"enemies":"downfall:FleeingMerchant","floor":39,"turns":4},{"damage":10,"enemies":"Nemesis","floor":42,"turns":8},{"damage":0,"enemies":"Giant Head","floor":44,"turns":6},{"damage":0,"enemies":"Maw","floor":45,"turns":7},{"damage":10,"enemies":"Nemesis","floor":46,"turns":10},{"damage":0,"enemies":"Reptomancer","floor":48,"turns":1}],"seed_played":"3565700136901017955","potions_obtained":[{"floor":2,"key":"Regen Potion"},{"floor":10,"key":"champ:CounterPotion"},{"floor":14,"key":"Block Potion"},{"floor":20,"key":"Guardian:DefensiveModePotion"},{"floor":20,"key":"Explosive Potion"},{"floor":26,"key":"AttackPotion"},{"floor":29,"key":"Energy Potion"},{"floor":45,"key":"FearPotion"}],"is_trial":false,"path_per_floor":["R","M","$","M","T","M","T","E","?","E","M","R","$","M","M","B",null,"R","M","?","$","M","E","T","E","M","$","M","E","?","M","M","B",null,"R","M","?","M","$","?","T","E","R","E","M","E","R","E"],"character_chosen":"GUARDIAN","items_purchased":["Dramatic Entrance","Bronze Scales","expansioncontent:QuickStudy"],"campfire_rested":0,"item_purchase_floors":[27,39,39],"current_hp_per_floor":[80,80,80,80,80,80,80,64,64,64,57,57,57,57,50,50,80,80,80,80,80,67,51,51,51,51,51,51,44,44,44,44,44,80,80,76,76,68,68,68,68,58,58,58,58,48,48,48,48,48],"gold":191,"neow_bonus":"TRANSFORM_CARD","is_daily":false,"chose_seed":false,"campfire_upgraded":2,"win_rate":0.0,"timestamp":1613100420,"path_taken":["R","M","?","M","?","M","T","E","?","E","M","R","$","M","M","BOSS","R","M","?","$","M","E","T","E","?","?","M","E","?","M","M","BOSS","R","M","?","M","$","?","T","E","R","E","M","E","R","E"],"items_purchased_type":["Card","Relic","Card"],"build_version":"2020-12-22","purchased_purges":5,"victory":false,"max_hp_per_floor":[80,80,80,80,80,80,80,80,80,80,80,80,80,80,80,80,80,80,80,80,80,80,80,80,80,80,80,80,80,80,80,80,80,80,80,80,80,80,80,80,80,80,80,80,80,80,80,80,80,80],"relic_stats":{"counters":[31,157],"Dead Branch":[180],"CeramicFish":27,"Bag of Preparation":[6],"Orichalcum":[24],"Boot":[142],"Peace Pipe":0,"Nunchaku":[2],"Mummified Hand":[74],"Bronze Scales":[57],"Black Star":3,"obtain_stats":[{"Girya":29,"Lantern":7,"downfall:HeartBlessingRed":35,"Dead Branch":8,"CeramicFish":23,"bronze:DecasWashers":41,"Guardian:ModeShifter":0,"Bag of Preparation":44,"Guardian:PocketSentry":46,"Orichalcum":42,"Boot":10,"Peace Pipe":25,"Guardian:PickAxe":46,"SlaversCollar":17,"Nunchaku":44,"Mummified Hand":24,"Bronze Scales":39,"Bag of Marbles":5,"Black Star":34,"TungstenRod":40,"Pocketwatch":42},{"Girya":20,"Lantern":4,"downfall:HeartBlessingRed":23,"Dead Branch":5,"CeramicFish":15,"bronze:DecasWashers":26,"Guardian:ModeShifter":0,"Bag of Preparation":28,"Guardian:PocketSentry":30,"Orichalcum":27,"Boot":6,"Peace Pipe":16,"Guardian:PickAxe":30,"SlaversCollar":11,"Nunchaku":28,"Mummified Hand":15,"Bronze Scales":26,"Bag of Marbles":3,"Black Star":23,"TungstenRod":26,"Pocketwatch":27},{"Girya":95,"Lantern":15,"downfall:HeartBlessingRed":112,"Dead Branch":22,"CeramicFish":68,"bronze:DecasWashers":125,"Guardian:ModeShifter":0,"Bag of Preparation":139,"Guardian:PocketSentry":156,"Orichalcum":133,"Boot":28,"Peace Pipe":76,"Guardian:PickAxe":156,"SlaversCollar":49,"Nunchaku":139,"Mummified Hand":68,"Bronze Scales":125,"Bag of Marbles":11,"Black Star":112,"TungstenRod":125,"Pocketwatch":133}],"TungstenRod":4,"Pocketwatch":[15]},"card_choices":[{"not_picked":["Guardian:Harden","Guardian:Gem_Yellow","Guardian:Recover"],"picked":"SKIP","floor":2},{"not_picked":["Guardian:TemporalStrike","Guardian:VentSteam"],"picked":"Guardian:GuardianWhirl","floor":3},{"not_picked":["Guardian:Gem_Yellow","Guardian:Gem_Lightblue"],"picked":"Guardian:ConstructionForm","floor":4},{"not_picked":["Guardian:BronzeArmor","Guardian:Gem_Cyan"],"picked":"Guardian:Gem_Blue","floor":6},{"not_picked":["Guardian:Repulse","Guardian:Suspension","Guardian:PolyBeam"],"picked":"SKIP","floor":8},{"not_picked":["Guardian:Repulse","Guardian:Suspension","Guardian:PolyBeam"],"picked":"SKIP","floor":8},{"not_picked":["Guardian:ShieldCharger","Guardian:Suspension","Guardian:SentryBeam"],"picked":"SKIP","floor":10},{"not_picked":["Guardian:ExploitGems","Guardian:PolyBeam","Guardian:WalkerClaw"],"picked":"SKIP","floor":11},{"not_picked":["Guardian:TemporalShield","Guardian:ChargeUp"],"picked":"Guardian:CompilePackage","floor":13},{"not_picked":["Guardian:Gem_Green","Guardian:TimeCapacitor","Guardian:FuturePlans"],"picked":"SKIP","floor":14},{"not_picked":["Guardian:MultiBeam","Guardian:Reroute","Guardian:ChargeCore"],"picked":"SKIP","floor":15},{"not_picked":["Guardian:BaubleBeam","Guardian:StasisEngine"],"picked":"Guardian:SphericShield","floor":16},{"not_picked":["Guardian:Repulse","Guardian:TemporalShield","Guardian:Reroute"],"picked":"SKIP","floor":19},{"not_picked":["Guardian:MultiBeam","Guardian:Gem_Lightblue","Guardian:BronzeArmor"],"picked":"SKIP","floor":21},{"not_picked":["Guardian:RollAttack+1","Guardian:SpikerProtocol","Guardian:Gem_Green"],"picked":"SKIP","floor":22},{"not_picked":["Guardian:MultiBeam","Guardian:Gem_Green","Guardian:BronzeArmor"],"picked":"SKIP","floor":23},{"not_picked":["Guardian:MultiBeam","Guardian:Gem_Green","Guardian:BronzeArmor"],"picked":"SKIP","floor":23},{"not_picked":["Guardian:ChargeCore+1","Guardian:PrismaticBarrier","Guardian:Gem_Yellow"],"picked":"SKIP","floor":25},{"not_picked":["Guardian:Gem_Cyan","Guardian:Gem_Red","Guardian:WalkerClaw+1"],"picked":"SKIP","floor":26},{"not_picked":["Guardian:PrimingBeam","Guardian:TemporalStrike","Guardian:WalkerClaw+1"],"picked":"SKIP","floor":27},{"not_picked":["Guardian:BronzeArmor","Guardian:SentryBeam+1","Guardian:WalkerClaw"],"picked":"SKIP","floor":28},{"not_picked":["Guardian:MultiBeam","Guardian:Gem_Cyan","Guardian:ShieldSpikes"],"picked":"SKIP","floor":29},{"not_picked":["Guardian:Gem_Blue","Guardian:Planning"],"picked":"Guardian:ConstructionForm","floor":31},{"not_picked":["Guardian:Harden","Guardian:ShieldCharger+1","Guardian:Suspension+1"],"picked":"SKIP","floor":32},{"not_picked":["Guardian:Clone","Guardian:ChargeCore+1","Guardian:Incinerate+1"],"picked":"SKIP","floor":36},{"not_picked":["Guardian:TemporalStrike","Guardian:DecasProtection+1","Guardian:BronzeArmor+1"],"picked":"SKIP","floor":38},{"not_picked":["Guardian:Gem_Cyan","Guardian:PrimingBeam","Guardian:Gem_Crimson"],"picked":"SKIP","floor":39},{"not_picked":["Guardian:TimeCapacitor","Guardian:Gem_Cyan","Guardian:Recover"],"picked":"SKIP","floor":42},{"not_picked":["Guardian:Gem_Cyan","Guardian:StasisEngine","Guardian:SpikerProtocol"],"picked":"SKIP","floor":44},{"not_picked":["Guardian:PiercingHide+1","Guardian:Incinerate+1","Guardian:TemporalShield"],"picked":"SKIP","floor":45},{"not_picked":["Guardian:Gem_Red","Guardian:TemporalShield","Guardian:ExploitGems"],"picked":"SKIP","floor":46}],"player_experience":585886,"relics_obtained":[{"floor":5,"key":"Bag of Marbles"},{"floor":7,"key":"Lantern"},{"floor":8,"key":"Dead Branch"},{"floor":10,"key":"Boot"},{"floor":23,"key":"CeramicFish"},{"floor":24,"key":"Mummified Hand"},{"floor":25,"key":"Peace Pipe"},{"floor":29,"key":"Girya"},{"floor":40,"key":"TungstenRod"},{"floor":41,"key":"bronze:DecasWashers"},{"floor":42,"key":"Pocketwatch"},{"floor":42,"key":"Orichalcum"},{"floor":44,"key":"Nunchaku"},{"floor":44,"key":"Bag of Preparation"},{"floor":46,"key":"Guardian:PickAxe"},{"floor":46,"key":"Guardian:PocketSentry"}],"event_choices":[{"damage_healed":0,"gold_gain":0,"player_choice":"Got Potions","damage_taken":0,"max_hp_gain":0,"max_hp_loss":0,"event_name":"Lab","floor":20,"gold_loss":0}],"is_beta":false,"boss_relics":[{"not_picked":["SacredBark","Runic Dome"],"picked":"SlaversCollar"},{"not_picked":["Calling Bell","Runic Pyramid"],"picked":"Black Star"}],"items_purged_floors":[3,13,21,27,39],"is_endless":false,"potions_floor_spawned":[2,10,14,15,16,22,23,25,26,29,33,45],"killed_by":"Reptomancer","ascension_level":1}}