{"host":"vgnj3owxn2tq7mop","time":1613132400,"event":{"mods":["Act Like it!","BaseMod","Colored Map","Downfall","Hallownest","Minty Spire (QoL Compilation)","StSLib","SuperFastMode","The Bug Knight","The Servant 0.9.4"],"gold_per_floor":[99,111,111,167,242,242,316,316,334,346,373,385,285,302,322,418,418,418,428,428,428,446,446,446,197,64,91,111,11,30,15,33,134,134,34,34,52,39,54,54,81,81,81,81,99,99,99,132,144,144,144,178,16,16,16,16,16],"floor_reached":55,"language":"ZHS","playtime":4137,"items_purged":[],"score":773,"play_id":"f31f5647-a734-48f5-82bc-3da816270650","local_time":"20210212202000","is_ascension_mode":true,"campfire_choices":[{"data":"bronze:Replicate","floor":1,"key":"SMITH"},{"data":"bronze:Break","floor":6,"key":"SMITH"},{"data":"bronze:Explode","floor":8,"key":"SMITH"},{"floor":13,"key":"REST"},{"floor":18,"key":"RECALL"},{"floor":29,"key":"REST"},{"data":"bronze:ChosenStrike","floor":35,"key":"SMITH"},{"data":"bronze:FindAndReplace","floor":40,"key":"SMITH"},{"data":"bronze:FindAndReplace","floor":43,"key":"SMITH"},{"data":"bronze:Format","floor":46,"key":"SMITH"},{"floor":47,"key":"REST"},{"data":"bronze:Boost","floor":54,"key":"SMITH"}],"circlet_count":0,"master_deck":["bronze:Strike+1","bronze:Strike+1","bronze:Defend","bronze:Defend","bronze:Replicate+1","bronze:Goto","bronze:Explode+1","bronze:Shell","bronze:Break+1","bronze:Iterate","bronze:ChildClass","bronze:ChosenStrike+1","bronze:Format+1","bronze:FindAndReplace+1","CurseOfTheBell","bronze:ChildClass","bronze:ChosenStrike","bronze:HyperBeam","bronze:ChosenStrike","bronze:Repair","bronze:ShipIt","bronze:HyperBeam","bronze:FineTuning","bronze:Boost+1","bronze:Repair+1","bronze:FindAndReplace+1","bronze:Allocate","bronze:Shield+1","bronze:CloningBeam+1"],"relics":["bronze:BronzeCore","Whetstone","The Courier","Potion Belt","downfall:HeartBlessingBlue","Calling Bell","Omamori","White Beast Statue","WingedGreaves","Unceasing Top","Sundial","DollysMirror","bronze:SilverBullet","downfall:HeartBlessingRed","Cursed Key","downfall:HeartBlessingGreen","Chemical X","Art of War","Orichalcum","Vajra","InkBottle","Blue Candle","Lee\u0027s Waffle"],"acts_visited":["Exordium","TheCity","TheBeyond","TheEnding"],"potions_floor_usage":[11,16,16,22,26,27,27,30,30,33,33,38,45,49,50,52,55,55,55,55,55],"damage_taken":[{"damage":0,"enemies":"Small Slimes","floor":2,"turns":3},{"damage":0,"enemies":"Small Slimes","floor":3,"turns":2},{"damage":22,"enemies":"Gremlin Nob","floor":4,"turns":4},{"damage":1,"enemies":"2 Louse","floor":9,"turns":2},{"damage":1,"enemies":"Jaw Worm","floor":10,"turns":3},{"damage":6,"enemies":"3 Sentries","floor":11,"turns":3},{"damage":5,"enemies":"Exordium Wildlife","floor":12,"turns":2},{"damage":0,"enemies":"Gremlin Gang","floor":14,"turns":1},{"damage":7,"enemies":"Blue Slaver","floor":15,"turns":2},{"damage":4,"enemies":"WA_ARCHETYPE_RETAIN","floor":16,"turns":4},{"damage":0,"enemies":"Spheric Guardian","floor":19,"turns":1},{"damage":13,"enemies":"Shell Parasite","floor":22,"turns":3},{"damage":2,"enemies":"downfall:FleeingMerchant","floor":25,"turns":4},{"damage":0,"enemies":"downfall:FleeingMerchant","floor":26,"turns":4},{"damage":35,"enemies":"Slavers","floor":27,"turns":4},{"damage":4,"enemies":"Snecko","floor":28,"turns":4},{"damage":0,"enemies":"Cultist and Chosen","floor":30,"turns":4},{"damage":9,"enemies":"downfall:FleeingMerchant","floor":31,"turns":4},{"damage":0,"enemies":"Chosen and Byrds","floor":32,"turns":3},{"damage":62,"enemies":"DF_ARCHETYPE_CLAW","floor":33,"turns":6},{"damage":0,"enemies":"Orb Walker","floor":37,"turns":2},{"damage":0,"enemies":"downfall:FleeingMerchant","floor":38,"turns":1},{"damage":2,"enemies":"3 Shapes","floor":39,"turns":3},{"damage":50,"enemies":"Maw","floor":45,"turns":8},{"damage":33,"enemies":"Giant Head","floor":48,"turns":7},{"damage":6,"enemies":"4 Shapes","floor":49,"turns":1},{"damage":23,"enemies":"SI_POISON_ARCHETYPE","floor":50,"turns":10},{"damage":97,"enemies":"downfall:CharBossMerchant","floor":52,"turns":8},{"damage":146,"enemies":"downfall:NeowBoss","floor":55,"turns":19}],"seed_played":"-8505191223347092402","potions_obtained":[{"floor":4,"key":"Dexterity Potion"},{"floor":9,"key":"Fire Potion"},{"floor":12,"key":"SteroidPotion"},{"floor":19,"key":"Swift Potion"},{"floor":22,"key":"Block Potion"},{"floor":25,"key":"LiquidBronze"},{"floor":26,"key":"DuplicationPotion"},{"floor":27,"key":"Swift Potion"},{"floor":28,"key":"Guardian:BlockOnCardUsePotion"},{"floor":30,"key":"Guardian:BlockOnCardUsePotion"},{"floor":31,"key":"Strength Potion"},{"floor":32,"key":"FearPotion"},{"floor":33,"key":"PowerPotion"},{"floor":37,"key":"ColorlessPotion"},{"floor":38,"key":"Weak Potion"},{"floor":39,"key":"Fire Potion"},{"floor":45,"key":"Ancient Potion"},{"floor":48,"key":"GamblersBrew"},{"floor":49,"key":"Fire Potion"},{"floor":52,"key":"Ancient Potion"}],"is_trial":false,"path_per_floor":["R","M","?","?","T","R","T","R","M","M","E","M","R","M","M","B",null,"R","M","?","?","M","?","T","$","$","E","M","R","M","$","M","B",null,"R","?","M","?","M","R","T","$","R","?","M","R","R","E","M","B",null,"E","$","R","B"],"character_chosen":"THE_AUTOMATON","items_purchased":["Sundial","bronze:Repair","DollysMirror","Chemical X","Art of War","Orichalcum","Lee\u0027s Waffle","Block Potion"],"campfire_rested":3,"item_purchase_floors":[25,25,26,38,38,38,53,53],"current_hp_per_floor":[63,63,63,41,41,41,41,41,40,39,33,28,66,66,59,55,94,94,94,94,94,81,62,62,60,67,39,35,64,71,69,79,27,99,99,99,99,99,97,97,97,97,97,97,49,49,78,62,56,50,99,2,106,106,0,0,0],"gold":16,"neow_bonus":"TWENTY_PERCENT_HP_BONUS","is_daily":false,"chose_seed":false,"campfire_upgraded":8,"win_rate":0.0,"timestamp":1613132400,"path_taken":["R","M","?","?","?","R","T","R","M","M","E","M","R","M","M","BOSS","R","M","?","?","?","?","T","?","$","E","M","R","M","$","M","BOSS","R","?","M","?","M","R","T","?","R","?","?","R","R","E","M","BOSS","E","$","R","BOSS"],"items_purchased_type":["Relic","Card","Relic","Relic","Relic","Relic","Relic","Potion"],"build_version":"2020-12-22","purchased_purges":0,"victory":false,"max_hp_per_floor":[84,84,84,84,84,84,84,84,84,84,84,84,94,94,94,94,94,94,94,94,94,94,99,99,99,99,99,99,99,99,99,99,99,99,99,99,99,99,99,99,99,99,99,99,99,99,99,99,99,99,99,99,106,106,106,106,106],"card_choices":[{"not_picked":["bronze:Branch","bronze:Refactor","bronze:BugBarrage"],"picked":"SKIP","floor":2},{"not_picked":[],"picked":"bronze:Explode","floor":3},{"not_picked":["bronze:Overheat","bronze:OilSpill"],"picked":"bronze:Shell","floor":3},{"not_picked":["bronze:BitShift","bronze:Frontload"],"picked":"bronze:Break","floor":4},{"not_picked":["bronze:Shell","bronze:DelayedGuard"],"picked":"bronze:Iterate","floor":9},{"not_picked":["bronze:Separator","bronze:OilSpill","bronze:Deprecate"],"picked":"SKIP","floor":10},{"not_picked":["bronze:MaxOutput","bronze:OilSpill"],"picked":"bronze:ChildClass","floor":11},{"not_picked":["bronze:ForLoop","bronze:DelayedSlice"],"picked":"bronze:ChosenStrike","floor":12},{"not_picked":["bronze:Iterate","bronze:BitShift"],"picked":"bronze:Format","floor":14},{"not_picked":["bronze:Iterate","bronze:Overheat","bronze:WhirlingStrike"],"picked":"SKIP","floor":15},{"not_picked":["bronze:HardenedForm","bronze:Assembly"],"picked":"bronze:FindAndReplace","floor":16},{"not_picked":["bronze:Constructor+1","bronze:DelayedGuard"],"picked":"bronze:ChildClass","floor":19},{"not_picked":["bronze:BugBarrage","bronze:DelayedGuard+1"],"picked":"bronze:HyperBeam","floor":22},{"not_picked":["bronze:Constructor+1","bronze:Frontload+1"],"picked":"bronze:ChosenStrike","floor":25},{"not_picked":["bronze:CutThrough","bronze:DelayedGuard+1"],"picked":"bronze:ShipIt","floor":26},{"not_picked":["bronze:Overheat","bronze:Shield"],"picked":"bronze:FineTuning","floor":27},{"not_picked":["bronze:Iterate","bronze:HyperBeam"],"picked":"bronze:Boost","floor":28},{"not_picked":["bronze:Separator","bronze:CloningBeam","bronze:Invalidate+1"],"picked":"SKIP","floor":30},{"not_picked":["bronze:Constructor","bronze:BugBarrage+1"],"picked":"bronze:Repair+1","floor":31},{"not_picked":["bronze:Branch+1","bronze:Boost","bronze:Break"],"picked":"SKIP","floor":32},{"not_picked":["bronze:HyperBeam","bronze:RecursiveStrike"],"picked":"bronze:FindAndReplace","floor":33},{"not_picked":["bronze:Frontload+1","bronze:Turbo"],"picked":"bronze:Allocate","floor":37},{"not_picked":["bronze:Turbo","bronze:WhirlingStrike","bronze:DigitalCarnage"],"picked":"SKIP","floor":38},{"not_picked":["bronze:Invalidate+1","bronze:Iterate"],"picked":"bronze:Shield+1","floor":39},{"not_picked":["bronze:Invalidate+1","bronze:Separator+1"],"picked":"bronze:CloningBeam+1","floor":45},{"not_picked":["bronze:DigitalCarnage+1","bronze:BugBarrage+1","bronze:Invalidate+1"],"picked":"SKIP","floor":48},{"not_picked":["bronze:Iterate","bronze:Overheat+1","bronze:BronzeArmor"],"picked":"SKIP","floor":49},{"not_picked":["bronze:Shell+1","bronze:OilSpill+1","bronze:HardenedForm"],"picked":"SKIP","floor":52}],"player_experience":1191583,"relics_obtained":[{"floor":4,"key":"Whetstone"},{"floor":5,"key":"The Courier"},{"floor":11,"key":"Potion Belt"},{"floor":17,"key":"Omamori"},{"floor":17,"key":"White Beast Statue"},{"floor":17,"key":"WingedGreaves"},{"floor":24,"key":"Unceasing Top"},{"floor":27,"key":"bronze:SilverBullet"},{"floor":41,"key":"Vajra"},{"floor":48,"key":"InkBottle"},{"floor":52,"key":"Blue Candle"}],"event_choices":[],"is_beta":false,"boss_relics":[{"not_picked":["Black Star","Philosopher\u0027s Stone"],"picked":"Calling Bell"},{"not_picked":["Coffee Dripper","Fusion Hammer"],"picked":"Cursed Key"}],"items_purged_floors":[],"is_endless":false,"potions_floor_spawned":[4,9,12,19,22,25,26,27,28,30,31,32,33,37,38,39,45,48,49,52],"killed_by":"downfall:NeowBoss","ascension_level":1}}