{"host":"08z5bj28eube4vug","time":1613116041,"event":{"mods":["100% Spire Juice","2.2 Compatiblity","Abigail Mod","Act Like it!","BaseMod","Beaked The Cultist","Bestiary","Friendly Minions","Gensokyo","GungeonMod","Hallownest","Kiyohime????","Koishi","Lobotomy","Marisa????????","Minty Spire (QoL Compilation)","Prisma Mod","Remilia??????","Replay The Spire","Spire Arcade","StSLib","Td1madao Mod","The Alterego","The Bug Knight","The Jungle","The Sage","The Senshi","The Servant 0.9.4","Waifu the Spire","WarShipGirlsR/????R mod","Yuri Mod"],"gold_per_floor":[115,128,128,147,162,42,59,59,85,85,105,105,125,156,156,258,138,151,161,177,195,40,40,70,70,70,70,80,80,109,4,4,100,100,119,134,147,160,160,40,72,72,117,117,128,128,12,32,32,32],"floor_reached":51,"language":"ENG","playtime":2993,"items_purged":[],"score":965,"play_id":"d380aa5a-81e0-4d09-9a65-fae8540957c2","local_time":"20210212104721","is_ascension_mode":true,"campfire_choices":[{"data":"Moonworks:IndiscriminateFireSupport","floor":6,"key":"SMITH"},{"data":"Moonworks:Ambush","floor":8,"key":"SMITH"},{"data":"Moonworks:LulusLuckyEgg","floor":10,"key":"SMITH"},{"data":"Moonworks:NicePresent","floor":12,"key":"SMITH"},{"data":"Moonworks:LongDistanceShot","floor":15,"key":"SMITH"},{"data":"Moonworks:AnotherUltimateWeapon","floor":23,"key":"SMITH"},{"data":"Moonworks:AnotherUltimateWeapon","floor":23,"key":"SMITH"},{"data":"Moonworks:LulusLuckyEgg","floor":25,"key":"SMITH"},{"data":"Moonworks:SakisCookie","floor":25,"key":"SMITH"},{"data":"Moonworks:Defend","floor":29,"key":"SMITH"},{"data":"Moonworks:Defend","floor":29,"key":"SMITH"},{"data":"Moonworks:IndiscriminateFireSupport","floor":32,"key":"SMITH"},{"data":"Moonworks:Defend","floor":32,"key":"SMITH"},{"data":"Moonworks:CrystalBarrier","floor":40,"key":"SMITH"},{"data":"Moonworks:Defend","floor":40,"key":"SMITH"},{"data":"Moonworks:Defend","floor":42,"key":"SMITH"},{"data":"Moonworks:Defend","floor":42,"key":"SMITH"},{"data":"Moonworks:Defend","floor":46,"key":"SMITH"},{"data":"Moonworks:Defend","floor":46,"key":"SMITH"},{"data":"Moonworks:Defend","floor":49,"key":"SMITH"},{"data":"Moonworks:Defend","floor":49,"key":"SMITH"}],"circlet_count":0,"master_deck":["Moonworks:Strike","Moonworks:Strike","Moonworks:Strike","Moonworks:Strike","Moonworks:Defend","Moonworks:Defend","Moonworks:Defend+3","Moonworks:Defend","Moonworks:Ambush+1","Moonworks:LongDistanceShot+1","Moonworks:NicePresent+1","Moonworks:SakisCookie+1","Moonworks:IndiscriminateFireSupport+1","Moonworks:LulusLuckyEgg+1","Moonworks:AnotherUltimateWeapon+1","Moonworks:LulusLuckyEgg+1","Moonworks:SakisCookie","Moonworks:AnotherUltimateWeapon+1","Moonworks:IndiscriminateFireSupport+1","Moonworks:DeployBits+1","Moonworks:CrystalBarrier+1","Moonworks:Dash","Writhe","Decay"],"relics":["Moonworks:BrokenBomb","Moonworks:Homemark","DemoMod:LamentConfigurum","Replay:Wax Seal","Snack Pack","DemoMod:JetPack","Busted Crown","Replay:Arrowhead","DollysMirror","The Courier","Strawberry","HollowMod:StagPassRelic","Simple Rune","Replay:Grab Bag","Coffee Dripper","Sozu","SacredBark","Mirror","Dream Catcher","MealTicket","HollowMod:PaleOreRelic"],"acts_visited":["Exordium","TheCity","TheBeyond"],"potions_floor_usage":[5,14,16,24,24,30,33,50],"damage_taken":[{"damage":8,"enemies":"Jaw Worm","floor":1,"turns":4},{"damage":5,"enemies":"Cultist","floor":2,"turns":3},{"damage":4,"enemies":"Small Slimes","floor":4,"turns":3},{"damage":3,"enemies":"Exordium Wildlife","floor":5,"turns":5},{"damage":2,"enemies":"Looter","floor":7,"turns":4},{"damage":2,"enemies":"Red Slaver","floor":11,"turns":5},{"damage":0,"enemies":"Large Slime","floor":13,"turns":4},{"damage":24,"enemies":"HollowMod:MossKnight","floor":14,"turns":8},{"damage":35,"enemies":"Hexaghost","floor":16,"turns":11},{"damage":0,"enemies":"Spheric Guardian","floor":18,"turns":3},{"damage":0,"enemies":"3 Cultists","floor":19,"turns":3},{"damage":0,"enemies":"Cultist and Chosen","floor":20,"turns":5},{"damage":1,"enemies":"Chosen and Byrds","floor":21,"turns":4},{"damage":1,"enemies":"Book of Stabbing","floor":24,"turns":4},{"damage":0,"enemies":"Centurion and Healer","floor":28,"turns":5},{"damage":13,"enemies":"Slavers","floor":30,"turns":7},{"damage":27,"enemies":"Champ","floor":33,"turns":7},{"damage":14,"enemies":"3 Shapes","floor":35,"turns":3},{"damage":6,"enemies":"Orb Walker","floor":36,"turns":4},{"damage":0,"enemies":"3 Darklings","floor":37,"turns":1},{"damage":35,"enemies":"Spire Growth","floor":38,"turns":6},{"damage":0,"enemies":"Giant Head","floor":41,"turns":7},{"damage":0,"enemies":"Maw","floor":45,"turns":5},{"damage":21,"enemies":"Transient","floor":48,"turns":5},{"damage":20,"enemies":"Awakened One","floor":50,"turns":13}],"seed_played":"-4714474932295089812","potions_obtained":[{"floor":1,"key":"AttackPotion"},{"floor":4,"key":"LifebloodPotion"},{"floor":11,"key":"SpeedPotion"},{"floor":13,"key":"DemoMod:LeadSkinPotion"},{"floor":20,"key":"GamblersBrew"},{"floor":21,"key":"ColorlessPotion"},{"floor":28,"key":"DemoMod:LeadSkinPotion"},{"floor":33,"key":"Cursed Concoction"}],"is_trial":false,"path_per_floor":["M","M","$","M","M","R","M","R","T","R","M","R","M","E","R","B",null,"M","M","M","M","$","R","E","R","T","?","M","R","E","$","R","B",null,"M","M","M","M","?","R","E","R","T","?","M","R","$","M","R","B",null],"character_chosen":"THE_STARBREAKER","items_purchased":["DollysMirror","Moonworks:IndiscriminateFireSupport","Moonworks:DeployBits+1","Fire Potion","HollowMod:PaleOreRelic"],"campfire_rested":0,"item_purchase_floors":[22,31,31,31,47],"current_hp_per_floor":[46,41,41,37,36,36,36,36,36,36,40,40,44,32,32,7,47,47,47,53,54,54,54,53,53,60,65,67,67,56,56,56,34,59,50,49,49,17,34,34,41,41,41,41,48,48,63,46,46,31],"gold":32,"neow_bonus":"RANDOM_COMMON_RELIC","is_daily":false,"chose_seed":false,"campfire_upgraded":21,"win_rate":0.0,"timestamp":1613116041,"path_taken":["M","M","$","M","M","R","M","R","T","R","M","R","M","E","R","BOSS","M","M","M","M","$","R","E","R","T","?","M","R","E","?","R","BOSS","M","M","M","M","?","R","E","R","T","?","M","R","$","M","R","BOSS"],"items_purchased_type":["Relic","Card","Card","Potion","Relic"],"build_version":"2020-12-22","purchased_purges":0,"victory":true,"max_hp_per_floor":[60,60,60,60,60,60,60,60,60,60,60,60,60,60,60,60,60,60,60,60,60,60,60,60,60,67,67,67,67,67,67,67,67,67,67,67,67,67,67,67,67,67,67,67,67,67,67,67,67,67],"card_choices":[{"not_picked":["Moonworks:ScrambledEve","Moonworks:Assault"],"picked":"Moonworks:NicePresent","floor":1},{"not_picked":["Moonworks:CloudOfSeagulls","Moonworks:BigMagnum"],"picked":"Moonworks:SakisCookie","floor":2},{"not_picked":["Moonworks:Bloodlust","Moonworks:Heat300Percent"],"picked":"Moonworks:SakisCookie","floor":4},{"not_picked":["Moonworks:CompletionReward","Moonworks:FullSpeedAlicianrone"],"picked":"Moonworks:IndiscriminateFireSupport","floor":5},{"not_picked":["Moonworks:CloudOfSeagulls","Moonworks:Bloodlust"],"picked":"Moonworks:LulusLuckyEgg","floor":7},{"not_picked":["Moonworks:EvilSpyWorkPreparation","Moonworks:Gamble","Moonworks:BeyondHell"],"picked":"SKIP","floor":11},{"not_picked":["Moonworks:SakisCookie","Moonworks:UnluckyCharm","Moonworks:BigMagnum"],"picked":"SKIP","floor":13},{"not_picked":["Moonworks:FinalSurgery","Moonworks:DeployBits","Moonworks:JonathanRush"],"picked":"SKIP","floor":14},{"not_picked":["Moonworks:HolyNight","Moonworks:Accelerator"],"picked":"Moonworks:AnotherUltimateWeapon","floor":16},{"not_picked":[],"picked":"Moonworks:LulusLuckyEgg","floor":18},{"not_picked":["Moonworks:Assault"],"picked":"SKIP","floor":19},{"not_picked":["Moonworks:LulusLuckyEgg"],"picked":"SKIP","floor":20},{"not_picked":[],"picked":"Moonworks:SakisCookie","floor":21},{"not_picked":["Moonworks:BindingChains"],"picked":"SKIP","floor":24},{"not_picked":["Moonworks:Assault+1"],"picked":"SKIP","floor":28},{"not_picked":["Moonworks:LulusLuckyEgg"],"picked":"SKIP","floor":30},{"not_picked":[],"picked":"Moonworks:CrystalBarrier","floor":33},{"not_picked":["Moonworks:EvilSpyWorkPreparation+1"],"picked":"SKIP","floor":35},{"not_picked":[],"picked":"Moonworks:Dash","floor":36},{"not_picked":["Moonworks:BigMagnum"],"picked":"SKIP","floor":37},{"not_picked":["Moonworks:Assault+1"],"picked":"SKIP","floor":38},{"not_picked":["Moonworks:CookingTime+1"],"picked":"SKIP","floor":41},{"not_picked":["Moonworks:CloudOfSeagulls+1"],"picked":"SKIP","floor":45},{"not_picked":["Moonworks:ReproductionOfRecords+1"],"picked":"SKIP","floor":48}],"player_experience":912373,"relics_obtained":[{"floor":9,"key":"Replay:Wax Seal"},{"floor":14,"key":"DemoMod:JetPack"},{"floor":24,"key":"The Courier"},{"floor":26,"key":"Strawberry"},{"floor":30,"key":"Simple Rune"},{"floor":41,"key":"Dream Catcher"},{"floor":43,"key":"MealTicket"}],"event_choices":[{"cards_removed":["Moonworks:SakisCookie"],"damage_healed":5,"gold_gain":0,"player_choice":"Offered Common","damage_taken":0,"max_hp_gain":0,"max_hp_loss":0,"event_name":"Bonfire Elementals","floor":27,"gold_loss":0},{"cards_removed":["Moonworks:SakisCookie"],"damage_healed":5,"gold_gain":0,"player_choice":"Offered Special","damage_taken":0,"max_hp_gain":0,"max_hp_loss":0,"event_name":"Bonfire Elementals","floor":27,"gold_loss":0},{"damage_healed":17,"gold_gain":0,"player_choice":"Writhe","damage_taken":0,"max_hp_gain":0,"max_hp_loss":0,"event_name":"Winding Halls","floor":39,"gold_loss":0,"cards_obtained":["Writhe"]},{"damage_healed":0,"gold_gain":0,"player_choice":"Cursed","damage_taken":0,"max_hp_gain":0,"max_hp_loss":0,"event_name":"Wheel of Change","floor":44,"gold_loss":0,"cards_obtained":["Decay"]}],"is_beta":false,"boss_relics":[{"not_picked":["Ectoplasm","Snecko Heart"],"picked":"Busted Crown"},{"not_picked":["Painkiller Herb","ReplayTheSpireMod:DimensionalGlitch"],"picked":"Replay:Grab Bag"},{"not_picked":["Philosopher\u0027s Stone","ReplayTheSpireMod:Onyx Gauntlets"],"picked":"Coffee Dripper"},{"not_picked":["Runic Dome","Replay:Bronze Core"],"picked":"Sozu"},{"not_picked":["Snecko Eye","Runic Pyramid"],"picked":"SacredBark"}],"items_purged_floors":[],"is_endless":false,"potions_floor_spawned":[1,4,11,13,20,21,28,33,45,48],"ascension_level":7}}