{"host":"cjhtzh7tp54jdfyv","time":1613098903,"event":{"mods":["AchievementEnabler","BaseMod","Colored Map","Colored Powertips","Curses Come First","DeckTracker","Minty Spire (QoL Compilation)","RNG Fix","Relic Sorter","Relic Stats","StSLib","UnlockEverythingMod","ojb\u0027s Better Paths Mod","ojb\u0027s Info Mod"],"gold_per_floor":[114,39,50,50,74,74,114,139,139,192,35,66,14,41,41,137,137,151,176,176,190,190,190,18,54,134,170,170,198,280,300,300,377,377,388,388,388,407,423,452,452,481,481,493,526,543,543,558,558,558,558],"floor_reached":50,"language":"ENG","playtime":2995,"items_purged":[],"score":1646,"play_id":"3e6b777e-872c-45e4-939c-ca6459ad303b","local_time":"20210211220143","is_ascension_mode":true,"campfire_choices":[{"data":"Phantasmal Killer","floor":6,"key":"SMITH"},{"floor":15,"key":"REST"},{"data":"Phantasmal Killer","floor":23,"key":"SMITH"},{"data":"Ghostly","floor":32,"key":"SMITH"},{"floor":41,"key":"RECALL"},{"data":"Burst","floor":49,"key":"SMITH"}],"circlet_count":0,"master_deck":["AscendersBane","Survivor","Neutralize","Acrobatics","Phantasmal Killer+1","Slice","Dagger Spray","Dash","Escape Plan","After Image","Backflip","Phantasmal Killer+1","Dagger Spray+1","PiercingWail+1","RitualDagger","Ghostly+1","Ghostly","Ghostly","Blade Dance","Burst+1","Leg Sweep","Dodge and Roll","Bullet Time","Reflex","Choke","Blur","Finisher","Dagger Throw+1","Sucker Punch+1","Calculated Gamble","Acrobatics","Burst","Blade Dance+1","Expertise+1","Blade Dance+1"],"relics":["Ring of the Snake","Happy Flower","Bloody Idol","Paper Crane","Toy Ornithopter","Regal Pillow","Coffee Dripper","PreservedInsect","Orichalcum","Frozen Egg 2","Letter Opener","Torii","Shuriken","Pandora\u0027s Box","Prayer Wheel","Pear","Ornamental Fan","Unceasing Top"],"acts_visited":["Exordium","TheCity","TheBeyond"],"potions_floor_usage":[7,16,25,29,33,50],"damage_taken":[{"damage":0,"enemies":"2 Louse","floor":1,"turns":2},{"damage":1,"enemies":"Jaw Worm","floor":3,"turns":2},{"damage":0,"enemies":"Cultist","floor":5,"turns":4},{"damage":22,"enemies":"3 Sentries","floor":7,"turns":9},{"damage":1,"enemies":"Looter","floor":8,"turns":3},{"damage":26,"enemies":"Gremlin Nob","floor":12,"turns":4},{"damage":35,"enemies":"Slime Boss","floor":16,"turns":9},{"damage":0,"enemies":"Spheric Guardian","floor":18,"turns":3},{"damage":19,"enemies":"Chosen","floor":19,"turns":5},{"damage":10,"enemies":"Centurion and Healer","floor":21,"turns":6},{"damage":0,"enemies":"Gremlin Leader","floor":25,"turns":3},{"damage":0,"enemies":"Book of Stabbing","floor":27,"turns":4},{"damage":0,"enemies":"Slavers","floor":29,"turns":3},{"damage":0,"enemies":"Snake Plant","floor":31,"turns":3},{"damage":0,"enemies":"Automaton","floor":33,"turns":8},{"damage":1,"enemies":"Orb Walker","floor":35,"turns":3},{"damage":0,"enemies":"3 Darklings","floor":38,"turns":3},{"damage":0,"enemies":"Transient","floor":39,"turns":6},{"damage":0,"enemies":"Giant Head","floor":40,"turns":4},{"damage":20,"enemies":"Nemesis","floor":42,"turns":3},{"damage":0,"enemies":"Spire Growth","floor":44,"turns":5},{"damage":0,"enemies":"Reptomancer","floor":45,"turns":5},{"damage":0,"enemies":"Sphere and 2 Shapes","floor":46,"turns":6},{"damage":0,"enemies":"Jaw Worm Horde","floor":48,"turns":2},{"damage":41,"enemies":"Time Eater","floor":50,"turns":10}],"seed_played":"-3338920698203314139","potions_obtained":[{"floor":5,"key":"Swift Potion"},{"floor":12,"key":"FearPotion"},{"floor":21,"key":"FearPotion"},{"floor":27,"key":"SneckoOil"},{"floor":29,"key":"Strength Potion"},{"floor":31,"key":"SkillPotion"},{"floor":35,"key":"BlessingOfTheForge"},{"floor":37,"key":"DistilledChaos"},{"floor":45,"key":"FearPotion"}],"is_trial":false,"path_per_floor":["M","?","M","?","M","R","E","M","T","?","$","E","$","T","R","B",null,"M","M","?","M","?","R","$","E","T","E","?","E","T","M","R","B",null,"M","?","?","M","M","E","R","E","T","M","E","M","?","M","R","B"],"character_chosen":"THE_SILENT","items_purchased":["Happy Flower","Backflip","PreservedInsect"],"campfire_rested":1,"item_purchase_floors":[11,13,24],"current_hp_per_floor":[59,59,58,54,54,54,32,31,31,31,31,5,5,5,36,6,42,42,23,17,7,7,7,7,12,12,12,12,22,27,27,27,27,27,27,27,27,27,27,27,27,22,22,27,32,37,37,37,37,0,0],"gold":558,"neow_bonus":"TRANSFORM_TWO_CARDS","is_daily":false,"chose_seed":false,"campfire_upgraded":4,"win_rate":0.0,"timestamp":1613098903,"path_taken":["M","?","M","?","?","R","E","M","T","?","?","E","$","?","R","BOSS","M","M","?","M","?","R","?","E","T","E","?","E","?","?","R","BOSS","M","?","?","M","?","E","R","E","T","M","E","M","?","M","R","BOSS"],"items_purchased_type":["Relic","Card","Relic"],"build_version":"2020-12-22","purchased_purges":0,"victory":false,"max_hp_per_floor":[60,60,60,54,54,54,54,54,54,54,54,54,54,54,54,54,54,54,54,54,54,27,27,27,27,27,27,27,27,27,27,27,27,27,27,27,27,27,27,27,27,37,37,37,37,37,37,37,37,37,37],"relic_stats":{"Regal Pillow":15,"Happy Flower":[31],"Torii":5,"counters":[25,115],"PreservedInsect":377,"Letter Opener":[286],"Orichalcum":[30],"Shuriken":[32],"Ornamental Fan":[56],"Bloody Idol":31,"Pandora\u0027s Box":["Leg Sweep","Dodge and Roll","Bullet Time","Reflex","Choke","Blur","Finisher"],"Prayer Wheel":3,"obtain_stats":[{"Regal Pillow":14,"Pear":42,"Happy Flower":11,"Torii":29,"Golden Idol":4,"PreservedInsect":24,"Letter Opener":27,"Paper Crane":7,"Orichalcum":25,"Frozen Egg 2":26,"Shuriken":30,"Ornamental Fan":43,"Bloody Idol":28,"Pandora\u0027s Box":34,"Prayer Wheel":40,"Coffee Dripper":17,"Toy Ornithopter":12,"Unceasing Top":45,"Ring of the Snake":0},{"Regal Pillow":6,"Pear":20,"Happy Flower":5,"Torii":13,"Golden Idol":2,"PreservedInsect":10,"Letter Opener":12,"Paper Crane":4,"Orichalcum":11,"Frozen Egg 2":11,"Shuriken":13,"Ornamental Fan":20,"Bloody Idol":12,"Pandora\u0027s Box":15,"Prayer Wheel":19,"Coffee Dripper":7,"Toy Ornithopter":6,"Unceasing Top":22,"Ring of the Snake":0},{"Regal Pillow":24,"Pear":87,"Happy Flower":20,"Torii":57,"Golden Idol":4,"PreservedInsect":47,"Letter Opener":54,"Paper Crane":17,"Orichalcum":50,"Frozen Egg 2":50,"Shuriken":57,"Ornamental Fan":87,"Bloody Idol":54,"Pandora\u0027s Box":68,"Prayer Wheel":84,"Coffee Dripper":33,"Toy Ornithopter":24,"Unceasing Top":97,"Ring of the Snake":0}],"Toy Ornithopter":15,"Unceasing Top":[3],"Ring of the Snake":[50]},"card_choices":[{"not_picked":["Cloak And Dagger","Backflip"],"picked":"Slice","floor":1},{"not_picked":["Flying Knee","Cloak And Dagger","Sucker Punch"],"picked":"SKIP","floor":3},{"not_picked":["Deflect","Crippling Poison"],"picked":"Dagger Spray","floor":5},{"not_picked":["Deadly Poison","All Out Attack"],"picked":"Dash","floor":7},{"not_picked":["Poisoned Stab","Flechettes"],"picked":"Escape Plan","floor":8},{"not_picked":["Choke","Deadly Poison"],"picked":"After Image","floor":12},{"not_picked":["Bullet Time","Adrenaline"],"picked":"Phantasmal Killer","floor":16},{"not_picked":["Poisoned Stab","Blur"],"picked":"Dagger Spray+1","floor":18},{"not_picked":["Expertise","Deflect"],"picked":"PiercingWail+1","floor":19},{"not_picked":["Masterful Stab","Deflect","Concentrate"],"picked":"SKIP","floor":21},{"not_picked":["A Thousand Cuts","Infinite Blades+1","Riddle With Holes"],"picked":"SKIP","floor":25},{"not_picked":["Deadly Poison","All Out Attack","Sucker Punch"],"picked":"SKIP","floor":27},{"not_picked":["Dagger Spray","Poisoned Stab"],"picked":"Blade Dance","floor":29},{"not_picked":["Dagger Throw","Outmaneuver","Sucker Punch"],"picked":"SKIP","floor":31},{"not_picked":["Glass Knife","Adrenaline"],"picked":"Burst","floor":33},{"not_picked":["Outmaneuver","Bane","Cloak And Dagger"],"picked":"SKIP","floor":35},{"not_picked":["Dash","Quick Slash","Dagger Throw+1"],"picked":"SKIP","floor":38},{"not_picked":["Dash","Quick Slash"],"picked":"Dagger Throw+1","floor":38},{"not_picked":["Dodge and Roll","Deadly Poison+1","Dagger Throw"],"picked":"SKIP","floor":39},{"not_picked":["Glass Knife","Choke","Cloak And Dagger"],"picked":"SKIP","floor":40},{"not_picked":["Noxious Fumes+1","Deflect"],"picked":"Sucker Punch+1","floor":42},{"not_picked":["Accuracy+1","Leg Sweep"],"picked":"Calculated Gamble","floor":44},{"not_picked":["Setup","Poisoned Stab"],"picked":"Acrobatics","floor":44},{"not_picked":["Skewer","All Out Attack"],"picked":"Burst","floor":45},{"not_picked":["Calculated Gamble","Sucker Punch"],"picked":"Blade Dance+1","floor":46},{"not_picked":["Leg Sweep","Acrobatics"],"picked":"Expertise+1","floor":46},{"not_picked":["Blur","Escape Plan"],"picked":"Blade Dance+1","floor":48},{"not_picked":["Underhanded Strike+1","Riddle With Holes","Flying Knee"],"picked":"SKIP","floor":48}],"player_experience":4838792,"relics_obtained":[{"floor":7,"key":"Paper Crane"},{"floor":12,"key":"Toy Ornithopter"},{"floor":14,"key":"Regal Pillow"},{"floor":25,"key":"Orichalcum"},{"floor":26,"key":"Frozen Egg 2"},{"floor":27,"key":"Letter Opener"},{"floor":29,"key":"Torii"},{"floor":30,"key":"Shuriken"},{"floor":40,"key":"Prayer Wheel"},{"floor":42,"key":"Pear"},{"floor":43,"key":"Ornamental Fan"},{"floor":45,"key":"Unceasing Top"}],"event_choices":[{"cards_removed":["Strike_G"],"damage_healed":0,"gold_gain":0,"player_choice":"Card Removal","damage_taken":0,"max_hp_gain":0,"max_hp_loss":0,"event_name":"The Cleric","floor":2,"gold_loss":75},{"damage_healed":0,"gold_gain":0,"player_choice":"Lose Max HP","damage_taken":0,"relics_obtained":["Golden Idol"],"max_hp_gain":0,"max_hp_loss":6,"event_name":"Golden Idol","floor":4,"gold_loss":0},{"damage_healed":0,"gold_gain":53,"player_choice":"Gained Gold","damage_taken":0,"max_hp_gain":0,"max_hp_loss":0,"event_name":"Golden Wing","floor":10,"gold_loss":0},{"damage_healed":0,"gold_gain":0,"player_choice":"Joined the Cult","damage_taken":6,"max_hp_gain":0,"max_hp_loss":0,"event_name":"Nest","floor":20,"gold_loss":0,"cards_obtained":["RitualDagger"]},{"damage_healed":0,"gold_gain":0,"player_choice":"Became a Ghost","damage_taken":0,"max_hp_gain":0,"max_hp_loss":27,"event_name":"Ghosts","floor":22,"gold_loss":0,"cards_obtained":["Ghostly","Ghostly","Ghostly"]},{"damage_healed":0,"gold_gain":0,"player_choice":"Gave Idol","damage_taken":0,"relics_obtained":["Bloody Idol"],"max_hp_gain":0,"max_hp_loss":0,"event_name":"Forgotten Altar","floor":28,"relics_lost":["Golden Idol"],"gold_loss":0},{"damage_healed":0,"gold_gain":0,"player_choice":"Ignored","damage_taken":0,"max_hp_gain":0,"max_hp_loss":0,"event_name":"SecretPortal","floor":36,"gold_loss":0},{"damage_healed":0,"gold_gain":0,"player_choice":"Got Potions","damage_taken":0,"max_hp_gain":0,"max_hp_loss":0,"event_name":"Lab","floor":37,"gold_loss":0},{"damage_healed":0,"gold_gain":0,"player_choice":"Ignored","damage_taken":0,"max_hp_gain":0,"max_hp_loss":0,"event_name":"Tomb of Lord Red Mask","floor":47,"gold_loss":0}],"is_beta":false,"boss_relics":[{"not_picked":["Velvet Choker","Snecko Eye"],"picked":"Coffee Dripper"},{"not_picked":["HoveringKite","Black Star"],"picked":"Pandora\u0027s Box"}],"items_purged_floors":[],"is_endless":false,"potions_floor_spawned":[5,12,21,27,29,31,35,39,44,45],"killed_by":"Time Eater","ascension_level":20}}