{"host":"Ringo","time":1613099941,"event":{"mods":["BaseMod","Colored Map","Conspire","Dota2Spire","Hubris","Minty Spire (QoL Compilation)","Replay The Spire","StSLib","The Construct","[IsaacMod]ÒÔÈö¼âËþ","¡¾ÒÅÎï¿¨ÅÆ¡¿REMEMod"],"gold_per_floor":[251,264,280,60,110,135,135,167,190,190,223,253,285,320,320,391,491,504,504,65,80,99,126,126,155,182,212,238,272,304,335,335,409,409,425,277,170,12,35,35,35,70,96,129,29,64,90,117,117,117,117],"floor_reached":52,"language":"ZHS","playtime":1076,"items_purged":[],"score":3773,"play_id":"187f73d9-560f-4cef-9f76-14aefdf9749b","local_time":"20210212111901","daily_mods":["SealedDeck","Vintage","Heirloom","Time Dilation","Flight","DeadlyEvents","Elite Swarm","Lethality","Binary"],"is_ascension_mode":true,"campfire_choices":[{"data":"construct:Reserves","floor":7,"key":"SMITH"},{"data":"REME_Scribble","floor":7,"key":"SMITH"},{"data":"Seeing Red","floor":10,"key":"SMITH"},{"data":"Shrug It Off","floor":10,"key":"SMITH"},{"data":"Pummel","floor":15,"key":"SMITH"},{"data":"Spot Weakness","floor":15,"key":"SMITH"},{"data":"RitualDagger","floor":24,"key":"SMITH"},{"data":"Anger","floor":24,"key":"SMITH"},{"data":"Uppercut","floor":32,"key":"SMITH"},{"data":"Sword Boomerang","floor":32,"key":"SMITH"},{"data":"Trip","floor":40,"key":"SMITH"},{"data":"Flash of Steel","floor":40,"key":"SMITH"},{"data":"Clash","floor":41,"key":"SMITH"},{"data":"Pommel Strike","floor":41,"key":"SMITH"},{"data":"Clash","floor":49,"key":"SMITH"}],"circlet_count":0,"master_deck":["AscendersBane","Anger+1","Uppercut+1","Pummel+1","Pommel Strike+1","Spot Weakness+1","REME_Scribble+1","Seeing Red+1","Sword Boomerang+1","ReplayTheSpireMod:LeadingStrike+1","Shrug It Off+1","RitualDagger+1","Flash of Steel+1","Clash+1","Trip+1","Clash+1"],"relics":["Burning Blood","Busted Crown","HushsDoor","REME_ComplimentaryCards","replay:Trail_Library","Replay:Arrowhead","BloodBag","hubris:OldNail","Bag of Preparation","Dota2Spire:LotusOrb","Strange Spoon","hubris:SphereOfDissonance","Nunchaku","D6","Potion Belt","Dota2Spire:PowerTreads","Dota2Spire:OctarineCore","Void","AnarchistCookbook","BlankCard","Chaos","SatanicBible","Dota2Spire:EyeOfSkadi","HandDrill","hubris:CrystalStatue","Replay:Drink Me","Painkiller Herb","Mango","Sling","REME_DemonsWealth","Ancient Tea Set","Dota2Spire:Vanguard","Bottled Flame","DoctorsRemote","BFFS","conspire:GlowingRock","Replay:Baseball"],"acts_visited":["Exordium","TheCity","TheBeyond"],"potions_floor_usage":[3,11,16,51,51,51,51],"damage_taken":[{"damage":2,"enemies":"Cultist","floor":1,"turns":2},{"damage":2,"enemies":"Jaw Worm","floor":2,"turns":1},{"damage":2,"enemies":"2 Louse","floor":3,"turns":1},{"damage":19,"enemies":"Hiden Room Battle","floor":5,"turns":2},{"damage":2,"enemies":"Lagavulin","floor":6,"turns":1},{"damage":3,"enemies":"Gremlin Nob","floor":8,"turns":1},{"damage":3,"enemies":"Lagavulin","floor":11,"turns":2},{"damage":17,"enemies":"3 Sentries","floor":12,"turns":4},{"damage":3,"enemies":"Gremlin Nob","floor":13,"turns":1},{"damage":3,"enemies":"3 Sentries","floor":14,"turns":2},{"damage":3,"enemies":"The Guardian","floor":16,"turns":2},{"damage":0,"enemies":"Chosen","floor":18,"turns":1},{"damage":0,"enemies":"3 Byrds","floor":21,"turns":1},{"damage":0,"enemies":"Sentry and Sphere","floor":22,"turns":2},{"damage":0,"enemies":"Replay:Snechameleon","floor":23,"turns":1},{"damage":0,"enemies":"conspire:SneckoGhost","floor":25,"turns":1},{"damage":0,"enemies":"conspire:Head Lice","floor":27,"turns":1},{"damage":0,"enemies":"Book of Stabbing","floor":28,"turns":1},{"damage":0,"enemies":"Gremlin Leader","floor":29,"turns":1},{"damage":0,"enemies":"Slavers","floor":30,"turns":1},{"damage":0,"enemies":"Replay:Snechameleon","floor":31,"turns":1},{"damage":0,"enemies":"Collector","floor":33,"turns":1},{"damage":0,"enemies":"3 Darklings","floor":35,"turns":1},{"damage":3,"enemies":"Nemesis","floor":42,"turns":1},{"damage":3,"enemies":"R_Hoarder","floor":44,"turns":1},{"damage":0,"enemies":"Giant Head","floor":46,"turns":1},{"damage":0,"enemies":"R_Hoarder","floor":47,"turns":1},{"damage":0,"enemies":"Giant Head","floor":48,"turns":1},{"damage":0,"enemies":"hubris:GrandSnecko","floor":50,"turns":1},{"damage":6,"enemies":"Donu and Deca","floor":51,"turns":2}],"seed_played":"2451105745170470716","potions_obtained":[{"floor":3,"key":"Fruit Juice"},{"floor":8,"key":"Dota2Spire:HealingSalve"},{"floor":11,"key":"Regen Potion"},{"floor":13,"key":"Fire Potion"},{"floor":16,"key":"Block Potion"},{"floor":18,"key":"Adrenaline Potion"},{"floor":21,"key":"SteroidPotion"},{"floor":33,"key":"Adrenaline Potion"}],"is_trial":true,"path_per_floor":["M","M","M","$","?","E","R","E","T","R","E","E","E","E","R","B",null,"M","?","$","M","M","E","R","E","T","E","E","E","E","E","T","B",null,"?","T","T","T","?","T","T","E","T","E","NS","E","E","E","T","B","B",null],"character_chosen":"IRONCLAD","items_purchased":["Strange Spoon","ReplayTheSpireMod:LeadingStrike+1","Chaos","SatanicBible","Flash of Steel","Clash","Trip","Ancient Tea Set"],"campfire_rested":0,"item_purchase_floors":[4,4,20,20,36,36,37,38],"current_hp_per_floor":[60,66,77,77,51,57,57,63,63,63,72,67,73,79,79,85,110,119,113,113,122,132,132,132,135,135,135,104,107,110,127,127,130,130,133,133,133,133,80,80,80,86,86,92,92,101,110,119,119,128,139],"gold":117,"neow_bonus":"","is_daily":false,"chose_seed":false,"campfire_upgraded":15,"win_rate":0.0,"timestamp":1613099941,"path_taken":["M","?","?","?","?","E","R","E","T","R","?","E","E","E","R","BOSS","M","?","$","M","M","E","R","E","T","E","E","E","E","E","T","BOSS","?","T","T","T","?","T","T","E","T","E","NS","E","E","E","T","BOSS","BOSS"],"items_purchased_type":["Relic","Card","Card","Relic","Card","Card","Card","Relic"],"build_version":"2020-12-18","purchased_purges":0,"victory":true,"max_hp_per_floor":[84,86,93,93,95,97,97,100,100,100,103,109,112,115,115,118,118,121,121,121,124,132,132,132,135,135,135,104,107,110,127,127,130,130,133,133,133,133,133,133,133,136,136,139,139,142,145,148,148,151,157],"card_choices":[{"not_picked":["Amnesia"],"picked":"SKIP","floor":42},{"not_picked":["Looming Evil"],"picked":"SKIP","floor":44},{"not_picked":["Doubt"],"picked":"SKIP","floor":46},{"not_picked":["ReplayTheSpireMod:IOU"],"picked":"SKIP","floor":47},{"not_picked":["Looming Evil"],"picked":"SKIP","floor":48}],"player_experience":675525,"relics_obtained":[{"floor":1,"key":"hubris:OldNail"},{"floor":2,"key":"Bag of Preparation"},{"floor":3,"key":"Dota2Spire:LotusOrb"},{"floor":5,"key":"hubris:SphereOfDissonance"},{"floor":5,"key":"Nunchaku"},{"floor":6,"key":"D6"},{"floor":8,"key":"REME_IWantAll"},{"floor":9,"key":"Potion Belt"},{"floor":11,"key":"Dota2Spire:PowerTreads"},{"floor":12,"key":"Dota2Spire:OctarineCore"},{"floor":13,"key":"Void"},{"floor":14,"key":"AnarchistCookbook"},{"floor":18,"key":"BlankCard"},{"floor":22,"key":"Dota2Spire:EyeOfSkadi"},{"floor":25,"key":"REME_LimitBreaker"},{"floor":26,"key":"HandDrill"},{"floor":27,"key":"hubris:CrystalStatue"},{"floor":28,"key":"Replay:Drink Me"},{"floor":29,"key":"Replay:Bronze Core"},{"floor":30,"key":"Painkiller Herb"},{"floor":31,"key":"Mango"},{"floor":35,"key":"REME_DemonsWealth"},{"floor":42,"key":"Dota2Spire:Vanguard"},{"floor":43,"key":"Bottled Flame"},{"floor":44,"key":"DoctorsRemote"},{"floor":46,"key":"BFFS"},{"floor":47,"key":"conspire:GlowingRock"},{"floor":48,"key":"Replay:Baseball"}],"event_choices":[{"damage_healed":0,"gold_gain":0,"player_choice":"Fight","damage_taken":0,"max_hp_gain":0,"max_hp_loss":0,"event_name":"HidenRoomEvent","floor":5,"gold_loss":0},{"damage_healed":0,"gold_gain":0,"player_choice":"Joined the Cult","damage_taken":6,"max_hp_gain":0,"max_hp_loss":0,"event_name":"Nest","floor":19,"gold_loss":0,"cards_obtained":["RitualDagger"]}],"is_beta":true,"boss_relics":[{"not_picked":["Abe\u0027s Treasure","hubris:GrandSneckoEye"],"picked":"Replay:Wanted Poster"},{"not_picked":[]},{"not_picked":["Honey Jar","Gremlin Food"],"picked":"Sling"},{"not_picked":[]}],"items_purged_floors":[],"is_endless":false,"potions_floor_spawned":[3,8,11,13,16,18,21,25,27,33,35,42],"ascension_level":20}}