{"host":"1izdfj84a6wseks8","time":1613130280,"event":{"mods":["2.2 Compatiblity","ATMod(阿瑾Mod)","AchievementEnabler","Act Like it!","Arknights","BaseMod","Better Vampires","Challenge The Spire","Colored Map","Colored Powertips","Curses Come First","Energized Spire","Gensokyo","Good Game Mod","Highlight Path","KinomotoSakuraMod(木之本樱)","Koishi","KomeijiMod","LagranYue(拉格朗・月)","Lobotomy","LobotomyExtend","Luminous","Marisa（F雨　魔理沙）","Minty Spire (QoL Compilation)","Potion Indicator Mod","Rare Cards Sparkle","Reimu（博丽灵梦）","Relic Filter Mod","Relic Stats","Reliquary","Remilia（蕾米莉亚）","Shop Mod","Slay the Relics Exporter","StSLib","TestMod","The Administrix","The Alterego","The Animator","The Bug Knight","The Servant 0.9.4","Waifu the Spire","WarShipGirlsR/战舰少女R mod","Warlord Emblem","Yakumo Yukari mod","Youmu（魂魄妖梦）","Yuyuko","【功能Mod】混沌之环修复补丁","篝火指南"],"gold_per_floor":[174,322,360,455,519,519,573,636,661,661,1061,117,117,157,57,196,196,293,347,454,59,59,0,0,0,49,49,49,52,52],"floor_reached":29,"language":"ZHS","playtime":6173,"items_purged":[],"score":250,"play_id":"02b85d44-8702-4d60-9978-3f7b9d9d8761","local_time":"20210212194440","is_ascension_mode":false,"campfire_choices":[{"data":"Machine Learning","floor":6,"key":"SMITH"},{"data":"animator:Kaijin","floor":10,"key":"SMITH"},{"data":"animator:Eris","floor":13,"key":"SMITH"},{"floor":25,"key":"RECALL"},{"data":"Gensokyo:MenInBlack","floor":28,"key":"SMITH"}],"circlet_count":0,"master_deck":["animator:Strike_Konosuba","animator:Defend_Konosuba","animator:Strike","animator:Strike","animator:Defend","animator:Defend+1","animator:Aqua","Machine Learning+1","animator:Megumin+4","animator:Kaijin+1","animator:CowGirl","animator:IzunaHatsuse","animator:Benimaru","animator:Darkness","animator:AcuraAkari","animator:ChaikaBohdan","animator:Mikaela","Gensokyo:RustyChest","Gensokyo:MenInBlack+1","Gensokyo:TurboGranny","animator:Kyubey+1","animator:Shizu","animator:Shigure","animator:Mitsurugi","animator:Aqua","Gensokyo:TarnishedGold","animator:Aqua","Gensokyo:Shovel","Flash of Steel","animator:Kira","animator:Mitsuba","Writhe"],"relics":["animator:LivingPicture","animator:ColorlessFragment","AT_ATBox","animator:PurgingStone","testmod-Prudence","AT_MibuBalloonWealth","LetterFromLob","AT_BellDemon","AT_ImmortalShieldbow","MerchantsRug","reliquary:SharkskinSheath","testmod-BatchProcessingSystem","testmod-TheFather","AT_RedTearstoneRing","Champion Belt","MealTicket","reliquary:Bookmark","REME:ComplimentaryCards","LagranYue:MagicReflectiveArmorRelic","Frozen Eye"],"acts_visited":["Gensokyo:Gensokyo","Gensokyo:Gensokyoer"],"potions_floor_usage":[14,19],"damage_taken":[{"damage":0,"enemies":"Gensokyo:2_Kodama","floor":1,"turns":6},{"damage":4,"enemies":"Gensokyo:3_Fairies","floor":2,"turns":4},{"damage":10,"enemies":"Gensokyo:Gryphon","floor":3,"turns":4},{"damage":11,"enemies":"Gensokyo:3_Kodama","floor":4,"turns":5},{"damage":15,"enemies":"Gensokyo:2_Rabbits","floor":5,"turns":6},{"damage":18,"enemies":"Gensokyo:Aya","floor":7,"turns":6},{"damage":3,"enemies":"Gensokyo:Python_and_Kodama","floor":8,"turns":4},{"damage":20,"enemies":"Gensokyo:Kitsune","floor":14,"turns":3},{"damage":31,"enemies":"Gensokyo:Reimu","floor":16,"turns":11},{"damage":103,"enemies":"Gensokyo:3_Dogs","floor":18,"turns":6},{"damage":3,"enemies":"Gensokyo:CosmicMonolith","floor":19,"turns":4},{"damage":1,"enemies":"Gensokyo:3_Gloops","floor":20,"turns":3},{"damage":79,"enemies":"Gensokyo:Koishi","floor":29,"turns":6}],"seed_played":"-593466770165283493","potions_obtained":[{"floor":1,"key":"FairyPotion"},{"floor":2,"key":"Energy Potion"},{"floor":7,"key":"Weak Potion"},{"floor":16,"key":"Weak Potion"},{"floor":19,"key":"Energy Potion"},{"floor":20,"key":"ZuzhouPotion:ReiMu"}],"is_trial":false,"path_per_floor":["M","M","M","M","M","R","E","M","T","R","?","COS","R","M","R","B",null,"M","M","M","COS","?","R","$","R","T","?","R","E"],"character_chosen":"THE_ANIMATOR","items_purchased":["MerchantsRug","animator:Magilou","animator:Kira","animator:Mitsuba"],"campfire_rested":0,"item_purchase_floors":[15,15,23,23],"current_hp_per_floor":[66,64,56,47,35,35,20,19,19,19,19,19,19,14,14,8,68,6,16,26,26,26,26,41,41,41,41,41,0,0],"gold":52,"neow_bonus":"RANDOM_COMMON_RELIC","is_daily":false,"chose_seed":false,"campfire_upgraded":4,"win_rate":0.0,"timestamp":1613130280,"path_taken":["M","M","M","M","M","R","E","M","T","R","?","COS","R","M","R","BOSS","M","M","?","COS","?","R","?","R","T","?","R","E"],"items_purchased_type":["Relic","Card","Card","Card"],"build_version":"2020-12-22","purchased_purges":0,"victory":false,"max_hp_per_floor":[66,66,66,66,67,67,68,68,68,68,68,68,68,68,68,68,68,75,75,75,75,75,75,75,75,75,75,75,75,75],"relic_stats":{"counters":[13,68],"MealTicket":15,"Champion Belt":[1],"obtain_stats":[{"AT_BellDemon":7,"reliquary:FeatherDuster":18,"AT_ATBox":0,"reliquary:Boomerang":14,"LagranYue:RandomDrawCardRelic":0,"animator:TheMissingPiece":0,"AT_MibuBalloonWealth":0,"testmod-BatchProcessingSystem":17,"LagranYue:MagicReflectiveArmorRelic":26,"Frozen Eye":29,"testmod-Prudence":0,"animator:PurgingStone":0,"DollysMirror":21,"Strawberry":18,"testmod-TheFather":19,"MealTicket":20,"reliquary:SharkskinSheath":16,"MerchantsRug":15,"AT_RedTearstoneRing":19,"testmod-TestBox":0,"animator:ColorlessFragment":12,"AT_ImmortalShieldbow":8,"reliquary:Bookmark":21,"REME:ComplimentaryCards":0,"Orrery":12,"animator:LivingPicture":0,"LetterFromLob":1,"Champion Belt":19},{"AT_BellDemon":6,"reliquary:FeatherDuster":10,"AT_ATBox":0,"reliquary:Boomerang":8,"LagranYue:RandomDrawCardRelic":0,"animator:TheMissingPiece":0,"AT_MibuBalloonWealth":0,"testmod-BatchProcessingSystem":9,"LagranYue:MagicReflectiveArmorRelic":12,"Frozen Eye":12,"testmod-Prudence":0,"animator:PurgingStone":0,"DollysMirror":12,"Strawberry":10,"testmod-TheFather":11,"MealTicket":12,"reliquary:SharkskinSheath":9,"MerchantsRug":8,"AT_RedTearstoneRing":11,"testmod-TestBox":0,"animator:ColorlessFragment":7,"AT_ImmortalShieldbow":7,"reliquary:Bookmark":12,"REME:ComplimentaryCards":0,"Orrery":7,"animator:LivingPicture":0,"LetterFromLob":1,"Champion Belt":11},{"AT_BellDemon":31,"reliquary:FeatherDuster":55,"AT_ATBox":0,"reliquary:Boomerang":38,"LagranYue:RandomDrawCardRelic":0,"animator:TheMissingPiece":0,"AT_MibuBalloonWealth":0,"testmod-BatchProcessingSystem":49,"LagranYue:MagicReflectiveArmorRelic":62,"Frozen Eye":62,"testmod-Prudence":0,"animator:PurgingStone":0,"DollysMirror":62,"Strawberry":54,"testmod-TheFather":56,"MealTicket":62,"reliquary:SharkskinSheath":49,"MerchantsRug":38,"AT_RedTearstoneRing":58,"testmod-TestBox":0,"animator:ColorlessFragment":35,"AT_ImmortalShieldbow":35,"reliquary:Bookmark":62,"REME:ComplimentaryCards":0,"Orrery":35,"animator:LivingPicture":0,"LetterFromLob":6,"Champion Belt":59}]},"card_choices":[{"not_picked":["animator:Priestess","animator:Guy"],"picked":"animator:Megumin","floor":1},{"not_picked":["animator:DolaStephanie","animator:HiiragiShinya"],"picked":"animator:Kaijin","floor":2},{"not_picked":["animator:Shinoa","animator:Hakurou"],"picked":"animator:CowGirl","floor":3},{"not_picked":["animator:DolaStephanie","animator:Jibril"],"picked":"animator:IzunaHatsuse","floor":4},{"not_picked":["animator:Layla","animator:Fredrika"],"picked":"animator:Benimaru","floor":5},{"not_picked":["animator:CowGirl","animator:DolaCouronne"],"picked":"animator:Darkness","floor":7},{"not_picked":["animator:EmiyaShirou","animator:Shigure"],"picked":"animator:AcuraAkari","floor":8},{"not_picked":["animator:KrulTepes","animator:GuildGirl"],"picked":"animator:ChaikaBohdan","floor":12},{"not_picked":["animator:Illya","animator:Shion"],"picked":"animator:DwarfShaman","floor":12},{"not_picked":["animator:Souei","animator:DolaSchwi"],"picked":"animator:Mikaela","floor":12},{"not_picked":["animator:Yoichi","animator:NarberalGamma"],"picked":"animator:Eris","floor":12},{"not_picked":["animator:ChaikaBohdan","animator:Shion"],"picked":"animator:IrohaTamaki","floor":14},{"not_picked":["animator:AcuraShin+1","animator:GoblinSlayer+1"],"picked":"animator:Kyubey+1","floor":16},{"not_picked":["animator:Albedo","animator:MadokaKaname"],"picked":"animator:Shizu","floor":16},{"not_picked":["animator:LizardPriest+1","animator:Priestess"],"picked":"animator:Shigure","floor":18},{"not_picked":["animator:Vanir","animator:Darkness"],"picked":"animator:Mitsurugi","floor":19},{"not_picked":["animator:Illya","animator:Megumin"],"picked":"animator:Aqua","floor":20}],"player_experience":79715,"relics_obtained":[{"floor":1,"key":"LetterFromLob"},{"floor":7,"key":"AT_BellDemon"},{"floor":8,"key":"AT_ImmortalShieldbow"},{"floor":14,"key":"reliquary:Boomerang"},{"floor":16,"key":"reliquary:SharkskinSheath"},{"floor":18,"key":"reliquary:FeatherDuster"},{"floor":19,"key":"Champion Belt"},{"floor":20,"key":"MealTicket"},{"floor":26,"key":"LagranYue:MagicReflectiveArmorRelic"}],"event_choices":[{"damage_healed":0,"gold_gain":400,"player_choice":"Sell","damage_taken":0,"max_hp_gain":0,"max_hp_loss":0,"event_name":"恩洛斯的盘子","floor":11,"relics_lost":["testmod-TestBox"],"gold_loss":0},{"damage_healed":0,"gold_gain":0,"player_choice":"Swap Relic","damage_taken":0,"relics_obtained":["REME:ComplimentaryCards"],"max_hp_gain":0,"max_hp_loss":0,"event_name":"给自己的盒子","floor":22,"relics_lost":["REME:ComplimentaryCards"],"gold_loss":0}],"is_beta":false,"boss_relics":[{"not_picked":["LagranYue:ContractPerformanceRelic","testmod-IncinerationGenerator"],"picked":"testmod-BatchProcessingSystem"}],"items_purged_floors":[],"is_endless":false,"potions_floor_spawned":[1,2,7,8,16,19,20],"killed_by":"Gensokyo:Koishi","ascension_level":0}}