{"host":"1izdfj84a6wseks8","time":1613124057,"event":{"mods":["2.2 Compatiblity","ATMod(阿瑾Mod)","AchievementEnabler","Act Like it!","Arknights","BaseMod","Better Vampires","Challenge The Spire","Colored Map","Colored Powertips","Curses Come First","Energized Spire","Gensokyo","Good Game Mod","Highlight Path","KinomotoSakuraMod(木之本樱)","Koishi","KomeijiMod","LagranYue(拉格朗・月)","Lobotomy","LobotomyExtend","Luminous","Marisa（F雨　魔理沙）","Minty Spire (QoL Compilation)","Potion Indicator Mod","Rare Cards Sparkle","Reimu（博丽灵梦）","Relic Filter Mod","Relic Stats","Reliquary","Remilia（蕾米莉亚）","Shop Mod","Slay the Relics Exporter","StSLib","TestMod","The Administrix","The Alterego","The Animator","The Bug Knight","The Servant 0.9.4","Waifu the Spire","WarShipGirlsR/战舰少女R mod","Warlord Emblem","Yakumo Yukari mod","Youmu（魂魄妖梦）","Yuyuko","【功能Mod】混沌之环修复补丁","篝火指南"],"gold_per_floor":[112,112,126,148,163,191,47,47,99,112,112,112],"floor_reached":11,"language":"ZHS","playtime":19143,"items_purged":[],"score":75,"play_id":"5005228e-a6ef-4dc8-bce2-c0e2508da6e5","local_time":"20210212180057","is_ascension_mode":false,"campfire_choices":[{"data":"animator:Eris","floor":8,"key":"SMITH"}],"circlet_count":0,"master_deck":["animator:Strike_Konosuba","animator:Defend_Konosuba","animator:Strike","animator:Strike","animator:Strike","animator:Defend","animator:Defend","animator:Kazuma","animator:Aqua","animator:Layla","AT_ManFootWork","animator:Emonzaemon","animator:Jibril","animator:IrohaTamaki","animator:IzunaHatsuse","animator:Yoichi","animator:OrikoMikuni","animator:TukaLunaMarceau","animator:Eris+1","animator:DolaStephanie","animator:Witch"],"relics":["animator:LivingPicture","animator:TheMissingPiece","AT_ATBox","REME:ComplimentaryCards","testmod-TestBox","animator:PurgingStone","testmod-NegativeEmotionEnhancer","LetterFromLob","animator:BattleDrones","MerchantsRug"],"acts_visited":["Exordium"],"potions_floor_usage":[11,11],"damage_taken":[{"damage":8,"enemies":"2 Louse","floor":1,"turns":4},{"damage":0,"enemies":"Cultist","floor":3,"turns":4},{"damage":6,"enemies":"Jaw Worm","floor":4,"turns":4},{"damage":6,"enemies":"2 Fungi Beasts","floor":5,"turns":4},{"damage":54,"enemies":"3 Sentries","floor":6,"turns":9},{"damage":18,"enemies":"Exordium Wildlife","floor":10,"turns":8},{"damage":40,"enemies":"Gremlin Nob","floor":11,"turns":3}],"seed_played":"8394239975188456976","potions_obtained":[{"floor":3,"key":"Block Potion"},{"floor":4,"key":"animator:FalseLifePotion"},{"floor":6,"key":"testmod-TestPotion"},{"floor":10,"key":"EssenceOfSteel"}],"is_trial":false,"path_per_floor":["M","?","M","M","M","E","$","R","T","M","E"],"character_chosen":"THE_ANIMATOR","items_purchased":["MerchantsRug","animator:Eris","animator:DolaStephanie"],"campfire_rested":0,"item_purchase_floors":[7,7,7],"current_hp_per_floor":[61,61,63,61,60,20,20,20,20,17,0,0],"gold":112,"neow_bonus":"THREE_CARDS","is_daily":false,"chose_seed":false,"campfire_upgraded":1,"win_rate":0.0,"timestamp":1613124057,"path_taken":["M","?","M","M","?","E","?","R","T","?","E"],"items_purchased_type":["Relic","Card","Card"],"build_version":"2020-12-22","purchased_purges":0,"victory":false,"max_hp_per_floor":[67,67,68,69,70,71,71,71,71,72,72,72],"relic_stats":{"counters":[7,36],"obtain_stats":[{"MerchantsRug":7,"REME:ComplimentaryCards":0,"AT_ATBox":0,"testmod-TestBox":0,"animator:PurgingStone":0,"LagranYue:RandomDrawCardRelic":0,"animator:TheMissingPiece":0,"animator:BattleDrones":6,"animator:LivingPicture":0,"testmod-NegativeEmotionEnhancer":0,"LetterFromLob":1},{"MerchantsRug":5,"REME:ComplimentaryCards":0,"AT_ATBox":0,"testmod-TestBox":0,"animator:PurgingStone":0,"LagranYue:RandomDrawCardRelic":0,"animator:TheMissingPiece":0,"animator:BattleDrones":5,"animator:LivingPicture":0,"testmod-NegativeEmotionEnhancer":0,"LetterFromLob":1},{"MerchantsRug":25,"REME:ComplimentaryCards":0,"AT_ATBox":0,"testmod-TestBox":0,"animator:PurgingStone":0,"LagranYue:RandomDrawCardRelic":0,"animator:TheMissingPiece":0,"animator:BattleDrones":25,"animator:LivingPicture":0,"testmod-NegativeEmotionEnhancer":0,"LetterFromLob":4}]},"card_choices":[{"not_picked":["animator:Berserker","animator:Chung"],"picked":"animator:Emonzaemon","floor":0},{"not_picked":["animator:Pride","animator:MaesHughes"],"picked":"animator:Jibril","floor":1},{"not_picked":["animator:Add","animator:Shalltear"],"picked":"animator:IzunaHatsuse","floor":3},{"not_picked":["animator:Shigure","animator:Hitei"],"picked":"animator:Yoichi","floor":4},{"not_picked":["animator:SayakaMiki","animator:IrohaTamaki"],"picked":"animator:OrikoMikuni","floor":5},{"not_picked":["animator:ElricAlphonse","animator:ChaikaBohdan"],"picked":"animator:TukaLunaMarceau","floor":6},{"not_picked":["animator:NarberalGamma","animator:Lu"],"picked":"animator:Witch","floor":10}],"player_experience":60572,"relics_obtained":[{"floor":1,"key":"LetterFromLob"},{"floor":6,"key":"animator:BattleDrones"}],"event_choices":[{"damage_healed":0,"gold_gain":0,"cards_transformed":["animator:Defend"],"player_choice":"Transformed","damage_taken":0,"max_hp_gain":0,"max_hp_loss":0,"event_name":"Transmorgrifier","floor":2,"gold_loss":0,"cards_obtained":["animator:IrohaTamaki"]}],"is_beta":false,"boss_relics":[],"items_purged_floors":[],"is_endless":false,"potions_floor_spawned":[3,4,6,10],"killed_by":"Gremlin Nob","ascension_level":0}}