{"host":"vumwfieg2b2mnrfl","time":1613171259,"event":{"mods":["AchievementEnabler","BaseMod","Minty Spire (QoL Compilation)","Rare Cards Sparkle","Relic Stats"],"gold_per_floor":[169,179,254,273,273,300,315,315,315,350,365,365,202,217,217,288,288,242,292,292,292,30,30,30,30,30],"floor_reached":25,"language":"ENG","playtime":822,"items_purged":["Strike_G"],"score":458,"play_id":"e73a32c0-9e6a-4d3f-8b17-3676309b211c","local_time":"20210212170739","is_ascension_mode":true,"campfire_choices":[{"data":"Noxious Fumes","floor":8.0,"key":"SMITH"},{"floor":12.0,"key":"REST"},{"floor":15.0,"key":"REST"},{"floor":24,"key":"REST"}],"circlet_count":0,"master_deck":["AscendersBane","Strike_G","Strike_G+1","Defend_G","Defend_G","Defend_G","Defend_G","Defend_G","Survivor","Neutralize","Cloak And Dagger","Quick Slash","Bouncing Flask+1","Bouncing Flask","Masterful Stab","Noxious Fumes+1","Prepared","Well Laid Plans","Outmaneuver","Night Terror","PiercingWail","Burst","Acrobatics"],"relics":["Tiny House","Omamori","Boot","Mummified Hand","Cursed Key","Meat on the Bone"],"acts_visited":["Exordium","TheCity"],"potions_floor_usage":[23],"damage_taken":[{"damage":3.0,"enemies":"Small Slimes","floor":1.0,"turns":4.0},{"damage":1.0,"enemies":"Jaw Worm","floor":2.0,"turns":5.0},{"damage":0.0,"enemies":"2 Louse","floor":4.0,"turns":3.0},{"damage":12.0,"enemies":"Gremlin Nob","floor":6.0,"turns":4.0},{"damage":9.0,"enemies":"Red Slaver","floor":7.0,"turns":2.0},{"damage":19.0,"enemies":"Lagavulin","floor":10.0,"turns":5.0},{"damage":0.0,"enemies":"Blue Slaver","floor":11.0,"turns":4.0},{"damage":18.0,"enemies":"Exordium Wildlife","floor":14.0,"turns":4.0},{"damage":21.0,"enemies":"The Guardian","floor":16.0,"turns":8.0},{"damage":31.0,"enemies":"2 Thieves","floor":18.0,"turns":5.0},{"damage":37,"enemies":"Gremlin Leader","floor":23,"turns":5},{"damage":43,"enemies":"Slavers","floor":25,"turns":3}],"seed_played":"-7591905400956618820","potions_obtained":[{"floor":0.0,"key":"SmokeBomb"},{"floor":2.0,"key":"GhostInAJar"},{"floor":6.0,"key":"LiquidMemories"},{"floor":16.0,"key":"AttackPotion"}],"is_trial":false,"path_per_floor":["M","M","?","M","?","E","M","R","T","E","M","R","$","M","R","B",null,"M","?","?","?","$","E","R","E"],"character_chosen":"THE_SILENT","items_purchased":["Well Laid Plans","Meat on the Bone"],"campfire_rested":3,"item_purchase_floors":[13,22],"current_hp_per_floor":[61,60,49,49,49,37,28,28,28,9,9,30,30,12,33,12,56,25,25,25,39,39,14,35,0,0],"gold":30,"neow_bonus":"BOSS_RELIC","is_daily":false,"chose_seed":false,"campfire_upgraded":1,"win_rate":0.0,"timestamp":1613171259,"path_taken":["M","M","?","M","?","E","M","R","T","E","M","R","$","M","R","BOSS","M","?","?","?","$","E","R","E"],"items_purchased_type":["Card","Relic"],"build_version":"2020-12-22","purchased_purges":1,"victory":false,"max_hp_per_floor":[71,71,71,71,71,71,71,71,71,71,71,71,71,71,71,71,71,71,71,71,71,71,71,71,71,71],"relic_stats":{"counters":[12,52],"Mummified Hand":[10],"Boot":[25],"Cursed Key":0,"obtain_stats":[{"Tiny House":0,"Mummified Hand":10,"Omamori":6,"Boot":9,"Cursed Key":17,"Ring of the Snake":0,"Meat on the Bone":22},{"Tiny House":0,"Mummified Hand":6,"Omamori":4,"Boot":5,"Cursed Key":9,"Ring of the Snake":0,"Meat on the Bone":10},{"Tiny House":0,"Mummified Hand":23,"Omamori":16,"Boot":18,"Cursed Key":39,"Ring of the Snake":0,"Meat on the Bone":44}],"Meat on the Bone":12},"card_choices":[{"not_picked":["Acrobatics","Deflect"],"picked":"Cloak And Dagger","floor":0.0},{"not_picked":["Dodge and Roll","Setup"],"picked":"Quick Slash","floor":1.0},{"not_picked":["Predator","Flying Knee"],"picked":"Bouncing Flask","floor":2.0},{"not_picked":["Sucker Punch","Dagger Spray"],"picked":"Bouncing Flask","floor":4.0},{"not_picked":["Storm of Steel","Reflex"],"picked":"Masterful Stab","floor":6.0},{"not_picked":["Expertise","Tactician"],"picked":"Noxious Fumes","floor":7.0},{"not_picked":["Poisoned Stab","Deadly Poison","Finisher"],"picked":"SKIP","floor":10.0},{"not_picked":["Concentrate","Poisoned Stab"],"picked":"Prepared","floor":11.0},{"not_picked":["Sucker Punch","Slice"],"picked":"Outmaneuver","floor":14.0},{"not_picked":["Storm of Steel","Venomology"],"picked":"Night Terror","floor":16.0},{"not_picked":["Slice","Acrobatics"],"picked":"PiercingWail","floor":18.0}],"player_experience":550387,"relics_obtained":[{"floor":6.0,"key":"Omamori"},{"floor":9.0,"key":"Boot"},{"floor":10.0,"key":"Mummified Hand"}],"event_choices":[{"damage_healed":0.0,"max_hp_gain":0.0,"max_hp_loss":0.0,"gold_gain":75.0,"event_name":"World of Goop","player_choice":"Gather Gold","floor":3.0,"gold_loss":0.0,"damage_taken":11.0},{"damage_healed":0.0,"max_hp_gain":0.0,"max_hp_loss":0.0,"gold_gain":0.0,"event_name":"Living Wall","player_choice":"Grow","floor":5.0,"gold_loss":0.0,"damage_taken":0.0,"cards_upgraded":["Bouncing Flask"]},{"damage_healed":0.0,"max_hp_gain":0.0,"max_hp_loss":0.0,"gold_gain":50.0,"event_name":"Nest","player_choice":"Stole From Cult","floor":19.0,"gold_loss":0.0,"damage_taken":0.0},{"damage_healed":0.0,"max_hp_gain":0.0,"max_hp_loss":0.0,"gold_gain":0.0,"cards_transformed":["Strike_G","Strike_G"],"event_name":"Drug Dealer","player_choice":"Became Test Subject","floor":20.0,"gold_loss":0.0,"damage_taken":0.0,"cards_obtained":["Burst","Acrobatics"]},{"damage_healed":14,"gold_gain":0,"player_choice":"Heal","damage_taken":0,"max_hp_gain":0,"max_hp_loss":0,"event_name":"The Library","floor":21,"gold_loss":0}],"is_beta":false,"boss_relics":[{"not_picked":["Philosopher\u0027s Stone","Snecko Eye"],"picked":"Cursed Key"}],"items_purged_floors":[13],"is_endless":false,"potions_floor_spawned":[2,6,7,16,23],"killed_by":"Slavers","ascension_level":20}}