{"host":"1zjc08c6hob33401","time":1613136870,"event":{"mods":["AchievementEnabler","Act Like it!","Aspiration","BaseMod","Downfall","Elementarium","Energized Spire","Evolution","Friendly Minions","Gensokyo","GifTheSpireLib","Hubris","Infinite Spire","Jedi Mod","Menagerie","Minty Spire (QoL Compilation)","Pale of the Ancients","Quick Restart","Reliquary","Replay The Spire","Retaliation","Shop Mod","Spicy Shops","Spire Arcade","StS++","StSLib","Stuff the Spire","The Blue Laboratory","Wandering Minibosses","??????REMEMod"],"gold_per_floor":[114,114,114,124,88,88,98,98,98,113,124,144,144,160,160,258,258,248,163,178,101,117,117,145,145,145],"floor_reached":25,"language":"RUS","playtime":1398,"items_purged":[],"score":290,"play_id":"73cd1a8e-f382-4ec4-92b3-0256bc723e80","local_time":"20210212153430","is_ascension_mode":true,"campfire_choices":[{"data":"Terror","floor":6.0,"key":"SMITH"},{"floor":23,"key":"REST"}],"circlet_count":0,"master_deck":["Dagger Spray","Bane","Poisoned Stab","Strike_G","Strike_G","Defend_G","Defend_G","Defend_G","Defend_G","Survivor","Neutralize","Tools of the Trade+1","StSpp:CorrosivePoison+1","Terror+1","ReplayTheSpireMod:Tripwire+1","Footwork","jedi:collectorvenom","Fluid Movement","StuffTheSpire:Fury","PiercingWail","Atom Bomb","Setup","PiercingWail+1","Flying Knee","Footwork"],"relics":["EVO:Axolotl","REME_ComplimentaryCards","Sizzling Blood","Replay:Bottled Steam","hubris:Towel","REME_ChargedStone","reliquary:WeakTea","StuffTheSpire:WitherSkull","Gambling Chip"],"acts_visited":["Exordium","TheCity"],"potions_floor_usage":[18,25],"damage_taken":[{"damage":0.0,"enemies":"Small Slimes","floor":1.0,"turns":3.0},{"damage":7.0,"enemies":"Jaw Worm","floor":4.0,"turns":3.0},{"damage":0.0,"enemies":"2 Louse","floor":7.0,"turns":4.0},{"damage":13.0,"enemies":"Looter","floor":10.0,"turns":4.0},{"damage":3.0,"enemies":"3 Louse","floor":11.0,"turns":2.0},{"damage":11.0,"enemies":"Large Slime","floor":12.0,"turns":4.0},{"damage":19.0,"enemies":"Exordium Thugs","floor":14.0,"turns":7.0},{"damage":32,"enemies":"Hexaghost","floor":16,"turns":13},{"damage":11,"enemies":"2 Thieves","floor":18,"turns":4},{"damage":10,"enemies":"Spheric Guardian","floor":20,"turns":4},{"damage":33,"enemies":"Centurion and Healer","floor":22,"turns":5},{"damage":24,"enemies":"Replay:Snechameleon","floor":24,"turns":5},{"damage":39,"enemies":"Shelled Parasite and Fungi","floor":25,"turns":2}],"seed_played":"4468771058284352404","potions_obtained":[{"floor":4.0,"key":"blueLaboratory:TrueEctoplasm"},{"floor":10.0,"key":"Explosive Potion"},{"floor":12.0,"key":"blueLaboratory:StoneskinPotion"},{"floor":16,"key":"Poison Potion"},{"floor":20,"key":"blueLaboratory:PolymorphPotion"},{"floor":22,"key":"blueLaboratory:PyrophylliteBrew"}],"is_trial":false,"path_per_floor":["M","?","?","M","$","R","M","$","T","M","M","M","?","M","R","B",null,"M","?","M","$","M","R","E","M"],"character_chosen":"THE_SILENT","items_purchased":["Footwork","StuffTheSpire:WitherSkull"],"campfire_rested":1,"item_purchase_floors":[5,21],"current_hp_per_floor":[63,49,53,50,50,50,54,54,54,45,46,39,39,24,46,18,60,53,53,47,47,18,40,20,0,0],"gold":145,"neow_bonus":"TRANSFORM_CARD","is_daily":false,"chose_seed":false,"campfire_upgraded":1,"win_rate":0.0,"timestamp":1613136870,"path_taken":["M","?","?","M","?","R","M","$","T","?","M","M","?","M","R","BOSS","M","?","M","?","?","R","E","M"],"items_purchased_type":["Card","Relic"],"build_version":"2020-12-22","purchased_purges":0,"victory":false,"max_hp_per_floor":[70,70,74,74,74,74,74,74,74,74,74,74,74,74,74,74,74,74,74,74,74,74,74,74,74,74],"card_choices":[{"not_picked":["Slice","Masterful Stab"],"picked":"Terror","floor":1.0},{"not_picked":["StSpp:TimeParadox","StuffTheSpire:Python"],"picked":"ReplayTheSpireMod:Tripwire","floor":4.0},{"not_picked":["PiercingWail","StuffTheSpire:ClusterCrunch"],"picked":"jedi:collectorvenom","floor":7.0},{"not_picked":["Poisoned Stab","jedi:unstablefumes"],"picked":"Fluid Movement","floor":10.0},{"not_picked":["Escape Plan","Poisoned Stab"],"picked":"jedi:collectorvenom","floor":11.0},{"not_picked":["Dagger Spray","Outmaneuver"],"picked":"StuffTheSpire:Fury","floor":12.0},{"not_picked":["Accuracy","Distraction"],"picked":"PiercingWail","floor":14.0},{"not_picked":["Doppelganger","Grand Finale"],"picked":"Atom Bomb","floor":16},{"not_picked":["Masterful Stab","StuffTheSpire:ClusterCrunch"],"picked":"Setup","floor":18},{"not_picked":["StuffTheSpire:Python","StuffTheSpire:Incursion"],"picked":"PiercingWail+1","floor":20},{"not_picked":["StuffTheSpire:Repulse","Acrobatics"],"picked":"Flying Knee","floor":22},{"not_picked":["Outmaneuver","Well Laid Plans+1"],"picked":"Footwork","floor":24}],"player_experience":763685,"relics_obtained":[{"floor":9.0,"key":"Replay:Bottled Steam"},{"floor":24,"key":"Gambling Chip"}],"event_choices":[{"damage_healed":0.0,"max_hp_gain":0.0,"max_hp_loss":0.0,"gold_gain":0.0,"event_name":"Shining Light","player_choice":"Entered Light","floor":2.0,"gold_loss":0.0,"damage_taken":14.0,"cards_upgraded":["StSpp:CorrosivePoison","Tools of the Trade"]},{"damage_healed":0,"gold_gain":0,"player_choice":"Obtained Relic","damage_taken":0,"relics_obtained":["reliquary:WeakTea"],"max_hp_gain":0,"max_hp_loss":0,"event_name":"Addict","floor":19,"gold_loss":85}],"is_beta":false,"boss_relics":[{"not_picked":["ReplayTheSpireMod:SealedPack","Replay:Ancient Bell"],"picked":"REME_ChargedStone"}],"items_purged_floors":[],"is_endless":false,"potions_floor_spawned":[4,10,12,16,20,22],"killed_by":"Shelled Parasite and Fungi","ascension_level":7}}