{"host":"ve5hox67eka4rdnb","time":1613142305,"event":{"mods":["ATMod(∞¢Ë™Mod)","AchievementEnabler","Act Like it!","BaseMod","Downfall","Gensokyo","Hermit","Lobotomy","LobotomyExtend","Marisa£®ÏF”Í°°ƒß¿Ì…≥£©","Minty Spire (QoL Compilation)","Quick Restart","Remilia£®¿Ÿ√◊¿Ú—«£©","Replay The Spire","Shop Mod","StSLib","The Servant 0.9.4"],"gold_per_floor":[109,122,122,133,153,153,180,198,251,263,310,334,346,371,383,499,511,543,283,298,313,332,332,358,358,381,409,409,409,409,439,439,540,540,560,560,580,580,627,660,673,700,753,150,176,176,203,279,279,279],"floor_reached":51,"language":"ZHS","playtime":3345,"items_purged":["Strike_R","downfall:Aged"],"score":1050,"play_id":"f863aa46-d3de-4353-afd4-9c037b555c31","local_time":"20210212230505","is_ascension_mode":true,"campfire_choices":[{"data":"AT_IchimonjiDouble","floor":6.0,"key":"SMITH"},{"data":"Second Wind","floor":13.0,"key":"SMITH"},{"floor":15.0,"key":"REST"},{"data":"Dark Embrace","floor":23.0,"key":"SMITH"},{"floor":25.0,"key":"REST"},{"data":"AT_Dispersion","floor":30.0,"key":"SMITH"},{"floor":46.0,"key":"RECALL"},{"floor":49,"key":"REST"}],"circlet_count":0,"master_deck":["Defend_R","Defend_R+1","Defend_R","Defend_R","Bash","AT_EssenceShift","Inflame","Feel No Pain+1","AT_IchimonjiDouble+1","Heavy Blade","Second Wind+1","Burning Pact","Offering","Inflame","Battle Trance","Rupture","Dark Embrace+1","AT_BodySlamDance","AT_Dispersion+1","ReplayTheSpireMod:Limb From Limb","Apotheosis+1","AT_LightSaberMaster","Writhe","Limit Break","Pommel Strike","Pommel Strike+1","Headbutt+1"],"relics":["AT_ATBox","SlaversCollar","LetterFromLob","Mummified Hand","Replay:PocketPolymizer","MawBank","Thread and Needle","Cursed Key","Sling","Nunchaku","Toy Ornithopter","Philosopher\u0027s Stone","CatCart","War Paint","Omamori","ReplayTheSpireMod:Lightbulb","AT_EbonyIvory","Frozen Egg 2","Replay:Multitool","ReplayFunnel","Molten Egg 2"],"acts_visited":["Exordium","TheCity","TheBeyond"],"potions_floor_usage":[51,51,51,51,51],"damage_taken":[{"damage":1.0,"enemies":"Cultist","floor":1.0,"turns":3.0},{"damage":10.0,"enemies":"Small Slimes","floor":2.0,"turns":3.0},{"damage":0.0,"enemies":"2 Louse","floor":4.0,"turns":3.0},{"damage":16.0,"enemies":"Blue Slaver","floor":5.0,"turns":4.0},{"damage":13.0,"enemies":"Gremlin Nob","floor":7.0,"turns":3.0},{"damage":13.0,"enemies":"Large Slime","floor":8.0,"turns":4.0},{"damage":14.0,"enemies":"3 Sentries","floor":11.0,"turns":6.0},{"damage":0.0,"enemies":"Looter","floor":12.0,"turns":3.0},{"damage":4.0,"enemies":"Lots of Slimes","floor":14.0,"turns":5.0},{"damage":10.0,"enemies":"Fading Forest","floor":16.0,"turns":13.0},{"damage":33.0,"enemies":"Spheric Guardian","floor":18.0,"turns":6.0},{"damage":6.0,"enemies":"Shell Parasite","floor":20.0,"turns":5.0},{"damage":16.0,"enemies":"Centurion and Healer","floor":21.0,"turns":3.0},{"damage":11.0,"enemies":"Snecko","floor":22.0,"turns":4.0},{"damage":0.0,"enemies":"Book of Stabbing","floor":24.0,"turns":4.0},{"damage":8.0,"enemies":"Slavers","floor":27.0,"turns":3.0},{"damage":6.0,"enemies":"Book of Stabbing","floor":31.0,"turns":5.0},{"damage":39.0,"enemies":"Automaton","floor":33.0,"turns":7.0},{"damage":6.0,"enemies":"Orb Walker","floor":35.0,"turns":2.0},{"damage":16.0,"enemies":"3 Darklings","floor":37.0,"turns":4.0},{"damage":6.0,"enemies":"Orin","floor":39.0,"turns":6.0},{"damage":0.0,"enemies":"Nemesis","floor":40.0,"turns":3.0},{"damage":4.0,"enemies":"Sphere and 2 Shapes","floor":41.0,"turns":3.0},{"damage":6.0,"enemies":"R_Hoarder","floor":42.0,"turns":2.0},{"damage":6.0,"enemies":"Giant Head","floor":45.0,"turns":3.0},{"damage":6,"enemies":"Reptomancer","floor":47,"turns":4},{"damage":3,"enemies":"Replay:Hell Engine","floor":50,"turns":4},{"damage":6,"enemies":"Malkuth","floor":51,"turns":3},{"damage":7,"enemies":"Netzach","floor":51,"turns":6},{"damage":25,"enemies":"Chesed","floor":51,"turns":4},{"damage":49,"enemies":"Binah","floor":51,"turns":5},{"damage":44,"enemies":"Angela","floor":51,"turns":3}],"seed_played":"5616026405337012698","potions_obtained":[{"floor":1.0,"key":"Swift Potion"},{"floor":5.0,"key":"Reflective Coating"},{"floor":7.0,"key":"Adrenaline Potion"},{"floor":8.0,"key":"ColorlessPotion"},{"floor":12.0,"key":"Ancient Potion"},{"floor":16.0,"key":"Swift Potion"},{"floor":20.0,"key":"Toxic Potion"},{"floor":22.0,"key":"GamblersBrew"},{"floor":27.0,"key":"Regen Potion"},{"floor":33.0,"key":"Doom Potion"},{"floor":35.0,"key":"BloodPotion"},{"floor":40.0,"key":"Elixir"},{"floor":42.0,"key":"Dexterity Potion"}],"is_trial":false,"path_per_floor":["M","M","T","M","M","R","E","M","T","$","E","M","R","M","R","B",null,"M","$","M","M","M","R","E","R","T","E","?","?","R","E","R","B",null,"M","?","M","?","?","E","M","E","T","$","E","R","E","T","R","B",null],"character_chosen":"IRONCLAD","items_purchased":["Sling","PowerPotion","AT_EbonyIvory","EntropicBrew","Frozen Egg 2"],"campfire_rested":3,"item_purchase_floors":[19,19,44,44,44],"current_hp_per_floor":[79,69,69,69,53,53,40,27,27,27,13,13,13,9,33,23,80,47,47,41,25,14,14,14,38,38,30,30,30,30,24,48,29,80,74,69,53,73,72,72,68,62,62,62,56,56,50,50,74,71],"gold":279,"neow_bonus":"BOSS_RELIC","is_daily":false,"chose_seed":false,"campfire_upgraded":4,"win_rate":0.0,"timestamp":1613142305,"path_taken":["M","M","?","M","M","R","E","M","T","$","E","?","R","M","R","BOSS","M","$","M","M","M","R","E","R","T","E","?","?","R","E","R","BOSS","M","?","M","?","?","E","M","E","T","$","E","R","E","?","R","BOSS"],"items_purchased_type":["Relic","Potion","Relic","Potion","Relic"],"build_version":"2020-12-22","purchased_purges":2,"victory":true,"max_hp_per_floor":[80,80,80,80,80,80,80,80,80,80,80,80,80,80,80,80,80,80,80,80,80,80,80,80,80,80,80,80,80,80,80,80,80,80,80,80,80,80,80,80,80,80,80,80,80,80,80,80,80,80],"card_choices":[{"not_picked":["Combust","Run Through","Rampage"],"picked":"SKIP","floor":1.0},{"not_picked":["Ghostly Armor","Hemokinesis"],"picked":"Inflame","floor":2.0},{"not_picked":["Uppercut","Metallicize"],"picked":"Feel No Pain","floor":4.0},{"not_picked":["Warcry","Flex"],"picked":"AT_IchimonjiDouble","floor":5.0},{"not_picked":["ReplayTheSpireMod:Strike From Hell","Rage"],"picked":"Heavy Blade","floor":7.0},{"not_picked":["Evolve","Wild Strike"],"picked":"Second Wind","floor":8.0},{"not_picked":["Replay:Undeath\u0027s Touch","Armaments","ReplayReversal"],"picked":"SKIP","floor":11.0},{"not_picked":["Perfected Strike","Anger"],"picked":"Exhume","floor":12.0},{"not_picked":["Battle Trance","Body Slam","ReplayTheSpireMod:Strike From Hell"],"picked":"SKIP","floor":14.0},{"not_picked":["Fiend Fire","Corruption"],"picked":"Offering","floor":16.0},{"not_picked":["Run Through","Rampage+1","Searing Blow"],"picked":"SKIP","floor":18.0},{"not_picked":["True Grit+1","Disarm+1"],"picked":"Inflame","floor":20.0},{"not_picked":["Uppercut+1","Metallicize"],"picked":"Battle Trance","floor":21.0},{"not_picked":["Carnage","Intimidate"],"picked":"Rupture","floor":22.0},{"not_picked":["Uppercut","Clash","Headbutt"],"picked":"SKIP","floor":24.0},{"not_picked":["Sentinel+1","Shockwave"],"picked":"AT_Dispersion","floor":27.0},{"not_picked":["Spot Weakness","Body Slam","Rage"],"picked":"SKIP","floor":31.0},{"not_picked":["ReplayTheSpireMod:Strike From Hell+1","Havoc+1","True Grit+1"],"picked":"SKIP","floor":35.0},{"not_picked":["Specialist","Mind Blast"],"picked":"Apotheosis","floor":36.0},{"not_picked":["Secret Weapon","AT_Homeward"],"picked":"AT_LightSaberMaster","floor":36.0},{"not_picked":["Perfected Strike+1","Shrug It Off","Blood for Blood"],"picked":"SKIP","floor":37.0},{"not_picked":["Blood for Blood+1","Flame Barrier+1"],"picked":"Limit Break","floor":40.0},{"not_picked":["ReplayTheSpireMod:Stacked","True Grit","Cleave+1"],"picked":"SKIP","floor":41.0},{"not_picked":["Power Through+1","Run Through+1"],"picked":"Pommel Strike","floor":42.0},{"not_picked":["Life Link+1","Run Through+1"],"picked":"Pommel Strike+1","floor":45.0},{"not_picked":["ReplayTheSpireMod:Strike From Hell+1","Eclipse","Flame Barrier"],"picked":"SKIP","floor":47}],"player_experience":213495,"relics_obtained":[{"floor":1.0,"key":"LetterFromLob"},{"floor":3.0,"key":"Mummified Hand"},{"floor":7.0,"key":"Replay:PocketPolymizer"},{"floor":9.0,"key":"MawBank"},{"floor":11.0,"key":"Thread and Needle"},{"floor":24.0,"key":"Nunchaku"},{"floor":31.0,"key":"Toy Ornithopter"},{"floor":39.0,"key":"CatCart"},{"floor":40.0,"key":"War Paint"},{"floor":42.0,"key":"Omamori"},{"floor":43.0,"key":"ReplayTheSpireMod:Lightbulb"},{"floor":45.0,"key":"Replay:Multitool"},{"floor":47,"key":"ReplayFunnel"},{"floor":48,"key":"Molten Egg 2"}],"event_choices":[{"damage_healed":0.0,"max_hp_gain":0.0,"max_hp_loss":0.0,"gold_gain":0.0,"event_name":"SensoryStone","player_choice":"Memory 2","floor":36.0,"gold_loss":0.0,"damage_taken":5.0},{"damage_healed":20.0,"max_hp_gain":0.0,"max_hp_loss":0.0,"gold_gain":0.0,"event_name":"Winding Halls","player_choice":"Writhe","floor":38.0,"gold_loss":0.0,"damage_taken":0.0,"cards_obtained":["Writhe"]},{"damage_healed":0.0,"max_hp_gain":0.0,"max_hp_loss":0.0,"gold_gain":0.0,"event_name":"OrinTheCat","player_choice":"Fight","floor":39.0,"gold_loss":0.0,"damage_taken":0.0}],"is_beta":false,"boss_relics":[{"not_picked":["Sozu","Electric Blood"],"picked":"Cursed Key"},{"not_picked":["ChewingGum","Pandora\u0027s Box"],"picked":"Philosopher\u0027s Stone"}],"items_purged_floors":[19,44],"is_endless":false,"potions_floor_spawned":[1,5,7,8,12,16,20,22,27,33,35,40,42],"ascension_level":4}}