{"host":"ajxvnmsjfcleb5r5","time":1613138341,"event":{"mods":["2.2 Compatiblity","AchievementEnabler","BaseMod","Beaked The Cultist","Card Forge","Colored Powertips","DNKmod","Downfall","Friendly Minions","Minty Spire (QoL Compilation)","Quick Restart","StSLib","SuperFastMode"],"gold_per_floor":[99,118,43,55,155,105,129,158,68,18,118,137,137,150,163,261,261,211,225,240,13,113,98,98,111,61,111,161,180,197,216,229,329,329,279,299,147,197,106,138,212,262,212,244,304,354,304,324,343,343],"floor_reached":51,"language":"ENG","playtime":2006,"items_purged":["Slimebound:Strike_Slimebound","Slimebound:Strike_Slimebound+1"],"score":907,"play_id":"c2b605a5-a3c6-4b68-b0e3-440f95c9ebe2","local_time":"20210212225901","is_ascension_mode":false,"campfire_choices":[{"data":"Slimebound:Split","floor":1,"key":"SMITH"},{"data":"Slimebound:CorrosiveSpit","floor":6,"key":"SMITH"},{"data":"Slimebound:SamplingLick","floor":10,"key":"SMITH"},{"data":"Slimebound:GrowthPunch","floor":18,"key":"SMITH"},{"data":"Slimebound:MegaLick","floor":26,"key":"SMITH"},{"data":"Slimebound:HauntingLick","floor":35,"key":"SMITH"},{"data":"Slimebound:SamplingLick","floor":43,"key":"SMITH"},{"data":"Slimebound:HauntingLick","floor":47,"key":"SMITH"}],"circlet_count":0,"master_deck":["Slimebound:Strike_Slimebound+1","Slimebound:Defend_Slimebound","Slimebound:Defend_Slimebound","Slimebound:CorrosiveSpit+1","Sadistic Nature","Slimebound:SamplingLick+1","Slimebound:LeechEnergy+1","Slimebound:DisruptingSlam","Slimebound:SplitMire","Slimebound:GrowthPunch+1","Slimebound:Recollect","Slimebound:OozeBath","CurseOfTheBell","Slimebound:Nibble+1","Slimebound:LeechEnergy+1","Slimebound:LeechEnergy+1","Slimebound:TongueLash","Slimebound:MegaLick+1","Slimebound:SlimeSpikes+1","Slimebound:SpikyOuterGoop","Slimebound:HauntingLick+1","Slimebound:GoopSpray","Slimebound:SamplingLick+1","Slimebound:HungryTackle","Flash of Steel","Slimebound:HauntingLick+1","Slimebound:HauntingLick+1"],"relics":["Slimebound:AbsorbEndCombat","Hammer of Thor","Seething Fire","Anvil of the Gods","Slimebound:GreedOozeRelic","Vajra","Whetstone","The Courier","Calling Bell","Orichalcum","HornCleat","CaptainsWheel","Blood Vial","Mercury Hourglass","Ice Cream","downfall:CloakOfManyFaces","CultistMask","FaceOfCleric","NlothsMask","GremlinMask","SsserpentHead","Ornamental Fan","Empty Cage","TheAbacus","Kunai","Toy Ornithopter","Singing Bowl","Frozen Egg 2"],"acts_visited":["Exordium","TheCity","TheBeyond"],"potions_floor_usage":[33,50,50],"damage_taken":[{"damage":4,"enemies":"Jaw Worm","floor":2,"turns":4},{"damage":0,"enemies":"Small Slimes","floor":4,"turns":2},{"damage":16,"enemies":"downfall:Heads","floor":5,"turns":6},{"damage":11,"enemies":"Gremlin Nob","floor":8,"turns":3},{"damage":0,"enemies":"downfall:FleeingMerchant","floor":9,"turns":4},{"damage":0,"enemies":"2 Louse","floor":12,"turns":1},{"damage":0,"enemies":"Exordium Wildlife","floor":14,"turns":3},{"damage":0,"enemies":"Exordium Thugs","floor":15,"turns":2},{"damage":11,"enemies":"DF_ARCHETYPE_STREAMLINE","floor":16,"turns":5},{"damage":1,"enemies":"Chosen","floor":19,"turns":3},{"damage":0,"enemies":"Snake Plant","floor":20,"turns":3},{"damage":0,"enemies":"downfall:FleeingMerchant","floor":21,"turns":4},{"damage":1,"enemies":"downfall:FaceTrader","floor":22,"turns":5},{"damage":6,"enemies":"Shelled Parasite and Fungi","floor":25,"turns":4},{"damage":0,"enemies":"3 Cultists","floor":29,"turns":3},{"damage":0,"enemies":"Snake Plant","floor":30,"turns":2},{"damage":0,"enemies":"Snecko","floor":31,"turns":4},{"damage":0,"enemies":"3 Cultists","floor":32,"turns":3},{"damage":3,"enemies":"WA_ARCHETYPE_CALM","floor":33,"turns":5},{"damage":0,"enemies":"Orb Walker","floor":36,"turns":2},{"damage":0,"enemies":"Giant Head","floor":40,"turns":5},{"damage":0,"enemies":"Nemesis","floor":44,"turns":5},{"damage":0,"enemies":"3 Darklings","floor":45,"turns":3},{"damage":5,"enemies":"Jaw Worm Horde","floor":48,"turns":2},{"damage":0,"enemies":"Spire Growth","floor":49,"turns":2},{"damage":64,"enemies":"SI_POISON_ARCHETYPE","floor":50,"turns":5}],"seed_played":"-3195061171112517674","potions_obtained":[{"floor":2,"key":"Slimebound:SlimedPotion"},{"floor":4,"key":"BlessingOfTheForge"},{"floor":8,"key":"CultistPotion"},{"floor":27,"key":"CultistPotion"},{"floor":32,"key":"FairyPotion"},{"floor":33,"key":"ColorlessPotion"},{"floor":48,"key":"LiquidBronze"}],"is_trial":false,"path_per_floor":["R","M","?","M","?","R","T","E","$","R","?","M","T","M","M","B",null,"R","M","M","$","?","$","T","M","R","?","T","M","M","M","M","B",null,"R","M","$","?","$","E","T","?","R","E","M","?","R","M","M","B",null],"character_chosen":"SLIMEBOUND","items_purchased":["Blood Vial","Mercury Hourglass","Ice Cream","Slimebound:MegaLick","TheAbacus","Slimebound:SamplingLick","Slimebound:HungryTackle","Flash of Steel"],"campfire_rested":0,"item_purchase_floors":[21,21,21,23,37,39,39,39],"current_hp_per_floor":[59,55,55,57,47,47,47,40,48,48,48,50,50,52,58,48,59,59,59,59,59,59,59,59,58,58,58,58,61,62,63,64,65,65,65,66,66,66,66,67,67,67,67,68,71,73,73,75,77,24],"gold":343,"neow_bonus":"RANDOM_COLORLESS_2","is_daily":false,"chose_seed":false,"campfire_upgraded":8,"win_rate":0.0,"timestamp":1613138341,"path_taken":["R","M","?","M","?","R","T","E","$","R","?","M","?","M","M","BOSS","R","M","M","$","?","?","T","M","R","?","?","M","M","M","M","BOSS","R","M","?","?","?","E","T","?","R","E","?","?","R","M","M","BOSS"],"items_purchased_type":["Relic","Relic","Relic","Card","Relic","Card","Card","Card"],"build_version":"2020-12-22","purchased_purges":2,"victory":true,"max_hp_per_floor":[59,59,59,59,59,59,59,59,59,59,59,59,59,59,59,59,59,59,59,59,59,59,59,59,60,60,60,60,61,62,63,64,65,65,65,66,66,66,66,67,67,67,67,68,71,73,73,76,77,78],"card_choices":[{"not_picked":["Secret Weapon","Magnetism"],"picked":"Sadistic Nature","floor":0},{"not_picked":["Slimebound:RainOfGoop","Slimebound:LevelUp"],"picked":"Slimebound:SamplingLick","floor":2},{"not_picked":["Slimebound:Prepare","Slimebound:GoopTackle"],"picked":"Slimebound:LeechEnergy","floor":4},{"not_picked":["Slimebound:SplitLeeching","Slimebound:LeechingTouch"],"picked":"Slimebound:DisruptingSlam","floor":5},{"not_picked":["Slimebound:MinionMaster","Slimebound:SplitAcid"],"picked":"Slimebound:SplitMire","floor":8},{"not_picked":["Slimebound:Chomp","Slimebound:Equalize","Slimebound:ProtectTheBoss"],"picked":"SKIP","floor":9},{"not_picked":["Slimebound:Schlurp","Slimebound:SplitAcid"],"picked":"Slimebound:GrowthPunch","floor":12},{"not_picked":["Slimebound:SlimeBarrage","Slimebound:PressTheAttack"],"picked":"Slimebound:Recollect","floor":14},{"not_picked":["Slimebound:SplitMire","Slimebound:LeechingTouch","Slimebound:DivideAndConquer"],"picked":"SKIP","floor":15},{"not_picked":["Slimebound:DuplicatedForm","Slimebound:SelfFormingGoo"],"picked":"Slimebound:OozeBath","floor":16},{"not_picked":["Slimebound:LeechEnergy","Slimebound:GoopTackle"],"picked":"Slimebound:Nibble+1","floor":19},{"not_picked":["Slimebound:SlimeSpikes","Slimebound:Schlurp"],"picked":"Slimebound:LeechEnergy+1","floor":20},{"not_picked":["Slimebound:LevelUp","Slimebound:Darklings"],"picked":"Slimebound:LeechEnergy+1","floor":21},{"not_picked":["Slimebound:SplitLeeching+1","Slimebound:ItLooksTasty"],"picked":"Slimebound:TongueLash","floor":22},{"not_picked":["Slimebound:SplitAcid","Slimebound:GoopTackle"],"picked":"Slimebound:SlimeSpikes+1","floor":25},{"not_picked":["Slimebound:HungryTackle","Slimebound:SplitLeeching"],"picked":"Slimebound:SpikyOuterGoop","floor":29},{"not_picked":["Slimebound:AcidTongue","Slimebound:ViciousTackle"],"picked":"Slimebound:HauntingLick","floor":30},{"not_picked":["Slimebound:LivingWall","Slimebound:RollThrough+1","Slimebound:SplitBruiser+1"],"picked":"SKIP","floor":31},{"not_picked":["Slimebound:SlimeBarrage","Slimebound:DisruptingSlam+1"],"picked":"Slimebound:GoopSpray","floor":32},{"not_picked":["Slimebound:DisruptingSlam","Slimebound:RollThrough+1","Slimebound:DivideAndConquer+1"],"picked":"SKIP","floor":36},{"not_picked":["Slimebound:SplitLeeching+1","Slimebound:RollThrough","Slimebound:PressTheAttack+1"],"picked":"SKIP","floor":40},{"not_picked":["Slimebound:ProtectTheBoss+1","Slimebound:GoopSpray+1"],"picked":"Slimebound:HauntingLick","floor":44},{"not_picked":["Slimebound:SplitBruiser","Slimebound:RainOfGoop+1","Slimebound:LeechingTouch"],"picked":"Singing Bowl","floor":45},{"not_picked":["expansioncontent:LastStand","expansioncontent:HyperBeam","expansioncontent:Hexaburn"],"picked":"Singing Bowl","floor":46},{"not_picked":["Slimebound:PrepareCrush","Slimebound:SlimeBarrage+1","Slimebound:SamplingLick"],"picked":"Singing Bowl","floor":48},{"not_picked":["Slimebound:SamplingLick","Slimebound:PressTheAttack+1"],"picked":"Slimebound:HauntingLick+1","floor":49}],"player_experience":205391,"relics_obtained":[{"floor":7,"key":"Vajra"},{"floor":8,"key":"Whetstone"},{"floor":13,"key":"The Courier"},{"floor":17,"key":"Orichalcum"},{"floor":17,"key":"HornCleat"},{"floor":17,"key":"CaptainsWheel"},{"floor":22,"key":"downfall:CloakOfManyFaces"},{"floor":28,"key":"Ornamental Fan"},{"floor":38,"key":"Kunai"},{"floor":40,"key":"Toy Ornithopter"},{"floor":41,"key":"Singing Bowl"},{"floor":44,"key":"Frozen Egg 2"}],"event_choices":[{"cards_removed":["Slimebound:Split"],"damage_healed":0,"gold_gain":0,"player_choice":"Removed Skill","damage_taken":0,"max_hp_gain":0,"max_hp_loss":0,"event_name":"Falling","floor":42,"gold_loss":0}],"is_beta":false,"boss_relics":[{"not_picked":["Tiny House","Busted Crown"],"picked":"Calling Bell"},{"not_picked":["SlaversCollar","Cursed Key"],"picked":"Empty Cage"}],"items_purged_floors":[9,37],"is_endless":false,"potions_floor_spawned":[2,4,8,14,25,29,31,32,33,45,48,49],"ascension_level":0}}