{"host":"og6lam4kt3nibbw0","time":1613147320,"event":{"mods":["AchievementEnabler","BaseMod","Colored Map","DeckTracker","Highlight Path","Keyboard Shortcuts","Minty Spire (QoL Compilation)","Permanent Neow","Quick Restart","StSLib","SuperFastMode"],"gold_per_floor":[17,17,33,58,82,82,105,105,150,150,164,187,208,221,221,317,317,342,342,342,342,67,67,67],"floor_reached":23,"language":"KOR","playtime":610,"items_purged":[],"score":370,"play_id":"37e2c6a4-039d-4b89-a221-a5960de2a060","local_time":"20210213012840","is_ascension_mode":true,"campfire_choices":[{"data":"Chaos","floor":6.0,"key":"SMITH"},{"data":"Ball Lightning","floor":8.0,"key":"SMITH"},{"data":"Zap","floor":10.0,"key":"SMITH"},{"floor":15.0,"key":"REST"}],"circlet_count":0,"master_deck":["AscendersBane","Strike_B","Defend_B","Zap+1","Dualcast","Ball Lightning+1","Chaos+1","Coolheaded","Conserve Battery","Creative AI","Doom and Gloom","Biased Cognition","Hologram","Storm","Rip and Tear"],"relics":["Cracked Core","Golden Idol","Juzu Bracelet","Busted Crown","Singing Bowl"],"acts_visited":["Exordium","TheCity"],"potions_floor_usage":[16],"damage_taken":[{"damage":4.0,"enemies":"Small Slimes","floor":1.0,"turns":3.0},{"damage":16.0,"enemies":"2 Louse","floor":3.0,"turns":2.0},{"damage":0.0,"enemies":"Cultist","floor":4.0,"turns":2.0},{"damage":18.0,"enemies":"Exordium Thugs","floor":5.0,"turns":4.0},{"damage":9.0,"enemies":"Looter","floor":7.0,"turns":3.0},{"damage":11.0,"enemies":"Blue Slaver","floor":11.0,"turns":2.0},{"damage":3.0,"enemies":"Gremlin Gang","floor":12.0,"turns":4.0},{"damage":1.0,"enemies":"Large Slime","floor":13.0,"turns":5.0},{"damage":0.0,"enemies":"Red Slaver","floor":14.0,"turns":3.0},{"damage":16,"enemies":"Slime Boss","floor":16,"turns":9},{"damage":20,"enemies":"3 Byrds","floor":18,"turns":4},{"damage":29,"enemies":"Book of Stabbing","floor":23,"turns":3}],"seed_played":"7039738263697907913","potions_obtained":[{"floor":5.0,"key":"Block Potion"},{"floor":11.0,"key":"GamblersBrew"},{"floor":12.0,"key":"PowerPotion"},{"floor":16,"key":"Ancient Potion"}],"is_trial":false,"path_per_floor":["M","?","M","M","M","R","M","R","T","R","M","M","M","M","R","B",null,"M","?","?","?","$","E"],"character_chosen":"DEFECT","items_purchased":["Singing Bowl"],"campfire_rested":1,"item_purchase_floors":[22],"current_hp_per_floor":[60,60,44,44,26,26,17,17,17,17,6,3,2,2,21,5,49,29,29,29,29,29,0,0],"gold":67,"neow_bonus":"REMOVE_TWO","is_daily":false,"chose_seed":false,"campfire_upgraded":3,"win_rate":0.0,"timestamp":1613147320,"path_taken":["M","?","M","M","M","R","M","R","T","R","M","M","M","M","R","BOSS","M","?","?","?","$","E"],"items_purchased_type":["Relic"],"build_version":"2020-12-22","purchased_purges":0,"victory":false,"max_hp_per_floor":[71,64,64,64,64,64,64,64,64,64,64,64,64,64,64,64,64,64,64,64,64,64,64,64],"card_choices":[{"not_picked":["Sweeping Beam","Hologram"],"picked":"Ball Lightning","floor":1.0},{"not_picked":["Scrape","Sweeping Beam"],"picked":"Chaos","floor":3.0},{"not_picked":["Fusion","Stack","Sweeping Beam"],"picked":"SKIP","floor":4.0},{"not_picked":["Recycle","Force Field","Rip and Tear"],"picked":"SKIP","floor":5.0},{"not_picked":["Hologram","Undo"],"picked":"Coolheaded","floor":7.0},{"not_picked":["Stack","Gash"],"picked":"Conserve Battery","floor":11.0},{"not_picked":["Doom and Gloom","Cold Snap"],"picked":"Creative AI","floor":12.0},{"not_picked":["Steam Power","Steam"],"picked":"Doom and Gloom","floor":13.0},{"not_picked":["Rebound","Fusion","Rip and Tear"],"picked":"SKIP","floor":14.0},{"not_picked":["Rainbow","Amplify"],"picked":"Biased Cognition","floor":16},{"not_picked":[],"picked":"Hologram","floor":18}],"player_experience":955083,"relics_obtained":[{"floor":9.0,"key":"Juzu Bracelet"}],"event_choices":[{"damage_healed":0.0,"max_hp_gain":0.0,"max_hp_loss":7.0,"gold_gain":0.0,"event_name":"Golden Idol","player_choice":"Lose Max HP","floor":2.0,"gold_loss":0.0,"damage_taken":0.0,"relics_obtained":["Golden Idol"]},{"cards_removed":["Strike_B"],"damage_healed":0,"gold_gain":0,"player_choice":"Elegance","damage_taken":0,"max_hp_gain":0,"max_hp_loss":0,"event_name":"Back to Basics","floor":19,"gold_loss":0},{"cards_removed":["Defend_B"],"damage_healed":0,"gold_gain":0,"player_choice":"Purged","damage_taken":0,"max_hp_gain":0,"max_hp_loss":0,"event_name":"Purifier","floor":20,"gold_loss":0},{"damage_healed":0,"gold_gain":0,"cards_transformed":["Strike_B","Defend_B"],"player_choice":"Became Test Subject","damage_taken":0,"max_hp_gain":0,"max_hp_loss":0,"event_name":"Drug Dealer","floor":21,"gold_loss":0,"cards_obtained":["Storm","Rip and Tear"]}],"is_beta":false,"boss_relics":[{"not_picked":["Runic Dome","Black Star"],"picked":"Busted Crown"}],"items_purged_floors":[],"is_endless":false,"potions_floor_spawned":[5,11,12,16],"killed_by":"Book of Stabbing","ascension_level":20}}