{"host":"2rbn7ywmirq5y689","time":1613144040,"event":{"mods":["BaseMod","Colored Map","Colored Powertips","Highlight Path","Minty Spire (QoL Compilation)","Rare Cards Sparkle","Relic Stats","StSLib"],"gold_per_floor":[113,127,14,28,46,46,75,93,93,93,93,93,103,116,116,213,213,230,61,77,77,77,77,77,77,77,90,90,90],"floor_reached":28,"language":"ENG","playtime":1230,"items_purged":["Strike_B","Strike_B"],"score":247,"play_id":"c83dd076-06ff-42b5-9f53-b13a72ba916d","local_time":"20210212233400","is_ascension_mode":false,"campfire_choices":[{"data":"Zap","floor":6,"key":"SMITH"},{"floor":11,"key":"REST"},{"floor":15,"key":"REST"},{"floor":23,"key":"REST"}],"circlet_count":0,"master_deck":["Strike_B","Defend_B","Defend_B","Defend_B","Defend_B","Zap+1","Dualcast","Multi-Cast","Cold Snap","Gash","Loop","Ball Lightning","Redo","Hologram","Darkness","Gash","Stack","Creative AI","Conserve Battery","Heatsinks","Streamline","Cold Snap+1"],"relics":["Cracked Core","Question Card","Pear","Nuclear Battery","Shovel","MealTicket"],"acts_visited":["Exordium","TheCity"],"potions_floor_usage":[7,7,16,22],"damage_taken":[{"damage":11,"enemies":"Jaw Worm","floor":1,"turns":2},{"damage":0,"enemies":"Small Slimes","floor":2,"turns":2},{"damage":1,"enemies":"Cultist","floor":4,"turns":3},{"damage":3,"enemies":"Looter","floor":5,"turns":3},{"damage":24,"enemies":"Gremlin Nob","floor":7,"turns":4},{"damage":23,"enemies":"Exordium Wildlife","floor":8,"turns":5},{"damage":8,"enemies":"2 Fungi Beasts","floor":13,"turns":3},{"damage":8,"enemies":"Red Slaver","floor":14,"turns":2},{"damage":57,"enemies":"The Guardian","floor":16,"turns":10},{"damage":51,"enemies":"3 Byrds","floor":18,"turns":6},{"damage":15,"enemies":"Shell Parasite","floor":20,"turns":6},{"damage":0,"enemies":"Snake Plant","floor":22,"turns":1},{"damage":35,"enemies":"Centurion and Healer","floor":27,"turns":8},{"damage":19,"enemies":"Cultist and Chosen","floor":28,"turns":4}],"seed_played":"4158116971494587431","potions_obtained":[{"floor":4,"key":"SmokeBomb"},{"floor":5,"key":"LiquidBronze"},{"floor":7,"key":"Fruit Juice"},{"floor":8,"key":"SpeedPotion"},{"floor":16,"key":"FearPotion"},{"floor":20,"key":"LiquidMemories"},{"floor":21,"key":"Fire Potion"}],"is_trial":false,"path_per_floor":["M","M","$","M","M","R","E","M","T","?","R","?","M","M","R","B",null,"M","$","M","?","M","R","$","?","T","M","M"],"character_chosen":"DEFECT","items_purchased":["Loop","Heatsinks"],"campfire_rested":3,"item_purchase_floors":[3,19],"current_hp_per_floor":[64,64,64,63,60,60,41,18,28,21,48,48,40,32,59,2,90,39,39,24,24,24,51,51,51,51,16,0,0],"gold":90,"neow_bonus":"ONE_RANDOM_RARE_CARD","is_daily":false,"chose_seed":false,"campfire_upgraded":1,"win_rate":0.0,"timestamp":1613144040,"path_taken":["M","M","$","M","M","R","E","M","T","?","R","?","M","M","R","BOSS","M","$","M","?","?","R","$","?","T","M","M"],"items_purchased_type":["Card","Card"],"build_version":"2020-12-22","purchased_purges":2,"victory":false,"max_hp_per_floor":[75,75,75,75,75,75,80,80,90,90,90,90,90,90,90,90,90,90,90,90,90,90,90,90,90,90,90,90,90],"relic_stats":{"Shovel":0,"counters":[14,58],"MealTicket":0,"Question Card":7,"obtain_stats":[{"Pear":9,"Shovel":25,"MealTicket":26,"Cracked Core":0,"Question Card":7,"Nuclear Battery":17},{"Pear":6,"Shovel":12,"MealTicket":12,"Cracked Core":0,"Question Card":5,"Nuclear Battery":9},{"Pear":19,"Shovel":46,"MealTicket":46,"Cracked Core":0,"Question Card":14,"Nuclear Battery":33}]},"card_choices":[{"not_picked":["Hello World","Sweeping Beam"],"picked":"Cold Snap","floor":1},{"not_picked":["BootSequence","Chaos"],"picked":"Gash","floor":2},{"not_picked":["Auto Shields","Barrage"],"picked":"Ball Lightning","floor":4},{"not_picked":["Reinforced Body","Sunder"],"picked":"Redo","floor":5},{"not_picked":["Sweeping Beam","Stack"],"picked":"Hologram","floor":7},{"not_picked":["Meteor Strike","Sweeping Beam","Redo"],"picked":"Darkness","floor":8},{"not_picked":["Stack","Fusion","Go for the Eyes"],"picked":"Gash","floor":13},{"not_picked":["Compile Driver","Barrage","Hyperbeam"],"picked":"Stack","floor":14},{"not_picked":["Biased Cognition","Thunder Strike","Electrodynamics"],"picked":"Creative AI","floor":16},{"not_picked":["Stack","Loop","Blizzard"],"picked":"Conserve Battery","floor":18},{"not_picked":["Fusion","Rebound","Go for the Eyes+1"],"picked":"Streamline","floor":20},{"not_picked":["Beam Cell","Go for the Eyes","Coolheaded"],"picked":"Cold Snap+1","floor":27}],"player_experience":223184,"relics_obtained":[{"floor":7,"key":"Question Card"},{"floor":9,"key":"Pear"},{"floor":26,"key":"MealTicket"}],"event_choices":[{"cards_removed":["Strike_B"],"damage_healed":0,"gold_gain":0,"player_choice":"Card Removal","damage_taken":7,"max_hp_gain":0,"max_hp_loss":0,"event_name":"Golden Wing","floor":10,"gold_loss":0},{"damage_healed":0,"gold_gain":0,"player_choice":"Ignored","damage_taken":0,"max_hp_gain":0,"max_hp_loss":0,"event_name":"Liars Game","floor":12,"gold_loss":0},{"damage_healed":0,"gold_gain":0,"player_choice":"Got Potions","damage_taken":0,"max_hp_gain":0,"max_hp_loss":0,"event_name":"Lab","floor":21,"gold_loss":0},{"damage_healed":0,"gold_gain":0,"player_choice":"Opened","damage_taken":0,"relics_obtained":["Shovel"],"max_hp_gain":0,"max_hp_loss":0,"event_name":"The Mausoleum","floor":25,"gold_loss":0}],"is_beta":false,"boss_relics":[{"not_picked":["SacredBark","Velvet Choker"],"picked":"Nuclear Battery"}],"items_purged_floors":[3,19],"is_endless":false,"potions_floor_spawned":[4,5,7,8,16,20,22],"killed_by":"Cultist and Chosen","ascension_level":0}}