{"host":"qc268ltokmxwqyrx","time":1613105088,"event":{"mods":["BaseMod","Colored Map","Colored Powertips","Minty Spire (QoL Compilation)","Relic Stats","Slay the Relics Exporter","StSLib","ojb\u0027s Info Mod"],"gold_per_floor":[109,109,128,139,26,59,75,93,93,108,120,120,130,130,130],"floor_reached":14,"language":"ENG","playtime":579,"items_purged":[],"score":192,"play_id":"96e41235-3536-48a1-b456-98b267a1ab47","local_time":"20210211224448","is_ascension_mode":true,"campfire_choices":[{"data":"Catalyst","floor":12,"key":"SMITH"}],"circlet_count":0,"master_deck":["AscendersBane","Strike_G","Strike_G","Strike_G","Strike_G","Strike_G","Defend_G","Defend_G","Defend_G","Defend_G","Defend_G","Survivor","Neutralize","Crippling Poison","PiercingWail","Skewer","Crippling Poison","Cloak And Dagger","Quick Slash","Blade Dance","Normality","Corpse Explosion","Catalyst+1","Heel Hook"],"relics":["Cursed Key","Pen Nib","Blood Vial","Smiling Mask"],"acts_visited":["Exordium"],"potions_floor_usage":[6,6,13,14],"damage_taken":[{"damage":4,"enemies":"Small Slimes","floor":1,"turns":5},{"damage":1,"enemies":"Cultist","floor":3,"turns":4},{"damage":0,"enemies":"2 Louse","floor":4,"turns":2},{"damage":24,"enemies":"3 Sentries","floor":6,"turns":10},{"damage":5,"enemies":"Exordium Thugs","floor":7,"turns":6},{"damage":0,"enemies":"3 Louse","floor":8,"turns":5},{"damage":5,"enemies":"Blue Slaver","floor":10,"turns":4},{"damage":3,"enemies":"2 Fungi Beasts","floor":11,"turns":3},{"damage":10,"enemies":"Exordium Thugs","floor":13,"turns":3},{"damage":38,"enemies":"Gremlin Nob","floor":14,"turns":3}],"seed_played":"-813139400245372898","potions_obtained":[{"floor":1,"key":"Strength Potion"},{"floor":3,"key":"Energy Potion"},{"floor":7,"key":"Explosive Potion"},{"floor":8,"key":"Energy Potion"}],"is_trial":false,"path_per_floor":["M","?","M","M","$","E","M","M","T","M","M","R","M","E"],"character_chosen":"THE_SILENT","items_purchased":["Skewer","Crippling Poison"],"campfire_rested":0,"item_purchase_floors":[5,5],"current_hp_per_floor":[55,55,54,54,54,30,27,29,29,26,25,25,17,0,0],"gold":130,"neow_bonus":"BOSS_RELIC","is_daily":false,"chose_seed":false,"campfire_upgraded":1,"win_rate":0.0,"timestamp":1613105088,"path_taken":["M","?","M","?","$","E","M","M","T","M","M","R","?","E"],"items_purchased_type":["Card","Card"],"build_version":"2020-12-22","purchased_purges":0,"victory":false,"max_hp_per_floor":[66,66,66,66,66,66,66,66,66,66,66,66,66,66,66],"relic_stats":{"Blood Vial":12,"counters":[10,45],"Pen Nib":[6],"Cursed Key":1,"Smiling Mask":0,"obtain_stats":[{"Blood Vial":6,"Pen Nib":2,"Cursed Key":0,"Smiling Mask":9,"Ring of the Snake":0},{"Blood Vial":4,"Pen Nib":1,"Cursed Key":0,"Smiling Mask":6,"Ring of the Snake":0},{"Blood Vial":21,"Pen Nib":5,"Cursed Key":0,"Smiling Mask":32,"Ring of the Snake":0}]},"card_choices":[{"not_picked":["Dodge and Roll","Setup"],"picked":"Endless Agony","floor":1},{"not_picked":["Prepared","Cloak And Dagger"],"picked":"Crippling Poison","floor":3},{"not_picked":["Dagger Spray","Dodge and Roll"],"picked":"PiercingWail","floor":4},{"not_picked":["Blur","Flechettes"],"picked":"Cloak And Dagger","floor":6},{"not_picked":["Dodge and Roll","Slice"],"picked":"Quick Slash","floor":7},{"not_picked":["Prepared","Sucker Punch"],"picked":"Blade Dance","floor":8},{"not_picked":["Dagger Throw","Heel Hook"],"picked":"Corpse Explosion","floor":10},{"not_picked":["Dagger Spray","Dagger Throw"],"picked":"Catalyst","floor":11},{"not_picked":["Dagger Spray","Quick Slash"],"picked":"Heel Hook","floor":13}],"player_experience":1825148,"relics_obtained":[{"floor":6,"key":"Blood Vial"},{"floor":9,"key":"Smiling Mask"}],"event_choices":[{"cards_removed":["Endless Agony"],"damage_healed":0,"gold_gain":0,"player_choice":"Gave Card","damage_taken":0,"relics_obtained":["Pen Nib"],"max_hp_gain":0,"max_hp_loss":0,"event_name":"WeMeetAgain","floor":2,"gold_loss":0}],"is_beta":false,"boss_relics":[],"items_purged_floors":[],"is_endless":false,"potions_floor_spawned":[1,3,7,8],"killed_by":"Gremlin Nob","ascension_level":20}}