{"host":"fbdlh90rovbiajun","time":1613146158,"event":{"mods":["AchievementEnabler","BaseMod","Colored Map","Minty Spire (QoL Compilation)","SuperFastMode"],"gold_per_floor":[112,112,112,123,123,123,123,48,75,3,37,52,227,90,90,187,187,207,224,224,224],"floor_reached":20,"language":"KOR","playtime":835,"items_purged":["Defend_P","Doubt"],"score":170,"play_id":"ca923167-adad-4b51-9be3-a131a6060d7c","local_time":"20210213010918","is_ascension_mode":false,"campfire_choices":[{"data":"TalkToTheHand","floor":6,"key":"SMITH"},{"data":"Adaptation","floor":15,"key":"SMITH"}],"circlet_count":0,"master_deck":["Strike_P","Strike_P","Strike_P","Strike_P","Defend_P","Eruption+1","Vigilance","CrushJoints","TalkToTheHand+1","Adaptation+1","WheelKick","Vault"],"relics":["PureWater","Peace Pipe","Orichalcum","Mummified Hand","VioletLotus"],"acts_visited":["Exordium","TheCity"],"potions_floor_usage":[16,16],"damage_taken":[{"damage":0,"enemies":"Cultist","floor":1,"turns":4},{"damage":5,"enemies":"2 Louse","floor":4,"turns":2},{"damage":54,"enemies":"Lagavulin","floor":11,"turns":4},{"damage":0,"enemies":"Small Slimes","floor":12,"turns":1},{"damage":6,"enemies":"Hexaghost","floor":16,"turns":4},{"damage":54,"enemies":"3 Byrds","floor":18,"turns":5},{"damage":14,"enemies":"Spheric Guardian","floor":19,"turns":3},{"damage":12,"enemies":"Masked Bandits","floor":20,"turns":2}],"seed_played":"7175790062962631644","potions_obtained":[{"floor":4,"key":"Energy Potion"},{"floor":11,"key":"BottledMiracle"},{"floor":12,"key":"LiquidBronze"},{"floor":18,"key":"Ancient Potion"},{"floor":19,"key":"StancePotion"}],"is_trial":false,"path_per_floor":["M","?","?","M","?","R","?","$","T","$","E","M","?","$","R","B",null,"M","M","?"],"character_chosen":"WATCHER","items_purchased":["Adaptation","WheelKick"],"campfire_rested":0,"item_purchase_floors":[10,14],"current_hp_per_floor":[51,44,44,39,63,63,63,63,63,63,9,9,9,9,9,3,72,18,4,0,0],"gold":224,"neow_bonus":"ONE_RARE_RELIC","is_daily":false,"chose_seed":false,"campfire_upgraded":2,"win_rate":0.0,"timestamp":1613146158,"path_taken":["M","?","?","?","?","R","?","$","T","?","E","M","?","$","R","BOSS","M","M","?"],"items_purchased_type":["Card","Card"],"build_version":"2020-12-22","purchased_purges":2,"victory":false,"max_hp_per_floor":[72,72,72,72,72,72,72,72,72,72,72,72,72,72,72,72,72,72,72,72,72],"card_choices":[{"not_picked":["BowlingBash","Fasting2"],"picked":"CrushJoints","floor":1},{"not_picked":["Indignation","WreathOfFlame"],"picked":"TalkToTheHand","floor":4},{"not_picked":["Brilliance","LikeWater","WreathOfFlame"],"picked":"SKIP","floor":11},{"not_picked":["FollowUp","FlyingSleeves","CutThroughFate"],"picked":"SKIP","floor":12},{"not_picked":["LessonLearned","Brilliance"],"picked":"Vault","floor":16},{"not_picked":["Consecrate","PathToVictory+1","CrushJoints"],"picked":"SKIP","floor":18},{"not_picked":["FollowUp","SashWhip","WaveOfTheHand"],"picked":"SKIP","floor":19}],"player_experience":11020,"relics_obtained":[{"floor":9,"key":"Orichalcum"},{"floor":11,"key":"Mummified Hand"}],"event_choices":[{"cards_removed":["Defend_P"],"damage_healed":0,"gold_gain":0,"player_choice":"Card Removal","damage_taken":7,"max_hp_gain":0,"max_hp_loss":0,"event_name":"Golden Wing","floor":2,"gold_loss":0},{"damage_healed":0,"gold_gain":0,"player_choice":"Upgraded","damage_taken":0,"max_hp_gain":0,"max_hp_loss":0,"event_name":"Upgrade Shrine","floor":3,"gold_loss":0,"cards_upgraded":["Eruption"]},{"damage_healed":24,"gold_gain":0,"player_choice":"Banana","damage_taken":0,"max_hp_gain":0,"max_hp_loss":0,"event_name":"Big Fish","floor":5,"gold_loss":0},{"cards_removed":["Defend_P"],"damage_healed":0,"gold_gain":0,"player_choice":"Forget","damage_taken":0,"max_hp_gain":0,"max_hp_loss":0,"event_name":"Living Wall","floor":7,"gold_loss":0},{"damage_healed":0,"gold_gain":175,"player_choice":"AGREE","damage_taken":0,"max_hp_gain":0,"max_hp_loss":0,"event_name":"Liars Game","floor":13,"gold_loss":0,"cards_obtained":["Doubt"]},{"damage_healed":0,"gold_gain":0,"player_choice":"Fought Bandits","damage_taken":0,"max_hp_gain":0,"max_hp_loss":0,"event_name":"Masked Bandits","floor":20,"gold_loss":0}],"is_beta":false,"boss_relics":[{"not_picked":["Fusion Hammer","Velvet Choker"],"picked":"VioletLotus"}],"items_purged_floors":[8,14],"is_endless":false,"potions_floor_spawned":[4,11,12,18,19],"killed_by":"Masked Bandits","ascension_level":0}}