{"host":"6qo42zgaknezulyg","time":1613123315,"event":{"mods":["2.2 Compatiblity","BaseMod","Chen","Colored Map","Faster Ascension Climbing","Highlight Path","Keyboard Shortcuts","Minty Spire (QoL Compilation)","Permanent Neow","Quick Restart","StSLib","SuperFastMode"],"gold_per_floor":[118,118,131,151,171,171,171],"floor_reached":6,"language":"ENG","playtime":327,"items_purged":[],"score":76,"play_id":"f139ba38-3488-4b0a-b835-6b9d8a4f0135","local_time":"20210212184835","is_ascension_mode":true,"campfire_choices":[],"circlet_count":0,"master_deck":["AscendersBane","Chen:Strike","Chen:Strike","Chen:Strike","Chen:Defend","Chen:Defend","Chen:Defend","Chen:Defend","Chen:PounceTurnTail","Chen:GlitterPoke","Chen:Nimbleness","Chen:SelfControl","Chen:Unpredictable","Chen:Deceitful"],"relics":["Chen:Catnip"],"acts_visited":["Exordium"],"potions_floor_usage":[6],"damage_taken":[{"damage":0.0,"enemies":"Small Slimes","floor":1.0,"turns":3.0},{"damage":9.0,"enemies":"Jaw Worm","floor":3.0,"turns":4.0},{"damage":0.0,"enemies":"Cultist","floor":4.0,"turns":3.0},{"damage":2.0,"enemies":"Blue Slaver","floor":5.0,"turns":3.0},{"damage":38,"enemies":"3 Sentries","floor":6,"turns":9}],"seed_played":"2093947859349554734","potions_obtained":[{"floor":3.0,"key":"FearPotion"},{"floor":5.0,"key":"Strength Potion"}],"is_trial":false,"path_per_floor":["M","?","M","M","M","E"],"character_chosen":"CHEN","items_purchased":[],"campfire_rested":0,"item_purchase_floors":[],"current_hp_per_floor":[44,49,40,40,38,0,0],"gold":171,"neow_bonus":"TRANSFORM_TWO_CARDS","is_daily":false,"chose_seed":false,"campfire_upgraded":0,"win_rate":0.0,"timestamp":1613123315,"path_taken":["M","?","M","M","M","E"],"items_purchased_type":[],"build_version":"2020-12-22","purchased_purges":0,"victory":false,"max_hp_per_floor":[65,70,70,70,70,70,70],"card_choices":[{"not_picked":["Chen:Sweep","Chen:CatPunch","Chen:RecklessLeap"],"picked":"SKIP","floor":1.0},{"not_picked":["Chen:Spray","Chen:Adaptability","Chen:ResistTemptation"],"picked":"SKIP","floor":3.0},{"not_picked":["Chen:Adaptability","Chen:Instinct"],"picked":"Chen:Unpredictable","floor":4.0},{"not_picked":["Chen:CatPunch","Chen:StudySharpen"],"picked":"Chen:Deceitful","floor":5.0}],"player_experience":729297,"relics_obtained":[],"event_choices":[{"damage_healed":0.0,"max_hp_gain":5.0,"max_hp_loss":0.0,"gold_gain":0.0,"event_name":"Big Fish","player_choice":"Donut","floor":2.0,"gold_loss":0.0,"damage_taken":0.0}],"is_beta":false,"boss_relics":[],"items_purged_floors":[],"is_endless":false,"potions_floor_spawned":[3,5],"killed_by":"3 Sentries","ascension_level":20}}