{"host":"l7l2v2zs4hqku4vk","time":1613119855,"event":{"mods":["Act Like it!","BaseMod","Colored Powertips","Highlight Path","Minty Spire (QoL Compilation)","Replay The Spire","RumiaBox-露米娅的神秘盒子","StSLib","TestMod","The Servant 0.9.4","篝火指南"],"gold_per_floor":[112,112,122,122,137,179,197,206,206,206,231,231,247,247,247,324,324,341,341,368,377,396,422,422,457,457,492,492,531,551,551,551,650,750,777,797,836,856,545,572,591,620,620,661,230,230,230,249,249,249,249,249,249,148,184,184,184],"floor_reached":56,"language":"ZHS","playtime":2022,"items_purged":["Strike_R+1","Corruption+1"],"score":2325,"play_id":"1ec42705-f188-4aea-936a-0d2509cc349d","local_time":"20210212165055","is_ascension_mode":true,"campfire_choices":[{"data":"Body Slam","floor":12,"key":"SMITH"},{"data":"Carnage","floor":15,"key":"SMITH"},{"data":"Armaments","floor":24,"key":"SMITH"},{"data":"Juggernaut","floor":32,"key":"SMITH"},{"floor":46,"key":"RECALL"},{"data":"Pommel Strike","floor":53,"key":"SMITH"}],"circlet_count":0,"master_deck":["AscendersBane","Carnage+1","Battle Trance","Body Slam+1","Infernal Blade+1","Armaments+1","Body Slam+1","Juggernaut+1","Offering","Demon Form+1","Flex+1","Spot Weakness+1","Feed","Pommel Strike+1","Eclipse+1","Brutality+1","Juggernaut+1","Fiend Fire+1","Impervious+1","Bludgeon+1","testmod-Recap","testmod-WeaknessCounterattack","Evolve"],"relics":["Burning Blood","testmod-TestBox","testmod-Brilliant","CeramicFish","PreservedInsect","Garlic","Replay:Bronze Core","Counterbalance","testmod-Acrobat","StoneCalendar","Replay:Wax Seal","The Courier","Replay:Wanted Poster","testmod-Charity","Replay:Baseball","Art of War","Darkstone Periapt","Onion Ring","Bronze Scales","Membership Card","testmod-Hope","SumBook","GodSword6"],"acts_visited":["Exordium","TheCity","TheBeyond","TheEnding"],"potions_floor_usage":[16,27,33,41,41,42],"damage_taken":[{"damage":0,"enemies":"2 Louse","floor":1,"turns":1},{"damage":1,"enemies":"Cultist","floor":3,"turns":3},{"damage":0,"enemies":"Small Slimes","floor":5,"turns":1},{"damage":34,"enemies":"Gremlin Nob","floor":6,"turns":4},{"damage":1,"enemies":"Looter","floor":7,"turns":2},{"damage":0,"enemies":"3 Sentries","floor":11,"turns":1},{"damage":0,"enemies":"2 Fungi Beasts","floor":13,"turns":1},{"damage":37,"enemies":"Slime Boss","floor":16,"turns":6},{"damage":0,"enemies":"2 Thieves","floor":18,"turns":1},{"damage":5,"enemies":"Shell Parasite","floor":20,"turns":2},{"damage":0,"enemies":"Cultist and Chosen","floor":22,"turns":2},{"damage":2,"enemies":"Replay:Snechameleon","floor":23,"turns":2},{"damage":0,"enemies":"Gremlin Leader","floor":25,"turns":1},{"damage":6,"enemies":"Book of Stabbing","floor":27,"turns":2},{"damage":0,"enemies":"Gremlin Leader","floor":29,"turns":1},{"damage":0,"enemies":"Snecko","floor":30,"turns":2},{"damage":52,"enemies":"Collector","floor":33,"turns":6},{"damage":0,"enemies":"3 Darklings","floor":35,"turns":1},{"damage":0,"enemies":"3 Shapes","floor":36,"turns":1},{"damage":62,"enemies":"Writhing Mass","floor":37,"turns":4},{"damage":0,"enemies":"3 Darklings","floor":38,"turns":1},{"damage":0,"enemies":"Reptomancer","floor":40,"turns":1},{"damage":50,"enemies":"Maw","floor":41,"turns":7},{"damage":6,"enemies":"Nemesis","floor":42,"turns":2},{"damage":23,"enemies":"R_Hoarder","floor":44,"turns":6},{"damage":45,"enemies":"Transient","floor":48,"turns":6},{"damage":39,"enemies":"Awakened One","floor":50,"turns":3},{"damage":81,"enemies":"Time Eater","floor":51,"turns":6},{"damage":115,"enemies":"Shield and Spear","floor":55,"turns":4},{"damage":63,"enemies":"The Heart","floor":56,"turns":2}],"seed_played":"-2771727598907090285","potions_obtained":[{"floor":1,"key":"Explosive Potion"},{"floor":6,"key":"SteroidPotion"},{"floor":16,"key":"SkillPotion"},{"floor":25,"key":"Adrenaline Potion"},{"floor":29,"key":"Milkshake"},{"floor":38,"key":"LiquidMemories"},{"floor":40,"key":"BloodPotion"},{"floor":41,"key":"Flashbang"}],"is_trial":false,"path_per_floor":["M","?","M","$","M","E","M","?","T","$","E","R","M","?","R","B",null,"M","?","M","?","M","E","R","E","T","E","$","E","M","T","R","B",null,"M","M","M","M","$","E","M","E","T","E","$","R","?","M","R","B","B",null,"R","$","E","B"],"character_chosen":"IRONCLAD","items_purchased":["testmod-Charity","Replay:Baseball","Membership Card","testmod-Hope","SumBook","GodSword6","testmod-Recap","testmod-WeaknessCounterattack"],"campfire_rested":0,"item_purchase_floors":[39,39,45,45,45,45,54,54],"current_hp_per_floor":[70,70,75,75,81,53,58,58,58,58,64,64,70,43,43,12,70,76,76,77,77,83,87,87,89,89,89,89,89,89,89,89,43,78,84,89,33,39,39,46,37,46,46,38,45,45,45,21,64,151,91,147,147,149,50,0,0],"gold":184,"neow_bonus":"TWENTY_PERCENT_HP_BONUS","is_daily":false,"chose_seed":false,"campfire_upgraded":5,"win_rate":0.0,"timestamp":1613119855,"path_taken":["M","?","M","$","M","E","?","?","T","$","E","R","M","?","R","BOSS","M","?","M","?","M","E","R","E","T","E","$","E","?","?","R","BOSS","M","M","M","M","$","E","M","E","T","E","$","R","?","M","R","BOSS","BOSS","R","$","E","BOSS"],"items_purchased_type":["Relic","Relic","Relic","Relic","Relic","Relic","Card","Card"],"build_version":"2020-12-22","purchased_purges":2,"victory":false,"max_hp_per_floor":[89,89,89,89,89,89,89,89,89,89,89,89,89,89,89,89,89,89,89,89,89,89,89,89,89,89,89,89,89,89,89,89,89,89,89,89,89,89,89,90,106,115,115,124,131,131,131,146,146,151,166,166,166,168,178,181,181],"card_choices":[{"not_picked":["Flame Barrier","Spot Weakness"],"picked":"Carnage","floor":1},{"not_picked":["Sword Boomerang","Fire Breathing"],"picked":"Battle Trance","floor":3},{"not_picked":["Clothesline","Iron Wave","Perfected Strike"],"picked":"SKIP","floor":5},{"not_picked":["True Grit","Infernal Blade"],"picked":"Body Slam","floor":6},{"not_picked":["Sword Boomerang","Wild Strike","Body Slam"],"picked":"SKIP","floor":7},{"not_picked":["Twin Strike","Sword Boomerang","Ghostly Armor"],"picked":"SKIP","floor":11},{"not_picked":["Warcry","Hemogenesis","Defy Death"],"picked":"SKIP","floor":13},{"not_picked":["Replay:Undeath\u0027s Touch","ReplayTheSpireMod:Strike From Hell+1","Havoc"],"picked":"SKIP","floor":18},{"not_picked":["Intimidate","Burning Pact"],"picked":"Armaments","floor":20},{"not_picked":["Uppercut","Clash","Twin Strike+1"],"picked":"SKIP","floor":22},{"not_picked":["Disarm","ReplayTheSpireMod:Corrosion Curse","ReplayTheSpireMod:Muscle Training"],"picked":"SKIP","floor":23},{"not_picked":["Iron Wave","Pummel"],"picked":"Juggernaut","floor":25},{"not_picked":["Clothesline+1","Havoc","Pummel"],"picked":"SKIP","floor":27},{"not_picked":["Flex","Anger"],"picked":"Offering","floor":29},{"not_picked":["Anger","Iron Wave+1","Cleave"],"picked":"SKIP","floor":30},{"not_picked":["Eclipse","Corruption"],"picked":"Demon Form","floor":33},{"not_picked":["Run Through","Clothesline+1"],"picked":"Flex+1","floor":35},{"not_picked":["Inflame","Replay:Undeath\u0027s Touch"],"picked":"Spot Weakness+1","floor":36},{"not_picked":["Sword Boomerang","True Grit+1"],"picked":"Feed","floor":37},{"not_picked":["Body Slam","Perfected Strike","Pummel"],"picked":"SKIP","floor":38},{"not_picked":["Disarm","Thunderclap","Sentinel"],"picked":"SKIP","floor":40},{"not_picked":["Perfected Strike","Defy Death","Cleave+1"],"picked":"SKIP","floor":41},{"not_picked":["Sword Boomerang","Replay:Undeath\u0027s Touch+1","Hemokinesis"],"picked":"SKIP","floor":42},{"not_picked":["Wild Strike+1","Sentinel"],"picked":"Pommel Strike","floor":44},{"not_picked":["Replay:Undeath\u0027s Touch+1","ReplayTheSpireMod:LeadingStrike","Iron Wave"],"picked":"SKIP","floor":48},{"not_picked":["ReplayTheSpireMod:Corrosion Curse","Warcry"],"picked":"Evolve","floor":55}],"player_experience":1754999,"relics_obtained":[{"floor":6,"key":"CeramicFish"},{"floor":9,"key":"PreservedInsect"},{"floor":11,"key":"Garlic"},{"floor":23,"key":"Counterbalance"},{"floor":25,"key":"testmod-Acrobat"},{"floor":27,"key":"StoneCalendar"},{"floor":29,"key":"Replay:Wax Seal"},{"floor":31,"key":"The Courier"},{"floor":40,"key":"Art of War"},{"floor":42,"key":"Darkstone Periapt"},{"floor":43,"key":"Onion Ring"},{"floor":44,"key":"Bronze Scales"}],"event_choices":[{"cards_removed":["Strike_R"],"damage_healed":0,"gold_gain":0,"player_choice":"Purged","damage_taken":0,"max_hp_gain":0,"max_hp_loss":0,"event_name":"Purifier","floor":2,"gold_loss":0},{"damage_healed":0,"gold_gain":0,"player_choice":"Entered Light","damage_taken":27,"max_hp_gain":0,"max_hp_loss":0,"event_name":"Shining Light","floor":14,"gold_loss":0,"cards_upgraded":["Defend_R","Bash"]},{"damage_healed":0,"gold_gain":0,"player_choice":"Simplicity","damage_taken":0,"max_hp_gain":0,"max_hp_loss":0,"event_name":"Back to Basics","floor":19,"gold_loss":0,"cards_upgraded":["Strike_R","Strike_R","Strike_R","Strike_R","Defend_R","Defend_R"]},{"damage_healed":0,"gold_gain":0,"player_choice":"Copied","damage_taken":0,"max_hp_gain":0,"max_hp_loss":0,"event_name":"Duplicator","floor":21,"gold_loss":0,"cards_obtained":["Body Slam"]},{"damage_healed":0,"gold_gain":0,"player_choice":"Ignored","damage_taken":0,"max_hp_gain":0,"max_hp_loss":0,"event_name":"SecretPortal","floor":47,"gold_loss":0}],"is_beta":false,"boss_relics":[{"not_picked":["Pandora\u0027s Box","Busted Crown"],"picked":"Replay:Bronze Core"},{"not_picked":["testmod-Prudence","Velvet Choker"],"picked":"Replay:Wanted Poster"}],"items_purged_floors":[39,45],"is_endless":false,"potions_floor_spawned":[1,6,7,16,25,29,30,38,40,41],"killed_by":"The Heart","ascension_level":20}}