{"host":"cpokje45u5l0nisu","time":1613155092,"event":{"mods":["AchievementEnabler","BaseMod","Downfall","Minty Spire (QoL Compilation)","StSLib"],"gold_per_floor":[99,114,114,133,152,152,152,182,198,214,234,234,254,274,288,387,387,387,400,418,418,432,432,432,457,499,530,554,582,252,252,264,264,264,264],"floor_reached":33,"language":"ENG","playtime":3703,"items_purged":["downfall:Haunted"],"score":279,"play_id":"6501b94d-fdff-4acd-9557-25a3d3809dff","local_time":"20210212113812","is_ascension_mode":false,"campfire_choices":[{"data":"Slimebound:CorrosiveSpit","floor":1,"key":"SMITH"},{"data":"Slimebound:SplitAcid","floor":6,"key":"SMITH"},{"data":"Slimebound:RallyTheTroops","floor":18,"key":"SMITH"},{"floor":23,"key":"REST"}],"circlet_count":0,"master_deck":["Slimebound:Strike_Slimebound","Slimebound:Strike_Slimebound","Slimebound:Strike_Slimebound","Slimebound:Tackle","Slimebound:Defend_Slimebound","Slimebound:Defend_Slimebound","Slimebound:Defend_Slimebound","Slimebound:Defend_Slimebound","Slimebound:Split","Slimebound:CorrosiveSpit+1","Slimebound:SamplingLick","downfall:Haunted","Slimebound:SplitAcid+1","Slimebound:LeechEnergy","Slimebound:RejuvenatingLick","Slimebound:MassRepurpose","Slimebound:SplitMire","Slimebound:ProtectTheBoss","Slimebound:Schlurp","Slimebound:SplitBruiser","Slimebound:TongueLash","Slimebound:RallyTheTroops+1","Slimebound:LeechEnergy","Slimebound:GoopSpray+1","Slimebound:SlimeTap","Slimebound:SamplingLick","Slimebound:DisruptingSlam","Slimebound:RollThrough","Slimebound:RainOfGoop","Slimebound:ItLooksTasty","Slimebound:MinionMaster","Pride","Slimebound:ItLooksTasty"],"relics":["Slimebound:AbsorbEndCombatUpgraded","Du-Vu Doll","Matryoshka","Kunai","MawBank","Pocketwatch","PreservedInsect","Ginger"],"acts_visited":["Exordium","TheCity"],"potions_floor_usage":[8,9,14,16,22,30,30,32,32,32,33],"damage_taken":[{"damage":4,"enemies":"Jaw Worm","floor":2,"turns":4},{"damage":8,"enemies":"Small Slimes","floor":4,"turns":3},{"damage":3,"enemies":"2 Louse","floor":5,"turns":3},{"damage":28,"enemies":"Gremlin Nob","floor":8,"turns":4},{"damage":5,"enemies":"Blue Slaver","floor":9,"turns":2},{"damage":16,"enemies":"Large Slime","floor":10,"turns":3},{"damage":14,"enemies":"Exordium Wildlife","floor":11,"turns":4},{"damage":10,"enemies":"Lots of Slimes","floor":13,"turns":3},{"damage":0,"enemies":"Red Slaver","floor":14,"turns":3},{"damage":0,"enemies":"Exordium Wildlife","floor":15,"turns":2},{"damage":7,"enemies":"DF_ARCHETYPE_STREAMLINE","floor":16,"turns":6},{"damage":19,"enemies":"3 Byrds","floor":19,"turns":4},{"damage":3,"enemies":"Spheric Guardian","floor":20,"turns":3},{"damage":23,"enemies":"Centurion and Healer","floor":22,"turns":5},{"damage":34,"enemies":"Snecko","floor":25,"turns":6},{"damage":25,"enemies":"Book of Stabbing","floor":26,"turns":5},{"damage":24,"enemies":"3 Cultists","floor":27,"turns":4},{"damage":8,"enemies":"Snake Plant","floor":28,"turns":3},{"damage":10,"enemies":"Sentry and Sphere","floor":29,"turns":5},{"damage":4,"enemies":"downfall:FleeingMerchant","floor":30,"turns":4},{"damage":0,"enemies":"3 Cultists","floor":32,"turns":3},{"damage":61,"enemies":"WA_ARCHETYPE_CALM","floor":33,"turns":8}],"seed_played":"-5150514731764362250","potions_obtained":[{"floor":2,"key":"LiquidMemories"},{"floor":8,"key":"LiquidMemories"},{"floor":13,"key":"LiquidMemories"},{"floor":14,"key":"Strength Potion"},{"floor":20,"key":"SkillPotion"},{"floor":25,"key":"Swift Potion"},{"floor":28,"key":"SpeedPotion"},{"floor":29,"key":"ColorlessPotion"},{"floor":32,"key":"champ:CounterPotion"}],"is_trial":false,"path_per_floor":["R","M","?","M","M","R","T","E","M","M","M","?","M","M","M","B",null,"R","M","M","?","M","R","T","M","E","M","M","M","$","?","M","B"],"character_chosen":"SLIMEBOUND","items_purchased":["PreservedInsect","ColorlessPotion","SkillPotion"],"campfire_rested":1,"item_purchase_floors":[30,30,30],"current_hp_per_floor":[71,70,70,66,65,65,65,41,38,26,18,18,10,12,14,13,71,71,58,58,58,47,68,68,43,33,21,22,21,32,32,41,0,0,0],"gold":264,"neow_bonus":"TEN_PERCENT_HP_BONUS","is_daily":false,"chose_seed":false,"campfire_upgraded":3,"win_rate":0.0,"timestamp":1613155092,"path_taken":["R","M","?","M","M","R","T","E","M","M","M","?","M","M","M","BOSS","R","M","M","?","M","R","T","M","E","M","M","M","$","?","M","BOSS"],"items_purchased_type":["Relic","Potion","Potion"],"build_version":"2020-12-22","purchased_purges":1,"victory":false,"max_hp_per_floor":[71,71,71,71,71,71,71,71,71,71,71,71,71,71,71,71,71,71,71,71,71,71,71,71,71,71,71,71,71,71,71,71,71,71,71],"card_choices":[{"not_picked":["Slimebound:Gluttony","Slimebound:SlimeSpikes"],"picked":"Slimebound:SamplingLick","floor":2},{"not_picked":["Slimebound:ItLooksTasty","Slimebound:Equalize"],"picked":"Slimebound:SplitAcid","floor":4},{"not_picked":["Slimebound:Prepare","Slimebound:PressTheAttack"],"picked":"Slimebound:LeechEnergy","floor":5},{"not_picked":["Slimebound:FinishingTackle","Slimebound:MegaLick"],"picked":"Slimebound:RejuvenatingLick","floor":8},{"not_picked":["Slimebound:SlimeBarrage","Slimebound:RollThrough"],"picked":"Slimebound:MassRepurpose","floor":9},{"not_picked":["Slimebound:GoopSpray","Slimebound:SlimeBarrage"],"picked":"Slimebound:SplitMire","floor":10},{"not_picked":["Slimebound:SplitAcid","Slimebound:PressTheAttack"],"picked":"Slimebound:ProtectTheBoss","floor":11},{"not_picked":["Slimebound:ItLooksTasty","Slimebound:WasteNot"],"picked":"Slimebound:Schlurp","floor":13},{"not_picked":["Slimebound:SplitMire","Slimebound:ItLooksTasty"],"picked":"Slimebound:SplitBruiser","floor":14},{"not_picked":["Slimebound:LeechEnergy","Slimebound:SplitMire"],"picked":"Slimebound:TongueLash","floor":15},{"not_picked":["Slimebound:Teamwork","Slimebound:PrepareCrush"],"picked":"Slimebound:RallyTheTroops","floor":16},{"not_picked":["Slimebound:FormOfPuddle+1","Slimebound:ComboTackle+1"],"picked":"Slimebound:LeechEnergy","floor":19},{"not_picked":["Slimebound:RejuvenatingLick","Slimebound:SplitLeeching"],"picked":"Slimebound:GoopSpray+1","floor":20},{"not_picked":["Slimebound:RollThrough+1","Slimebound:GoopTackle"],"picked":"Slimebound:SlimeTap","floor":22},{"not_picked":["Slimebound:SplitAcid+1","Slimebound:Prepare"],"picked":"Slimebound:SamplingLick","floor":25},{"not_picked":["Slimebound:LeechEnergy","Slimebound:SelfFormingGoo"],"picked":"Slimebound:DisruptingSlam","floor":26},{"not_picked":["Slimebound:SplitMire","Slimebound:Gluttony"],"picked":"Slimebound:RollThrough","floor":27},{"not_picked":["Slimebound:SplitMire","Slimebound:LeechingTouch"],"picked":"Slimebound:RainOfGoop","floor":28},{"not_picked":["Slimebound:Prepare","Slimebound:HauntingLick"],"picked":"Slimebound:ItLooksTasty","floor":29},{"not_picked":["Slimebound:BestDefense","Slimebound:TongueLash"],"picked":"Slimebound:MinionMaster","floor":30},{"not_picked":["Slimebound:ComboTackle","Slimebound:LivingWall+1"],"picked":"Slimebound:ItLooksTasty","floor":32}],"player_experience":20706,"relics_obtained":[{"floor":7,"key":"Matryoshka"},{"floor":8,"key":"Kunai"},{"floor":24,"key":"MawBank"},{"floor":26,"key":"Pocketwatch"}],"event_choices":[{"damage_healed":0,"gold_gain":0,"player_choice":"Stole Relic","damage_taken":0,"relics_obtained":["Ginger"],"max_hp_gain":0,"max_hp_loss":0,"event_name":"Addict","floor":31,"gold_loss":0,"cards_obtained":["Pride"]}],"is_beta":false,"boss_relics":[{"not_picked":["Astrolabe","SlaversCollar"],"picked":"Slimebound:AbsorbEndCombatUpgraded"}],"items_purged_floors":[30],"is_endless":false,"potions_floor_spawned":[2,8,13,14,20,25,28,29,32],"killed_by":"WA_ARCHETYPE_CALM","ascension_level":0}}