{"host":"tiwza2kisyyrpq7h","time":1613146717,"event":{"mods":["BaseMod","Colored Powertips","Minty Spire (QoL Compilation)","Quick Restart","Rare Cards Sparkle","Shop Mod","StSLib","SuperFastMode","The Servant 0.9.4","óô»ðÖ¸ÄÏ"],"gold_per_floor":[117,132,282,37,48,48,48,48,48,59,70,70,80,95,95,95,95],"floor_reached":16,"language":"ZHS","playtime":312,"items_purged":["Doubt"],"score":188,"play_id":"659734aa-c78d-4409-a95d-b60ae3af2e53","local_time":"20210213001837","is_ascension_mode":true,"campfire_choices":[{"data":"Noxious Fumes","floor":6,"key":"SMITH"},{"data":"Caltrops","floor":8,"key":"SMITH"},{"data":"Terror","floor":12,"key":"SMITH"},{"data":"A Thousand Cuts","floor":15,"key":"SMITH"}],"circlet_count":0,"master_deck":["AscendersBane","Strike_G","Strike_G","Strike_G","Defend_G","Defend_G","Defend_G","Defend_G","Defend_G","Survivor","Neutralize","Noxious Fumes+1","Flying Knee","Caltrops+1","All Out Attack","Blur","Terror+1","Leg Sweep","A Thousand Cuts+1"],"relics":["Empty Cage","Omamori"],"acts_visited":["Exordium"],"potions_floor_usage":[13,16],"damage_taken":[{"damage":9,"enemies":"2 Louse","floor":1,"turns":3},{"damage":7,"enemies":"Jaw Worm","floor":2,"turns":6},{"damage":1,"enemies":"Small Slimes","floor":5,"turns":4},{"damage":2,"enemies":"2 Fungi Beasts","floor":10,"turns":4},{"damage":4,"enemies":"Blue Slaver","floor":11,"turns":4},{"damage":5,"enemies":"3 Louse","floor":13,"turns":3},{"damage":4,"enemies":"2 Fungi Beasts","floor":14,"turns":4},{"damage":33,"enemies":"Slime Boss","floor":16,"turns":3}],"seed_played":"4691897744191369824","potions_obtained":[{"floor":1,"key":"EssenceOfSteel"},{"floor":10,"key":"SteroidPotion"},{"floor":13,"key":"Energy Potion"}],"is_trial":false,"path_per_floor":["M","M","?","$","M","R","?","R","T","M","M","R","M","M","R","B"],"character_chosen":"THE_SILENT","items_purchased":["Caltrops","All Out Attack"],"campfire_rested":0,"item_purchase_floors":[4,4],"current_hp_per_floor":[50,43,43,43,42,42,24,24,24,22,18,18,13,9,9,0,0],"gold":95,"neow_bonus":"BOSS_RELIC","is_daily":false,"chose_seed":false,"campfire_upgraded":4,"win_rate":0.0,"timestamp":1613146717,"path_taken":["M","M","?","$","M","R","?","R","T","M","M","R","M","M","R","BOSS"],"items_purchased_type":["Card","Card"],"build_version":"2020-12-22","purchased_purges":1,"victory":false,"max_hp_per_floor":[66,66,66,66,66,66,66,66,66,66,66,66,66,66,66,66,66],"card_choices":[{"not_picked":["Dagger Throw","Outmaneuver"],"picked":"Noxious Fumes","floor":1},{"not_picked":["Escape Plan","Masterful Stab"],"picked":"Flying Knee","floor":2},{"not_picked":["Sucker Punch","Slice"],"picked":"Blur","floor":5},{"not_picked":["Dagger Spray","Prepared"],"picked":"Terror","floor":10},{"not_picked":["Flying Knee","Dagger Spray"],"picked":"Leg Sweep","floor":11},{"not_picked":["Blur","Endless Agony","Poisoned Stab"],"picked":"SKIP","floor":13},{"not_picked":["Caltrops","Dagger Throw"],"picked":"A Thousand Cuts","floor":14}],"player_experience":977064,"relics_obtained":[],"event_choices":[{"damage_healed":0,"gold_gain":150,"player_choice":"AGREE","damage_taken":0,"max_hp_gain":0,"max_hp_loss":0,"event_name":"Liars Game","floor":3,"gold_loss":0,"cards_obtained":["Doubt"]},{"damage_healed":0,"gold_gain":0,"player_choice":"Success","damage_taken":18,"relics_obtained":["Omamori"],"max_hp_gain":0,"max_hp_loss":0,"event_name":"Scrap Ooze","floor":7,"gold_loss":0}],"is_beta":false,"boss_relics":[],"items_purged_floors":[4],"is_endless":false,"potions_floor_spawned":[1,10,13],"killed_by":"Slime Boss","ascension_level":20}}