{"host":"vu2gjyr86ub8nk5d","time":1613106109,"event":{"mods":["AchievementEnabler","BaseMod","BetterRewards","Colored Map","Downfall","Ironclad Rager","Minty Spire (QoL Compilation)","Replay The Spire","StSLib"],"gold_per_floor":[99,119,133,151,163,163,209,9,24,41,41,316,336,347,359,459,459,459,471,489,489,489,504,504,504,516,516,516,529,529,540,560,560,560,560],"floor_reached":33,"language":"ENG","playtime":2264,"items_purged":[],"score":274,"play_id":"57b40ba6-81c9-48ad-af51-739decc35618","local_time":"20210211230149","is_ascension_mode":false,"campfire_choices":[{"floor":1.0,"key":"RECALL"},{"data":"bronze:FineTuning","floor":8.0,"key":"SMITH"},{"data":"bronze:Overheat","floor":11.0,"key":"SMITH"},{"data":"bronze:Allocate","floor":18.0,"key":"SMITH"},{"floor":27,"key":"REST"},{"floor":30,"key":"REST"}],"circlet_count":0,"master_deck":["bronze:Strike","bronze:Strike","bronze:Strike","bronze:Strike","bronze:Defend","bronze:Defend","bronze:Defend","bronze:Defend","bronze:Replicate","bronze:Goto","bronze:OilSpill","bronze:FineTuning+1","bronze:Iterate","bronze:Shell","bronze:Repair","bronze:Overheat+1","Regret","bronze:Allocate+1","bronze:Boost","bronze:WildBeam","bronze:HyperBeam","AbeCurse","bronze:BuggyMess","Pride","bronze:GetLatest","bronze:FineTuning+1","bronze:DelayedSlice","bronze:DelayedSlice+1","bronze:MaxOutput+1"],"relics":["bronze:BronzeCore","downfall:HeartBlessingRed","downfall:HeartBlessingBlue","Abe\u0027s Treasure","Replay:Kaleidoscope","Eternal Feather","Gremlin Horn"],"acts_visited":["Exordium","TheCity"],"potions_floor_usage":[26,26,33],"damage_taken":[{"damage":5.0,"enemies":"Jaw Worm","floor":2.0,"turns":4.0},{"damage":0.0,"enemies":"Cultist","floor":3.0,"turns":3.0},{"damage":1.0,"enemies":"2 Louse","floor":4.0,"turns":3.0},{"damage":18.0,"enemies":"Gremlin Gang","floor":5.0,"turns":3.0},{"damage":4.0,"enemies":"2 Fungi Beasts","floor":9.0,"turns":3.0},{"damage":19.0,"enemies":"Exordium Wildlife","floor":10.0,"turns":4.0},{"damage":11.0,"enemies":"Red Slaver","floor":13.0,"turns":3.0},{"damage":12.0,"enemies":"3 Louse","floor":14.0,"turns":3.0},{"damage":18.0,"enemies":"Lots of Slimes","floor":15.0,"turns":6.0},{"damage":24.0,"enemies":"SI_SHIV_ARCHETYPE","floor":16.0,"turns":5.0},{"damage":13.0,"enemies":"Shell Parasite","floor":19.0,"turns":4.0},{"damage":46.0,"enemies":"3 Cultists","floor":20.0,"turns":7.0},{"damage":21.0,"enemies":"Snecko","floor":23.0,"turns":5.0},{"damage":0.0,"enemies":"Sentry and Sphere","floor":25.0,"turns":1.0},{"damage":28,"enemies":"Snake Plant","floor":26,"turns":3},{"damage":22,"enemies":"Shelled Parasite and Fungi","floor":29,"turns":4},{"damage":8,"enemies":"Chosen and Byrds","floor":31,"turns":4},{"damage":17,"enemies":"Centurion and Healer","floor":32,"turns":3},{"damage":72,"enemies":"WA_ARCHETYPE_CALM","floor":33,"turns":8}],"seed_played":"6794246619745315206","potions_obtained":[{"floor":3.0,"key":"SmokeBomb"},{"floor":5.0,"key":"SneckoOil"},{"floor":9.0,"key":"Fruit Juice"},{"floor":13.0,"key":"Death Potion"},{"floor":16.0,"key":"Swift Potion"},{"floor":19.0,"key":"Elixir"},{"floor":20.0,"key":"Strength Potion"},{"floor":32,"key":"SteroidPotion"}],"is_trial":false,"path_per_floor":["R_BF","M","M","M","M","?","T","R","M","M","R","?","M","M","M","B",null,"R","M","M","?","T","M","T","M","M","R","?","M","R","M","M","B"],"character_chosen":"THE_AUTOMATON","items_purchased":[],"campfire_rested":2,"item_purchase_floors":[],"current_hp_per_floor":[77,72,72,71,53,77,77,87,88,76,76,76,72,68,57,41,92,92,87,47,47,47,34,34,34,14,56,61,39,81,80,70,0,0,0],"gold":560,"neow_bonus":"TEN_PERCENT_HP_BONUS","is_daily":false,"chose_seed":false,"campfire_upgraded":3,"win_rate":0.0,"timestamp":1613106109,"path_taken":["R_BF","M","M","M","M","?","T","R","?","M","R","?","M","M","M","BOSS","R","M","?","?","?","M","T","?","M","R","?","M","R","M","M","BOSS"],"items_purchased_type":[],"build_version":"2020-12-22","purchased_purges":0,"victory":false,"max_hp_per_floor":[77,77,77,77,77,77,77,87,92,92,92,92,92,92,92,92,92,92,92,92,92,92,92,92,92,92,92,92,92,92,92,92,92,92,92],"card_choices":[{"not_picked":["bronze:Turbo","bronze:Deprecate"],"picked":"bronze:OilSpill","floor":2.0},{"not_picked":["bronze:Shield","bronze:ForceShield"],"picked":"bronze:FineTuning","floor":3.0},{"not_picked":["bronze:Fortify","bronze:BuggyMess"],"picked":"bronze:Iterate","floor":4.0},{"not_picked":["bronze:ForceShield","bronze:Turbo"],"picked":"bronze:Shell","floor":5.0},{"not_picked":["bronze:BuggyMess","bronze:Turbo"],"picked":"bronze:Repair","floor":9.0},{"not_picked":["bronze:DelayedSlice","bronze:Turbo"],"picked":"bronze:Overheat","floor":10.0},{"not_picked":["bronze:MaxOutput","bronze:DarkDash"],"picked":"bronze:Allocate","floor":13.0},{"not_picked":["bronze:Shield","bronze:Virus"],"picked":"bronze:Boost","floor":14.0},{"not_picked":["bronze:DigitalCarnage","bronze:OilSpill"],"picked":"bronze:WildBeam","floor":15.0},{"not_picked":["bronze:Assembly","bronze:Virus"],"picked":"bronze:HyperBeam","floor":16.0},{"not_picked":["bronze:BugBarrage","bronze:BitShift"],"picked":"bronze:Overheat","floor":19.0},{"not_picked":["bronze:Shield","bronze:Iterate"],"picked":"bronze:BuggyMess","floor":20.0},{"not_picked":["bronze:FindAndReplace","bronze:Invalidate"],"picked":"bronze:GetLatest","floor":23.0},{"not_picked":["bronze:Return","bronze:Shield"],"picked":"bronze:FineTuning+1","floor":26},{"not_picked":["bronze:Backtrace","bronze:Deprecate+1"],"picked":"bronze:DelayedSlice","floor":29},{"not_picked":["bronze:CutThrough","bronze:Verify"],"picked":"bronze:DelayedSlice+1","floor":31},{"not_picked":["bronze:DarkDash","bronze:GetLatest+1"],"picked":"bronze:MaxOutput+1","floor":32}],"player_experience":148189,"relics_obtained":[{"floor":22.0,"key":"Eternal Feather"},{"floor":24.0,"key":"Gremlin Horn"}],"event_choices":[{"damage_healed":24.0,"max_hp_gain":0.0,"max_hp_loss":0.0,"gold_gain":0.0,"event_name":"Wheel of Change","player_choice":"Full Heal","floor":6.0,"gold_loss":0.0,"damage_taken":0.0},{"damage_healed":0.0,"max_hp_gain":0.0,"max_hp_loss":0.0,"gold_gain":0.0,"event_name":"Addict","player_choice":"Stole Relic","floor":21.0,"gold_loss":0.0,"damage_taken":0.0,"relics_obtained":["Replay:Kaleidoscope"],"cards_obtained":["Pride"]},{"cards_removed":["bronze:Overheat"],"damage_healed":5,"gold_gain":0,"player_choice":"Offered Common","damage_taken":0,"max_hp_gain":0,"max_hp_loss":0,"event_name":"Bonfire Elementals","floor":28,"gold_loss":0},{"cards_removed":["bronze:Overheat"],"damage_healed":5,"gold_gain":0,"player_choice":"Offered Special","damage_taken":0,"max_hp_gain":0,"max_hp_loss":0,"event_name":"Bonfire Elementals","floor":28,"gold_loss":0}],"is_beta":false,"boss_relics":[{"not_picked":["Runic Dome","Sozu"],"picked":"Abe\u0027s Treasure"}],"items_purged_floors":[],"is_endless":false,"potions_floor_spawned":[3,5,9,13,16,19,20,32],"killed_by":"WA_ARCHETYPE_CALM","ascension_level":0}}