{"host":"3qkmyeoym75lj4wn","time":1613156655,"event":{"mods":["2.2 Compatiblity","BaseMod","Block Reminder","Colored Powertips","Highlight Path","Minty Spire (QoL Compilation)","Permanent Neow","Potion Indicator Mod","Rare Cards Sparkle","Relic Stats","StSLib","Unceasing Turn Reminder"],"gold_per_floor":[119,269,288,213,231,231,273,290,314,314,18,18,54,54,54,54,54],"floor_reached":16,"language":"ENG","playtime":556,"items_purged":[],"score":216,"play_id":"917e4b7d-1beb-4282-9b79-f3cb846db38a","local_time":"20210212190415","is_ascension_mode":true,"campfire_choices":[{"data":"Infinite Blades","floor":6.0,"key":"SMITH"},{"floor":12,"key":"REST"},{"data":"Noxious Fumes","floor":15,"key":"SMITH"}],"circlet_count":0,"master_deck":["AscendersBane","Strike_G","Strike_G","Strike_G","Strike_G","Strike_G","Defend_G","Defend_G","Defend_G","Defend_G","Defend_G","Survivor","Neutralize","Infinite Blades+1","Flying Knee","Escape Plan","Noxious Fumes+1","Footwork","Deflect","Blade Dance"],"relics":["Ring of the Snake","Oddly Smooth Stone","CeramicFish","Art of War","Anchor","PreservedInsect"],"acts_visited":["Exordium"],"potions_floor_usage":[8],"damage_taken":[{"damage":0.0,"enemies":"2 Louse","floor":1.0,"turns":3.0},{"damage":3.0,"enemies":"Small Slimes","floor":3.0,"turns":5.0},{"damage":0.0,"enemies":"Cultist","floor":5.0,"turns":3.0},{"damage":36.0,"enemies":"3 Sentries","floor":7.0,"turns":12.0},{"damage":0,"enemies":"Large Slime","floor":8,"turns":4},{"damage":16,"enemies":"Lagavulin","floor":13,"turns":9},{"damage":25,"enemies":"The Guardian","floor":16,"turns":6}],"seed_played":"883223118187756323","potions_obtained":[{"floor":5.0,"key":"BlessingOfTheForge"},{"floor":7.0,"key":"FearPotion"},{"floor":10,"key":"Energy Potion"},{"floor":10,"key":"Explosive Potion"}],"is_trial":false,"path_per_floor":["M","?","M","?","M","R","E","M","T","?","$","R","E","$","R","B"],"character_chosen":"THE_SILENT","items_purchased":["Footwork","Anchor","Deflect"],"campfire_rested":1,"item_purchase_floors":[11,11,11],"current_hp_per_floor":[59,59,56,56,56,56,20,20,20,20,20,39,23,23,23,0,0],"gold":54,"neow_bonus":"RANDOM_COMMON_RELIC","is_daily":false,"chose_seed":false,"campfire_upgraded":2,"win_rate":0.0,"timestamp":1613156655,"path_taken":["M","?","M","?","M","R","E","M","T","?","$","R","E","$","R","BOSS"],"items_purchased_type":["Card","Relic","Card"],"build_version":"2020-12-22","purchased_purges":0,"victory":false,"max_hp_per_floor":[66,66,66,66,66,66,66,66,66,66,66,66,66,66,66,66,66],"relic_stats":{"counters":[7,42],"CeramicFish":36,"PreservedInsect":0,"Art of War":[1],"obtain_stats":[{"Anchor":11,"CeramicFish":7,"Oddly Smooth Stone":0,"PreservedInsect":13,"Art of War":9,"Ring of the Snake":0},{"Anchor":5,"CeramicFish":4,"Oddly Smooth Stone":0,"PreservedInsect":6,"Art of War":5,"Ring of the Snake":0},{"Anchor":27,"CeramicFish":23,"Oddly Smooth Stone":0,"PreservedInsect":36,"Art of War":27,"Ring of the Snake":0}],"Ring of the Snake":[14]},"card_choices":[{"not_picked":["Cloak And Dagger","Dodge and Roll"],"picked":"Infinite Blades","floor":1.0},{"not_picked":["Outmaneuver","Caltrops"],"picked":"Flying Knee","floor":3.0},{"not_picked":["Skewer","Flying Knee"],"picked":"Escape Plan","floor":5.0},{"not_picked":["Underhanded Strike","Deflect"],"picked":"Noxious Fumes","floor":7.0},{"not_picked":["Expertise","Flying Knee","Predator"],"picked":"SKIP","floor":8},{"not_picked":["Dagger Throw","Finisher"],"picked":"Blade Dance","floor":13}],"player_experience":1749470,"relics_obtained":[{"floor":7.0,"key":"CeramicFish"},{"floor":9,"key":"Art of War"},{"floor":13,"key":"PreservedInsect"}],"event_choices":[{"damage_healed":0.0,"max_hp_gain":0.0,"max_hp_loss":0.0,"gold_gain":150.0,"event_name":"Liars Game","player_choice":"AGREE","floor":2.0,"gold_loss":0.0,"damage_taken":0.0,"cards_obtained":["Doubt"]},{"cards_removed":["Doubt"],"damage_healed":0.0,"max_hp_gain":0.0,"max_hp_loss":0.0,"gold_gain":0.0,"event_name":"The Cleric","player_choice":"Card Removal","floor":4.0,"gold_loss":75.0,"damage_taken":0.0},{"damage_healed":0,"gold_gain":0,"player_choice":"Got Potions","damage_taken":0,"max_hp_gain":0,"max_hp_loss":0,"event_name":"Lab","floor":10,"gold_loss":0}],"is_beta":false,"boss_relics":[],"items_purged_floors":[],"is_endless":false,"potions_floor_spawned":[5,7],"killed_by":"The Guardian","ascension_level":20}}