{"host":"m4a4k3ia027windw","time":1613173006,"event":{"mods":["2.2 Compatiblity","AchievementEnabler","BaseMod","Colored Map","DeckTracker","Highlight Path","Minty Spire (QoL Compilation)","Random Character Button","Rare Cards Sparkle"],"gold_per_floor":[20,20,20,20,20,59,82,151,151,151,166,166,166,191,191,191,191],"floor_reached":16,"language":"POL","playtime":593,"items_purged":[],"score":196,"play_id":"027b4ac3-206d-40cb-a1f8-573bd912fc22","local_time":"20210213003646","is_ascension_mode":true,"campfire_choices":[{"data":"Chrysalis","floor":10,"key":"SMITH"},{"data":"Perfected Strike","floor":12,"key":"SMITH"},{"floor":15,"key":"REST"}],"circlet_count":0,"master_deck":["AscendersBane","Strike_R","Strike_R","Strike_R","Strike_R","Strike_R","Defend_R","Defend_R","Defend_R","Defend_R","Bash","Chrysalis+1","Perfected Strike+1","Injury","Headbutt","Disarm","Whirlwind","True Grit"],"relics":["Burning Blood","Golden Idol","Bag of Preparation","Self Forming Clay","Darkstone Periapt","Prayer Wheel","Lizard Tail"],"acts_visited":["Exordium"],"potions_floor_usage":[6],"damage_taken":[{"damage":18,"enemies":"Cultist","floor":1,"turns":6},{"damage":8,"enemies":"Gremlin Nob","floor":6,"turns":3},{"damage":10,"enemies":"Jaw Worm","floor":7,"turns":4},{"damage":15,"enemies":"Small Slimes","floor":11,"turns":4},{"damage":9,"enemies":"Looter","floor":14,"turns":3},{"damage":15,"enemies":"The Guardian","floor":16,"turns":11}],"seed_played":"-794657791413508717","potions_obtained":[{"floor":1,"key":"AttackPotion"},{"floor":7,"key":"LiquidMemories"},{"floor":11,"key":"Ancient Potion"}],"is_trial":false,"path_per_floor":["M","?","$","?","?","E","M","T","T","R","M","R","?","M","R","B"],"character_chosen":"IRONCLAD","items_purchased":[],"campfire_rested":1,"item_purchase_floors":[],"current_hp_per_floor":[56,56,56,51,56,54,50,50,50,50,41,41,41,38,62,47,47],"gold":191,"neow_bonus":"RANDOM_COLORLESS_2","is_daily":false,"chose_seed":false,"campfire_upgraded":2,"win_rate":0.0,"timestamp":1613173006,"path_taken":["M","?","$","?","?","E","M","?","T","R","M","R","?","M","R","BOSS"],"items_purchased_type":[],"build_version":"2020-12-22","purchased_purges":0,"victory":false,"max_hp_per_floor":[75,75,75,75,80,80,80,80,80,80,80,80,80,80,80,80,80],"card_choices":[{"not_picked":["Sadistic Nature","Magnetism"],"picked":"Chrysalis","floor":0},{"not_picked":["Clothesline","Bloodletting"],"picked":"Perfected Strike","floor":1},{"not_picked":["Fire Breathing","Reaper"],"picked":"Headbutt","floor":6},{"not_picked":["Rage","Infernal Blade"],"picked":"Disarm","floor":7},{"not_picked":["Rampage","Heavy Blade"],"picked":"Whirlwind","floor":11},{"not_picked":["Cleave","Heavy Blade","Havoc"],"picked":"SKIP","floor":11},{"not_picked":["Feel No Pain","Heavy Blade"],"picked":"True Grit","floor":14},{"not_picked":["Body Slam","Metallicize","Power Through"],"picked":"SKIP","floor":14}],"player_experience":471086,"relics_obtained":[{"floor":6,"key":"Self Forming Clay"},{"floor":8,"key":"Darkstone Periapt"},{"floor":9,"key":"Prayer Wheel"}],"event_choices":[{"damage_healed":0,"gold_gain":0,"player_choice":"Take Wound","damage_taken":0,"relics_obtained":["Golden Idol"],"max_hp_gain":0,"max_hp_loss":0,"event_name":"Golden Idol","floor":2,"gold_loss":0,"cards_obtained":["Injury"]},{"damage_healed":0,"gold_gain":0,"player_choice":"Success","damage_taken":5,"relics_obtained":["Bag of Preparation"],"max_hp_gain":0,"max_hp_loss":0,"event_name":"Scrap Ooze","floor":4,"gold_loss":0},{"damage_healed":0,"gold_gain":0,"player_choice":"Donut","damage_taken":0,"max_hp_gain":5,"max_hp_loss":0,"event_name":"Big Fish","floor":5,"gold_loss":0},{"damage_healed":0,"gold_gain":0,"player_choice":"Gave Potion","damage_taken":0,"relics_obtained":["Lizard Tail"],"max_hp_gain":0,"max_hp_loss":0,"event_name":"WeMeetAgain","floor":13,"gold_loss":0}],"is_beta":false,"boss_relics":[],"items_purged_floors":[],"is_endless":false,"potions_floor_spawned":[1,7,11],"killed_by":"The Guardian","ascension_level":20}}