{"host":"dhlnk6yox2l1s6up","time":1613148354,"event":{"mods":["BaseMod","Minty Spire (QoL Compilation)","Relic Stats","StSLib","ojb\u0027s Info Mod"],"gold_per_floor":[13,25,39,56,74,74,105,118,118,39,39,39],"floor_reached":11,"language":"ENG","playtime":670,"items_purged":[],"score":116,"play_id":"0e71133b-4b53-4bb1-91f8-eaf5f8746b43","local_time":"20210212104554","is_ascension_mode":true,"campfire_choices":[{"data":"Blade Dance","floor":6,"key":"SMITH"}],"circlet_count":0,"master_deck":["AscendersBane","Strike_G","Strike_G","Strike_G","Strike_G","Strike_G","Defend_G","Defend_G","Defend_G","Defend_G","Defend_G","Survivor","Neutralize","Bullet Time","Blade Dance+1","Terror","Dash","Blade Dance","Acrobatics"],"relics":["Ring of the Snake","Eternal Feather","Calipers"],"acts_visited":["Exordium"],"potions_floor_usage":[11,11,11],"damage_taken":[{"damage":9,"enemies":"Cultist","floor":1,"turns":5},{"damage":4,"enemies":"Small Slimes","floor":2,"turns":3},{"damage":0,"enemies":"Jaw Worm","floor":3,"turns":2},{"damage":0,"enemies":"Red Slaver","floor":4,"turns":2},{"damage":4,"enemies":"3 Louse","floor":5,"turns":4},{"damage":44,"enemies":"Gremlin Nob","floor":7,"turns":5},{"damage":0,"enemies":"2 Fungi Beasts","floor":8,"turns":3},{"damage":5,"enemies":"3 Sentries","floor":11,"turns":7}],"seed_played":"-8440024367412378569","potions_obtained":[{"floor":3,"key":"SpeedPotion"},{"floor":8,"key":"FearPotion"}],"is_trial":false,"path_per_floor":["M","M","M","M","M","R","E","M","T","$","E"],"character_chosen":"THE_SILENT","items_purchased":["DistilledChaos"],"campfire_rested":0,"item_purchase_floors":[10],"current_hp_per_floor":[54,50,50,50,46,46,2,2,2,2,0,0],"gold":39,"neow_bonus":"THREE_RARE_CARDS","is_daily":false,"chose_seed":false,"campfire_upgraded":1,"win_rate":0.0,"timestamp":1613148354,"path_taken":["M","M","?","M","M","R","E","M","T","$","E"],"items_purchased_type":["Potion"],"build_version":"2020-12-22","purchased_purges":0,"victory":false,"max_hp_per_floor":[70,70,70,70,70,70,70,70,70,70,70,70],"relic_stats":{"counters":[8,31],"Eternal Feather":0,"obtain_stats":[{"Calipers":9,"Eternal Feather":7,"Ring of the Snake":0},{"Calipers":7,"Eternal Feather":6,"Ring of the Snake":0},{"Calipers":24,"Eternal Feather":21,"Ring of the Snake":0}],"Ring of the Snake":[16]},"card_choices":[{"not_picked":["A Thousand Cuts","Night Terror"],"picked":"Bullet Time","floor":0},{"not_picked":["Outmaneuver","Poisoned Stab"],"picked":"Blade Dance","floor":1},{"not_picked":["Eviscerate","Bane"],"picked":"Terror","floor":2},{"not_picked":["Noxious Fumes","Underhanded Strike"],"picked":"Dash","floor":3},{"not_picked":["Flying Knee","Phantasmal Killer","Dodge and Roll"],"picked":"SKIP","floor":4},{"not_picked":["Prepared","Underhanded Strike","Outmaneuver"],"picked":"SKIP","floor":5},{"not_picked":["Dagger Spray","Prepared"],"picked":"Blade Dance","floor":7},{"not_picked":["Terror","Cloak And Dagger"],"picked":"Acrobatics","floor":8}],"player_experience":6209958,"relics_obtained":[{"floor":7,"key":"Eternal Feather"},{"floor":9,"key":"Calipers"}],"event_choices":[],"is_beta":false,"boss_relics":[],"items_purged_floors":[],"is_endless":false,"potions_floor_spawned":[3,8],"killed_by":"3 Sentries","ascension_level":10}}