{"host":"xo0glkmxta74xh34","time":1613107476,"event":{"mods":["BaseMod","Downfall","Minty Spire (QoL Compilation)","Reliquary","Replay The Spire","StSLib"],"gold_per_floor":[99,115,128,141,160,160,160,172,48,74,74,74,74,99,113,113,113,113],"floor_reached":16,"language":"ENG","playtime":590,"items_purged":["champ:Strike"],"score":137,"play_id":"342d4e1c-eb5b-430d-bc49-16b7abe5b4e7","local_time":"20210211232436","is_ascension_mode":true,"campfire_choices":[{"data":"champ:HeavySlash","floor":6.0,"key":"SMITH"},{"floor":11.0,"key":"REST"}],"circlet_count":0,"master_deck":["champ:Strike","champ:Strike","champ:Defend","champ:Defend","champ:Defend","champ:Defend","champ:Execute","champ:Taunt","champ:HeavySlash+1","champ:IronFortress","champ:IronFortress","champ:FlashCut+1","champ:EnchantSword+1"],"relics":["champ:ChampionCrown","Replay:Bottled Steam","WingedGreaves","Garlic"],"acts_visited":["Exordium"],"potions_floor_usage":[16],"damage_taken":[{"damage":28.0,"enemies":"Cultist","floor":2.0,"turns":4.0},{"damage":11.0,"enemies":"2 Louse","floor":3.0,"turns":3.0},{"damage":13.0,"enemies":"Jaw Worm","floor":4.0,"turns":5.0},{"damage":13.0,"enemies":"3 Louse","floor":5.0,"turns":4.0},{"damage":27.0,"enemies":"2 Fungi Beasts","floor":8.0,"turns":5.0},{"damage":10.0,"enemies":"downfall:FleeingMerchant","floor":9.0,"turns":4.0},{"damage":38.0,"enemies":"Gremlin Nob","floor":14.0,"turns":5.0},{"damage":40.0,"enemies":"Large Slime","floor":15.0,"turns":5.0},{"damage":87,"enemies":"IC_STATUS_ARCHETYPE","floor":16,"turns":10}],"seed_played":"-1291217016454296477","potions_obtained":[{"floor":2.0,"key":"Swift Potion"},{"floor":8.0,"key":"SmokeBomb"}],"is_trial":false,"path_per_floor":["R","M","M","M","M","R","T","M","$","?","R","?","?","E","M","B"],"character_chosen":"THE_CHAMP","items_purchased":["champ:FlashCut+1"],"campfire_rested":1,"item_purchase_floors":[9],"current_hp_per_floor":[81,78,77,74,71,71,71,64,59,32,64,100,100,82,62,0,0,0],"gold":113,"neow_bonus":"TWENTY_PERCENT_HP_BONUS","is_daily":false,"chose_seed":false,"campfire_upgraded":1,"win_rate":0.0,"timestamp":1613107476,"path_taken":["R","M","M","M","?","R","T","M","$","?","R","?","?","E","M","BOSS"],"items_purchased_type":["Card"],"build_version":"2020-12-22","purchased_purges":1,"victory":false,"max_hp_per_floor":[108,108,108,108,108,108,108,108,108,108,108,108,108,108,108,108,108,108],"card_choices":[{"not_picked":["champ:Encircle","champ:DefensiveShout"],"picked":"champ:IronFortress","floor":2.0},{"not_picked":["champ:EnGarde","champ:Shatter","champ:HeartStrike"],"picked":"SKIP","floor":3.0},{"not_picked":["champ:RecklessLeap","champ:FlashCut"],"picked":"champ:IronFortress","floor":4.0},{"not_picked":["champ:GladiatorStyle","champ:ViciousMockery","champ:Circumvent"],"picked":"SKIP","floor":5.0},{"not_picked":["champ:Haymaker","champ:Lariat","champ:AdrenalArmor"],"picked":"SKIP","floor":8.0},{"not_picked":["champ:DefensiveShout","champ:GutPunch","champ:StanceDance"],"picked":"SKIP","floor":9.0},{"not_picked":["champ:ShieldSigil","champ:DefensiveShout"],"picked":"champ:EnchantSword","floor":10.0},{"not_picked":["champ:FanOfKnives","champ:DefensiveShout","champ:ShieldSigil"],"picked":"SKIP","floor":14.0},{"not_picked":["champ:BringItOn","champ:RageSigil","champ:TornadoPunch"],"picked":"SKIP","floor":15.0}],"player_experience":470001,"relics_obtained":[{"floor":7.0,"key":"Replay:Bottled Steam"},{"floor":10.0,"key":"WingedGreaves"},{"floor":14.0,"key":"Garlic"}],"event_choices":[{"damage_healed":36.0,"max_hp_gain":0.0,"max_hp_loss":0.0,"gold_gain":0.0,"event_name":"Big Fish","player_choice":"Banana","floor":12.0,"gold_loss":0.0,"damage_taken":0.0},{"damage_healed":0.0,"max_hp_gain":0.0,"max_hp_loss":0.0,"gold_gain":0.0,"event_name":"Living Wall","player_choice":"Grow","floor":13.0,"gold_loss":0.0,"damage_taken":0.0,"cards_upgraded":["champ:EnchantSword"]}],"is_beta":false,"boss_relics":[],"items_purged_floors":[9],"is_endless":false,"potions_floor_spawned":[2,8],"killed_by":"IC_STATUS_ARCHETYPE","ascension_level":2}}