{"host":"jngeqill3bw7azzz","time":1613173700,"event":{"mods":["BaseMod","Highlight Path","Minty Spire (QoL Compilation)","Permanent Neow","Relic Stats"],"gold_per_floor":[113,113,73,90,106,106,139,139,139,152,194,194,43,62,62,148,148,169,84,94,61,61,61,92,92,92],"floor_reached":25,"language":"ENG","playtime":1695,"items_purged":["Defend_R"],"score":458,"play_id":"412552b4-4e15-4292-a7ce-0083c6b3feb2","local_time":"20210212184820","is_ascension_mode":true,"campfire_choices":[{"data":"Armaments","floor":6,"key":"SMITH"},{"data":"Bash","floor":8,"key":"SMITH"},{"data":"Shrug It Off","floor":12,"key":"SMITH"},{"data":"Havoc","floor":15,"key":"SMITH"},{"floor":23,"key":"REST"}],"circlet_count":0,"master_deck":["AscendersBane","Strike_R","Strike_R","Defend_R","Defend_R","Bash+1","Sword Boomerang","Fire Breathing","Shrug It Off+1","Iron Wave","Armaments+1","Iron Wave","Dropkick","Impervious","Havoc+1","Corruption","Dual Wield","Burning Pact"],"relics":["Burning Blood","InkBottle","Bottled Lightning","CeramicFish","SlaversCollar","Charon\u0027s Ashes"],"acts_visited":["Exordium","TheCity"],"potions_floor_usage":[7,11,16,18,24],"damage_taken":[{"damage":7,"enemies":"2 Louse","floor":1,"turns":4},{"damage":9,"enemies":"Jaw Worm","floor":4,"turns":4},{"damage":1,"enemies":"Cultist","floor":5,"turns":3},{"damage":20,"enemies":"Lagavulin","floor":7,"turns":7},{"damage":2,"enemies":"Large Slime","floor":10,"turns":5},{"damage":5,"enemies":"3 Sentries","floor":11,"turns":4},{"damage":15,"enemies":"Gremlin Gang","floor":14,"turns":6},{"damage":6,"enemies":"Slime Boss","floor":16,"turns":7},{"damage":29,"enemies":"3 Byrds","floor":18,"turns":7},{"damage":35,"enemies":"2 Thieves","floor":20,"turns":5},{"damage":20,"enemies":"Slavers","floor":24,"turns":4},{"damage":28,"enemies":"Shelled Parasite and Fungi","floor":25,"turns":4}],"seed_played":"8287502401783023291","potions_obtained":[{"floor":3,"key":"Explosive Potion"},{"floor":3,"key":"BlessingOfTheForge"},{"floor":3,"key":"Strength Potion"},{"floor":7,"key":"HeartOfIron"},{"floor":11,"key":"FearPotion"},{"floor":16,"key":"Regen Potion"}],"is_trial":false,"path_per_floor":["M","?","?","M","M","R","E","R","T","M","E","R","$","M","R","B",null,"M","?","M","$","?","R","E","M"],"character_chosen":"IRONCLAD","items_purchased":["Impervious","Burning Pact"],"campfire_rested":1,"item_purchase_floors":[13,21],"current_hp_per_floor":[67,60,60,57,62,62,48,48,48,52,53,53,53,44,44,44,62,51,51,22,22,22,42,28,0,0],"gold":92,"neow_bonus":"TRANSFORM_TWO_CARDS","is_daily":false,"chose_seed":false,"campfire_upgraded":4,"win_rate":0.0,"timestamp":1613173700,"path_taken":["M","?","?","M","M","R","E","R","T","M","E","R","$","M","R","BOSS","M","?","M","$","?","R","E","?"],"items_purchased_type":["Card","Card"],"build_version":"2020-12-22","purchased_purges":1,"victory":false,"max_hp_per_floor":[68,68,68,68,68,68,68,68,68,68,68,68,68,68,68,68,68,68,68,68,68,68,68,68,68,68],"relic_stats":{"counters":[12,60],"CeramicFish":54,"Charon\u0027s Ashes":[116],"obtain_stats":[{"SlaversCollar":17,"CeramicFish":11,"Charon\u0027s Ashes":19,"Bottled Lightning":9,"Burning Blood":0,"InkBottle":7},{"SlaversCollar":8,"CeramicFish":6,"Charon\u0027s Ashes":9,"Bottled Lightning":4,"Burning Blood":0,"InkBottle":4},{"SlaversCollar":40,"CeramicFish":27,"Charon\u0027s Ashes":47,"Bottled Lightning":18,"Burning Blood":0,"InkBottle":18}],"Burning Blood":66,"InkBottle":[14]},"card_choices":[{"not_picked":["True Grit","Evolve"],"picked":"Shrug It Off","floor":1},{"not_picked":["Flex","Searing Blow"],"picked":"Iron Wave","floor":4},{"not_picked":["Cleave","Shrug It Off"],"picked":"Armaments","floor":5},{"not_picked":["Wild Strike","Disarm"],"picked":"Iron Wave","floor":7},{"not_picked":["Infernal Blade","Cleave","Perfected Strike"],"picked":"SKIP","floor":10},{"not_picked":["Metallicize","Cleave"],"picked":"Dropkick","floor":11},{"not_picked":["Armaments","Reaper"],"picked":"Havoc","floor":14},{"not_picked":["Exhume","Reaper"],"picked":"Corruption","floor":16},{"not_picked":["Shrug It Off","Metallicize"],"picked":"Dual Wield","floor":18},{"not_picked":["Havoc","Shrug It Off","Cleave"],"picked":"SKIP","floor":20},{"not_picked":["Havoc","Second Wind","Armaments"],"picked":"SKIP","floor":24}],"player_experience":2627975,"relics_obtained":[{"floor":7,"key":"InkBottle"},{"floor":9,"key":"Bottled Lightning"},{"floor":11,"key":"CeramicFish"}],"event_choices":[{"cards_removed":["Strike_R"],"damage_healed":0,"gold_gain":0,"player_choice":"Card Removal","damage_taken":7,"max_hp_gain":0,"max_hp_loss":0,"event_name":"Golden Wing","floor":2,"gold_loss":0},{"damage_healed":0,"gold_gain":0,"player_choice":"Bought 3 Potions","damage_taken":0,"max_hp_gain":0,"max_hp_loss":0,"event_name":"The Woman in Blue","floor":3,"gold_loss":0},{"damage_healed":0,"gold_gain":0,"player_choice":"Obtained Relic","damage_taken":0,"relics_obtained":["Charon\u0027s Ashes"],"max_hp_gain":0,"max_hp_loss":0,"event_name":"Addict","floor":19,"gold_loss":85},{"cards_removed":["Strike_R"],"damage_healed":0,"gold_gain":0,"player_choice":"Offered Basic","damage_taken":0,"max_hp_gain":0,"max_hp_loss":0,"event_name":"Bonfire Elementals","floor":22,"gold_loss":0}],"is_beta":false,"boss_relics":[{"not_picked":["Calling Bell","Black Blood"],"picked":"SlaversCollar"}],"items_purged_floors":[13],"is_endless":false,"potions_floor_spawned":[7,11,14,16],"killed_by":"Shelled Parasite and Fungi","ascension_level":20}}