{"host":"nsc6ozq3atyrdr3m","time":1613145548,"event":{"mods":["BaseMod","Colored Map","Minty Spire (QoL Compilation)"],"gold_per_floor":[113,263,61,61,74,101,101,135,161,161,161,175,175,175,175,175,175],"floor_reached":16,"language":"FRA","playtime":170,"items_purged":["Doubt"],"score":262,"play_id":"28f5a510-f443-4a9b-b846-2852786cd4cd","local_time":"20210212165908","is_ascension_mode":true,"campfire_choices":[{"data":"Whirlwind","floor":7,"key":"SMITH"},{"data":"Flex","floor":11,"key":"SMITH"},{"data":"Flex","floor":13,"key":"SMITH"},{"floor":15,"key":"REST"}],"circlet_count":0,"master_deck":["AscendersBane","Strike_R","Strike_R","Strike_R","Strike_R","Strike_R","Defend_R","Defend_R","Defend_R","Bash","Whirlwind+1","Flex+1","Flex+1","Bloodletting"],"relics":["Burning Blood","NeowsBlessing","Blood Vial","Shovel","Boot","Matryoshka"],"acts_visited":["Exordium"],"potions_floor_usage":[],"damage_taken":[{"damage":0,"enemies":"Cultist","floor":1,"turns":1},{"damage":0,"enemies":"Small Slimes","floor":5,"turns":1},{"damage":0,"enemies":"Gremlin Nob","floor":6,"turns":1},{"damage":35,"enemies":"3 Sentries","floor":8,"turns":4},{"damage":7,"enemies":"Jaw Worm","floor":12,"turns":2},{"damage":72,"enemies":"The Guardian","floor":16,"turns":6}],"seed_played":"5746434221906526962","potions_obtained":[{"floor":6,"key":"ElixirPotion"},{"floor":8,"key":"Fire Potion"}],"is_trial":false,"path_per_floor":["M","?","$","?","M","E","R","E","T","T","R","M","R","?","R","B"],"character_chosen":"IRONCLAD","items_purchased":["Whirlwind","Flex"],"campfire_rested":1,"item_purchase_floors":[3,3],"current_hp_per_floor":[74,74,74,74,75,75,75,46,46,46,46,47,47,47,69,0,0],"gold":175,"neow_bonus":"THREE_ENEMY_KILL","is_daily":false,"chose_seed":false,"campfire_upgraded":3,"win_rate":0.0,"timestamp":1613145548,"path_taken":["M","?","$","?","?","E","R","E","T","?","R","?","R","?","R","BOSS"],"items_purchased_type":["Card","Card"],"build_version":"2020-12-22","purchased_purges":1,"victory":false,"max_hp_per_floor":[75,75,75,75,75,75,75,75,75,75,75,75,75,75,75,75,75],"card_choices":[{"not_picked":["Anger","Second Wind","Armaments"],"picked":"SKIP","floor":1},{"not_picked":["Perfected Strike","Fiend Fire"],"picked":"Flex","floor":5},{"not_picked":["Perfected Strike","Clash","Ghostly Armor"],"picked":"SKIP","floor":6},{"not_picked":["Havoc","Blood for Blood","Infernal Blade"],"picked":"SKIP","floor":8},{"not_picked":["Combust","Pommel Strike"],"picked":"Bloodletting","floor":12}],"player_experience":395935,"relics_obtained":[{"floor":6,"key":"Blood Vial"},{"floor":8,"key":"Shovel"},{"floor":9,"key":"Boot"},{"floor":10,"key":"Matryoshka"}],"event_choices":[{"damage_healed":0,"gold_gain":150,"player_choice":"AGREE","damage_taken":0,"max_hp_gain":0,"max_hp_loss":0,"event_name":"Liars Game","floor":2,"gold_loss":0,"cards_obtained":["Doubt"]},{"cards_removed":["Defend_R"],"damage_healed":0,"gold_gain":0,"player_choice":"Purged","damage_taken":0,"max_hp_gain":0,"max_hp_loss":0,"event_name":"Purifier","floor":4,"gold_loss":0},{"damage_healed":0,"gold_gain":0,"player_choice":"Ignored","damage_taken":0,"max_hp_gain":0,"max_hp_loss":0,"event_name":"Shining Light","floor":14,"gold_loss":0}],"is_beta":false,"boss_relics":[],"items_purged_floors":[3],"is_endless":false,"potions_floor_spawned":[6,8],"killed_by":"The Guardian","ascension_level":20}}