{"host":"31srvgftwd43oumg","time":1613097026,"event":{"mods":["BaseMod","BetterRewards","Card Forge","Downfall","Hubris","Infinite Spire","Koishi","Luminous","Marisa????????","Minty Spire (QoL Compilation)","Remilia??????","Replay The Spire","Shop Mod","StSLib","The Bug Knight","The Cursed","The Death Knight","The Exalted","The Hierophant","The Mystic","The Necromancer"],"gold_per_floor":[114,114,188,201,46,46,62,79,79,79,99,99,110,121,121,218,218,233,233,243,243,243,243,274,292,317,339,354,354,388,388,388,388,388],"floor_reached":33,"language":"ENG","playtime":1384,"items_purged":[],"score":279,"play_id":"be844899-9fa0-419b-9b4f-6e51259d6d43","local_time":"20210211203026","daily_mods":["SealedDeck","Heirloom"],"is_ascension_mode":false,"campfire_choices":[{"data":"Genetic Algorithm","floor":6,"key":"SMITH"},{"data":"Sweeping Beam","floor":10,"key":"SMITH"},{"data":"Barrage","floor":12,"key":"SMITH"},{"data":"Hello World","floor":15,"key":"SMITH"},{"data":"Gash","floor":23,"key":"SMITH"},{"floor":29,"key":"REST"},{"data":"Echo Form","floor":32,"key":"SMITH"}],"circlet_count":0,"master_deck":["Streamline+1","Coolheaded","Sweeping Beam+1","FTL","Go for the Eyes","Gash+1","Hello World+1","Ball Lightning","Coolheaded","Genetic Algorithm+1","Barrage+1","Leap","Machine Learning","Echo Form+1","BootSequence"],"relics":["Cracked Core","Hammer of Thor","Seething Fire","Anvil of the Gods","Bromod:ArcaneAegis","Blue Candle","infinitespire:PuzzleCube","hubris:SphereOfDissonance","Black Star","Replay:Ringing Soul","Gambling Chip","CeramicFish","Potion Belt","Guardian:PocketSentry"],"acts_visited":["Exordium","TheCity"],"potions_floor_usage":[16,16,16,16,25,27,33,33,33],"damage_taken":[{"damage":0,"enemies":"2 Louse","floor":1,"turns":2},{"damage":1,"enemies":"Small Slimes","floor":4,"turns":2},{"damage":6,"enemies":"Jaw Worm","floor":7,"turns":2},{"damage":0,"enemies":"2 Fungi Beasts","floor":8,"turns":2},{"damage":0,"enemies":"Exordium Thugs","floor":11,"turns":3},{"damage":0,"enemies":"Large Slime","floor":13,"turns":3},{"damage":0,"enemies":"Red Slaver","floor":14,"turns":2},{"damage":15,"enemies":"Fading Forest","floor":16,"turns":11},{"damage":2,"enemies":"2 Thieves","floor":18,"turns":3},{"damage":6,"enemies":"Shell Parasite","floor":20,"turns":3},{"damage":18,"enemies":"Gremlin Leader","floor":24,"turns":4},{"damage":12,"enemies":"Snake Plant","floor":25,"turns":3},{"damage":13,"enemies":"Shelled Parasite and Fungi","floor":27,"turns":4},{"damage":2,"enemies":"Snecko","floor":28,"turns":5},{"damage":21,"enemies":"Slavers","floor":30,"turns":6},{"damage":25,"enemies":"Champ","floor":33,"turns":7}],"seed_played":"286740178842982917","potions_obtained":[{"floor":1,"key":"EntropicBrew"},{"floor":7,"key":"Adrenaline Potion"},{"floor":8,"key":"Explosive Potion"},{"floor":18,"key":"PotionOfCapacity"},{"floor":27,"key":"champ:CounterPotion"},{"floor":30,"key":"Slimebound:ThreeZeroPotion"}],"is_trial":true,"path_per_floor":["M","?","?","M","$","R","M","M","T","R","M","R","M","M","R","B",null,"M","$","M","?","?","R","E","M","T","M","M","R","E","?","R","B"],"character_chosen":"DEFECT","items_purchased":["infinitespire:PuzzleCube"],"campfire_rested":1,"item_purchase_floors":[5],"current_hp_per_floor":[75,70,70,69,69,69,63,63,63,63,63,63,63,63,63,58,75,73,73,67,53,53,53,35,23,23,13,11,35,17,17,17,0,0],"gold":388,"neow_bonus":"","is_daily":false,"chose_seed":false,"campfire_upgraded":6,"win_rate":0.0,"timestamp":1613097026,"path_taken":["M","?","?","M","$","R","M","M","T","R","M","R","M","M","R","BOSS","M","$","M","?","?","R","E","M","T","M","M","R","E","?","R","BOSS"],"items_purchased_type":["Relic"],"build_version":"2020-12-22","purchased_purges":0,"victory":false,"max_hp_per_floor":[75,75,75,75,75,75,75,75,75,75,75,75,75,75,75,75,75,75,75,75,80,80,80,80,80,80,83,83,83,86,86,86,86,86],"card_choices":[{"not_picked":["Turbo","Reinforced Body"],"picked":"Barrage","floor":1},{"not_picked":["Stack","Coolheaded"],"picked":"Leap","floor":4},{"not_picked":["BasicCrystalCard","Hello World","Hologram"],"picked":"SKIP","floor":7},{"not_picked":["Aggregate","Panic Button","Turbo"],"picked":"SKIP","floor":8},{"not_picked":["Beam Cell","Hologram","Turbo"],"picked":"SKIP","floor":11},{"not_picked":["Stack","Tempest","ReplayTheSpireMod:GoodbyeWorld"],"picked":"SKIP","floor":13},{"not_picked":["Turbo","Ball Lightning","Gash"],"picked":"SKIP","floor":14},{"not_picked":["Thunder Strike","Multi-Cast"],"picked":"Machine Learning","floor":16},{"not_picked":["Leap","Genetic Algorithm","Panic Button"],"picked":"SKIP","floor":18},{"not_picked":["Streamline","Rebound","Gash"],"picked":"SKIP","floor":20},{"not_picked":["Hologram+1","ReplaySolidLightProjector","Scrape"],"picked":"SKIP","floor":24},{"not_picked":["Ball Lightning","Redo+1","ReplayTheSpireMod:GoodbyeWorld"],"picked":"SKIP","floor":25},{"not_picked":["Aggregate","Recycle"],"picked":"Echo Form","floor":27},{"not_picked":["Sweeping Beam","Chaos","Cold Snap+1"],"picked":"SKIP","floor":28},{"not_picked":["Compile Driver","Barrage+1"],"picked":"BootSequence","floor":30}],"player_experience":1021659,"relics_obtained":[{"floor":9,"key":"hubris:SphereOfDissonance"},{"floor":24,"key":"Replay:Ringing Soul"},{"floor":24,"key":"Gambling Chip"},{"floor":26,"key":"CeramicFish"},{"floor":30,"key":"Potion Belt"},{"floor":30,"key":"Guardian:PocketSentry"}],"event_choices":[{"damage_healed":0,"gold_gain":74,"player_choice":"Gained Gold","damage_taken":0,"max_hp_gain":0,"max_hp_loss":0,"event_name":"Golden Wing","floor":3,"gold_loss":0},{"damage_healed":0,"gold_gain":0,"player_choice":"Shed Blood","damage_taken":19,"max_hp_gain":5,"max_hp_loss":0,"event_name":"Forgotten Altar","floor":21,"gold_loss":0}],"is_beta":false,"boss_relics":[{"not_picked":["hubris:BlackHole","hubris:CrackedHourglass"],"picked":"Black Star"}],"items_purged_floors":[],"is_endless":false,"potions_floor_spawned":[1,7,8,18,20,27,30],"killed_by":"Champ","ascension_level":0}}