{"host":"q3vq4336jf8kx1x8","time":1613136233,"event":{"mods":["BaseMod","Colored Powertips","Downfall","Minty Spire (QoL Compilation)","StSLib"],"gold_per_floor":[99,110,110,126,136,155,155,155,330,22,22,36,21,56,66,166,166,166,178,178,193,101,1,78,95,107,123,143,143,143,156,172,172,172,172],"floor_reached":33,"language":"DEU","playtime":2281,"items_purged":[],"score":253,"play_id":"d8a90632-69fb-4059-a113-2f6b2c7f7200","local_time":"20210212142353","is_ascension_mode":false,"campfire_choices":[{"data":"Slimebound:CorrosiveSpit","floor":1,"key":"SMITH"},{"data":"Slimebound:Split","floor":8,"key":"SMITH"},{"floor":18,"key":"RECALL"},{"floor":23,"key":"REST"},{"floor":30,"key":"REST"}],"circlet_count":0,"master_deck":["Slimebound:Strike_Slimebound","Slimebound:Strike_Slimebound","Slimebound:Strike_Slimebound+1","Slimebound:Tackle","Slimebound:Defend_Slimebound","Slimebound:Defend_Slimebound","Slimebound:Defend_Slimebound","Slimebound:Defend_Slimebound","Slimebound:Split+1","Slimebound:CorrosiveSpit+1","Slimebound:Gluttony","Slimebound:FlameTackle","Slimebound:SplitLeeching","Slimebound:LeechLife","expansioncontent:QuickStudy","Slimebound:Repurpose","Slimebound:LeechEnergy","Slimebound:LeechingTouch","Slimebound:Repurpose","Slimebound:LivingWall","Slimebound:SplitLeeching","Slimebound:MassFeed","Slimebound:Overexert","Slimebound:ComboTackle","Slimebound:Repurpose+1","Slimebound:LevelUp","Slimebound:Nibble","Slimebound:SelfFormingGoo","Slimebound:ProtectTheBoss+1","Slimebound:Replication","Slimebound:Prepare"],"relics":["Slimebound:AbsorbEndCombat","Slimebound:MaxSlimesRelic","Gremlin Horn","Pen Nib","Potion Belt","Fusion Hammer","downfall:HeartBlessingRed","Shuriken"],"acts_visited":["Exordium","TheCity"],"potions_floor_usage":[6,27,27,33,33],"damage_taken":[{"damage":6,"enemies":"Jaw Worm","floor":2,"turns":3},{"damage":8,"enemies":"2 Louse","floor":4,"turns":3},{"damage":0,"enemies":"Cultist","floor":5,"turns":3},{"damage":6,"enemies":"Gremlin Gang","floor":6,"turns":5},{"damage":3,"enemies":"downfall:FleeingMerchant","floor":10,"turns":4},{"damage":7,"enemies":"Blue Slaver","floor":12,"turns":2},{"damage":4,"enemies":"downfall:FleeingMerchant","floor":13,"turns":4},{"damage":7,"enemies":"3 Sentries","floor":14,"turns":5},{"damage":9,"enemies":"Large Slime","floor":15,"turns":2},{"damage":19,"enemies":"SI_SHIV_ARCHETYPE","floor":16,"turns":8},{"damage":4,"enemies":"Chosen","floor":19,"turns":5},{"damage":0,"enemies":"Snecko","floor":21,"turns":3},{"damage":6,"enemies":"downfall:FleeingMerchant","floor":22,"turns":4},{"damage":21,"enemies":"Cultist and Chosen","floor":25,"turns":5},{"damage":9,"enemies":"Centurion and Healer","floor":26,"turns":3},{"damage":18,"enemies":"Snake Plant","floor":27,"turns":4},{"damage":22,"enemies":"Shelled Parasite and Fungi","floor":28,"turns":4},{"damage":21,"enemies":"Sentry and Sphere","floor":31,"turns":5},{"damage":9,"enemies":"Chosen and Byrds","floor":32,"turns":4},{"damage":15,"enemies":"IC_MUSHROOM_ARCHETYPE","floor":33,"turns":1}],"seed_played":"-8096233447815945749","potions_obtained":[{"floor":4,"key":"SpeedPotion"},{"floor":5,"key":"DistilledChaos"},{"floor":12,"key":"LiquidBronze"},{"floor":14,"key":"FearPotion"},{"floor":16,"key":"Dexterity Potion"},{"floor":21,"key":"LiquidBronze"},{"floor":25,"key":"ColorlessPotion"},{"floor":32,"key":"BlessingOfTheForge"}],"is_trial":false,"path_per_floor":["R","M","?","M","M","M","T","R","?","$","T","M","$","E","M","B",null,"R","M","?","M","$","R","T","M","M","M","M","?","R","M","M","B"],"character_chosen":"SLIMEBOUND","items_purchased":["expansioncontent:QuickStudy","Slimebound:Repurpose","Slimebound:LeechEnergy","Slimebound:LevelUp"],"campfire_rested":2,"item_purchase_floors":[10,10,10,22],"current_hp_per_floor":[71,68,43,39,45,47,47,47,47,52,52,47,51,56,47,48,71,71,67,67,67,67,71,71,52,47,29,15,7,28,13,12,0,0,0],"gold":172,"neow_bonus":"TEN_PERCENT_HP_BONUS","is_daily":false,"chose_seed":false,"campfire_upgraded":2,"win_rate":0.0,"timestamp":1613136233,"path_taken":["R","M","?","M","M","M","T","R","?","?","?","M","?","E","M","BOSS","R","M","?","?","$","R","T","M","M","M","M","?","R","M","M","BOSS"],"items_purchased_type":["Card","Card","Card","Card"],"build_version":"2020-12-22","purchased_purges":0,"victory":false,"max_hp_per_floor":[71,71,71,71,71,71,71,71,71,71,71,71,71,71,71,71,71,71,71,71,71,71,71,71,71,71,71,71,71,71,71,71,71,71,71],"card_choices":[{"not_picked":["Slimebound:SplitBruiser","Slimebound:Equalize"],"picked":"Slimebound:Gluttony","floor":2},{"not_picked":["Slimebound:GoopSpray","Slimebound:Prepare"],"picked":"Slimebound:FlameTackle","floor":4},{"not_picked":["Slimebound:HauntingLick","Slimebound:FormOfPuddle"],"picked":"Slimebound:SplitLeeching","floor":5},{"not_picked":["Slimebound:GoopSpray","Slimebound:FinishingTackle","Slimebound:HauntingLick"],"picked":"SKIP","floor":6},{"not_picked":["Slimebound:Grow","Slimebound:AcidTongue"],"picked":"Slimebound:LeechLife","floor":10},{"not_picked":["Slimebound:Schlurp","Slimebound:Grow"],"picked":"Slimebound:LeechingTouch","floor":12},{"not_picked":["Slimebound:RollThrough","Slimebound:LeechEnergy"],"picked":"Slimebound:Repurpose","floor":13},{"not_picked":["Slimebound:PrepareCrush","Slimebound:FlameTackle"],"picked":"Slimebound:LivingWall","floor":14},{"not_picked":["Slimebound:SlimeSpikes","Slimebound:MegaLick"],"picked":"Slimebound:SplitLeeching","floor":15},{"not_picked":["Slimebound:WasteNot","Slimebound:Teamwork"],"picked":"Slimebound:MassFeed","floor":16},{"not_picked":["Slimebound:ComboTackle","Slimebound:DisruptingSlam","Slimebound:HauntingLick"],"picked":"SKIP","floor":19},{"not_picked":["Slimebound:FinishingTackle+1","Slimebound:GoopSpray","Slimebound:TongueLash"],"picked":"SKIP","floor":21},{"not_picked":["Slimebound:RollThrough","Slimebound:FlameTackle"],"picked":"Slimebound:Repurpose+1","floor":22},{"not_picked":["Slimebound:ViciousTackle","Slimebound:DisruptingSlam"],"picked":"Slimebound:Nibble","floor":25},{"not_picked":["Slimebound:ComboTackle+1","Slimebound:Dissolve"],"picked":"Slimebound:SelfFormingGoo","floor":26},{"not_picked":["Slimebound:SplitMire+1","Slimebound:RollThrough+1"],"picked":"Slimebound:ProtectTheBoss+1","floor":27},{"not_picked":["Slimebound:SlimeSpikes","Slimebound:FormOfPuddle","Slimebound:HauntingLick+1"],"picked":"SKIP","floor":28},{"not_picked":["Slimebound:ProtectTheBoss","Slimebound:ItLooksTasty"],"picked":"Slimebound:Replication","floor":31},{"not_picked":["Slimebound:ForwardTackle","Slimebound:GoopSpray+1"],"picked":"Slimebound:Prepare","floor":32}],"player_experience":163049,"relics_obtained":[{"floor":7,"key":"Gremlin Horn"},{"floor":11,"key":"Pen Nib"},{"floor":14,"key":"Potion Belt"},{"floor":24,"key":"Shuriken"}],"event_choices":[{"damage_healed":0,"gold_gain":0,"player_choice":"Success","damage_taken":25,"relics_obtained":["Slimebound:MaxSlimesRelic"],"max_hp_gain":0,"max_hp_loss":0,"event_name":"Scrap Ooze","floor":3,"gold_loss":0}],"is_beta":false,"boss_relics":[{"not_picked":["Sozu","SlaversCollar"],"picked":"Fusion Hammer"}],"items_purged_floors":[],"is_endless":false,"potions_floor_spawned":[4,5,12,14,16,21,25,26,32],"killed_by":"IC_MUSHROOM_ARCHETYPE","ascension_level":0}}