{"host":"eaiphzh066bwqdh7","time":1613150998,"event":{"mods":["BaseMod","Better Note","Halation","Hubris","Minty Spire (QoL Compilation)","Reliquary","Replay The Spire","StSLib"],"gold_per_floor":[115,115,131,131,148,148,165,195,241,255,255,274,274,349,349,446,496,463,475,475,475,475],"floor_reached":21,"language":"ENG","playtime":873,"items_purged":[],"score":242,"play_id":"6b103e1c-5e53-4f04-86fd-1f9441dbfb08","local_time":"20210212122958","is_ascension_mode":true,"campfire_choices":[{"data":"Hidden Blade","floor":6,"key":"SMITH"},{"floor":13,"key":"REST"},{"floor":15,"key":"REST"}],"circlet_count":0,"master_deck":["Strike_G","Strike_G","Strike_G+1","Strike_G","Defend_G","Defend_G","Defend_G","Defend_G","Survivor","Neutralize","PiercingWail","Concentrate","Hidden Blade+1","Backstab","Slice","Blade Dance","Burst","Backflip","Cloak And Dagger","Slice+1"],"relics":["Ring of the Snake","hubris:PeanutButter","Strawberry","Tiny House","MutagenicStrength"],"acts_visited":["Exordium","TheCity"],"potions_floor_usage":[8,8,16],"damage_taken":[{"damage":0,"enemies":"Jaw Worm","floor":1,"turns":3},{"damage":13,"enemies":"Cultist","floor":3,"turns":5},{"damage":0,"enemies":"Small Slimes","floor":5,"turns":3},{"damage":32,"enemies":"Exordium Wildlife","floor":7,"turns":7},{"damage":20,"enemies":"3 Sentries","floor":8,"turns":12},{"damage":0,"enemies":"3 Louse","floor":10,"turns":3},{"damage":0,"enemies":"Red Slaver","floor":12,"turns":3},{"damage":47,"enemies":"The Guardian","floor":16,"turns":13},{"damage":4,"enemies":"2 Thieves","floor":18,"turns":5},{"damage":35,"enemies":"Spheric Guardian","floor":19,"turns":6},{"damage":51,"enemies":"Snecko","floor":21,"turns":6}],"seed_played":"-4514118388385034895","potions_obtained":[{"floor":3,"key":"EssenceOfSteel"},{"floor":7,"key":"Swift Potion"},{"floor":12,"key":"PowerPotion"},{"floor":17,"key":"Cursed Concoction"},{"floor":19,"key":"Block Potion"}],"is_trial":false,"path_per_floor":["M","?","M","?","M","R","M","E","T","M","?","M","R","?","R","B",null,"M","M","?","M"],"character_chosen":"THE_SILENT","items_purchased":[],"campfire_rested":2,"item_purchase_floors":[],"current_hp_per_floor":[75,75,62,62,62,62,30,10,17,17,17,17,41,30,54,7,87,83,48,48,0,0],"gold":475,"neow_bonus":"RANDOM_EVENT","is_daily":false,"chose_seed":false,"campfire_upgraded":1,"win_rate":0.0,"timestamp":1613150998,"path_taken":["M","?","?","?","M","R","M","E","T","M","?","M","R","?","R","BOSS","M","M","?","M"],"items_purchased_type":[],"build_version":"2020-12-22","purchased_purges":0,"victory":false,"max_hp_per_floor":[75,75,75,75,75,75,75,75,82,82,82,82,82,82,82,82,87,87,87,87,87,87],"card_choices":[{"not_picked":["Underhanded Strike","Sucker Punch"],"picked":"PiercingWail","floor":1},{"not_picked":["hubris:SlightOfHand","Sucker Punch","Wraith Form v2"],"picked":"SKIP","floor":3},{"not_picked":["hubris:SlightOfHand","Quick Slash"],"picked":"Hidden Blade","floor":5},{"not_picked":["Acrobatics","Bane"],"picked":"Backstab","floor":7},{"not_picked":["Prepared","Sucker Punch","Leg Sweep"],"picked":"SKIP","floor":8},{"not_picked":["Poisoned Stab","Deflect"],"picked":"Slice","floor":10},{"not_picked":["Distraction","Outmaneuver"],"picked":"Blade Dance","floor":12},{"not_picked":["Atom Bomb","A Thousand Cuts"],"picked":"Burst","floor":16},{"not_picked":["Finisher","hubris:SlightOfHand"],"picked":"Backflip","floor":17},{"not_picked":["Masterful Stab","Outmaneuver"],"picked":"Cloak And Dagger","floor":18},{"not_picked":["Dagger Spray+1","Cloak And Dagger+1"],"picked":"Slice+1","floor":19}],"player_experience":296834,"relics_obtained":[{"floor":8,"key":"hubris:PeanutButter"},{"floor":9,"key":"Strawberry"}],"event_choices":[{"damage_healed":0,"gold_gain":0,"player_choice":"Donut","damage_taken":0,"max_hp_gain":5,"max_hp_loss":0,"event_name":"Big Fish","floor":0,"gold_loss":0},{"damage_healed":0,"gold_gain":0,"cards_transformed":["Defend_G"],"player_choice":"Transformed","damage_taken":0,"max_hp_gain":0,"max_hp_loss":0,"event_name":"Transmorgrifier","floor":2,"gold_loss":0,"cards_obtained":["Concentrate"]},{"damage_healed":0,"gold_gain":0,"player_choice":"Ignored","damage_taken":0,"max_hp_gain":0,"max_hp_loss":0,"event_name":"Liars Game","floor":4,"gold_loss":0},{"damage_healed":0,"gold_gain":75,"player_choice":"Gather Gold","damage_taken":11,"max_hp_gain":0,"max_hp_loss":0,"event_name":"World of Goop","floor":14,"gold_loss":0},{"damage_healed":0,"gold_gain":0,"player_choice":"Inject Mutagens","damage_taken":0,"relics_obtained":["MutagenicStrength"],"max_hp_gain":0,"max_hp_loss":0,"event_name":"Drug Dealer","floor":20,"gold_loss":0}],"is_beta":false,"boss_relics":[{"not_picked":["halation:LoveArrow","ReplayTheSpireMod:DimensionalGlitch"],"picked":"Tiny House"}],"items_purged_floors":[],"is_endless":false,"potions_floor_spawned":[3,7,12,19],"killed_by":"Snecko","ascension_level":4}}