{"host":"7tqog9fnhs0gxmti","time":1613122972,"event":{"mods":["AchievementEnabler","Act Like it!","AlwaysNeverKeys","Astrologer","BaseMod","Beaked The Cultist","CapriCore","Colored Map","Colored Powertips","Downfall","Hermit","Highlight Path","Koishi","Marisa????????","Minty Spire (QoL Compilation)","Quick Restart","Random Character Button","Rare Cards Sparkle","Robot Space Explorer","Smile Girya","StSLib","The Bug Knight","The Construct","The Cursed","The Disciple","The Gatherer","The Hayseed","The Marked","everything is the same but u backflip on backflip"],"gold_per_floor":[119,133,133,233,248,267,267,267,267],"floor_reached":8,"language":"ENG","playtime":403,"items_purged":[],"score":62,"play_id":"8a9abd48-86bd-4064-b7c5-5f6392df1499","local_time":"20210212174252","is_ascension_mode":true,"campfire_choices":[{"data":"Neutralize","floor":7,"key":"SMITH"}],"circlet_count":0,"master_deck":["Strike_G","Strike_G","Strike_G","Strike_G","Strike_G","Defend_G","Defend_G","Defend_G","Defend_G","Defend_G","Survivor","Neutralize+1","Flying Knee","Dagger Spray","Dagger Spray","Acrobatics"],"relics":["bronze:MakeshiftBattery","Golden Idol"],"acts_visited":["Exordium"],"potions_floor_usage":[8],"damage_taken":[{"damage":0,"enemies":"Small Slimes","floor":1,"turns":4},{"damage":0,"enemies":"Cultist","floor":2,"turns":4},{"damage":0,"enemies":"2 Louse","floor":5,"turns":2},{"damage":0,"enemies":"Exordium Wildlife","floor":6,"turns":2},{"damage":22,"enemies":"Lagavulin","floor":8,"turns":7}],"seed_played":"4738414154960467677","potions_obtained":[{"floor":6,"key":"CunningPotion"}],"is_trial":false,"path_per_floor":["M","M","?","?","M","M","R","E"],"character_chosen":"THE_SILENT","items_purchased":[],"campfire_rested":0,"item_purchase_floors":[],"current_hp_per_floor":[63,63,46,46,46,46,46,24,24],"gold":267,"neow_bonus":"BOSS_RELIC","is_daily":false,"chose_seed":false,"campfire_upgraded":1,"win_rate":0.0,"timestamp":1613122972,"path_taken":["M","M","?","?","M","?","R","E"],"items_purchased_type":[],"build_version":"2020-12-22","purchased_purges":0,"victory":false,"max_hp_per_floor":[70,70,70,70,70,70,70,70,70],"card_choices":[{"not_picked":["Deadly Poison","Outmaneuver"],"picked":"Flying Knee","floor":1},{"not_picked":["Footwork","Backflip"],"picked":"Dagger Spray","floor":2},{"not_picked":["Flechettes","PiercingWail"],"picked":"Dagger Spray","floor":5},{"not_picked":["PiercingWail","Quick Slash"],"picked":"Acrobatics","floor":6}],"player_experience":928861,"relics_obtained":[],"event_choices":[{"damage_healed":0,"gold_gain":0,"player_choice":"Take Damage","damage_taken":17,"relics_obtained":["Golden Idol"],"max_hp_gain":0,"max_hp_loss":0,"event_name":"Golden Idol","floor":3,"gold_loss":0},{"damage_healed":0,"gold_gain":100,"player_choice":"Gold","damage_taken":0,"max_hp_gain":0,"max_hp_loss":0,"event_name":"Wheel of Change","floor":4,"gold_loss":0}],"is_beta":false,"boss_relics":[],"items_purged_floors":[],"is_endless":false,"potions_floor_spawned":[6],"killed_by":"Lagavulin","ascension_level":6}}