{"host":"8is2j71l4wmybkoi","time":1613136862,"event":{"mods":["AchievementEnabler","BaseMod","Colored Map","DeckTracker","Minty Spire (QoL Compilation)","Rare Cards Sparkle","Relic Stats","Replay The Spire","StSLib","SuperFastMode"],"gold_per_floor":[118,131,150,161,161,161,192,204,204,216,231,231,244,264,264,264,264,366,366,385,484,362,376,376,376,392,392,416,435,468,482,482,482,482,577,577,588,588,339,339,49,77,77,102,102,121,121,121,141,152,152,152,152],"floor_reached":52,"language":"KOR","playtime":2037,"items_purged":["Languid","Defend_R","Defend_R"],"score":611,"play_id":"9bd630c0-f3bc-4a55-936d-8110608a018e","local_time":"20210212223422","is_ascension_mode":false,"campfire_choices":[{"data":"Power Through","floor":6.0,"key":"SMITH"},{"data":"Entrench","floor":12.0,"key":"SMITH"},{"data":"Fire Breathing","floor":17.0,"key":"SMITH"},{"data":"Heavy Blade","floor":25.0,"key":"SMITH"},{"data":"Rupture","floor":27.0,"key":"SMITH"},{"floor":32.0,"key":"REST"},{"floor":34.0,"key":"REST"},{"data":"Rupture","floor":43.0,"key":"SMITH"},{"floor":47.0,"key":"RECALL"},{"floor":51.0,"key":"REST"}],"circlet_count":0,"master_deck":["Defend_R","Bash","Power Through+1","Spot Weakness+1","Heavy Blade+1","Shrug It Off","Fire Breathing+1","Inflame","Entrench+1","Battle Trance","Pain","True Grit+1","Rupture+1","Rupture+1","Bloodletting","Brutality","Sword Boomerang","True Grit+1","Violence","Flash of Steel","Trip","CommonCold"],"relics":["Burning Blood","Blue Doll","Whetstone","Kintsugi","Enchiridion","Strawberry","Snack Pack","Black Star","Lee\u0027s Waffle","Membership Card","Bag of Marbles","Replay:Rubber Ducky","Centennial Puzzle","Replay:Baseball","Bronze Scales","ReplayTheSpireMod:Ring of Exchange"],"acts_visited":["Exordium","TheCity","TheBeyond"],"potions_floor_usage":[52],"damage_taken":[{"damage":4.0,"enemies":"Jaw Worm","floor":1.0,"turns":4.0},{"damage":6.0,"enemies":"Cultist","floor":2.0,"turns":4.0},{"damage":17.0,"enemies":"Small Slimes","floor":3.0,"turns":3.0},{"damage":10.0,"enemies":"Looter","floor":4.0,"turns":2.0},{"damage":45.0,"enemies":"3 Sentries","floor":7.0,"turns":6.0},{"damage":6.0,"enemies":"3 Louse","floor":8.0,"turns":3.0},{"damage":0.0,"enemies":"2 Fungi Beasts","floor":10.0,"turns":3.0},{"damage":7.0,"enemies":"Exordium Wildlife","floor":11.0,"turns":4.0},{"damage":10.0,"enemies":"Exordium Thugs","floor":13.0,"turns":6.0},{"damage":7.0,"enemies":"Blue Slaver","floor":14.0,"turns":2.0},{"damage":30.0,"enemies":"The Guardian","floor":18.0,"turns":9.0},{"damage":6.0,"enemies":"Shell Parasite","floor":20.0,"turns":4.0},{"damage":3.0,"enemies":"Chosen","floor":23.0,"turns":6.0},{"damage":11.0,"enemies":"Centurion and Healer","floor":26.0,"turns":6.0},{"damage":14.0,"enemies":"Shelled Parasite and Fungi","floor":29.0,"turns":4.0},{"damage":27.0,"enemies":"Book of Stabbing","floor":30.0,"turns":5.0},{"damage":34.0,"enemies":"3 Cultists","floor":31.0,"turns":6.0},{"damage":16.0,"enemies":"Automaton","floor":35.0,"turns":6.0},{"damage":16.0,"enemies":"3 Shapes","floor":37.0,"turns":4.0},{"damage":50.0,"enemies":"Nemesis","floor":42.0,"turns":7.0},{"damage":12.0,"enemies":"Giant Head","floor":44.0,"turns":2.0},{"damage":14.0,"enemies":"Orb Walker","floor":46.0,"turns":2.0},{"damage":15.0,"enemies":"4 Shapes","floor":49.0,"turns":3.0},{"damage":39.0,"enemies":"Transient","floor":50.0,"turns":5.0},{"damage":49,"enemies":"Time Eater","floor":52,"turns":6}],"seed_played":"-7146856331122740422","potions_obtained":[{"floor":1.0,"key":"BloodPotion"},{"floor":4.0,"key":"SkillPotion"},{"floor":8.0,"key":"Energy Potion"},{"floor":10.0,"key":"SteroidPotion"},{"floor":18.0,"key":"Swift Potion"},{"floor":20.0,"key":"Block Potion"},{"floor":23.0,"key":"PowerPotion"},{"floor":29.0,"key":"SkillPotion"},{"floor":37.0,"key":"Cursed Concoction"},{"floor":46.0,"key":"Swift Potion"},{"floor":49.0,"key":"BloodPotion"},{"floor":50.0,"key":"Dexterity Potion"}],"is_trial":false,"path_per_floor":["M","M","M","M","?","R","E","M","T","M","M","R","M","M","R_BF","PTL","R","B",null,"M","?","$","M","?","R","M","R","T","M","E","M","R","?","R_BF","B",null,"M","?","$","?","$","E","R","E","T","M","R","?","M","M","R","B"],"character_chosen":"IRONCLAD","items_purchased":["Rupture","Lee\u0027s Waffle","Membership Card","Bag of Marbles"],"campfire_rested":3,"item_purchase_floors":[22,39,41,41],"current_hp_per_floor":[80,80,69,65,65,65,26,26,26,32,31,31,27,26,26,26,26,18,80,80,80,80,80,64,64,59,59,66,58,37,9,35,18,45,35,92,82,72,99,99,99,55,55,51,51,43,43,43,34,20,49,0,0],"gold":152,"neow_bonus":"TRANSFORM_CARD","is_daily":false,"chose_seed":false,"campfire_upgraded":6,"win_rate":0.0,"timestamp":1613136862,"path_taken":["M","M","M","M","?","R","E","M","T","?","M","R","M","M","R_BF","PTL","R","BOSS","M","?","$","M","?","R","M","R","T","M","E","M","R","?","R_BF","BOSS","M","?","$","?","?","E","R","E","T","?","R","?","M","M","R","BOSS"],"items_purchased_type":["Card","Relic","Relic","Relic"],"build_version":"2020-12-22","purchased_purges":3,"victory":false,"max_hp_per_floor":[80,80,80,80,80,80,80,80,80,80,80,80,80,80,80,80,80,80,80,80,80,80,80,80,80,80,80,87,87,87,87,87,92,92,92,92,92,92,99,99,99,99,99,99,99,99,99,99,99,99,99,99,99],"relic_stats":{"Lee\u0027s Waffle":27,"Centennial Puzzle":[12],"counters":[25,112],"Bronze Scales":[57],"Black Star":2,"Whetstone":["Strike_R","Strike_R"],"obtain_stats":[{"ReplayTheSpireMod:Ring of Exchange":48,"Lee\u0027s Waffle":39,"Enchiridion":24,"Blue Doll":7,"Whetstone":9,"Burning Blood":0,"Replay:Rubber Ducky":42,"Centennial Puzzle":42,"Replay:Baseball":44,"Strawberry":28,"Bronze Scales":44,"Snack Pack":30,"Black Star":36,"Bag of Marbles":41,"Membership Card":41,"Kintsugi":19},{"ReplayTheSpireMod:Ring of Exchange":22,"Lee\u0027s Waffle":19,"Enchiridion":13,"Blue Doll":5,"Whetstone":6,"Burning Blood":0,"Replay:Rubber Ducky":20,"Centennial Puzzle":20,"Replay:Baseball":21,"Strawberry":14,"Bronze Scales":21,"Snack Pack":16,"Black Star":18,"Bag of Marbles":19,"Membership Card":19,"Kintsugi":11},{"ReplayTheSpireMod:Ring of Exchange":98,"Lee\u0027s Waffle":87,"Enchiridion":56,"Blue Doll":19,"Whetstone":22,"Burning Blood":0,"Replay:Rubber Ducky":94,"Centennial Puzzle":94,"Replay:Baseball":96,"Strawberry":62,"Bronze Scales":96,"Snack Pack":71,"Black Star":83,"Bag of Marbles":87,"Membership Card":87,"Kintsugi":46}],"Burning Blood":139},"card_choices":[{"not_picked":["Sever Soul","Armaments","Thunderclap"],"picked":"SKIP","floor":1.0},{"not_picked":["Rupture","Whirlwind"],"picked":"Spot Weakness","floor":2.0},{"not_picked":["Armaments","Ghostly Armor"],"picked":"Heavy Blade","floor":3.0},{"not_picked":["Clash","Body Slam"],"picked":"Shrug It Off","floor":4.0},{"not_picked":["Headbutt","Sword Boomerang"],"picked":"Fire Breathing","floor":7.0},{"not_picked":["Warcry","Body Slam","Ghostly Armor"],"picked":"SKIP","floor":8.0},{"not_picked":["Shrug It Off","Rupture"],"picked":"Inflame","floor":10.0},{"not_picked":["Rampage","Iron Wave"],"picked":"Entrench","floor":11.0},{"not_picked":["Dropkick","Armaments","Fire Breathing"],"picked":"SKIP","floor":13.0},{"not_picked":["Reckless Charge","Blood for Blood"],"picked":"Battle Trance","floor":14.0},{"not_picked":["Anger","Heavy Blade+1"],"picked":"True Grit+1","floor":20.0},{"not_picked":["Flex","Body Slam","Warcry"],"picked":"SKIP","floor":23.0},{"not_picked":["Reckless Charge","Heavy Blade"],"picked":"Bloodletting","floor":26.0},{"not_picked":["Heavy Blade","Dark Embrace"],"picked":"Brutality","floor":29.0},{"not_picked":["Body Slam+1","Clothesline+1","Clash"],"picked":"SKIP","floor":30.0},{"not_picked":["Thunderclap+1","Dropkick"],"picked":"Sword Boomerang","floor":31.0},{"not_picked":["Hemokinesis+1","Anger"],"picked":"True Grit+1","floor":37.0},{"not_picked":["Finesse","Discovery"],"picked":"Violence","floor":38.0},{"not_picked":["PanicButton","Chrysalis"],"picked":"Flash of Steel","floor":38.0},{"not_picked":["Finesse","Bandage Up"],"picked":"Trip","floor":38.0},{"not_picked":["Metallicize+1","Armaments","Whirlwind+1"],"picked":"SKIP","floor":42.0},{"not_picked":["Wild Strike","Power Through+1","Searing Blow+1"],"picked":"SKIP","floor":44.0},{"not_picked":["Iron Wave+1","Body Slam","Thunderclap+1"],"picked":"SKIP","floor":46.0},{"not_picked":["Flame Barrier","Perfected Strike","Heavy Blade"],"picked":"SKIP","floor":49.0},{"not_picked":["Carnage","Infernal Blade","True Grit"],"picked":"SKIP","floor":50.0}],"player_experience":1158514,"relics_obtained":[{"floor":7.0,"key":"Blue Doll"},{"floor":9.0,"key":"Whetstone"},{"floor":24.0,"key":"Enchiridion"},{"floor":28.0,"key":"Strawberry"},{"floor":30.0,"key":"Snack Pack"},{"floor":42.0,"key":"Replay:Rubber Ducky"},{"floor":42.0,"key":"Centennial Puzzle"},{"floor":44.0,"key":"Replay:Baseball"},{"floor":44.0,"key":"Bronze Scales"},{"floor":48.0,"key":"ReplayTheSpireMod:Ring of Exchange"}],"event_choices":[{"damage_healed":0.0,"max_hp_gain":0.0,"max_hp_loss":0.0,"gold_gain":0.0,"event_name":"Upgrade Shrine","player_choice":"Upgraded","floor":5.0,"gold_loss":0.0,"damage_taken":0.0,"cards_upgraded":["Spot Weakness"]},{"damage_healed":0.0,"max_hp_gain":0.0,"max_hp_loss":0.0,"gold_gain":99.0,"event_name":"Nest","player_choice":"Stole From Cult","floor":21.0,"gold_loss":0.0,"damage_taken":0.0},{"damage_healed":0.0,"max_hp_gain":0.0,"max_hp_loss":0.0,"gold_gain":0.0,"event_name":"Cursed Tome","player_choice":"Obtained Book","floor":24.0,"gold_loss":0.0,"damage_taken":16.0},{"damage_healed":0.0,"max_hp_gain":5.0,"max_hp_loss":0.0,"gold_gain":0.0,"event_name":"Forgotten Altar","player_choice":"Shed Blood","floor":33.0,"gold_loss":0.0,"damage_taken":22.0},{"damage_healed":0.0,"max_hp_gain":0.0,"max_hp_loss":0.0,"gold_gain":0.0,"event_name":"SensoryStone","player_choice":"Memory 3","floor":38.0,"gold_loss":0.0,"damage_taken":10.0},{"damage_healed":0.0,"max_hp_gain":0.0,"max_hp_loss":0.0,"gold_gain":0.0,"event_name":"Tomb of Lord Red Mask","player_choice":"Ignored","floor":40.0,"gold_loss":0.0,"damage_taken":0.0}],"is_beta":false,"boss_relics":[{"not_picked":["Painkiller Herb","Replay:Drink Me"],"picked":"Kintsugi"},{"not_picked":["Astrolabe","Honey Jar"],"picked":"Black Star"}],"items_purged_floors":[22,39,41],"is_endless":false,"potions_floor_spawned":[1,4,8,10,18,20,23,29,37,46,49,50],"killed_by":"Time Eater","ascension_level":0}}