{"host":"6eswuwtz6j8isipc","time":1613100040,"event":{"mods":["Astrologer","BaseMod","Better Third Choice","BetterRewards","Colored Map","Conspire","Hero for Fun","Hubris","Infinite Spire","Lobotomy","Minty Spire (QoL Compilation)","Permanent Neow","Reliquary","Replay The Spire","Spicy Shops","StSLib","The Animator"],"gold_per_floor":[10,10,10,29,39,69,69,100,176,176,176],"floor_reached":10,"language":"ENG","playtime":485,"items_purged":[],"score":91,"play_id":"b599814d-d61b-4df8-adeb-641f5db93b2e","local_time":"20210211222040","is_ascension_mode":true,"campfire_choices":[{"data":"ReplayTheSpireMod:Calculation Training","floor":7.0,"key":"SMITH"}],"circlet_count":0,"master_deck":["Strike_B","Strike_B","Defend_B","Defend_B","Defend_B","Zap","Dualcast","Capacitor","Auto Shields","Hologram","Gash","ReplaySolidLightProjector","ReplayTheSpireMod:Calculation Training+1","ReplayTheSpireMod:Calculation Training"],"relics":["Cracked Core","Gambling Chip","reliquary:ExpiredCoupon","Tiny Chest","reliquary:Firecrackers"],"acts_visited":["Exordium"],"potions_floor_usage":[10,10],"damage_taken":[{"damage":0.0,"enemies":"conspire:RoseBush","floor":1.0,"turns":3.0},{"damage":0.0,"enemies":"2 Louse","floor":4.0,"turns":3.0},{"damage":0.0,"enemies":"Jaw Worm","floor":5.0,"turns":3.0},{"damage":4.0,"enemies":"Replay:BlueRogue","floor":6.0,"turns":7.0},{"damage":38.0,"enemies":"Lagavulin","floor":8.0,"turns":6.0},{"damage":33,"enemies":"Gremlin Nob","floor":10,"turns":3}],"seed_played":"-5275380648192940590","potions_obtained":[{"floor":1.0,"key":"GamblersBrew"},{"floor":6.0,"key":"SteroidPotion"},{"floor":8.0,"key":"EssenceOfDarkness"}],"is_trial":false,"path_per_floor":["M","?","?","M","M","E","R","E","T","E"],"character_chosen":"DEFECT","items_purchased":[],"campfire_rested":0,"item_purchase_floors":[],"current_hp_per_floor":[75,75,75,75,75,71,71,33,33,0,0],"gold":176,"neow_bonus":"TRANSFORM_TWO_CARDS","is_daily":false,"chose_seed":false,"campfire_upgraded":1,"win_rate":0.0,"timestamp":1613100040,"path_taken":["M","?","?","M","M","E","R","E","T","E"],"items_purchased_type":[],"build_version":"2020-12-22","purchased_purges":0,"victory":false,"max_hp_per_floor":[75,75,75,75,75,75,75,75,75,75,75],"card_choices":[{"not_picked":["Panic Button","Rebound"],"picked":"Hologram","floor":1.0},{"not_picked":["Cold Snap","Rebound"],"picked":"Gash","floor":4.0},{"not_picked":["Darkness","Rebound"],"picked":"ReplaySolidLightProjector","floor":5.0},{"not_picked":["Leap","Stack"],"picked":"ReplayTheSpireMod:Calculation Training","floor":6.0},{"not_picked":["Hello World","Steam Power"],"picked":"ReplayTheSpireMod:Calculation Training","floor":8.0}],"player_experience":1312459,"relics_obtained":[{"floor":3.0,"key":"Gambling Chip"},{"floor":6.0,"key":"reliquary:ExpiredCoupon"},{"floor":8.0,"key":"Tiny Chest"},{"floor":9.0,"key":"reliquary:Firecrackers"}],"event_choices":[],"is_beta":false,"boss_relics":[],"items_purged_floors":[],"is_endless":false,"potions_floor_spawned":[1,6,8],"killed_by":"Gremlin Nob","ascension_level":4}}