{"host":"rmt60uil2jppa14k","time":1613156549,"event":{"mods":["AchievementEnabler","BaseMod","Better Third Choice","Colored Powertips","Downfall","Highlight Path","Minty Spire (QoL Compilation)","Quick Restart","Rare Cards Sparkle","Shop Mod","StSLib"],"gold_per_floor":[99,116,136,196,207,207,207,225,173,173,173,221,233,260,292,408,408,408],"floor_reached":16,"language":"ENG","playtime":12076,"items_purged":[],"score":142,"play_id":"547d9e16-bb6d-4952-ab69-f00c6ecf991a","local_time":"20210212190229","is_ascension_mode":false,"campfire_choices":[{"data":"Slimebound:CorrosiveSpit","floor":1.0,"key":"SMITH"},{"floor":11.0,"key":"REST"}],"circlet_count":0,"master_deck":["Slimebound:Strike_Slimebound","Slimebound:Strike_Slimebound","Slimebound:Strike_Slimebound","Slimebound:Tackle","Slimebound:Defend_Slimebound","Slimebound:Defend_Slimebound","Slimebound:Defend_Slimebound","Slimebound:Defend_Slimebound","Slimebound:Split","Slimebound:CorrosiveSpit+1","Slimebound:SplitBruiser","Slimebound:SlimeSpikes","Slimebound:Equalize","Slimebound:LeadByExample","Slimebound:SamplingLick","Slimebound:LeechEnergy","Slimebound:Nibble","Slimebound:SplitAcid","Slimebound:RejuvenatingLick","Slimebound:Repurpose"],"relics":["Slimebound:AbsorbEndCombat","Dream Catcher","Sundial","MealTicket","MawBank"],"acts_visited":["Exordium"],"potions_floor_usage":[],"damage_taken":[{"damage":8.0,"enemies":"Small Slimes","floor":2.0,"turns":3.0},{"damage":7.0,"enemies":"2 Louse","floor":3.0,"turns":2.0},{"damage":23.0,"enemies":"3 Sentries","floor":4.0,"turns":8.0},{"damage":0.0,"enemies":"Cultist","floor":5.0,"turns":3.0},{"damage":23.0,"enemies":"Exordium Thugs","floor":8.0,"turns":3.0},{"damage":0.0,"enemies":"downfall:FleeingMerchant","floor":9.0,"turns":4.0},{"damage":16.0,"enemies":"3 Louse","floor":13.0,"turns":2.0},{"damage":12.0,"enemies":"Blue Slaver","floor":15.0,"turns":3.0},{"damage":10.0,"enemies":"SI_SHIV_ARCHETYPE","floor":16.0,"turns":5.0}],"seed_played":"4837931545535352","potions_obtained":[{"floor":4.0,"key":"sneckomod:MuddlingPotion"},{"floor":5.0,"key":"Ancient Potion"},{"floor":8.0,"key":"Dexterity Potion"}],"is_trial":false,"path_per_floor":["R","M","M","?","M","?","T","M","$","?","R","T","M","T","M","B"],"character_chosen":"SLIMEBOUND","items_purchased":["Slimebound:Nibble"],"campfire_rested":1,"item_purchase_floors":[9],"current_hp_per_floor":[71,63,56,35,39,39,39,18,22,22,43,43,27,27,19,17,17,17],"gold":408,"neow_bonus":"TEN_PERCENT_HP_BONUS","is_daily":false,"chose_seed":false,"campfire_upgraded":1,"win_rate":0.0,"timestamp":1613156549,"path_taken":["R","M","M","?","M","?","T","?","?","?","R","?","M","?","M","BOSS","BOSS"],"items_purchased_type":["Card"],"build_version":"2020-12-22","purchased_purges":0,"victory":false,"max_hp_per_floor":[71,71,71,71,71,71,71,71,71,71,71,71,71,71,71,71,71,71],"card_choices":[{"not_picked":["Slimebound:SamplingLick","Slimebound:Schlurp"],"picked":"Slimebound:SplitBruiser","floor":2.0},{"not_picked":["Slimebound:TongueLash","Slimebound:SlimeBrawl"],"picked":"Slimebound:SlimeSpikes","floor":3.0},{"not_picked":["Slimebound:FinishingTackle","Slimebound:Schlurp"],"picked":"Slimebound:Equalize","floor":4.0},{"not_picked":["Slimebound:Replication","Slimebound:SplitBruiser"],"picked":"Slimebound:LeadByExample","floor":5.0},{"not_picked":["Slimebound:FormOfPuddle","Slimebound:SpikyOuterGoop"],"picked":"Slimebound:SamplingLick","floor":8.0},{"not_picked":["Slimebound:Schlurp","Slimebound:ItLooksTasty"],"picked":"Slimebound:LeechEnergy","floor":9.0},{"not_picked":["Slimebound:SplitMire","Slimebound:BestDefense"],"picked":"Slimebound:SplitAcid","floor":11.0},{"not_picked":["Slimebound:Nibble","Slimebound:SlimeSpikes"],"picked":"Slimebound:RejuvenatingLick","floor":13.0},{"not_picked":["Slimebound:LeechEnergy","Slimebound:SlimeTap"],"picked":"Slimebound:Repurpose","floor":15.0}],"player_experience":155186,"relics_obtained":[{"floor":4.0,"key":"Dream Catcher"},{"floor":7.0,"key":"Sundial"},{"floor":12.0,"key":"MealTicket"},{"floor":14.0,"key":"MawBank"}],"event_choices":[],"is_beta":false,"boss_relics":[],"items_purged_floors":[],"is_endless":false,"potions_floor_spawned":[4,5,8,13,15],"killed_by":"SI_SHIV_ARCHETYPE","ascension_level":0}}