{"host":"2ty4h143nj8vwezc","time":1613146404,"event":{"mods":["BaseMod","Colored Map","Googly Eyes","Highlight Path","Minty Spire (QoL Compilation)","Quick Restart","StSLib"],"gold_per_floor":[117,136,151,151,163,163,190,190,190,160,191,191,191,209,209,314,314,325,337,188,188,208,208,208],"floor_reached":23,"language":"ENG","playtime":1950,"items_purged":["Strike_B"],"score":271,"play_id":"78b41e7f-6b71-4bbb-a17b-d08722736291","local_time":"20210212111324","is_ascension_mode":true,"campfire_choices":[{"floor":6,"key":"REST"},{"floor":8,"key":"REST"},{"data":"Fusion","floor":13,"key":"SMITH"},{"floor":15,"key":"REST"}],"circlet_count":0,"master_deck":["Strike_B","Strike_B","Strike_B","Defend_B","Defend_B","Defend_B","Defend_B","Zap","Dualcast","Fusion","Redo","Fusion+1","Go for the Eyes","Chill","Beam Cell","Melter","Buffer","Defragment+1","Glacier","Force Field","Writhe","Cold Snap"],"relics":["Runic Pyramid","White Beast Statue","Meat on the Bone","Kunai","Vajra","Symbiotic Virus","Nuclear Battery","Letter Opener"],"acts_visited":["Exordium","TheCity"],"potions_floor_usage":[5,7,11,11,22,23],"damage_taken":[{"damage":1,"enemies":"Cultist","floor":1,"turns":4},{"damage":4,"enemies":"Jaw Worm","floor":2,"turns":5},{"damage":10,"enemies":"Small Slimes","floor":3,"turns":5},{"damage":18,"enemies":"Exordium Wildlife","floor":5,"turns":6},{"damage":25,"enemies":"3 Sentries","floor":7,"turns":5},{"damage":9,"enemies":"Looter","floor":10,"turns":4},{"damage":21,"enemies":"Gremlin Nob","floor":11,"turns":4},{"damage":14,"enemies":"Lots of Slimes","floor":14,"turns":4},{"damage":28,"enemies":"Hexaghost","floor":16,"turns":10},{"damage":1,"enemies":"Chosen","floor":18,"turns":5},{"damage":11,"enemies":"Spheric Guardian","floor":19,"turns":4},{"damage":26,"enemies":"Centurion and Healer","floor":22,"turns":10},{"damage":40,"enemies":"Gremlin Leader","floor":23,"turns":5}],"seed_played":"-8347455880480147048","potions_obtained":[{"floor":3,"key":"SkillPotion"},{"floor":5,"key":"AttackPotion"},{"floor":7,"key":"DistilledChaos"},{"floor":10,"key":"FocusPotion"},{"floor":11,"key":"Weak Potion"},{"floor":14,"key":"LiquidMemories"},{"floor":16,"key":"Fire Potion"},{"floor":18,"key":"PowerPotion"},{"floor":22,"key":"Energy Potion"}],"is_trial":false,"path_per_floor":["M","M","M","?","M","R","E","R","T","M","E","?","R","M","R","B",null,"M","M","$","?","M","E"],"character_chosen":"DEFECT","items_purchased":["Force Field"],"campfire_rested":3,"item_purchase_floors":[20],"current_hp_per_floor":[67,63,53,41,23,45,20,42,42,45,36,36,36,34,56,40,66,65,54,54,54,40,0,0],"gold":208,"neow_bonus":"BOSS_RELIC","is_daily":false,"chose_seed":false,"campfire_upgraded":1,"win_rate":0.0,"timestamp":1613146404,"path_taken":["M","?","M","?","M","R","E","R","T","M","E","?","R","M","R","BOSS","M","?","$","?","M","E"],"items_purchased_type":["Card"],"build_version":"2020-12-22","purchased_purges":1,"victory":false,"max_hp_per_floor":[75,75,75,75,75,75,75,75,75,75,75,75,75,75,75,75,75,75,75,75,75,75,75,75],"card_choices":[{"not_picked":["Rebound","Sweeping Beam"],"picked":"Fusion","floor":1},{"not_picked":["Compile Driver","Gash","Hologram"],"picked":"SKIP","floor":2},{"not_picked":["Coolheaded","Scrape"],"picked":"Redo","floor":3},{"not_picked":["White Noise","Gash"],"picked":"Fusion","floor":5},{"not_picked":["Heatsinks","Multi-Cast"],"picked":"Go for the Eyes","floor":7},{"not_picked":["Hologram","Consume"],"picked":"Chill","floor":10},{"not_picked":["Coolheaded","Steam"],"picked":"Beam Cell","floor":11},{"not_picked":["Consume","Compile Driver"],"picked":"Melter","floor":14},{"not_picked":["Seek","Fission"],"picked":"Buffer","floor":16},{"not_picked":["Beam Cell","Tempest"],"picked":"Defragment+1","floor":18},{"not_picked":["Rebound","Loop"],"picked":"Glacier","floor":19},{"not_picked":["Auto Shields+1","Rip and Tear+1"],"picked":"Cold Snap","floor":22}],"player_experience":389896,"relics_obtained":[{"floor":7,"key":"Meat on the Bone"},{"floor":9,"key":"Kunai"},{"floor":11,"key":"Vajra"}],"event_choices":[{"damage_healed":0,"gold_gain":0,"player_choice":"Success","damage_taken":12,"relics_obtained":["White Beast Statue"],"max_hp_gain":0,"max_hp_loss":0,"event_name":"Scrap Ooze","floor":4,"gold_loss":0},{"damage_healed":0,"gold_gain":0,"player_choice":"Gave Potion","damage_taken":0,"relics_obtained":["Symbiotic Virus"],"max_hp_gain":0,"max_hp_loss":0,"event_name":"WeMeetAgain","floor":12,"gold_loss":0},{"damage_healed":0,"gold_gain":0,"player_choice":"Opened","damage_taken":0,"relics_obtained":["Letter Opener"],"max_hp_gain":0,"max_hp_loss":0,"event_name":"The Mausoleum","floor":21,"gold_loss":0,"cards_obtained":["Writhe"]}],"is_beta":false,"boss_relics":[{"not_picked":["Coffee Dripper","Pandora\u0027s Box"],"picked":"Nuclear Battery"}],"items_purged_floors":[20],"is_endless":false,"potions_floor_spawned":[3,5,7,10,11,14,16,18,19,22],"killed_by":"Gremlin Leader","ascension_level":7}}