{"host":"50qwps766cbz6ukm","time":1613139736,"event":{"mods":["BaseMod","Colored Map","Colored Powertips","DeckTracker","Highlight Path","Minty Spire (QoL Compilation)","Quick Restart","Remove Card Discount Mod","StSLib","SuperFastMode","Synergy Search"],"gold_per_floor":[114,114,128,148,87,87,101,129,129,129,129,150,173,188,188,314,314,338,338,361,361,276,276,319,319,396,419,419,753,376,376,376],"floor_reached":31,"language":"ENG","playtime":419,"items_purged":["Strike_P","Strike_P","Strike_P","Strike_P","Defend_P","Defend_P","Defend_P","Defend_P"],"score":385,"play_id":"a1f8ddcb-b4da-4e5d-a149-41f5d973ee83","local_time":"20210212162216","is_ascension_mode":true,"campfire_choices":[{"data":"Eruption","floor":6,"key":"SMITH"},{"data":"Vigilance","floor":15,"key":"SMITH"},{"data":"PathToVictory","floor":23,"key":"SMITH"},{"floor":25,"key":"REST"}],"circlet_count":0,"master_deck":["Eruption+1","Vigilance+1","PathToVictory+1","Consecrate","PathToVictory","FlurryOfBlows","MentalFortress","MentalFortress"],"relics":["PureWater","NeowsBlessing","Mercury Hourglass","StrikeDummy","Golden Idol","SacredBark","Dream Catcher","Shuriken","InkBottle","Old Coin","Ginger"],"acts_visited":["Exordium","TheCity"],"potions_floor_usage":[24],"damage_taken":[{"damage":0,"enemies":"Jaw Worm","floor":1,"turns":1},{"damage":0,"enemies":"Cultist","floor":3,"turns":1},{"damage":0,"enemies":"Small Slimes","floor":4,"turns":1},{"damage":3,"enemies":"Exordium Thugs","floor":7,"turns":2},{"damage":12,"enemies":"Lagavulin","floor":8,"turns":3},{"damage":3,"enemies":"Looter","floor":12,"turns":2},{"damage":0,"enemies":"3 Louse","floor":13,"turns":2},{"damage":0,"enemies":"Exordium Wildlife","floor":14,"turns":2},{"damage":16,"enemies":"The Guardian","floor":16,"turns":4},{"damage":0,"enemies":"Shell Parasite","floor":18,"turns":2},{"damage":0,"enemies":"Spheric Guardian","floor":20,"turns":3},{"damage":46,"enemies":"Slavers","floor":24,"turns":3},{"damage":12,"enemies":"Cultist and Chosen","floor":27,"turns":3},{"damage":6,"enemies":"Gremlin Leader","floor":29,"turns":3},{"damage":15,"enemies":"Colosseum Slavers","floor":31,"turns":1}],"seed_played":"-321154501555561211","potions_obtained":[{"floor":1,"key":"ColorlessPotion"},{"floor":7,"key":"SkillPotion"},{"floor":12,"key":"Block Potion"},{"floor":18,"key":"SkillPotion"},{"floor":20,"key":"Explosive Potion"},{"floor":29,"key":"BottledMiracle"}],"is_trial":false,"path_per_floor":["M","?","M","M","$","R","M","E","T","?","?","M","M","M","R","B",null,"M","?","M","?","?","R","E","R","T","M","?","E","$","?"],"character_chosen":"WATCHER","items_purchased":["PathToVictory","Ginger","MentalFortress"],"campfire_rested":1,"item_purchase_floors":[5,30,30],"current_hp_per_floor":[65,65,65,65,65,65,62,50,50,32,72,69,69,69,69,53,67,67,51,51,51,51,51,5,26,26,14,14,8,8,0,0],"gold":376,"neow_bonus":"THREE_ENEMY_KILL","is_daily":false,"chose_seed":false,"campfire_upgraded":3,"win_rate":0.0,"timestamp":1613139736,"path_taken":["M","?","M","?","$","R","?","E","T","?","?","M","?","M","R","BOSS","M","?","M","?","?","R","E","R","T","?","?","E","$","?"],"items_purchased_type":["Card","Relic","Card"],"build_version":"2020-12-22","purchased_purges":8,"victory":false,"max_hp_per_floor":[72,72,72,72,72,72,72,72,72,72,72,72,72,72,72,72,72,72,72,72,72,72,72,72,72,72,72,72,72,72,72,72],"card_choices":[{"not_picked":["WaveOfTheHand","FlyingSleeves"],"picked":"PathToVictory","floor":1},{"not_picked":["SashWhip","Pray","Protect"],"picked":"SKIP","floor":3},{"not_picked":["BattleHymn","BowlingBash"],"picked":"Consecrate","floor":4},{"not_picked":["Weave","WreathOfFlame"],"picked":"ForeignInfluence","floor":7},{"not_picked":["SashWhip","ClearTheMind","DeceiveReality"],"picked":"SKIP","floor":8},{"not_picked":["Crescendo","CrushJoints","InnerPeace"],"picked":"SKIP","floor":12},{"not_picked":["EmptyFist","SignatureMove","Vault"],"picked":"SKIP","floor":13},{"not_picked":["CrushJoints","Nirvana","ForeignInfluence"],"picked":"SKIP","floor":14},{"not_picked":["Wireheading","SignatureMove"],"picked":"FlurryOfBlows","floor":18},{"not_picked":["WindmillStrike","JustLucky+1","Wallop+1"],"picked":"SKIP","floor":20},{"not_picked":["Vengeance","FollowUp"],"picked":"MentalFortress","floor":24},{"not_picked":["ReachHeaven","Nirvana","Pray"],"picked":"SKIP","floor":27},{"not_picked":["PathToVictory","Protect","BowlingBash+1"],"picked":"SKIP","floor":29}],"player_experience":594413,"relics_obtained":[{"floor":8,"key":"Mercury Hourglass"},{"floor":9,"key":"StrikeDummy"},{"floor":24,"key":"Shuriken"},{"floor":26,"key":"InkBottle"},{"floor":29,"key":"Old Coin"}],"event_choices":[{"damage_healed":0,"gold_gain":0,"player_choice":"Bought 0 Potions","damage_taken":0,"max_hp_gain":0,"max_hp_loss":0,"event_name":"The Woman in Blue","floor":2,"gold_loss":0},{"damage_healed":0,"gold_gain":0,"player_choice":"Take Damage","damage_taken":18,"relics_obtained":["Golden Idol"],"max_hp_gain":0,"max_hp_loss":0,"event_name":"Golden Idol","floor":10,"gold_loss":0},{"cards_removed":["ForeignInfluence"],"damage_healed":40,"gold_gain":0,"player_choice":"Offered Uncommon","damage_taken":0,"max_hp_gain":0,"max_hp_loss":0,"event_name":"Bonfire Elementals","floor":11,"gold_loss":0},{"damage_healed":0,"gold_gain":0,"player_choice":"Obtained Book","damage_taken":16,"max_hp_gain":0,"max_hp_loss":0,"event_name":"Cursed Tome","floor":19,"gold_loss":0},{"damage_healed":0,"gold_gain":0,"player_choice":"Ignored","damage_taken":0,"max_hp_gain":0,"max_hp_loss":0,"event_name":"Beggar","floor":21,"gold_loss":0},{"damage_healed":0,"gold_gain":0,"player_choice":"Obtained Relic","damage_taken":0,"relics_obtained":["Dream Catcher"],"max_hp_gain":0,"max_hp_loss":0,"event_name":"Addict","floor":22,"gold_loss":85},{"damage_healed":0,"gold_gain":0,"player_choice":"Ignored","damage_taken":0,"max_hp_gain":0,"max_hp_loss":0,"event_name":"Ghosts","floor":28,"gold_loss":0},{"damage_healed":0,"gold_gain":0,"player_choice":"Fight","damage_taken":0,"max_hp_gain":0,"max_hp_loss":0,"event_name":"Colosseum","floor":31,"gold_loss":0}],"is_beta":false,"boss_relics":[{"not_picked":["Astrolabe","Runic Dome"],"picked":"SacredBark"}],"items_purged_floors":[5,5,5,5,5,5,5,5],"is_endless":false,"potions_floor_spawned":[1,7,12,18,20,29],"killed_by":"Colosseum Slavers","ascension_level":8}}