{"host":"takgv9cv6xf64vhq","time":1613154641,"event":{"mods":["BaseMod","Colored Powertips","Conspire","Decade(王小明)","Downfall","Energized Spire","Hermit","Hubris","LagranYue(拉格朗・月)","Marisa（F雨　魔理沙）","Minty Spire (QoL Compilation)","Replay The Spire","StSLib","The Cursed","The Hierophant","The Jungle","The Servant 0.9.4","TheHeartMod"],"gold_per_floor":[109,109,109,109,130,171,99,123,148,148,161,175,125,159,159,284,284,304,76,1,1],"floor_reached":20,"language":"ZHS","playtime":1025,"items_purged":["Strike_B","Strike_B","Zap"],"score":360,"play_id":"b1491f90-b4d7-4b68-9812-eb15fa3c0840","local_time":"20210213023041","is_ascension_mode":true,"campfire_choices":[{"data":"BasicCrystalCard","floor":10,"key":"SMITH"},{"data":"Dualcast","floor":15,"key":"SMITH"}],"circlet_count":0,"master_deck":["Defend_B","Defend_B","Defend_B","Defend_B","Dualcast+1","conspire:Rain","Glacier","Hello World","Creative AI","BasicCrystalCard+1","Chill","Crystallizer","ReplayTheSpireMod:GoodbyeWorld","Coolheaded","ReplayRNGCard","ReplayTheSpireMod:System Scan","Apotheosis"],"relics":["Cracked Core","NeowsBlessing","Golden Idol","Smiling Mask","Happy Flower","hubris:BallOfYels","Replay:Fungal Core"],"acts_visited":["Exordium","TheCity"],"potions_floor_usage":[14,16],"damage_taken":[{"damage":0,"enemies":"Small Slimes","floor":1,"turns":1},{"damage":0,"enemies":"2 Louse","floor":5,"turns":1},{"damage":0,"enemies":"Lagavulin","floor":6,"turns":1},{"damage":1,"enemies":"Cultist","floor":8,"turns":4},{"damage":3,"enemies":"Red Slaver","floor":11,"turns":6},{"damage":3,"enemies":"Blue Slaver","floor":12,"turns":4},{"damage":11,"enemies":"3 Sentries","floor":14,"turns":13},{"damage":0,"enemies":"Hexaghost","floor":16,"turns":8},{"damage":0,"enemies":"Spheric Guardian","floor":18,"turns":5},{"damage":25,"enemies":"2 Thieves","floor":20,"turns":4}],"seed_played":"8987995823511833287","potions_obtained":[{"floor":1,"key":"Ancient Potion"},{"floor":8,"key":"Milkshake"},{"floor":12,"key":"SteroidPotion"},{"floor":14,"key":"ColorlessPotion"},{"floor":18,"key":"SneckoOil"}],"is_trial":false,"path_per_floor":["M","?","?","?","M","E","$","M","T","R","M","M","$","E","R","B",null,"M","$","M"],"character_chosen":"DEFECT","items_purchased":["BasicCrystalCard","Apotheosis"],"campfire_rested":0,"item_purchase_floors":[7,19],"current_hp_per_floor":[68,50,43,43,43,43,43,42,42,42,39,36,36,25,25,25,63,63,63,38,38],"gold":1,"neow_bonus":"THREE_ENEMY_KILL","is_daily":false,"chose_seed":false,"campfire_upgraded":2,"win_rate":0.0,"timestamp":1613154641,"path_taken":["M","?","?","?","?","E","?","M","T","R","M","M","$","E","R","BOSS","M","$","M"],"items_purchased_type":["Card","Card"],"build_version":"2020-12-22","purchased_purges":3,"victory":false,"max_hp_per_floor":[75,75,75,75,75,75,75,75,75,75,75,75,75,75,75,75,75,75,75,75,75],"card_choices":[{"not_picked":["Storm","Steam Power"],"picked":"conspire:Rain","floor":1},{"not_picked":["Gash","Ball Lightning"],"picked":"Hello World","floor":5},{"not_picked":["Static Discharge","ReplayTheSpireMod:GoodbyeWorld"],"picked":"Creative AI","floor":6},{"not_picked":["Leap","Conserve Battery"],"picked":"Chill","floor":8},{"not_picked":["Steam","Hologram"],"picked":"Crystallizer","floor":11},{"not_picked":["Steam","Darkness"],"picked":"ReplayTheSpireMod:GoodbyeWorld","floor":12},{"not_picked":["ReplayTheSpireMod:Repulse","Leap"],"picked":"Coolheaded","floor":14},{"not_picked":["hubris:SpecializedCircuitry","Meteor Strike"],"picked":"ReplayRNGCard","floor":16},{"not_picked":["Stack","Gash"],"picked":"ReplayTheSpireMod:System Scan","floor":18}],"player_experience":504714,"relics_obtained":[{"floor":6,"key":"Smiling Mask"},{"floor":9,"key":"Happy Flower"},{"floor":14,"key":"hubris:BallOfYels"}],"event_choices":[{"damage_healed":0,"gold_gain":0,"player_choice":"Take Damage","damage_taken":18,"relics_obtained":["Golden Idol"],"max_hp_gain":0,"max_hp_loss":0,"event_name":"Golden Idol","floor":2,"gold_loss":0},{"cards_removed":["Strike_B"],"damage_healed":0,"gold_gain":0,"player_choice":"Card Removal","damage_taken":7,"max_hp_gain":0,"max_hp_loss":0,"event_name":"Golden Wing","floor":3,"gold_loss":0},{"damage_healed":0,"gold_gain":0,"cards_transformed":["Strike_B"],"player_choice":"Transformed","damage_taken":0,"max_hp_gain":0,"max_hp_loss":0,"event_name":"Transmorgrifier","floor":4,"gold_loss":0,"cards_obtained":["Glacier"]}],"is_beta":false,"boss_relics":[{"not_picked":["Velvet Choker","energizedSpire:UnstableMolecules"],"picked":"Replay:Fungal Core"}],"items_purged_floors":[7,13,19],"is_endless":false,"potions_floor_spawned":[1,8,12,14,18],"killed_by":"2 Thieves","ascension_level":8}}