{"host":"6hzrz31j95f2y1pa","time":1613102684,"event":{"mods":["BaseMod","Colored Map","Downfall","Minty Spire (QoL Compilation)","StSLib"],"gold_per_floor":[99,115,134,134,154,154,177,177,189,199,199,231,131,66,83,182,182,182,198,60,80,99,64,64,90,14,32,42,67,67,67,83,181,181,181,195,205,7,24,49,49,49,49,74,87,37,37,51,69,69],"floor_reached":51,"language":"ENG","playtime":4608,"items_purged":["hexamod:Defend","hexamod:Strike","hexamod:Strike","hexamod:Strike","Writhe","hexamod:Strike"],"score":908,"play_id":"459834a0-8eaf-4e2c-9959-f4b6e29ee7b6","local_time":"20210211230444","is_ascension_mode":true,"campfire_choices":[{"data":"hexamod:ForkedFlame","floor":1,"key":"SMITH"},{"data":"hexamod:EmpoweredFlame","floor":13,"key":"SMITH"},{"data":"hexamod:SuperheatedStrike","floor":18,"key":"SMITH"},{"floor":30,"key":"REST"},{"data":"expansioncontent:QuickStudy","floor":35,"key":"SMITH"},{"floor":43,"key":"RECALL"},{"floor":47,"key":"REST"}],"circlet_count":0,"master_deck":["hexamod:Defend","hexamod:Defend","hexamod:Sear","hexamod:Float","hexamod:ForkedFlame+1","hexamod:FirstSeal","hexamod:SpectersWail","hexamod:EmpoweredFlame+1","hexamod:RetreatToShadows","hexamod:ThermalTransfer","hexamod:SuperheatedStrike+1","hexamod:Hexaguard+1","hexamod:FourthSeal","hexamod:RadiantFlame","hexamod:EmpoweredFlame+1","expansioncontent:QuickStudy+1","hexamod:ThermalTransfer","hexamod:HeatShield","hexamod:Toasty","hexamod:EmpoweredFlame+1"],"relics":["hexamod:SpiritBrand","Smiling Mask","downfall:ShatteredFragment","Sundial","Regal Pillow","downfall:HeartBlessingGreen","SacredBark","Sling","Mango","champ:DeflectingBracers","Ancient Tea Set","Mercury Hourglass","expansioncontent:StudyCardRelic","hexamod:RecyclingMachine","CaptainsWheel","Eternal Feather","Torii"],"acts_visited":["Exordium","TheCity","TheBeyond"],"potions_floor_usage":[22,25,32,33,39,50],"damage_taken":[{"damage":0,"enemies":"2 Louse","floor":2,"turns":2},{"damage":1,"enemies":"Cultist","floor":3,"turns":3},{"damage":0,"enemies":"Small Slimes","floor":5,"turns":2},{"damage":9,"enemies":"Red Slaver","floor":9,"turns":2},{"damage":3,"enemies":"Blue Slaver","floor":10,"turns":2},{"damage":6,"enemies":"Gremlin Nob","floor":12,"turns":3},{"damage":0,"enemies":"downfall:FleeingMerchant","floor":14,"turns":4},{"damage":5,"enemies":"Gremlin Gang","floor":15,"turns":3},{"damage":9,"enemies":"SI_SHIV_ARCHETYPE","floor":16,"turns":5},{"damage":6,"enemies":"Spheric Guardian","floor":19,"turns":3},{"damage":0,"enemies":"downfall:FleeingMerchant","floor":20,"turns":4},{"damage":6,"enemies":"Snake Plant","floor":21,"turns":3},{"damage":7,"enemies":"Centurion and Healer","floor":22,"turns":5},{"damage":6,"enemies":"downfall:FleeingMerchant","floor":23,"turns":4},{"damage":22,"enemies":"Slavers","floor":25,"turns":3},{"damage":3,"enemies":"Chosen and Byrds","floor":27,"turns":5},{"damage":13,"enemies":"Snake Plant","floor":28,"turns":3},{"damage":12,"enemies":"Book of Stabbing","floor":29,"turns":5},{"damage":6,"enemies":"Snecko","floor":32,"turns":3},{"damage":23,"enemies":"IC_MUSHROOM_ARCHETYPE","floor":33,"turns":6},{"damage":11,"enemies":"3 Darklings","floor":36,"turns":4},{"damage":18,"enemies":"3 Shapes","floor":37,"turns":3},{"damage":0,"enemies":"Jaw Worm Horde","floor":39,"turns":1},{"damage":40,"enemies":"Nemesis","floor":40,"turns":7},{"damage":9,"enemies":"Reptomancer","floor":44,"turns":4},{"damage":9,"enemies":"Spire Growth","floor":45,"turns":4},{"damage":7,"enemies":"Writhing Mass","floor":48,"turns":3},{"damage":6,"enemies":"4 Shapes","floor":49,"turns":3},{"damage":8,"enemies":"WA_ARCHETYPE_DIVINITY","floor":50,"turns":7}],"seed_played":"-7357442757978340905","potions_obtained":[{"floor":2,"key":"PowerPotion"},{"floor":5,"key":"Dexterity Potion"},{"floor":12,"key":"SteroidPotion"},{"floor":19,"key":"hexamod:DoubleChargePotion"},{"floor":21,"key":"EssenceOfSteel"},{"floor":25,"key":"Ancient Potion"},{"floor":28,"key":"Slimebound:ThreeZeroPotion"},{"floor":28,"key":"bronze:BurnAndBuffPotion"},{"floor":29,"key":"LiquidBronze"},{"floor":32,"key":"Weak Potion"},{"floor":37,"key":"LiquidMemories"},{"floor":40,"key":"Energy Potion"},{"floor":45,"key":"Block Potion"}],"is_trial":false,"path_per_floor":["R","M","M","?","M","?","T","?","M","M","T","E","R","$","M","B",null,"R","M","$","M","M","$","T","E","$","M","M","E","R","?","M","B",null,"R","M","M","$","M","E","T","?","R","E","M","$","R","M","M","B",null],"character_chosen":"THE_SPIRIT","items_purchased":["hexamod:FourthSeal","Sling","expansioncontent:QuickStudy","hexamod:ThermalTransfer","hexamod:RecyclingMachine"],"campfire_rested":2,"item_purchase_floors":[20,23,23,26,38],"current_hp_per_floor":[70,70,70,70,70,70,70,49,47,44,44,45,45,45,47,45,64,64,65,70,70,63,57,71,56,56,53,40,28,68,68,62,39,73,73,69,51,51,51,18,18,18,30,28,26,26,78,71,65,57],"gold":69,"neow_bonus":"ONE_RANDOM_RARE_CARD","is_daily":false,"chose_seed":false,"campfire_upgraded":4,"win_rate":0.0,"timestamp":1613102684,"path_taken":["R","M","M","?","?","?","T","?","M","M","?","E","R","$","M","BOSS","R","M","$","M","M","$","T","E","$","M","M","E","R","?","M","BOSS","R","M","M","$","M","E","T","?","R","E","M","$","R","M","M","BOSS"],"items_purchased_type":["Card","Relic","Card","Card","Relic"],"build_version":"2020-12-22","purchased_purges":6,"victory":true,"max_hp_per_floor":[70,70,70,70,70,70,70,70,70,70,70,70,70,70,70,70,70,70,70,70,70,70,70,84,84,84,84,84,84,84,84,84,84,84,84,84,84,84,84,84,84,84,84,84,84,84,84,84,84,84],"card_choices":[{"not_picked":["hexamod:SkipABeat","hexamod:HeatCrush"],"picked":"hexamod:FirstSeal","floor":2},{"not_picked":["hexamod:SuperheatedStrike","hexamod:RainOfEmbers"],"picked":"hexamod:SpectersWail","floor":3},{"not_picked":["hexamod:FlamesFromBeyond","hexamod:InspiringFlames"],"picked":"hexamod:EmpoweredFlame","floor":5},{"not_picked":["hexamod:NightmareGuise","hexamod:SuperheatedStrike","hexamod:Hexaguard"],"picked":"SKIP","floor":9},{"not_picked":["hexamod:DynamicBlow","hexamod:Incineration"],"picked":"hexamod:RetreatToShadows","floor":10},{"not_picked":["hexamod:NecessarySacrifice","hexamod:SecondSeal","hexamod:FirstSeal"],"picked":"SKIP","floor":12},{"not_picked":["hexamod:FastForward","hexamod:NightmareGuise"],"picked":"hexamod:ThermalTransfer","floor":14},{"not_picked":["hexamod:AdvancingGuard","hexamod:ShieldOfDarkness"],"picked":"hexamod:SuperheatedStrike","floor":15},{"not_picked":["hexamod:InspiringFlames","hexamod:NightmareGuise"],"picked":"hexamod:Hexaguard+1","floor":19},{"not_picked":["hexamod:PowerFromBeyond","hexamod:Hexaguard","hexamod:Firestarter"],"picked":"SKIP","floor":20},{"not_picked":["hexamod:PhantomCloak+1","hexamod:EtherealExpedition"],"picked":"hexamod:RadiantFlame","floor":21},{"not_picked":["hexamod:Haunt","hexamod:HeatMetal+1"],"picked":"hexamod:EmpoweredFlame+1","floor":22},{"not_picked":["hexamod:HeatMetal+1","hexamod:Haunt+1","hexamod:PhantomFireball+1"],"picked":"SKIP","floor":23},{"not_picked":["hexamod:SpectralAdrenaline","hexamod:Again","hexamod:NightmareStrike"],"picked":"SKIP","floor":25},{"not_picked":["hexamod:Firestarter+1","hexamod:NightmareGuise+1"],"picked":"hexamod:HeatShield","floor":27},{"not_picked":["hexamod:GhostLash","hexamod:SwordOfDarkness","hexamod:RetreatToShadows"],"picked":"SKIP","floor":28},{"not_picked":["hexamod:Incineration","hexamod:InspiringFlames","hexamod:ApocalypseNow"],"picked":"SKIP","floor":29},{"not_picked":["hexamod:InspiringFlames","hexamod:FlamesFromBeyond+1","hexamod:NecessarySacrifice+1"],"picked":"SKIP","floor":32},{"not_picked":["hexamod:WildfireWeapon","hexamod:TurnItUp"],"picked":"hexamod:Toasty","floor":33},{"not_picked":["hexamod:FlamesFromBeyond+1","hexamod:ThirdSeal","hexamod:Hexaguard"],"picked":"SKIP","floor":36},{"not_picked":["hexamod:FourthSeal","hexamod:FirstSeal"],"picked":"hexamod:EmpoweredFlame+1","floor":37},{"not_picked":["hexamod:SuperheatedStrike+1","hexamod:SwordOfDarkness+1","hexamod:NightmareStrike"],"picked":"SKIP","floor":39},{"not_picked":["hexamod:SuperheatedStrike","hexamod:EmpoweredFlame+1","hexamod:PhantomFireball"],"picked":"SKIP","floor":40},{"not_picked":["hexamod:HeatMetal+1","hexamod:HeatShield","hexamod:SwordOfDarkness"],"picked":"SKIP","floor":44},{"not_picked":["hexamod:ThirdSeal","hexamod:HauntingEcho","hexamod:BurningTouch+1"],"picked":"SKIP","floor":45},{"not_picked":["hexamod:NightmareGuise","hexamod:Hexaguard","hexamod:AdvancingGuard+1"],"picked":"SKIP","floor":48},{"not_picked":["hexamod:GhostflameBarrier","hexamod:SoulSteal+1","hexamod:ExtraCrispy+1"],"picked":"SKIP","floor":49}],"player_experience":1427521,"relics_obtained":[{"floor":7,"key":"Smiling Mask"},{"floor":11,"key":"Sundial"},{"floor":12,"key":"Regal Pillow"},{"floor":24,"key":"Mango"},{"floor":25,"key":"champ:DeflectingBracers"},{"floor":29,"key":"Ancient Tea Set"},{"floor":40,"key":"CaptainsWheel"},{"floor":41,"key":"Eternal Feather"},{"floor":44,"key":"Torii"}],"event_choices":[{"damage_healed":0,"gold_gain":0,"player_choice":"Ignored","damage_taken":0,"max_hp_gain":0,"max_hp_loss":0,"event_name":"NoteForYourself","floor":4,"gold_loss":0},{"cards_removed":["hexamod:Defend"],"damage_healed":0,"gold_gain":0,"player_choice":"Card Removal","damage_taken":0,"max_hp_gain":0,"max_hp_loss":0,"event_name":"The Cleric","floor":6,"gold_loss":0}],"is_beta":false,"boss_relics":[{"not_picked":["Velvet Choker","Tiny House"],"picked":"SacredBark"},{"not_picked":["Calling Bell","Pandora\u0027s Box"],"picked":"expansioncontent:StudyCardRelic"}],"items_purged_floors":[14,20,23,26,38,46],"is_endless":false,"potions_floor_spawned":[2,5,12,15,16,19,21,25,28,32,37,40,48],"ascension_level":5}}