{"host":"fbdlh90rovbiajun","time":1613115369,"event":{"mods":["AchievementEnabler","BaseMod","Colored Map","Minty Spire (QoL Compilation)","SuperFastMode"],"gold_per_floor":[117,128,128,138,150,161,161,21,21,21,38,38,49,67,67,162,162,177,177,276,290,215,215,215,115,191,191,191,191],"floor_reached":28,"language":"KOR","playtime":863,"items_purged":["Strike_B","Defend_B"],"score":210,"play_id":"64b8d9ad-54ad-435c-a096-2c69f9cc7a5c","local_time":"20210212163609","is_ascension_mode":false,"campfire_choices":[{"data":"Dualcast","floor":7,"key":"SMITH"},{"data":"All For One","floor":10,"key":"SMITH"},{"data":"Zap","floor":15,"key":"SMITH"},{"data":"Seek","floor":23,"key":"SMITH"}],"circlet_count":0,"master_deck":["Strike_B","Strike_B","Defend_B","Defend_B","Zap+1","Dualcast+1","Finesse","Zap","Beam Cell","All For One+1","Stack","Seek+1","Self Repair+1"],"relics":["Cracked Core","NeowsBlessing","TungstenRod","Black Star","MutagenicStrength","Pantograph"],"acts_visited":["Exordium","TheCity"],"potions_floor_usage":[],"damage_taken":[{"damage":0,"enemies":"Small Slimes","floor":1,"turns":1},{"damage":0,"enemies":"Cultist","floor":2,"turns":1},{"damage":0,"enemies":"Jaw Worm","floor":4,"turns":1},{"damage":2,"enemies":"Blue Slaver","floor":5,"turns":4},{"damage":19,"enemies":"3 Louse","floor":6,"turns":3},{"damage":1,"enemies":"Large Slime","floor":11,"turns":4},{"damage":0,"enemies":"Exordium Wildlife","floor":13,"turns":3},{"damage":2,"enemies":"3 Louse","floor":14,"turns":3},{"damage":43,"enemies":"The Guardian","floor":16,"turns":10},{"damage":31,"enemies":"2 Thieves","floor":18,"turns":4},{"damage":1,"enemies":"3 Byrds","floor":21,"turns":4},{"damage":36,"enemies":"Cultist and Chosen","floor":28,"turns":6}],"seed_played":"-4182978740264643479","potions_obtained":[{"floor":4,"key":"Fire Potion"},{"floor":6,"key":"SteroidPotion"},{"floor":13,"key":"DistilledChaos"}],"is_trial":false,"path_per_floor":["M","M","?","M","M","M","R","$","T","R","M","?","M","M","R","B",null,"M","?","?","M","$","R","?","$","T","?","M"],"character_chosen":"DEFECT","items_purchased":["All For One"],"campfire_rested":0,"item_purchase_floors":[8],"current_hp_per_floor":[75,75,75,75,73,54,54,54,54,54,53,53,53,51,51,8,75,44,44,44,43,43,43,43,43,43,30,0,0],"gold":191,"neow_bonus":"THREE_ENEMY_KILL","is_daily":false,"chose_seed":false,"campfire_upgraded":4,"win_rate":0.0,"timestamp":1613115369,"path_taken":["M","M","?","?","M","?","R","$","T","R","M","?","M","M","R","BOSS","M","?","?","M","$","R","?","$","T","?","?"],"items_purchased_type":["Card"],"build_version":"2020-12-22","purchased_purges":2,"victory":false,"max_hp_per_floor":[75,75,75,75,75,75,75,75,75,75,75,75,75,75,75,75,75,75,75,75,75,75,75,75,75,75,80,80,80],"card_choices":[{"not_picked":["Coolheaded","Reprogram","Cold Snap"],"picked":"SKIP","floor":1},{"not_picked":["Cold Snap","Rebound","Lockon"],"picked":"SKIP","floor":2},{"not_picked":["Heatsinks","Hologram","Tempest"],"picked":"SKIP","floor":4},{"not_picked":["Conserve Battery","Steam"],"picked":"Beam Cell","floor":5},{"not_picked":["Rebound","Chaos","Steam Power"],"picked":"SKIP","floor":6},{"not_picked":["Ball Lightning","Lockon","Cold Snap"],"picked":"SKIP","floor":11},{"not_picked":["Sweeping Beam","Barrage","Leap"],"picked":"SKIP","floor":13},{"not_picked":["Loop","Leap"],"picked":"Stack","floor":14},{"not_picked":["Machine Learning","Fission"],"picked":"Seek","floor":16},{"not_picked":["Melter+1","BootSequence","Consume"],"picked":"SKIP","floor":18},{"not_picked":["Steam","Fusion+1"],"picked":"Self Repair+1","floor":21}],"player_experience":7235,"relics_obtained":[{"floor":9,"key":"TungstenRod"},{"floor":26,"key":"Pantograph"}],"event_choices":[{"damage_healed":0,"gold_gain":0,"player_choice":"2 cards matched","damage_taken":0,"max_hp_gain":0,"max_hp_loss":0,"event_name":"Match and Keep!","floor":3,"gold_loss":0,"cards_obtained":["Finesse","Zap"]},{"cards_removed":["Defend_B"],"damage_healed":0,"gold_gain":0,"player_choice":"Forget","damage_taken":0,"max_hp_gain":0,"max_hp_loss":0,"event_name":"Living Wall","floor":12,"gold_loss":0},{"cards_removed":["Strike_B"],"damage_healed":0,"gold_gain":0,"player_choice":"Elegance","damage_taken":0,"max_hp_gain":0,"max_hp_loss":0,"event_name":"Back to Basics","floor":19,"gold_loss":0},{"damage_healed":0,"gold_gain":99,"player_choice":"Stole From Cult","damage_taken":0,"max_hp_gain":0,"max_hp_loss":0,"event_name":"Nest","floor":20,"gold_loss":0},{"damage_healed":0,"gold_gain":0,"player_choice":"Inject Mutagens","damage_taken":0,"relics_obtained":["MutagenicStrength"],"max_hp_gain":0,"max_hp_loss":0,"event_name":"Drug Dealer","floor":24,"gold_loss":0},{"damage_healed":0,"gold_gain":0,"player_choice":"Shed Blood","damage_taken":19,"max_hp_gain":5,"max_hp_loss":0,"event_name":"Forgotten Altar","floor":27,"gold_loss":0}],"is_beta":false,"boss_relics":[{"not_picked":["Empty Cage","Coffee Dripper"],"picked":"Black Star"}],"items_purged_floors":[22,25],"is_endless":false,"potions_floor_spawned":[4,6,13,18],"killed_by":"Cultist and Chosen","ascension_level":0}}