{"host":"yx5rao87132cy5xq","time":1613172045,"event":{"mods":["2.2 Compatiblity","AchievementEnabler","BaseMod","Bestiary","Colored Map","Colored Powertips","Minty Spire (QoL Compilation)","Quick Restart","Relic Stats","Slay-I","SuperFastMode"],"gold_per_floor":[110,120,136,154,154,154,154,154],"floor_reached":7,"language":"ENG","playtime":5406,"items_purged":[],"score":82,"play_id":"c7dbb566-881e-4e9e-b300-24a2c0f3fdc2","local_time":"20210213002045","is_ascension_mode":true,"campfire_choices":[{"data":"Iron Wave","floor":6.0,"key":"SMITH"}],"circlet_count":0,"master_deck":["AscendersBane","Strike_R","Strike_R","Strike_R","Strike_R","Strike_R","Defend_R","Defend_R","Defend_R","Defend_R","Bash","Exhume","True Grit","Iron Wave+1","Power Through","Shrug It Off"],"relics":["Burning Blood"],"acts_visited":["Exordium"],"potions_floor_usage":[7],"damage_taken":[{"damage":7.0,"enemies":"Cultist","floor":1.0,"turns":4.0},{"damage":8.0,"enemies":"2 Louse","floor":2.0,"turns":3.0},{"damage":7.0,"enemies":"Jaw Worm","floor":3.0,"turns":4.0},{"damage":7.0,"enemies":"2 Fungi Beasts","floor":4.0,"turns":6.0},{"damage":80,"enemies":"Gremlin Nob","floor":7,"turns":7}],"seed_played":"251067838092439232","potions_obtained":[{"floor":1.0,"key":"HeartOfIron"},{"floor":4.0,"key":"Fruit Juice"}],"is_trial":false,"path_per_floor":["M","M","M","M","?","R","E"],"character_chosen":"IRONCLAD","items_purchased":[],"campfire_rested":0,"item_purchase_floors":[],"current_hp_per_floor":[67,65,64,63,63,63,0,0],"gold":154,"neow_bonus":"ONE_RANDOM_RARE_CARD","is_daily":false,"chose_seed":false,"campfire_upgraded":1,"win_rate":0.0,"timestamp":1613172045,"path_taken":["M","?","M","M","?","R","E"],"items_purchased_type":[],"build_version":"2020-12-22","purchased_purges":0,"victory":false,"max_hp_per_floor":[75,75,75,75,75,75,75,75],"relic_stats":{"counters":[5,24],"obtain_stats":[{"Burning Blood":0},{"Burning Blood":0},{"Burning Blood":0}],"Burning Blood":24},"card_choices":[{"not_picked":["Pummel","Havoc"],"picked":"True Grit","floor":1.0},{"not_picked":["Clash","Body Slam"],"picked":"Iron Wave","floor":2.0},{"not_picked":["Feel No Pain","Warcry"],"picked":"Power Through","floor":3.0},{"not_picked":["Anger","Bloodletting"],"picked":"Shrug It Off","floor":4.0}],"player_experience":1009273,"relics_obtained":[],"event_choices":[{"damage_healed":0.0,"max_hp_gain":0.0,"max_hp_loss":0.0,"gold_gain":0.0,"event_name":"Liars Game","player_choice":"Ignored","floor":5.0,"gold_loss":0.0,"damage_taken":0.0}],"is_beta":false,"boss_relics":[],"items_purged_floors":[],"is_endless":false,"potions_floor_spawned":[1,4],"killed_by":"Gremlin Nob","ascension_level":18}}