{"host":"h5acbxt0wmjo1kpm","time":1613126123,"event":{"mods":["2.2 Compatiblity","Act Like it!","AlwaysNeverKeys","Aspiration","Bard","Bartender","BaseMod","Better Third Choice","Colored Map","Elementarium","Gensokyo","GifTheSpireLib","Hallownest","Marisa????????","Menagerie","Minty Spire (QoL Compilation)","Permanent Neow","Potionbrewer","Quick Restart","Relic Filter","Reliquary","Robot Space Explorer","RumiaBox-????????","Shade Mod","Spicy Shops","StSLib","Strawberry Spire","The Blackbeard","The Dragon Tamer","The Gatherer","The Hayseed","The Problem Sleuth","The Servant 0.9.4","Wandering Minibosses","Wide Potions"],"gold_per_floor":[34,34,64,64,124,124,124,201,201,262,304,378,378,431,431,504,504,516,471,471,632,120,120,175,175,175,229,246,10,10,10,10,112,112,129,49,24,24,24,24,56,75,100,132,82,82,145,165,165,165,165,165,38,91,91,91],"floor_reached":55,"language":"ENG","playtime":5105,"items_purged":["TheSimpletonMod:Strike_TheSimpleton","TheSimpletonMod:Strike_TheSimpleton"],"score":1355,"play_id":"a691297f-1135-43a7-a033-dd7185138713","local_time":"20210212023523","is_ascension_mode":true,"campfire_choices":[{"data":"HandOfGreed","floor":6.0,"key":"SMITH"},{"data":"TheSimpletonMod:Innovate","floor":13.0,"key":"SMITH"},{"floor":15.0,"key":"REST"},{"floor":23.0,"key":"REST"},{"data":"TheSimpletonMod:Polyculture","floor":25.0,"key":"SMITH"},{"data":"TheSimpletonMod:SoilSample","floor":32.0,"key":"SMITH"},{"floor":40.0,"key":"REST"},{"floor":49,"key":"RECALL"},{"data":"Wraith Form v2","floor":52,"key":"SMITH"}],"circlet_count":0,"master_deck":["AscendersBane","TheSimpletonMod:Defend_TheSimpleton","TheSimpletonMod:Defend_TheSimpleton","TheSimpletonMod:Defend_TheSimpleton","TheSimpletonMod:Haymaker","TheSimpletonMod:ReapAndSow+1","HandOfGreed+1","TheSimpletonMod:Polyculture+1","TheSimpletonMod:SoilSample+1","TheSimpletonMod:Germinate","TheSimpletonMod:Innovate+1","TheSimpletonMod:CrackOfDawn","TheSimpletonMod:Asparagus","TheSimpletonMod:Aerate","TheSimpletonMod:Rototilling","TheSimpletonMod:SaladShooter+1","TheSimpletonMod:FanTheFlames+1","TheSimpletonMod:ResistantStrain","TheSimpletonMod:Swelter+1","TheSimpletonMod:Pruning+1","TheSimpletonMod:Sunchoke","Hallownest:attackFallenFury","TheSimpletonMod:BirdFeeder","Dagger Throw","Slice","Wraith Form v2+1","TheSimpletonMod:Rototilling+1","TheSimpletonMod:Swelter+1","TheSimpletonMod:StockTheCellar+1","TheSimpletonMod:Squash"],"relics":["TheSimpletonMod:SpudOfTheInnocent","TheSimpletonMod:NightSoil","TheSimpletonMod:TheHarvester","Hallownest:DreamNailRelic","Bottled Lightning","SecretRecord","reliquary:TuningFork","aspiration:HatOfInfinitePower","Black Star","TheSimpletonMod:WoodChipper","strawberrySpire:GlyphStone","Matryoshka","Pen Nib","strawberrySpire:Treaders","Toxic Egg 2","aspiration:SeaSaltIceCream","Cursed Key","PlanX","Blood Vial","OrangePellets","Smiling Mask","reliquary:ExpiredCoupon","Bottled Tornado","potionbrewer:WarMedal","reliquary:HotPoker","Incense Burner","Choco_Feather","Boot","potionbrewer:BottledElixir"],"acts_visited":["Hallownest:Greenpath","Hallownest:CityofTears","Hallownest:KingdomsEdge","TheEnding"],"potions_floor_usage":[55],"damage_taken":[{"damage":10.0,"enemies":"Hallownest:monsterHuskGuard","floor":1.0,"turns":5.0},{"damage":3.0,"enemies":"Hallownest:monsterHuskWarrior","floor":3.0,"turns":4.0},{"damage":4.0,"enemies":"2_ Uuma","floor":5.0,"turns":7.0},{"damage":19.0,"enemies":"Hallownest:eliteVengeflyKing","floor":8.0,"turns":9.0},{"damage":8.0,"enemies":"Hallownest:eliteMossKnight","floor":10.0,"turns":12.0},{"damage":8.0,"enemies":"Hallownest:MossCreep_and_Mosskin","floor":11.0,"turns":7.0},{"damage":10.0,"enemies":"Hallownest:1_Baldur_1_Crawlid_1_Warrior","floor":12.0,"turns":5.0},{"damage":23.0,"enemies":"Hallownest:eliteCrystalGuardian","floor":14.0,"turns":6.0},{"damage":43.0,"enemies":"Hallownest:BossFalseKnight","floor":16.0,"turns":10.0},{"damage":0.0,"enemies":"Hallownest:Guard_and_Sentry","floor":18.0,"turns":1.0},{"damage":34.0,"enemies":"Hallownest:2_Mistakes","floor":21.0,"turns":5.0},{"damage":6.0,"enemies":"Hallownest:Nosk","floor":24.0,"turns":18.0},{"damage":20.0,"enemies":"Hallownest:eliteSoulWarrior","floor":27.0,"turns":6.0},{"damage":11.0,"enemies":"Hallownest:monsterMisterMushroom","floor":28.0,"turns":5.0},{"damage":27.0,"enemies":"Hallownest:BossMantisLord","floor":33.0,"turns":8.0},{"damage":48.0,"enemies":"Hallownest:3_Siblings","floor":35.0,"turns":7.0},{"damage":8.0,"enemies":"Hallownest:eliteHiveKnight","floor":41.0,"turns":7.0},{"damage":40,"enemies":"Hallownest:2_Littles","floor":42,"turns":5},{"damage":0,"enemies":"Hallownest:StalkingDevout","floor":44,"turns":4},{"damage":6,"enemies":"Hallownest:eliteHiveKnight","floor":47,"turns":10},{"damage":12,"enemies":"Hallownest:monsterPrimalAspid","floor":48,"turns":4},{"damage":42,"enemies":"Hallownest:BossGreyPrinceZote","floor":50,"turns":14},{"damage":56,"enemies":"Shield and Spear","floor":54,"turns":6},{"damage":48,"enemies":"The Heart","floor":55,"turns":2}],"seed_played":"-1586227642061326381","potions_obtained":[{"floor":1.0,"key":"potionbrewer:CleansingPotion"},{"floor":10.0,"key":"Weak Potion"},{"floor":14.0,"key":"SmokeBomb"},{"floor":28.0,"key":"potionbrewer:DiscountPotion"},{"floor":33.0,"key":"TheSimpletonMod:AbundancePotion"},{"floor":35.0,"key":"FairyPotion"},{"floor":54,"key":"BlessingOfTheForge"}],"is_trial":false,"path_per_floor":["M","?","M","?","M","R","?","E","T","E","M","M","R","E","R","B",null,"M","?","?","M","$","R","E","R","T","E","M","$","?","$","R","B",null,"M","?","?","$","$","R","E","M","T","E","$","?","E","M","R","B",null,"R","$","E","B"],"character_chosen":"THE_SIMPLETON","items_purchased":["strawberrySpire:GlyphStone","Matryoshka","OrangePellets","TheSimpletonMod:Sunchoke","TheSimpletonMod:Swelter+1","TheSimpletonMod:StockTheCellar+1"],"campfire_rested":3,"item_purchase_floors":[22,22,29,29,53,53],"current_hp_per_floor":[58,58,59,59,59,59,59,59,59,56,53,47,47,24,45,13,57,57,57,57,23,23,44,43,43,43,28,26,26,26,26,26,1,54,8,8,8,8,8,29,28,6,6,29,29,29,41,43,43,32,61,61,61,23,0,0],"gold":91,"neow_bonus":"RANDOM_COLORLESS_2","is_daily":false,"chose_seed":false,"campfire_upgraded":5,"win_rate":0.0,"timestamp":1613126123,"path_taken":["M","?","?","?","M","R","?","E","T","E","M","M","R","E","R","BOSS","M","?","?","M","$","R","E","R","T","E","M","?","?","$","R","BOSS","M","?","?","?","$","R","E","M","T","E","$","?","E","?","R","BOSS","R","$","E","BOSS"],"items_purchased_type":["Relic","Relic","Relic","Card","Card","Card"],"build_version":"2020-12-22","purchased_purges":2,"victory":false,"max_hp_per_floor":[71,71,71,71,71,71,71,71,71,71,71,71,71,71,71,71,71,71,71,71,71,71,71,71,71,71,71,71,71,71,71,71,71,71,71,71,71,71,71,71,71,71,71,71,71,71,71,71,71,71,71,71,71,71,71,71],"card_choices":[{"not_picked":["Violence","Metamorphosis"],"picked":"HandOfGreed","floor":0.0},{"not_picked":["TheSimpletonMod:Rototilling","TheSimpletonMod:GoToMarket"],"picked":"TheSimpletonMod:Polyculture","floor":1.0},{"not_picked":["TheSimpletonMod:Squash","TheSimpletonMod:SpiceUp"],"picked":"TheSimpletonMod:SoilSample","floor":3.0},{"not_picked":["TheSimpletonMod:RootDown","TheSimpletonMod:BumperCrop","TheSimpletonMod:SaladShooter"],"picked":"SKIP","floor":5.0},{"not_picked":["TheSimpletonMod:StockTheCellar","TheSimpletonMod:KeenEdge","TheSimpletonMod:ErosionControl"],"picked":"SKIP","floor":8.0},{"not_picked":["TheSimpletonMod:ToughenUp","TheSimpletonMod:Rototilling"],"picked":"TheSimpletonMod:Germinate","floor":10.0},{"not_picked":["TheSimpletonMod:PestManagement","TheSimpletonMod:CullingStrike"],"picked":"TheSimpletonMod:Innovate","floor":11.0},{"not_picked":["TheSimpletonMod:Squash","TheSimpletonMod:Sunchoke","TheSimpletonMod:Pruning"],"picked":"SKIP","floor":12.0},{"not_picked":["TheSimpletonMod:SaladShooter","TheSimpletonMod:BumperCrop"],"picked":"TheSimpletonMod:CrackOfDawn","floor":14.0},{"not_picked":["TheSimpletonMod:HitTheSack","TheSimpletonMod:Surplus"],"picked":"TheSimpletonMod:Asparagus","floor":16.0},{"not_picked":["TheSimpletonMod:SpiceUp","TheSimpletonMod:Ferment"],"picked":"TheSimpletonMod:Aerate","floor":18.0},{"not_picked":["TheSimpletonMod:Innovate","TheSimpletonMod:SeedCoat"],"picked":"TheSimpletonMod:Rototilling","floor":21.0},{"not_picked":["TheSimpletonMod:ToughenUp","TheSimpletonMod:DoubleBarrel"],"picked":"TheSimpletonMod:ResistantStrain","floor":24.0},{"not_picked":["TheSimpletonMod:Polyculture+1","TheSimpletonMod:Sunseed"],"picked":"TheSimpletonMod:Swelter+1","floor":27.0},{"not_picked":["TheSimpletonMod:Thresh","TheSimpletonMod:CloseScrape"],"picked":"TheSimpletonMod:Pruning+1","floor":28.0},{"not_picked":["TheSimpletonMod:Asparagus","TheSimpletonMod:FlashPasteurize"],"picked":"TheSimpletonMod:CrackOfDawn","floor":33.0},{"not_picked":["TheSimpletonMod:ControlledBurn+1","TheSimpletonMod:Thresh","TheSimpletonMod:SeedCoat+1"],"picked":"SKIP","floor":35.0},{"not_picked":["TheSimpletonMod:Squash+1","TheSimpletonMod:Asparagus"],"picked":"TheSimpletonMod:BirdFeeder","floor":41},{"not_picked":["TheSimpletonMod:ToughenUp+1","TheSimpletonMod:PestManagement+1","TheSimpletonMod:SoilSample+1"],"picked":"SKIP","floor":42},{"not_picked":["TheSimpletonMod:Innovate+1","TheSimpletonMod:Polyculture+1","TheSimpletonMod:Squash"],"picked":"SKIP","floor":44},{"not_picked":["TheSimpletonMod:CropRotation+1","TheSimpletonMod:Ferment+1"],"picked":"TheSimpletonMod:Rototilling+1","floor":47},{"not_picked":["TheSimpletonMod:SeedCoat+1","TheSimpletonMod:DoubleBarrel","TheSimpletonMod:Innovate+1"],"picked":"SKIP","floor":48},{"not_picked":["TheSimpletonMod:Sunseed","TheSimpletonMod:SaltTheEarth"],"picked":"TheSimpletonMod:Squash","floor":54}],"player_experience":2253577,"relics_obtained":[{"floor":8.0,"key":"Bottled Lightning"},{"floor":9.0,"key":"SecretRecord"},{"floor":10.0,"key":"reliquary:TuningFork"},{"floor":14.0,"key":"aspiration:HatOfInfinitePower"},{"floor":24.0,"key":"Pen Nib"},{"floor":24.0,"key":"strawberrySpire:Treaders"},{"floor":26.0,"key":"Toxic Egg 2"},{"floor":26.0,"key":"aspiration:SeaSaltIceCream"},{"floor":27.0,"key":"PlanX"},{"floor":27.0,"key":"Blood Vial"},{"floor":41,"key":"Smiling Mask"},{"floor":41,"key":"reliquary:ExpiredCoupon"},{"floor":43,"key":"Bottled Tornado"},{"floor":44,"key":"potionbrewer:WarMedal"},{"floor":44,"key":"reliquary:HotPoker"},{"floor":47,"key":"Incense Burner"},{"floor":47,"key":"Choco_Feather"},{"floor":54,"key":"Boot"},{"floor":54,"key":"potionbrewer:BottledElixir"}],"event_choices":[],"is_beta":false,"boss_relics":[{"not_picked":["reliquary:KinkedSpring","aspiration:SecretTechniqueScroll"],"picked":"Black Star"},{"not_picked":["reliquary:Craggleroot","aspiration:RandomNobGenerator","aspiration:PoetsPen"]}],"items_purged_floors":[22,45],"is_endless":false,"potions_floor_spawned":[1,10,14,16,28,33,35,47,54],"killed_by":"The Heart","ascension_level":16}}