{"host":"yhhyog5h1q67ienp","time":1613173638,"event":{"mods":["AchievementEnabler","BaseMod","Block Reminder","Colored Map","Colored Powertips","Minty Spire (QoL Compilation)","Quick Restart","Relic Stats","StSLib","ojb\u0027s Better Paths Mod","ojb\u0027s Info Mod"],"gold_per_floor":[111,161,171,182,201,201,227,227,227,192,210,243,243,262,262,262,262],"floor_reached":16,"language":"ENG","playtime":839,"items_purged":[],"score":224,"play_id":"5f35064d-d587-4955-be93-1c845d8dfa74","local_time":"20210212204718","is_ascension_mode":true,"campfire_choices":[{"data":"Neutralize","floor":6,"key":"SMITH"},{"data":"Backstab","floor":8,"key":"SMITH"},{"data":"Finisher","floor":13,"key":"SMITH"},{"data":"Dagger Spray","floor":15,"key":"SMITH"}],"circlet_count":0,"master_deck":["AscendersBane","Strike_G","Strike_G","Strike_G","Strike_G","Strike_G","Defend_G","Defend_G","Defend_G","Defend_G","Defend_G","Survivor","Neutralize+1","Quick Slash","Backstab+1","Slice","Quick Slash","Blade Dance","Finisher+1","Dagger Spray+1"],"relics":["Ring of the Snake","Ice Cream","Dead Branch","White Beast Statue"],"acts_visited":["Exordium"],"potions_floor_usage":[11,16,16,16],"damage_taken":[{"damage":4,"enemies":"Small Slimes","floor":1,"turns":6},{"damage":1,"enemies":"Cultist","floor":3,"turns":5},{"damage":0,"enemies":"2 Louse","floor":4,"turns":3},{"damage":0,"enemies":"Looter","floor":5,"turns":3},{"damage":30,"enemies":"3 Sentries","floor":7,"turns":12},{"damage":2,"enemies":"Gremlin Gang","floor":11,"turns":3},{"damage":12,"enemies":"Lagavulin","floor":12,"turns":8},{"damage":0,"enemies":"Large Slime","floor":14,"turns":4},{"damage":42,"enemies":"Slime Boss","floor":16,"turns":6}],"seed_played":"-4400436587095019300","potions_obtained":[{"floor":5,"key":"SmokeBomb"},{"floor":7,"key":"CunningPotion"},{"floor":11,"key":"SpeedPotion"},{"floor":12,"key":"CunningPotion"},{"floor":14,"key":"EntropicBrew"}],"is_trial":false,"path_per_floor":["M","?","M","M","M","R","E","R","T","?","M","E","R","M","R","B"],"character_chosen":"THE_SILENT","items_purchased":[],"campfire_rested":0,"item_purchase_floors":[],"current_hp_per_floor":[61,61,60,60,60,60,30,30,30,48,46,34,34,34,34,0,0],"gold":262,"neow_bonus":"TEN_PERCENT_HP_BONUS","is_daily":false,"chose_seed":false,"campfire_upgraded":4,"win_rate":0.0,"timestamp":1613173638,"path_taken":["M","?","M","M","?","R","E","R","T","?","M","E","R","M","R","BOSS"],"items_purchased_type":[],"build_version":"2020-12-22","purchased_purges":0,"victory":false,"max_hp_per_floor":[72,72,72,72,72,72,72,72,72,72,72,72,72,72,72,72,72],"relic_stats":{"counters":[9,50],"Dead Branch":[36],"obtain_stats":[{"Ice Cream":7,"Dead Branch":9,"White Beast Statue":12,"Ring of the Snake":0},{"Ice Cream":5,"Dead Branch":5,"White Beast Statue":7,"Ring of the Snake":0},{"Ice Cream":29,"Dead Branch":29,"White Beast Statue":40,"Ring of the Snake":0}],"Ring of the Snake":[18]},"card_choices":[{"not_picked":["Prepared","Acrobatics"],"picked":"Quick Slash","floor":1},{"not_picked":["Acrobatics","Deflect","Distraction"],"picked":"SKIP","floor":3},{"not_picked":["Leg Sweep","Poisoned Stab"],"picked":"Backstab","floor":4},{"not_picked":["Dodge and Roll","Cloak And Dagger"],"picked":"Slice","floor":5},{"not_picked":["Deflect","Acrobatics"],"picked":"Quick Slash","floor":7},{"not_picked":["Acrobatics","Outmaneuver"],"picked":"Blade Dance","floor":11},{"not_picked":["Riddle With Holes","Envenom"],"picked":"Finisher","floor":12},{"not_picked":["Bane","Concentrate"],"picked":"Dagger Spray","floor":14}],"player_experience":1470290,"relics_obtained":[{"floor":7,"key":"Ice Cream"},{"floor":9,"key":"Dead Branch"},{"floor":12,"key":"White Beast Statue"}],"event_choices":[{"damage_healed":0,"gold_gain":50,"player_choice":"Pray","damage_taken":0,"max_hp_gain":0,"max_hp_loss":0,"event_name":"Golden Shrine","floor":2,"gold_loss":0},{"damage_healed":18,"gold_gain":0,"player_choice":"Healed","damage_taken":0,"max_hp_gain":0,"max_hp_loss":0,"event_name":"The Cleric","floor":10,"gold_loss":35}],"is_beta":false,"boss_relics":[],"items_purged_floors":[],"is_endless":false,"potions_floor_spawned":[5,7,11,12,14],"killed_by":"Slime Boss","ascension_level":20}}