{"host":"neeznpvpgo0qgfkd","time":1613172372,"event":{"mods":["AchievementEnabler","BaseMod","BetterRewards","Colored Map","Colored Powertips","Exacting","Minty Spire (QoL Compilation)","Permanent Neow","Quick Restart","Shop Mod"],"gold_per_floor":[118,118,118,128,128,156,156,184,208,208,220,27,41,66,66,166,166,186,186,111,130,160,191,191,191,238,265,280,312,330,348,348,447,447,463,494,716,637,637,637,668,668,692,709,726,758,769,803,803,803,803,803,283,308,308,308],"floor_reached":55,"language":"ENG","playtime":3306,"items_purged":[],"score":1150,"play_id":"258e220b-0a26-4901-ada9-cc80a4486ad1","local_time":"20210212182612","is_ascension_mode":true,"campfire_choices":[{"data":"Juggernaut","floor":7.0,"key":"SMITH"},{"floor":10.0,"key":"REST"},{"floor":15.0,"key":"RECALL"},{"floor":24.0,"key":"REST"},{"floor":32.0,"key":"REST"},{"data":"Rupture","floor":40.0,"key":"SMITH"},{"data":"Spot Weakness","floor":42.0,"key":"SMITH"},{"data":"Limit Break","floor":49,"key":"SMITH"},{"floor":52,"key":"REST"}],"circlet_count":0,"master_deck":["Strike_R","Strike_R","Strike_R","Strike_R+1","Strike_R","Defend_R+1","Defend_R","Defend_R+1","Defend_R","Bash","Fire Breathing","Metallicize","Armaments","Thunderclap","Inflame","Juggernaut+1","Brutality","Sword Boomerang","Metallicize","Flame Barrier","Offering","Limit Break+1","Iron Wave+1","Spot Weakness+1","Iron Wave","Dropkick","Necronomicurse","Rupture+1","Pommel Strike+1","Flex","Heavy Blade","Bloodletting","Shrug It Off+1","Sword Boomerang+1","Juggernaut","CurseOfTheBell","Shrug It Off","Pommel Strike+1","Metallicize","Rupture","Swift Strike","Perfected Strike+1","Heavy Blade+1"],"relics":["Burning Blood","ClockworkSouvenir","Blood Vial","Prayer Wheel","Regal Pillow","PreservedInsect","Bird Faced Urn","Toy Ornithopter","Centennial Puzzle","OrangePellets","War Paint","Runic Cube","Red Mask","Red Skull","Necronomicon","Smiling Mask","Letter Opener","White Beast Statue","Calling Bell","Nunchaku","Sundial","Ginger","Bottled Lightning","Happy Flower","Vajra","Mango","Paper Frog","Akabeko","Whetstone"],"acts_visited":["Exordium","TheCity","TheBeyond","TheEnding"],"potions_floor_usage":[46,46,50,50,55,55,55],"damage_taken":[{"damage":0.0,"enemies":"2 Louse","floor":1.0,"turns":3.0},{"damage":15.0,"enemies":"Jaw Worm","floor":4.0,"turns":4.0},{"damage":20.0,"enemies":"Gremlin Nob","floor":6.0,"turns":4.0},{"damage":18.0,"enemies":"3 Sentries","floor":8.0,"turns":4.0},{"damage":13.0,"enemies":"Cultist","floor":11.0,"turns":4.0},{"damage":23.0,"enemies":"Exordium Wildlife","floor":13.0,"turns":5.0},{"damage":37.0,"enemies":"Lagavulin","floor":14.0,"turns":5.0},{"damage":29.0,"enemies":"Slime Boss","floor":16.0,"turns":5.0},{"damage":15.0,"enemies":"Chosen","floor":18.0,"turns":4.0},{"damage":30.0,"enemies":"Spheric Guardian","floor":21.0,"turns":6.0},{"damage":38.0,"enemies":"Masked Bandits","floor":22.0,"turns":3.0},{"damage":32.0,"enemies":"Book of Stabbing","floor":23.0,"turns":4.0},{"damage":34.0,"enemies":"Gremlin Leader","floor":27.0,"turns":5.0},{"damage":28.0,"enemies":"Snecko","floor":28.0,"turns":5.0},{"damage":14.0,"enemies":"Book of Stabbing","floor":29.0,"turns":4.0},{"damage":10.0,"enemies":"3 Cultists","floor":30.0,"turns":4.0},{"damage":19.0,"enemies":"Cultist and Chosen","floor":31.0,"turns":4.0},{"damage":27.0,"enemies":"Champ","floor":33.0,"turns":9.0},{"damage":29.0,"enemies":"Orb Walker","floor":35.0,"turns":4.0},{"damage":13.0,"enemies":"3 Shapes","floor":36.0,"turns":5.0},{"damage":12.0,"enemies":"Giant Head","floor":41.0,"turns":5.0},{"damage":41.0,"enemies":"Writhing Mass","floor":44.0,"turns":3.0},{"damage":12.0,"enemies":"Maw","floor":45.0,"turns":4.0},{"damage":88,"enemies":"Reptomancer","floor":46,"turns":4},{"damage":11,"enemies":"4 Shapes","floor":47,"turns":4},{"damage":17,"enemies":"Giant Head","floor":48,"turns":3},{"damage":47,"enemies":"Donu and Deca","floor":50,"turns":4},{"damage":58,"enemies":"Shield and Spear","floor":54,"turns":3},{"damage":102,"enemies":"The Heart","floor":55,"turns":6}],"seed_played":"1296699427834664749","potions_obtained":[{"floor":1.0,"key":"Explosive Potion"},{"floor":8.0,"key":"Fire Potion"},{"floor":11.0,"key":"EssenceOfSteel"},{"floor":16.0,"key":"SkillPotion"},{"floor":23.0,"key":"Fire Potion"},{"floor":28.0,"key":"Explosive Potion"},{"floor":29.0,"key":"Energy Potion"},{"floor":30.0,"key":"Swift Potion"},{"floor":31.0,"key":"SneckoOil"},{"floor":33.0,"key":"Ancient Potion"},{"floor":36.0,"key":"SteroidPotion"},{"floor":41.0,"key":"ElixirPotion"},{"floor":44.0,"key":"Ancient Potion"},{"floor":45.0,"key":"BloodPotion"},{"floor":46,"key":"SteroidPotion"},{"floor":47,"key":"Block Potion"},{"floor":54,"key":"HeartOfIron"}],"is_trial":false,"path_per_floor":["M","?","?","M","?","E","R","E","T","R","M","$","M","E","R","B",null,"M","?","?","M","?","E","R","?","T","E","M","E","M","M","R","B",null,"M","M","?","$","?","R","E","R","T","M","M","E","M","E","R","B",null,"R","$","E","B"],"character_chosen":"IRONCLAD","items_purchased":["ClockworkSouvenir","Blood Vial","Regal Pillow","Fire Breathing","Strength Potion","OrangePellets","Metallicize","Rupture","Paper Frog","Akabeko","Regen Potion","SkillPotion"],"campfire_rested":4,"item_purchase_floors":[0,0,0,0,0,12,12,38,53,53,53,53],"current_hp_per_floor":[80,80,80,71,64,58,58,59,59,80,77,77,78,57,57,53,73,74,74,74,62,43,31,70,54,54,39,33,37,42,41,80,71,78,63,72,72,72,72,72,80,80,80,55,74,22,31,46,46,29,78,94,94,50,0,0],"gold":308,"neow_bonus":"","is_daily":false,"chose_seed":false,"campfire_upgraded":4,"win_rate":0.0,"timestamp":1613172372,"path_taken":["M","?","?","M","?","E","R","E","T","R","M","?","M","E","R","BOSS","M","?","?","?","?","E","R","?","T","E","M","E","M","M","R","BOSS","M","M","?","$","?","R","E","R","T","?","M","E","M","E","R","BOSS","R","$","E","BOSS"],"items_purchased_type":["Relic","Relic","Relic","Card","Potion","Relic","Card","Card","Relic","Relic","Potion","Potion"],"build_version":"2020-12-22","purchased_purges":0,"victory":false,"max_hp_per_floor":[80,80,80,80,80,80,80,80,80,80,80,80,80,80,80,80,80,80,80,80,80,80,80,80,80,80,80,80,80,80,80,80,80,80,80,80,80,80,80,80,80,80,80,80,80,80,80,94,94,94,94,94,94,94,94,94],"card_choices":[{"not_picked":["Feel No Pain","Shrug It Off"],"picked":"Metallicize","floor":1.0},{"not_picked":["Reckless Charge","Shockwave"],"picked":"Armaments","floor":1.0},{"not_picked":["Pommel Strike","Shockwave"],"picked":"Thunderclap","floor":4.0},{"not_picked":["Burning Pact","Evolve"],"picked":"Inflame","floor":4.0},{"not_picked":["Anger","Rampage"],"picked":"Juggernaut","floor":6.0},{"not_picked":["Hemokinesis","Twin Strike"],"picked":"Brutality","floor":8.0},{"not_picked":["Burning Pact","Anger"],"picked":"Sword Boomerang","floor":11.0},{"not_picked":["Armaments","Carnage","Cleave"],"picked":"SKIP","floor":11.0},{"not_picked":["Shrug It Off","Shockwave"],"picked":"Flame Barrier","floor":13.0},{"not_picked":["Dual Wield","True Grit","Anger"],"picked":"SKIP","floor":13.0},{"not_picked":["Flex","Shrug It Off"],"picked":"Offering","floor":14.0},{"not_picked":["Juggernaut","Double Tap"],"picked":"Limit Break","floor":16.0},{"not_picked":["Headbutt+1","Twin Strike"],"picked":"Iron Wave+1","floor":18.0},{"not_picked":["Thunderclap","Carnage","Havoc"],"picked":"SKIP","floor":18.0},{"not_picked":["Havoc+1","Armaments"],"picked":"Iron Wave","floor":21.0},{"not_picked":["Clothesline","Cleave","Thunderclap"],"picked":"SKIP","floor":21.0},{"not_picked":["Second Wind","Bludgeon"],"picked":"Dropkick","floor":23.0},{"not_picked":["Rampage","Hemokinesis+1"],"picked":"Rupture","floor":27.0},{"not_picked":["Ghostly Armor","Thunderclap"],"picked":"Pommel Strike+1","floor":28.0},{"not_picked":["Dark Embrace+1","Clothesline"],"picked":"Flex","floor":28.0},{"not_picked":["Sentinel","Fiend Fire"],"picked":"Heavy Blade","floor":29.0},{"not_picked":["Sentinel+1","Warcry+1"],"picked":"Bloodletting","floor":30.0},{"not_picked":["True Grit","Perfected Strike","Entrench"],"picked":"SKIP","floor":30.0},{"not_picked":["Clash","Pummel"],"picked":"Shrug It Off+1","floor":31.0},{"not_picked":["Ghostly Armor","Pummel+1"],"picked":"Sword Boomerang","floor":31.0},{"not_picked":["Barricade","Brutality"],"picked":"Juggernaut","floor":33.0},{"not_picked":["Pummel","True Grit"],"picked":"Shrug It Off","floor":35.0},{"not_picked":["Clash+1","True Grit+1"],"picked":"Pommel Strike+1","floor":35.0},{"not_picked":["Rampage+1","Searing Blow+1"],"picked":"Metallicize","floor":36.0},{"not_picked":["Armaments","Body Slam+1","Headbutt+1"],"picked":"SKIP","floor":36.0},{"not_picked":["Fiend Fire","Body Slam","Headbutt+1"],"picked":"SKIP","floor":41.0},{"not_picked":["Carnage","Rampage"],"picked":"Perfected Strike+1","floor":44.0},{"not_picked":["Wild Strike","Clash","Twin Strike+1"],"picked":"SKIP","floor":44.0},{"not_picked":["Feel No Pain","Thunderclap+1","Havoc"],"picked":"SKIP","floor":45.0},{"not_picked":["Twin Strike","Ghostly Armor+1","Thunderclap"],"picked":"SKIP","floor":45.0},{"not_picked":["Flame Barrier+1","Shrug It Off","Corruption"],"picked":"SKIP","floor":46},{"not_picked":["Intimidate","Clash","Hemokinesis"],"picked":"SKIP","floor":47},{"not_picked":["Body Slam+1","Anger+1","Clash+1"],"picked":"SKIP","floor":47},{"not_picked":["Spot Weakness","Heavy Blade+1","Whirlwind"],"picked":"SKIP","floor":48},{"not_picked":["Clash+1","Warcry+1"],"picked":"Heavy Blade+1","floor":54}],"player_experience":1405336,"relics_obtained":[{"floor":6.0,"key":"Toy Ornithopter"},{"floor":8.0,"key":"Centennial Puzzle"},{"floor":14.0,"key":"War Paint"},{"floor":22.0,"key":"Red Mask"},{"floor":23.0,"key":"Red Skull"},{"floor":25.0,"key":"Necronomicon"},{"floor":26.0,"key":"Smiling Mask"},{"floor":27.0,"key":"Letter Opener"},{"floor":29.0,"key":"White Beast Statue"},{"floor":34.0,"key":"Nunchaku"},{"floor":34.0,"key":"Sundial"},{"floor":34.0,"key":"Ginger"},{"floor":41.0,"key":"Bottled Lightning"},{"floor":43.0,"key":"Happy Flower"},{"floor":46,"key":"Vajra"},{"floor":48,"key":"Mango"},{"floor":54,"key":"Whetstone"}],"event_choices":[{"damage_healed":0.0,"max_hp_gain":0.0,"max_hp_loss":0.0,"gold_gain":0.0,"event_name":"The Cleric","player_choice":"Leave","floor":2.0,"gold_loss":0.0,"damage_taken":0.0},{"damage_healed":0.0,"max_hp_gain":0.0,"max_hp_loss":0.0,"gold_gain":0.0,"event_name":"Big Fish","player_choice":"Box","floor":3.0,"gold_loss":0.0,"damage_taken":0.0,"relics_obtained":["PreservedInsect"],"cards_obtained":["Regret"]},{"damage_healed":0.0,"max_hp_gain":0.0,"max_hp_loss":0.0,"gold_gain":0.0,"event_name":"Scrap Ooze","player_choice":"Success","floor":5.0,"gold_loss":0.0,"damage_taken":7.0,"relics_obtained":["Bird Faced Urn"]},{"damage_healed":0.0,"max_hp_gain":0.0,"max_hp_loss":0.0,"gold_gain":0.0,"event_name":"The Library","player_choice":"Read","floor":19.0,"gold_loss":0.0,"damage_taken":0.0,"cards_obtained":["Spot Weakness"]},{"cards_removed":["Regret"],"damage_healed":0.0,"max_hp_gain":0.0,"max_hp_loss":0.0,"gold_gain":0.0,"event_name":"Beggar","player_choice":"Gave Gold","floor":20.0,"gold_loss":75.0,"damage_taken":0.0},{"damage_healed":0.0,"max_hp_gain":0.0,"max_hp_loss":0.0,"gold_gain":0.0,"event_name":"Masked Bandits","player_choice":"Fought Bandits","floor":22.0,"gold_loss":0.0,"damage_taken":0.0},{"damage_healed":0.0,"max_hp_gain":0.0,"max_hp_loss":0.0,"gold_gain":0.0,"event_name":"Cursed Tome","player_choice":"Obtained Book","floor":25.0,"gold_loss":0.0,"damage_taken":16.0},{"damage_healed":0.0,"max_hp_gain":0.0,"max_hp_loss":0.0,"gold_gain":222.0,"event_name":"Tomb of Lord Red Mask","player_choice":"Wore Mask","floor":37.0,"gold_loss":0.0,"damage_taken":0.0},{"damage_healed":0.0,"max_hp_gain":0.0,"max_hp_loss":0.0,"gold_gain":0.0,"event_name":"Match and Keep!","player_choice":"1 cards matched","floor":39.0,"gold_loss":0.0,"damage_taken":0.0,"cards_obtained":["Swift Strike"]}],"is_beta":false,"boss_relics":[{"not_picked":["Pandora\u0027s Box","Tiny House"],"picked":"Runic Cube"},{"not_picked":["Snecko Eye","SacredBark"],"picked":"Calling Bell"}],"items_purged_floors":[],"is_endless":false,"potions_floor_spawned":[1,8,11,16,23,28,29,30,31,33,35,36,41,44,45,46,47,48,54],"killed_by":"The Heart","ascension_level":6}}