{"host":"gaqyve1328ta0etl","time":1613095973,"event":{"mods":["BaseMod","Colored Map","Colored Powertips","Duelist Mod","Googly Eyes","Hero for Fun","Minty Spire (QoL Compilation)","Shop Mod","StSLib","SuperFastMode","The Hierophant","The Runesmith"],"gold_per_floor":[135,148,2,2,19,19,39,39,39,39,51,51,51,62,62,163,163,183,48,65,65,82,82,98,114,114,60,60,60],"floor_reached":28,"language":"ENG","playtime":773,"items_purged":["theDuelist:Sparks","theDuelist:Sparks"],"score":322,"play_id":"c8c986f9-5082-47bf-8864-2e86166e3e71","local_time":"20210211181253","is_ascension_mode":true,"campfire_choices":[{"data":"theDuelist:SurvivalFittest","floor":6,"key":"SMITH"},{"data":"theDuelist:GreyGreedOni","floor":10,"key":"SMITH"},{"floor":15,"key":"REST"},{"floor":23,"key":"REST"}],"circlet_count":0,"master_deck":["theDuelist:BabyDragon","theDuelist:CastleWalls","theDuelist:CastleWalls","theDuelist:CaveDragon","theDuelist:CaveDragon","theDuelist:LesserDragon","theDuelist:LesserDragon","theDuelist:YamataDragon","theDuelist:MirageDragon","theDuelist:DragonCaptureJar","theDuelist:SurvivalFittest+1","theDuelist:Nameless:War:MaskedDragon","theDuelist:Nameless:Power:ForbiddenLance","theDuelist:Nameless:Magic:ForbiddenLance","theDuelist:BigFire","theDuelist:GreyGreedOni+1","theDuelist:CoralDragon+1","theDuelist:WaterDragon+1","theDuelist:BlackStego","theDuelist:Mountain","theDuelist:StardustDragon+1","theDuelist:Mountain","theDuelist:CyberDragonVier+1"],"relics":["theDuelist:MillenniumPuzzle","theDuelist:CardPoolRelic","theDuelist:CardPoolBasicRelic","theDuelist:BoosterPackPoolRelic","theDuelist:CardPoolAddRelic","theDuelist:CardPoolMinusRelic","theDuelist:CardPoolSaveRelic","theDuelist:CardPoolOptionsRelic","Toxic Egg 2","Inserter","Enchiridion","Meat on the Bone"],"acts_visited":["Exordium","TheCity"],"potions_floor_usage":[7,16,25],"damage_taken":[{"damage":2,"enemies":"2 Louse","floor":1,"turns":2},{"damage":0,"enemies":"Cultist","floor":2,"turns":2},{"damage":0,"enemies":"Jaw Worm","floor":5,"turns":1},{"damage":11,"enemies":"Exordium Thugs","floor":7,"turns":3},{"damage":7,"enemies":"Exordium Wildlife","floor":11,"turns":2},{"damage":13,"enemies":"Blue Slaver","floor":14,"turns":2},{"damage":20,"enemies":"Slime Boss","floor":16,"turns":9},{"damage":21,"enemies":"Shell Parasite","floor":18,"turns":6},{"damage":1,"enemies":"3 Byrds","floor":20,"turns":6},{"damage":42,"enemies":"Snake Plant","floor":22,"turns":7},{"damage":27,"enemies":"3 Cultists","floor":24,"turns":6},{"damage":22,"enemies":"Centurion and Healer","floor":25,"turns":7},{"damage":26,"enemies":"Shelled Parasite and Fungi","floor":28,"turns":2}],"seed_played":"783780329080289783","potions_obtained":[{"floor":0,"key":"Block Potion"},{"floor":0,"key":"theDuelist:BurningPotion"},{"floor":0,"key":"theDuelist:VoidBottle"},{"floor":11,"key":"FairyPotion"},{"floor":20,"key":"CultistPotion"}],"is_trial":false,"path_per_floor":["M","M","$","?","M","R","M","?","T","R","M","?","$","M","R","B",null,"M","$","M","?","M","R","M","M","T","$","M"],"character_chosen":"THE_DUELIST","items_purchased":["theDuelist:SurvivalFittest","theDuelist:Mountain","theDuelist:CyberDragonVier+1"],"campfire_rested":2,"item_purchase_floors":[3,19,27],"current_hp_per_floor":[70,70,70,90,90,90,79,79,79,79,72,72,72,59,89,69,92,71,71,70,54,12,42,15,23,23,23,0,0],"gold":60,"neow_bonus":"THREE_SMALL_POTIONS","is_daily":false,"chose_seed":false,"campfire_upgraded":2,"win_rate":0.0,"timestamp":1613095973,"path_taken":["M","M","$","?","M","R","M","?","T","R","?","?","?","?","R","BOSS","M","$","M","?","M","R","M","M","T","$","M"],"items_purchased_type":["Card","Card","Card"],"build_version":"2020-12-22","purchased_purges":2,"victory":false,"max_hp_per_floor":[80,80,80,100,100,100,100,100,100,100,100,100,100,100,100,100,100,100,100,100,100,100,100,100,100,100,100,100,100],"card_choices":[{"not_picked":["theDuelist:CurseDragon","theDuelist:TrihornedDragon","theDuelist:BlackPtera","theDuelist:AtomicScrapDragon"],"picked":"theDuelist:MirageDragon","floor":1},{"not_picked":["theDuelist:WaterDragonCluster","theDuelist:GoldSarcophagus","theDuelist:ExploderDragon","theDuelist:CyberDragonDrei"],"picked":"theDuelist:DragonCaptureJar","floor":2},{"not_picked":["theDuelist:TwinBarrelDragon","theDuelist:CyberDragonNachster","theDuelist:CyberDinosaur","theDuelist:Earthquake","theDuelist:CurseDragon"],"picked":"SKIP","floor":5},{"not_picked":["theDuelist:BattleguardKing","theDuelist:Hinotama","theDuelist:LightningDarts","theDuelist:RainbowOverdragon"],"picked":"theDuelist:BigFire","floor":7},{"not_picked":["theDuelist:WaterDragonCluster+1","theDuelist:MegafleetDragon+1","theDuelist:MaskedDragon","theDuelist:DarkHorus"],"picked":"theDuelist:CoralDragon+1","floor":11},{"not_picked":["theDuelist:BigFire","theDuelist:Hinotama","theDuelist:LightningDarts","theDuelist:RainbowOverdragon","theDuelist:SmashingGround"],"picked":"SKIP","floor":14},{"not_picked":["theDuelist:OceanDragonLord+1","theDuelist:LostWorld","theDuelist:ChimeratechOverdragon","theDuelist:BlasterDragonInfernos+1"],"picked":"theDuelist:WaterDragon+1","floor":16},{"not_picked":["theDuelist:YamataDragon","theDuelist:TrihornedDragon","theDuelist:BlacklandFireDragon+1","theDuelist:BlackBrachios"],"picked":"theDuelist:BlackStego","floor":18},{"not_picked":["theDuelist:SpiralSpearStrike","theDuelist:VeilDarkness+1","theDuelist:SilverWing+1","theDuelist:DragonTreasure","theDuelist:HymnOfLight+1"],"picked":"SKIP","floor":20},{"not_picked":["theDuelist:LesserDragon","theDuelist:Earthquake+1","theDuelist:CyberDinosaur","theDuelist:BlackStego","theDuelist:TrihornedDragon"],"picked":"SKIP","floor":22},{"not_picked":["theDuelist:VoidOgreDragon","theDuelist:BlueDuston+1"],"picked":"theDuelist:StardustDragon+1","floor":24},{"not_picked":["theDuelist:Nameless:Power:ForbiddenLance","theDuelist:Nameless:Magic:ForbiddenLance","theDuelist:DragonCaptureJar+1","theDuelist:BigFire"],"picked":"theDuelist:Mountain","floor":25}],"player_experience":2142960,"relics_obtained":[{"floor":9,"key":"Toxic Egg 2"},{"floor":21,"key":"Enchiridion"},{"floor":26,"key":"Meat on the Bone"}],"event_choices":[{"power_reward":4,"total_magic_score":48,"gold_gain":0,"duelist":true,"damage_taken":0,"relics_obtained":[],"points":18,"war_reward":4,"max_hp_gain":20,"max_hp_loss":0,"spent_points":{"magic":4,"greed":0,"war":4,"power":4,"hunger":4},"event_name":"Nameless Tomb","hunger_reward":4,"floor":4,"gold_loss":0,"magic_reward":4,"cards_obtained":["theDuelist:Nameless:War:MaskedDragon","theDuelist:Nameless:Power:ForbiddenLance","theDuelist:Nameless:Magic:ForbiddenLance"]},{"damage_healed":0,"gold_gain":0,"player_choice":"1 cards matched","damage_taken":0,"max_hp_gain":0,"max_hp_loss":0,"event_name":"Match and Keep!","floor":8,"gold_loss":0,"cards_obtained":["theDuelist:GreyGreedOni"]},{"damage_healed":0,"gold_gain":0,"player_choice":"Got Potions","damage_taken":0,"max_hp_gain":0,"max_hp_loss":0,"event_name":"Lab","floor":12,"gold_loss":0},{"damage_healed":0,"gold_gain":0,"player_choice":"Obtained Book","damage_taken":16,"max_hp_gain":0,"max_hp_loss":0,"event_name":"Cursed Tome","floor":21,"gold_loss":0}],"is_beta":false,"boss_relics":[{"not_picked":["Runesmith:UraniumAnvil","Runic Dome"],"picked":"Inserter"}],"items_purged_floors":[3,19],"is_endless":false,"potions_floor_spawned":[1,2,11,20,24],"killed_by":"Shelled Parasite and Fungi","ascension_level":8}}