{"host":"4b06nrmhsmzqjm1r","time":1613157993,"event":{"mods":["2.2 Compatiblity","AchievementEnabler","BaseMod","BetterRewards","Colored Map","Colored Powertips","Hermit","Highlight Path","Marisa????????","Minty Spire (QoL Compilation)","StSLib","The Animator","The Cursed","The Hierophant","The Servant 0.9.4"],"gold_per_floor":[118,68,68,88,105,124,124,141,141,176,351,351,381,394,394,497,497,509,499,24,42,42,55,80,80,103,114,133,133,144,174,174,174,174],"floor_reached":33,"language":"ENG","playtime":4677,"items_purged":[],"score":426,"play_id":"8bc0bde2-07f3-49b8-9e34-4257a499bdfe","local_time":"20210212202633","is_ascension_mode":false,"campfire_choices":[{"data":"Noxious Fumes","floor":7,"key":"SMITH"},{"data":"Dodge and Roll","floor":12,"key":"SMITH"},{"data":"Footwork","floor":15,"key":"SMITH"},{"data":"Malaise","floor":25,"key":"SMITH"},{"floor":29,"key":"REST"},{"data":"Tactician","floor":32,"key":"SMITH"}],"circlet_count":0,"master_deck":["Survivor","Neutralize","Dodge and Roll+1","Noxious Fumes+1","Poisoned Stab","Blade Dance","Backflip","Footwork+1","Flechettes","Quick Slash","Well Laid Plans","Dash","Malaise+1","Caltrops","Bane","Dagger Throw","Backflip","Noxious Fumes","All Out Attack","Adrenaline","Poisoned Stab","Dash","Concentrate+1","Acrobatics","Acrobatics","Noxious Fumes","Phantasmal Killer","Tactician+1","Deflect","Finisher","Tactician","Outmaneuver"],"relics":["Ring of the Snake","Snake Skull","Incense Burner","PreservedInsect","Ninja Scroll","Pear","Pandora\u0027s Box","Art of War","Lantern","Smiling Mask","Tiny Chest","Eternal Feather"],"acts_visited":["Exordium","TheCity"],"potions_floor_usage":[16,16,18,19,19,27,31,33,33,33],"damage_taken":[{"damage":0.0,"enemies":"2 Louse","floor":1.0,"turns":3.0},{"damage":0,"enemies":"Jaw Worm","floor":4,"turns":4},{"damage":0,"enemies":"Cultist","floor":5,"turns":4},{"damage":0,"enemies":"Lots of Slimes","floor":6,"turns":4},{"damage":7,"enemies":"Blue Slaver","floor":8,"turns":4},{"damage":1,"enemies":"Gremlin Nob","floor":10,"turns":3},{"damage":3,"enemies":"Lagavulin","floor":13,"turns":6},{"damage":1,"enemies":"Exordium Wildlife","floor":14,"turns":4},{"damage":14,"enemies":"Hexaghost","floor":16,"turns":11},{"damage":13,"enemies":"Spheric Guardian","floor":18,"turns":4},{"damage":0,"enemies":"2 Thieves","floor":19,"turns":4},{"damage":9,"enemies":"Centurion and Healer","floor":21,"turns":6},{"damage":5,"enemies":"Cultist and Chosen","floor":23,"turns":6},{"damage":0,"enemies":"Book of Stabbing","floor":24,"turns":5},{"damage":7,"enemies":"Sentry and Sphere","floor":27,"turns":5},{"damage":23,"enemies":"Snake Plant","floor":28,"turns":3},{"damage":15,"enemies":"Cultist and Chosen","floor":30,"turns":5},{"damage":1,"enemies":"Slavers","floor":31,"turns":4},{"damage":64,"enemies":"Collector","floor":33,"turns":7}],"seed_played":"-1731884118977187514","potions_obtained":[{"floor":8,"key":"PowerPotion"},{"floor":13,"key":"SpeedPotion"},{"floor":14,"key":"SteroidPotion"},{"floor":16,"key":"SkillPotion"},{"floor":18,"key":"Dexterity Potion"},{"floor":21,"key":"Block Potion"},{"floor":24,"key":"Ancient Potion"},{"floor":30,"key":"BlessingOfTheForge"},{"floor":31,"key":"ColorlessPotion"}],"is_trial":false,"path_per_floor":["M","?","T","M","M","M","R","M","T","E","?","R","E","M","R","B",null,"M","M","$","M","?","M","E","R","T","M","M","R","M","E","R","B"],"character_chosen":"THE_SILENT","items_purchased":["Snake Skull","Dodge and Roll","Noxious Fumes","Poisoned Stab","Art of War","Lantern","Acrobatics","Noxious Fumes","AttackPotion"],"campfire_rested":1,"item_purchase_floors":[0,0,0,0,20,20,20,20,20],"current_hp_per_floor":[45,45,45,45,45,45,45,38,38,37,37,37,44,43,43,29,80,67,67,67,58,58,53,53,53,53,46,23,47,32,31,49,0,0],"gold":174,"neow_bonus":"","is_daily":false,"chose_seed":false,"campfire_upgraded":5,"win_rate":0.0,"timestamp":1613157993,"path_taken":["M","?","?","M","M","M","R","M","T","E","?","R","E","M","R","BOSS","M","M","$","M","?","?","E","R","T","M","M","R","M","E","R","BOSS"],"items_purchased_type":["Relic","Card","Card","Card","Relic","Relic","Card","Card","Potion"],"build_version":"2020-12-22","purchased_purges":0,"victory":false,"max_hp_per_floor":[70,70,70,70,70,70,70,70,70,70,70,70,80,80,80,80,80,80,80,80,80,80,80,80,80,80,80,80,80,80,80,80,80,80],"card_choices":[{"not_picked":["Deflect","Flying Knee"],"picked":"Blade Dance","floor":1},{"not_picked":["Sucker Punch","Cloak And Dagger","Terror"],"picked":"SKIP","floor":4},{"not_picked":["Tactician","Underhanded Strike"],"picked":"Backflip","floor":5},{"not_picked":["Poisoned Stab","Deflect"],"picked":"Footwork","floor":6},{"not_picked":["Quick Slash","Wraith Form v2"],"picked":"Flechettes","floor":8},{"not_picked":["Masterful Stab","Backstab"],"picked":"Quick Slash","floor":10},{"not_picked":["Masterful Stab","Underhanded Strike"],"picked":"Well Laid Plans","floor":13},{"not_picked":["Setup","Slice"],"picked":"Dash","floor":14},{"not_picked":["Adrenaline","Die Die Die"],"picked":"Malaise","floor":16},{"not_picked":["Underhanded Strike","Dagger Throw"],"picked":"Concentrate+1","floor":18},{"not_picked":["Prepared","Eviscerate"],"picked":"Acrobatics","floor":19},{"not_picked":["Poisoned Stab","Choke+1"],"picked":"Phantasmal Killer","floor":21},{"not_picked":["Acrobatics","Infinite Blades"],"picked":"Tactician","floor":23},{"not_picked":["Riddle With Holes","Poisoned Stab","Acrobatics"],"picked":"SKIP","floor":24},{"not_picked":["Endless Agony+1","Concentrate+1"],"picked":"Deflect","floor":27},{"not_picked":["Dagger Spray+1","Backstab"],"picked":"Finisher","floor":28},{"not_picked":["Riddle With Holes","Escape Plan+1"],"picked":"Tactician","floor":30},{"not_picked":["Cloak And Dagger","Terror"],"picked":"Outmaneuver","floor":31}],"player_experience":224053,"relics_obtained":[{"floor":9,"key":"PreservedInsect"},{"floor":10,"key":"Ninja Scroll"},{"floor":13,"key":"Pear"},{"floor":24,"key":"Smiling Mask"},{"floor":26,"key":"Tiny Chest"},{"floor":31,"key":"Eternal Feather"}],"event_choices":[{"cards_removed":["Strike_G"],"damage_healed":0,"gold_gain":0,"player_choice":"Card Removal","damage_taken":0,"max_hp_gain":0,"max_hp_loss":0,"event_name":"The Cleric","floor":2,"gold_loss":50},{"damage_healed":0,"gold_gain":175,"player_choice":"AGREE","damage_taken":0,"max_hp_gain":0,"max_hp_loss":0,"event_name":"Liars Game","floor":11,"gold_loss":0,"cards_obtained":["Doubt"]},{"cards_removed":["Doubt"],"damage_healed":0,"gold_gain":0,"player_choice":"Removed Curses","damage_taken":0,"max_hp_gain":0,"max_hp_loss":0,"event_name":"Fountain of Cleansing","floor":22,"gold_loss":0}],"is_beta":false,"boss_relics":[{"not_picked":["Calling Bell","Busted Crown"],"picked":"Pandora\u0027s Box"}],"items_purged_floors":[],"is_endless":false,"potions_floor_spawned":[8,13,14,16,18,21,24,30,31],"killed_by":"Collector","ascension_level":0}}