{"host":"zlryddw6xv0ljf8b","time":1613171518,"event":{"mods":["AchievementEnabler","BaseMod","Colored Map","Colored Powertips","Highlight Path","Minty Spire (QoL Compilation)","Permanent Neow","Quick Restart","StSLib"],"gold_per_floor":[209,223,234,234,159,172,191,191,239,239,414,171,171,203,203,307,307,321,321,111,126,51,51,51],"floor_reached":23,"language":"ENG","playtime":989,"items_purged":["Strike_P","Doubt","Strike_P","Strike_P"],"score":189,"play_id":"6d098fd6-e977-4f9a-ad1d-e81d91a6a434","local_time":"20210212171158","is_ascension_mode":false,"campfire_choices":[{"data":"PathToVictory","floor":8.0,"key":"SMITH"},{"data":"Eruption","floor":10.0,"key":"SMITH"},{"floor":13.0,"key":"REST"},{"data":"ClearTheMind","floor":15.0,"key":"SMITH"}],"circlet_count":0,"master_deck":["Strike_P","Defend_P","Defend_P","Defend_P","Defend_P","Eruption+1","Vigilance","ClearTheMind+1","PathToVictory+1","ThirdEye","Evaluate","PathToVictory+1"],"relics":["PureWater","Blood Vial","Omamori","Blue Candle","SacredBark","Membership Card"],"acts_visited":["Exordium","TheCity"],"potions_floor_usage":[16,18,18],"damage_taken":[{"damage":3.0,"enemies":"Cultist","floor":1.0,"turns":5.0},{"damage":5.0,"enemies":"2 Louse","floor":2.0,"turns":3.0},{"damage":0.0,"enemies":"Small Slimes","floor":3.0,"turns":3.0},{"damage":7.0,"enemies":"Exordium Thugs","floor":6.0,"turns":5.0},{"damage":12.0,"enemies":"Looter","floor":7.0,"turns":3.0},{"damage":13.0,"enemies":"Lagavulin","floor":14.0,"turns":6.0},{"damage":32,"enemies":"Hexaghost","floor":16,"turns":10},{"damage":22,"enemies":"2 Thieves","floor":18,"turns":4},{"damage":7,"enemies":"Shell Parasite","floor":21,"turns":5},{"damage":41,"enemies":"Slavers","floor":23,"turns":4}],"seed_played":"3823319330965163764","potions_obtained":[{"floor":3.0,"key":"Swift Potion"},{"floor":14.0,"key":"ColorlessPotion"},{"floor":16,"key":"SpeedPotion"}],"is_trial":false,"path_per_floor":["M","M","M","?","$","M","M","R","T","R","?","$","R","E","R","B",null,"M","?","$","M","$","E"],"character_chosen":"WATCHER","items_purchased":["Omamori","Membership Card"],"campfire_rested":1,"item_purchase_floors":[12,20],"current_hp_per_floor":[69,64,64,64,64,57,45,45,45,45,45,45,66,55,55,25,72,50,50,50,45,45,6,6],"gold":51,"neow_bonus":"HUNDRED_GOLD","is_daily":false,"chose_seed":false,"campfire_upgraded":3,"win_rate":0.0,"timestamp":1613171518,"path_taken":["M","M","M","?","$","M","M","R","T","R","?","$","R","E","R","BOSS","M","?","$","M","?","E"],"items_purchased_type":["Relic","Relic"],"build_version":"2020-12-22","purchased_purges":4,"victory":false,"max_hp_per_floor":[72,72,72,72,72,72,72,72,72,72,72,72,72,72,72,72,72,72,72,72,72,72,72,72],"card_choices":[{"not_picked":["JustLucky","SashWhip"],"picked":"ClearTheMind","floor":1.0},{"not_picked":["Halt","SashWhip"],"picked":"PathToVictory","floor":2.0},{"not_picked":["Fasting2","ReachHeaven","CrushJoints"],"picked":"SKIP","floor":3.0},{"not_picked":["Halt","JustLucky","FlurryOfBlows"],"picked":"SKIP","floor":6.0},{"not_picked":["FlyingSleeves","Vengeance","Conclude"],"picked":"SKIP","floor":7.0},{"not_picked":["DeusExMachina","CutThroughFate"],"picked":"ThirdEye","floor":14.0},{"not_picked":["CrushJoints","WheelKick+1"],"picked":"Evaluate","floor":18},{"not_picked":["Crescendo","CrushJoints"],"picked":"PathToVictory+1","floor":21}],"player_experience":80005,"relics_obtained":[{"floor":9.0,"key":"Blood Vial"},{"floor":14.0,"key":"Blue Candle"}],"event_choices":[{"damage_healed":0.0,"max_hp_gain":0.0,"max_hp_loss":0.0,"gold_gain":0.0,"event_name":"The Cleric","player_choice":"Leave","floor":4.0,"gold_loss":0.0,"damage_taken":0.0},{"damage_healed":0.0,"max_hp_gain":0.0,"max_hp_loss":0.0,"gold_gain":175.0,"event_name":"Liars Game","player_choice":"AGREE","floor":11.0,"gold_loss":0.0,"damage_taken":0.0,"cards_obtained":["Doubt"]},{"damage_healed":0,"gold_gain":0,"player_choice":"0 cards matched","damage_taken":0,"max_hp_gain":0,"max_hp_loss":0,"event_name":"Match and Keep!","floor":19,"gold_loss":0,"cards_obtained":[]}],"is_beta":false,"boss_relics":[{"not_picked":["Snecko Eye","Ectoplasm"],"picked":"SacredBark"}],"items_purged_floors":[5,12,20,22],"is_endless":false,"potions_floor_spawned":[3,14,16],"killed_by":"Slavers","ascension_level":0}}