{"host":"3po7ngt2j61s4rmj","time":1613099910,"event":{"mods":["BaseMod","Minty Spire (QoL Compilation)","Relic Stats","Replay The Spire","StSLib"],"gold_per_floor":[20,31,43,55,55,55,87,106,156,156,156,156,156,5,5,76,76,93,93,93],"floor_reached":19,"language":"ENG","playtime":1480,"items_purged":["Strike_B"],"score":334,"play_id":"5dad758c-dc3f-4479-9f54-7ae69a2de1ab","local_time":"20210211201830","is_ascension_mode":true,"campfire_choices":[{"floor":6,"key":"REST"},{"floor":10,"key":"REST"},{"data":"Coolheaded","floor":12,"key":"SMITH"},{"data":"Hello World","floor":15,"key":"SMITH"}],"circlet_count":0,"master_deck":["AscendersBane","Strike_B","Defend_B","Defend_B","Defend_B","Defend_B","Zap","Dualcast","Machine Learning","ReplayTheSpireMod:Reroute Power","Compile Driver","Coolheaded+1","Ball Lightning","Compile Driver","Coolheaded+1","Hello World+1","Amplify","ReplaySolidLightProjector"],"relics":["Cracked Core","Quantum Egg","Juzu Bracelet","NlothsMask","Philosopher\u0027s Stone"],"acts_visited":["Exordium","TheCity"],"potions_floor_usage":[7,8,16],"damage_taken":[{"damage":6.0,"enemies":"2 Louse","floor":1.0,"turns":3.0},{"damage":2.0,"enemies":"Cultist","floor":2.0,"turns":4.0},{"damage":8.0,"enemies":"Jaw Worm","floor":3.0,"turns":5.0},{"damage":7.0,"enemies":"Blue Slaver","floor":4.0,"turns":3.0},{"damage":23,"enemies":"Lagavulin","floor":7,"turns":6},{"damage":5,"enemies":"Lots of Slimes","floor":8,"turns":3},{"damage":23,"enemies":"Slime Boss","floor":16,"turns":13},{"damage":5,"enemies":"Spheric Guardian","floor":18,"turns":6},{"damage":53,"enemies":"3 Byrds","floor":19,"turns":3}],"seed_played":"-8061715493410159538","potions_obtained":[{"floor":2.0,"key":"Regen Potion"},{"floor":7,"key":"Block Potion"},{"floor":8,"key":"SkillPotion"}],"is_trial":false,"path_per_floor":["M","M","M","M","?","R","E","M","T","R","?","R","?","$","R","B",null,"M","M"],"character_chosen":"DEFECT","items_purchased":["Hello World"],"campfire_rested":2,"item_purchase_floors":[14],"current_hp_per_floor":[58,56,48,41,6,27,19,14,14,35,35,35,35,35,35,12,56,51,0,0],"gold":93,"neow_bonus":"TRANSFORM_TWO_CARDS","is_daily":false,"chose_seed":false,"campfire_upgraded":2,"win_rate":0.0,"timestamp":1613099910,"path_taken":["M","M","M","M","?","R","E","M","T","R","?","R","?","?","R","BOSS","M","M"],"items_purchased_type":["Card"],"build_version":"2020-12-22","purchased_purges":1,"victory":false,"max_hp_per_floor":[71,71,71,71,71,71,71,71,71,71,71,71,71,71,71,71,71,71,71,71],"relic_stats":{"counters":[9,46],"Juzu Bracelet":1,"obtain_stats":[{"Quantum Egg":7,"Philosopher\u0027s Stone":17,"Juzu Bracelet":9,"Cracked Core":0,"NlothsMask":13},{"Quantum Egg":5,"Philosopher\u0027s Stone":7,"Juzu Bracelet":6,"Cracked Core":0,"NlothsMask":6},{"Quantum Egg":21,"Philosopher\u0027s Stone":37,"Juzu Bracelet":24,"Cracked Core":0,"NlothsMask":24}]},"card_choices":[{"not_picked":["Conserve Battery","BasicCrystalCard"],"picked":"Compile Driver","floor":1.0},{"not_picked":["Conserve Battery","Recycle"],"picked":"Coolheaded","floor":2.0},{"not_picked":["ReplaySolidLightProjector","Coolheaded"],"picked":"Ball Lightning","floor":3.0},{"not_picked":["Force Field","Recycle"],"picked":"Compile Driver","floor":4.0},{"not_picked":["Go for the Eyes","BasicCrystalCard","Panic Button"],"picked":"SKIP","floor":7},{"not_picked":["Redo","Heatsinks"],"picked":"Coolheaded","floor":8},{"not_picked":["All For One","Hyperbeam"],"picked":"Amplify","floor":16},{"not_picked":["ReplayTheSpireMod:Reroute Power","Barrage"],"picked":"ReplaySolidLightProjector","floor":18}],"player_experience":901938,"relics_obtained":[{"floor":7,"key":"Quantum Egg"},{"floor":9,"key":"Juzu Bracelet"}],"event_choices":[{"damage_healed":0.0,"max_hp_gain":0.0,"max_hp_loss":0.0,"gold_gain":0.0,"event_name":"Scrap Ooze","player_choice":"Fled","floor":5.0,"gold_loss":0.0,"damage_taken":35.0},{"damage_healed":0,"gold_gain":0,"player_choice":"Upgraded","damage_taken":0,"max_hp_gain":0,"max_hp_loss":0,"event_name":"Upgrade Shrine","floor":11,"gold_loss":0,"cards_upgraded":["Coolheaded"]},{"damage_healed":0,"gold_gain":0,"player_choice":"Trade","damage_taken":0,"relics_obtained":["NlothsMask"],"max_hp_gain":0,"max_hp_loss":0,"event_name":"FaceTrader","floor":13,"gold_loss":0}],"is_beta":false,"boss_relics":[{"not_picked":["Snecko Eye","ReplayTheSpireMod:DimensionalGlitch"],"picked":"Philosopher\u0027s Stone"}],"items_purged_floors":[14],"is_endless":false,"potions_floor_spawned":[2,7,8],"killed_by":"3 Byrds","ascension_level":20}}