{"host":"8vqkh0x3c7vpgzzm","time":1613163687,"event":{"mods":["AchievementEnabler","BaseMod","Colored Map","Colored Powertips","Curses Come First","DeckTracker","Highlight Path","Minty Spire (QoL Compilation)","Permanent Neow","Quick Restart","Random Character Mod","Rare Cards Sparkle","Relic Sorter","Relic Stats","StSLib","SuperFastMode","Unceasing Turn Reminder","egg","everything is the same but u backflip on backflip"],"gold_per_floor":[117,131,131,131,131,131,157,82,82,98,125,125,136,136,136,213,213,230,130,149,161,161,161,161,161,161,161,36,49,69,30,30,109,109,127,152,4,0,0,0,0,11,11,11,25,25,25,49,49,49],"floor_reached":51,"language":"ENG","playtime":2331,"items_purged":["Strike_R","Strike_R","Strike_R"],"score":1297,"play_id":"c21341f5-8fed-4bdb-9e98-0c10fdd1bc01","local_time":"20210212220127","is_ascension_mode":true,"campfire_choices":[{"data":"Metamorphosis","floor":6,"key":"SMITH"},{"data":"Bash","floor":15,"key":"SMITH"},{"data":"Pommel Strike","floor":23,"key":"SMITH"},{"data":"True Grit","floor":25,"key":"SMITH"},{"data":"Offering","floor":27,"key":"SMITH"},{"data":"Ghostly Armor","floor":32,"key":"SMITH"},{"data":"Exhume","floor":40,"key":"SMITH"},{"data":"Fire Breathing","floor":44,"key":"SMITH"},{"data":"Shrug It Off","floor":46,"key":"SMITH"},{"data":"Seeing Red","floor":49,"key":"SMITH"}],"circlet_count":0,"master_deck":["AscendersBane","Defend_R+1","Bash+1","Metamorphosis+1","Inflame","Offering+1","Headbutt+1","Pommel Strike+1","True Grit+1","Ghostly","Ghostly","Ghostly","Exhume+1","Ghostly Armor+1","Offering","Demon Form+1","Power Through+1","Feed+1","Battle Trance+1","Shrug It Off+1","Metallicize","Bandage Up","Brutality","Fire Breathing+1","Seeing Red+1","Madness","Madness"],"relics":["Burning Blood","Orichalcum","Charon\u0027s Ashes","Ancient Tea Set","Prayer Wheel","Philosopher\u0027s Stone","Bottled Lightning","Astrolabe","Incense Burner","Red Mask","Juzu Bracelet","Happy Flower"],"acts_visited":["Exordium","TheCity","TheBeyond"],"potions_floor_usage":[11,21,33,50,50],"damage_taken":[{"damage":9,"enemies":"Jaw Worm","floor":1,"turns":3},{"damage":9,"enemies":"Small Slimes","floor":2,"turns":4},{"damage":3,"enemies":"Lagavulin","floor":7,"turns":5},{"damage":3,"enemies":"2 Louse","floor":10,"turns":4},{"damage":25,"enemies":"Gremlin Nob","floor":11,"turns":5},{"damage":12,"enemies":"2 Fungi Beasts","floor":13,"turns":3},{"damage":4,"enemies":"Hexaghost","floor":16,"turns":7},{"damage":34,"enemies":"3 Byrds","floor":18,"turns":4},{"damage":8,"enemies":"Spheric Guardian","floor":20,"turns":3},{"damage":21,"enemies":"Snake Plant","floor":21,"turns":4},{"damage":6,"enemies":"Centurion and Healer","floor":29,"turns":4},{"damage":7,"enemies":"Chosen and Byrds","floor":30,"turns":4},{"damage":48,"enemies":"Automaton","floor":33,"turns":9},{"damage":2,"enemies":"Orb Walker","floor":35,"turns":2},{"damage":3,"enemies":"Mind Bloom Boss Battle","floor":36,"turns":3},{"damage":2,"enemies":"3 Darklings","floor":42,"turns":2},{"damage":10,"enemies":"Jaw Worm Horde","floor":45,"turns":3},{"damage":7,"enemies":"Donu and Deca","floor":50,"turns":5}],"seed_played":"1501698876678075942","potions_obtained":[{"floor":10,"key":"EntropicBrew"},{"floor":21,"key":"Fire Potion"},{"floor":33,"key":"ColorlessPotion"},{"floor":35,"key":"ColorlessPotion"}],"is_trial":false,"path_per_floor":["M","M","?","?","?","R","E","$","T","M","E","?","M","?","R","B",null,"M","$","M","M","?","R","?","R","T","R","$","M","M","$","R","B",null,"M","?","$","?","?","R","?","M","T","R","M","R","?","T","R","B",null],"character_chosen":"IRONCLAD","items_purchased":["Ghostly Armor","Shrug It Off","Metallicize"],"campfire_rested":0,"item_purchase_floors":[31,37,37],"current_hp_per_floor":[65,62,67,67,60,60,63,63,63,66,47,25,19,19,19,21,60,32,32,30,15,15,15,15,15,15,15,15,15,14,14,14,8,29,33,36,36,36,26,26,26,38,38,38,38,38,31,31,31,36],"gold":49,"neow_bonus":"RANDOM_COLORLESS_2","is_daily":false,"chose_seed":false,"campfire_upgraded":10,"win_rate":0.0,"timestamp":1613163687,"path_taken":["M","M","?","?","?","R","E","$","T","M","E","?","?","?","R","BOSS","M","$","M","M","?","R","?","R","T","R","$","M","M","$","R","BOSS","M","?","$","?","?","R","?","M","T","R","M","R","?","?","R","BOSS"],"items_purchased_type":["Card","Card","Card"],"build_version":"2020-12-22","purchased_purges":3,"victory":true,"max_hp_per_floor":[68,68,73,73,73,73,73,73,73,73,73,73,73,73,73,73,73,73,73,73,73,36,36,36,36,36,36,36,36,36,36,36,36,36,36,36,36,36,36,36,36,40,40,40,40,40,40,40,40,40],"relic_stats":{"Happy Flower":[1],"counters":[18,74],"Astrolabe":["Demon Form","Power Through","Feed"],"Prayer Wheel":8,"Charon\u0027s Ashes":[510],"Juzu Bracelet":1,"Orichalcum":[96],"obtain_stats":[{"Happy Flower":48,"Astrolabe":34,"Prayer Wheel":14,"Philosopher\u0027s Stone":17,"Charon\u0027s Ashes":9,"Incense Burner":36,"Red Mask":38,"Juzu Bracelet":43,"Bottled Lightning":26,"Orichalcum":7,"Ancient Tea Set":11,"Burning Blood":0},{"Happy Flower":17,"Astrolabe":13,"Prayer Wheel":6,"Philosopher\u0027s Stone":7,"Charon\u0027s Ashes":3,"Incense Burner":15,"Red Mask":15,"Juzu Bracelet":16,"Bottled Lightning":10,"Orichalcum":3,"Ancient Tea Set":5,"Burning Blood":0},{"Happy Flower":69,"Astrolabe":59,"Prayer Wheel":24,"Philosopher\u0027s Stone":31,"Charon\u0027s Ashes":12,"Incense Burner":64,"Red Mask":64,"Juzu Bracelet":66,"Bottled Lightning":42,"Orichalcum":12,"Ancient Tea Set":21,"Burning Blood":0}],"Burning Blood":108},"card_choices":[{"not_picked":["Magnetism","Master of Strategy"],"picked":"Metamorphosis","floor":0},{"not_picked":["Thunderclap","Havoc","Perfected Strike"],"picked":"SKIP","floor":1},{"not_picked":["Anger","Flex"],"picked":"True Grit","floor":2},{"not_picked":["Sever Soul","Body Slam","Thunderclap"],"picked":"SKIP","floor":7},{"not_picked":["Anger","Pommel Strike"],"picked":"Inflame","floor":10},{"not_picked":["Perfected Strike","Rampage","Body Slam"],"picked":"SKIP","floor":11},{"not_picked":["Seeing Red","Dark Embrace","Perfected Strike"],"picked":"SKIP","floor":13},{"not_picked":["Limit Break","Barricade"],"picked":"Offering","floor":16},{"not_picked":["Spot Weakness","Wild Strike"],"picked":"Headbutt+1","floor":18},{"not_picked":["Warcry","Twin Strike"],"picked":"Pommel Strike","floor":18},{"not_picked":["Rupture","Clothesline"],"picked":"True Grit","floor":20},{"not_picked":["Perfected Strike","Body Slam+1","Second Wind"],"picked":"SKIP","floor":20},{"not_picked":["Iron Wave","Infernal Blade","Rupture"],"picked":"SKIP","floor":21},{"not_picked":["Havoc","Thunderclap","Iron Wave"],"picked":"SKIP","floor":21},{"not_picked":["Perfected Strike+1","Anger"],"picked":"Exhume","floor":29},{"not_picked":["Perfected Strike","Clothesline","Headbutt"],"picked":"SKIP","floor":29},{"not_picked":["Combust","Anger","Havoc"],"picked":"SKIP","floor":30},{"not_picked":["Sword Boomerang","Fire Breathing","Body Slam"],"picked":"SKIP","floor":30},{"not_picked":["Corruption","Fiend Fire"],"picked":"Offering","floor":33},{"not_picked":["Intimidate","Iron Wave"],"picked":"Battle Trance+1","floor":35},{"not_picked":["Sword Boomerang+1","Clothesline+1","Disarm"],"picked":"SKIP","floor":35},{"not_picked":["Mayhem","Finesse"],"picked":"Bandage Up","floor":39},{"not_picked":["Sword Boomerang","Sever Soul"],"picked":"Fire Breathing","floor":42},{"not_picked":["Pommel Strike","Sentinel","Rage"],"picked":"SKIP","floor":42},{"not_picked":["Heavy Blade+1","Clothesline"],"picked":"Seeing Red","floor":45},{"not_picked":["Power Through","Shrug It Off","Wild Strike"],"picked":"SKIP","floor":45}],"player_experience":523325,"relics_obtained":[{"floor":7,"key":"Orichalcum"},{"floor":9,"key":"Charon\u0027s Ashes"},{"floor":11,"key":"Ancient Tea Set"},{"floor":26,"key":"Bottled Lightning"},{"floor":36,"key":"Incense Burner"},{"floor":43,"key":"Juzu Bracelet"},{"floor":48,"key":"Happy Flower"}],"event_choices":[{"damage_healed":0,"gold_gain":0,"player_choice":"Donut","damage_taken":0,"max_hp_gain":5,"max_hp_loss":0,"event_name":"Big Fish","floor":3,"gold_loss":0},{"damage_healed":0,"gold_gain":0,"player_choice":"Ignored","damage_taken":0,"max_hp_gain":0,"max_hp_loss":0,"event_name":"Liars Game","floor":4,"gold_loss":0},{"cards_removed":["Strike_R"],"damage_healed":0,"gold_gain":0,"player_choice":"Card Removal","damage_taken":7,"max_hp_gain":0,"max_hp_loss":0,"event_name":"Golden Wing","floor":5,"gold_loss":0},{"damage_healed":0,"gold_gain":0,"player_choice":"Entered Light","damage_taken":22,"max_hp_gain":0,"max_hp_loss":0,"event_name":"Shining Light","floor":12,"gold_loss":0,"cards_upgraded":["Defend_R","Defend_R"]},{"cards_removed":["True Grit"],"damage_healed":0,"gold_gain":0,"player_choice":"Gave Card","damage_taken":0,"relics_obtained":["Prayer Wheel"],"max_hp_gain":0,"max_hp_loss":0,"event_name":"WeMeetAgain","floor":14,"gold_loss":0},{"damage_healed":0,"gold_gain":0,"player_choice":"Became a Ghost","damage_taken":0,"max_hp_gain":0,"max_hp_loss":37,"event_name":"Ghosts","floor":22,"gold_loss":0,"cards_obtained":["Ghostly","Ghostly","Ghostly"]},{"damage_healed":0,"gold_gain":0,"player_choice":"Ignored","damage_taken":0,"max_hp_gain":0,"max_hp_loss":0,"event_name":"The Mausoleum","floor":24,"gold_loss":0},{"damage_healed":0,"gold_gain":0,"player_choice":"Fight","damage_taken":0,"max_hp_gain":0,"max_hp_loss":0,"event_name":"MindBloom","floor":36,"gold_loss":0},{"damage_healed":0,"gold_gain":0,"player_choice":"Paid","damage_taken":0,"relics_obtained":["Red Mask"],"max_hp_gain":0,"max_hp_loss":0,"event_name":"Tomb of Lord Red Mask","floor":38,"gold_loss":4},{"damage_healed":0,"gold_gain":0,"player_choice":"Memory 3","damage_taken":10,"max_hp_gain":0,"max_hp_loss":0,"event_name":"SensoryStone","floor":39,"gold_loss":0},{"damage_healed":0,"gold_gain":0,"cards_transformed":["Defend_R"],"player_choice":"Transformed","damage_taken":0,"max_hp_gain":0,"max_hp_loss":0,"event_name":"Transmorgrifier","floor":41,"gold_loss":0,"cards_obtained":["Brutality"]},{"damage_healed":0,"gold_gain":0,"player_choice":"Embrace Madness","damage_taken":7,"max_hp_gain":0,"max_hp_loss":0,"event_name":"Winding Halls","floor":47,"gold_loss":0,"cards_obtained":["Madness","Madness"]}],"is_beta":false,"boss_relics":[{"not_picked":["Coffee Dripper","Black Star"],"picked":"Philosopher\u0027s Stone"},{"not_picked":["Runic Pyramid","Runic Cube"],"picked":"Astrolabe"}],"items_purged_floors":[8,19,28],"is_endless":false,"potions_floor_spawned":[10,16,18,20,21,33,35,45],"ascension_level":17}}