{"host":"9kesdg97wkrx2bva","time":1613099794,"event":{"mods":["AchievementEnabler","BaseMod","Colored Map","GifTheSpireLib","Infinite Spire","Minty Spire (QoL Compilation)","Replay The Spire","StSLib"],"gold_per_floor":[113,113,38,56,70,70,85,115,115,115,125,125,25,75,75,149,149,162,37,54,54,64,64,64],"floor_reached":23,"language":"ENG","playtime":681,"items_purged":["Strike_G","Strike_G","Strike_G"],"score":344,"play_id":"52a6b095-c604-47fe-ab47-910a419c81a3","local_time":"20210211211634","is_ascension_mode":true,"campfire_choices":[{"data":"Deadly Poison","floor":6,"key":"SMITH"},{"floor":10,"key":"REST"},{"data":"infinitespire:Neurotoxin","floor":12,"key":"SMITH"},{"floor":15,"key":"REST"}],"circlet_count":0,"master_deck":["AscendersBane","Strike_G+1","Defend_G","Defend_G+1","Defend_G","Survivor","Neutralize","Deadly Poison+1","Bouncing Flask","infinitespire:Neurotoxin+1","Poison Darts","Bane","infinitespire:Neurotoxin+1"],"relics":["Ring of the Snake","ReplayTheSpireMod:Lightbulb","Simple Rune","Runic Pyramid"],"acts_visited":["Exordium","TheCity"],"potions_floor_usage":[8,8,22,22],"damage_taken":[{"damage":3,"enemies":"Jaw Worm","floor":1,"turns":4},{"damage":0,"enemies":"Cultist","floor":4,"turns":4},{"damage":0,"enemies":"2 Louse","floor":5,"turns":2},{"damage":12,"enemies":"Exordium Thugs","floor":7,"turns":6},{"damage":32,"enemies":"3 Sentries","floor":8,"turns":7},{"damage":0,"enemies":"2 Fungi Beasts","floor":11,"turns":4},{"damage":14,"enemies":"Hexaghost","floor":16,"turns":9},{"damage":0,"enemies":"Chosen","floor":18,"turns":4},{"damage":33,"enemies":"2 Thieves","floor":20,"turns":4},{"damage":17,"enemies":"Shelled Parasite and Fungi","floor":22,"turns":4},{"damage":0,"enemies":"Slavers","floor":23,"turns":1}],"seed_played":"-3393497660546096495","potions_obtained":[{"floor":1,"key":"DuplicationPotion"},{"floor":5,"key":"Strength Potion"},{"floor":8,"key":"Dexterity Potion"},{"floor":11,"key":"Venom Potion"},{"floor":16,"key":"Fire Potion"}],"is_trial":false,"path_per_floor":["M","?","$","M","M","R","M","E","T","R","M","R","$","?","R","B",null,"M","$","M","?","M","E"],"character_chosen":"THE_SILENT","items_purchased":[],"campfire_rested":2,"item_purchase_floors":[],"current_hp_per_floor":[56,56,56,56,56,56,44,12,12,30,30,30,30,24,42,28,52,52,52,19,19,2,2,2],"gold":64,"neow_bonus":"REMOVE_TWO","is_daily":false,"chose_seed":false,"campfire_upgraded":2,"win_rate":0.0,"timestamp":1613099794,"path_taken":["M","?","$","M","?","R","M","E","T","R","M","R","$","?","R","BOSS","M","$","M","?","M","E"],"items_purchased_type":[],"build_version":"2020-12-22","purchased_purges":3,"victory":false,"max_hp_per_floor":[60,60,60,60,60,60,60,60,60,60,60,60,60,60,60,60,60,60,60,60,60,60,60,60],"card_choices":[{"not_picked":["Underhanded Strike","Noxious Fumes"],"picked":"Deadly Poison","floor":1},{"not_picked":["Outmaneuver","Choke"],"picked":"Bouncing Flask","floor":4},{"not_picked":["Quick Slash","Cloak And Dagger","Dagger Spray"],"picked":"SKIP","floor":5},{"not_picked":["Deflect","Underhanded Strike","Slice"],"picked":"SKIP","floor":7},{"not_picked":["Dagger Throw","Quick Slash","Dagger Spray"],"picked":"SKIP","floor":8},{"not_picked":["ReplayTheSpireMod:The Works","Sucker Punch"],"picked":"infinitespire:Neurotoxin","floor":11},{"not_picked":["Doppelganger","Bullet Time"],"picked":"Poison Darts","floor":16},{"not_picked":["Heel Hook","Choke"],"picked":"Bane","floor":18},{"not_picked":["Sucker Punch","All Out Attack","Quick Slash"],"picked":"SKIP","floor":20},{"not_picked":["Outmaneuver+1","Blade Dance","Underhanded Strike"],"picked":"SKIP","floor":22}],"player_experience":1032215,"relics_obtained":[{"floor":8,"key":"ReplayTheSpireMod:Lightbulb"},{"floor":9,"key":"Simple Rune"}],"event_choices":[{"cards_removed":["Strike_G"],"damage_healed":0,"gold_gain":0,"player_choice":"Purged","damage_taken":0,"max_hp_gain":0,"max_hp_loss":0,"event_name":"Purifier","floor":2,"gold_loss":0},{"damage_healed":0,"gold_gain":50,"player_choice":"Touch","damage_taken":6,"max_hp_gain":0,"max_hp_loss":0,"event_name":"FaceTrader","floor":14,"gold_loss":0},{"damage_healed":0,"gold_gain":0,"player_choice":"Copied","damage_taken":0,"max_hp_gain":0,"max_hp_loss":0,"event_name":"Duplicator","floor":21,"gold_loss":0,"cards_obtained":["infinitespire:Neurotoxin"]}],"is_beta":false,"boss_relics":[{"not_picked":["Honey Jar","Runic Dome"],"picked":"Runic Pyramid"}],"items_purged_floors":[3,13,19],"is_endless":false,"potions_floor_spawned":[1,5,8,11,16],"killed_by":"Slavers","ascension_level":16}}