{"host":"mb4j77vqrnqglrk8","time":1613169838,"event":{"mods":["BaseMod","Downfall","Googly Eyes","Minty Spire (QoL Compilation)","StSLib"],"gold_per_floor":[113,188,188,188,0,28,40,40,86,86,99,127,139,173,173,272,272,288,288,305,318,336,362,362,63,63,98,116,116,144,155,155,255,255,269,287,509,509,554,554,565,565,565,565,584,584,225,70,70,70,70],"floor_reached":50,"language":"ENG","playtime":3682,"items_purged":[],"score":578,"play_id":"a6579115-5e91-48c5-ae8f-9f73f9b7933e","local_time":"20210213094358","is_ascension_mode":false,"campfire_choices":[{"data":"Bouncing Flask","floor":8,"key":"SMITH"},{"floor":10,"key":"REST"},{"floor":15,"key":"REST"},{"data":"Dagger Spray","floor":24,"key":"SMITH"},{"floor":32,"key":"REST"},{"floor":42,"key":"REST"},{"floor":44,"key":"REST"},{"floor":46,"key":"REST"},{"data":"Wraith Form v2","floor":49,"key":"SMITH"}],"circlet_count":0,"master_deck":["Strike_G+1","Strike_G+1","Defend_G","Defend_G","Defend_G","Defend_G","Survivor","Neutralize","Blade Dance","PiercingWail","Bouncing Flask+1","Deflect","Distraction","Terror","Blur","Dagger Spray+1","Prepared","Bullet Time","Dash+1","Deflect+1","Noxious Fumes","Noxious Fumes","Blade Dance","Poisoned Stab+1","Dagger Spray+1","Endless Agony+1","Leg Sweep","Venomology","Crippling Poison","Blur+1","Wraith Form v2+1","Crippling Poison","Calculated Gamble+1","Madness","Madness","Dash+1","Parasite"],"relics":["Ring of the Snake","NeowsBlessing","TwistedFunnel","Question Card","Centennial Puzzle","Mercury Hourglass","Molten Egg 2","WristBlade","Nunchaku","Mummified Hand","Paper Crane","Red Mask","Matryoshka","Cursed Key","StoneCalendar","HornCleat","Vajra","Unceasing Top","Pen Nib"],"acts_visited":["Exordium","TheCity","TheBeyond"],"potions_floor_usage":[14,16,23,23,30,30,33,33,33,39,39,40,40,50,50,50,50],"damage_taken":[{"damage":0,"enemies":"Small Slimes","floor":1,"turns":1},{"damage":0,"enemies":"Gremlin Nob","floor":6,"turns":1},{"damage":0,"enemies":"Jaw Worm","floor":7,"turns":1},{"damage":0,"enemies":"2 Louse","floor":11,"turns":2},{"damage":28,"enemies":"3 Sentries","floor":12,"turns":9},{"damage":4,"enemies":"Exordium Wildlife","floor":13,"turns":2},{"damage":21,"enemies":"Gremlin Nob","floor":14,"turns":5},{"damage":26,"enemies":"The Guardian","floor":16,"turns":11},{"damage":0,"enemies":"3 Byrds","floor":18,"turns":3},{"damage":0,"enemies":"Chosen","floor":20,"turns":4},{"damage":4,"enemies":"Centurion and Healer","floor":21,"turns":5},{"damage":6,"enemies":"Snake Plant","floor":22,"turns":3},{"damage":18,"enemies":"Book of Stabbing","floor":23,"turns":5},{"damage":0,"enemies":"Masked Bandits","floor":27,"turns":2},{"damage":4,"enemies":"Snecko","floor":28,"turns":3},{"damage":4,"enemies":"Slavers","floor":30,"turns":4},{"damage":1,"enemies":"Shelled Parasite and Fungi","floor":31,"turns":3},{"damage":40,"enemies":"Champ","floor":33,"turns":10},{"damage":0,"enemies":"3 Shapes","floor":35,"turns":2},{"damage":8,"enemies":"3 Darklings","floor":36,"turns":3},{"damage":20,"enemies":"2 Orb Walkers","floor":39,"turns":4},{"damage":6,"enemies":"Giant Head","floor":40,"turns":7},{"damage":21,"enemies":"Transient","floor":41,"turns":5},{"damage":9,"enemies":"4 Shapes","floor":45,"turns":2},{"damage":66,"enemies":"Awakened One","floor":50,"turns":10}],"seed_played":"-1483405512258056858","potions_obtained":[{"floor":7,"key":"SkillPotion"},{"floor":13,"key":"Swift Potion"},{"floor":18,"key":"Regen Potion"},{"floor":21,"key":"bronze:BurnAndBuffPotion"},{"floor":22,"key":"Swift Potion"},{"floor":27,"key":"EssenceOfSteel"},{"floor":33,"key":"PowerPotion"},{"floor":35,"key":"BlessingOfTheForge"},{"floor":36,"key":"SmokeBomb"},{"floor":41,"key":"Strength Potion"}],"is_trial":false,"path_per_floor":["M","?","?","?","$","E","M","R","T","R","M","E","M","E","R","B",null,"M","?","M","M","M","E","R","$","T","?","M","?","E","M","R","B",null,"M","M","?","?","?","E","M","R","T","R","M","R","$","$","R","B"],"character_chosen":"THE_SILENT","items_purchased":["TwistedFunnel","Bouncing Flask","Mummified Hand","Poisoned Stab+1","Unceasing Top","Energy Potion","Pen Nib"],"campfire_rested":6,"item_purchase_floors":[5,5,25,25,47,47,48],"current_hp_per_floor":[70,59,45,45,45,45,45,45,45,66,66,38,34,13,34,8,70,70,70,70,66,60,56,56,56,56,56,52,52,48,47,68,28,70,70,62,62,53,33,27,6,27,27,48,39,60,60,60,60,0,0],"gold":70,"neow_bonus":"THREE_ENEMY_KILL","is_daily":false,"chose_seed":false,"campfire_upgraded":3,"win_rate":0.0,"timestamp":1613169838,"path_taken":["M","?","?","?","$","E","?","R","T","R","M","E","M","E","R","BOSS","M","?","?","M","M","E","R","$","T","?","M","?","E","M","R","BOSS","M","M","?","?","?","E","M","R","T","R","M","R","?","$","R","BOSS"],"items_purchased_type":["Relic","Card","Relic","Card","Relic","Potion","Relic"],"build_version":"2020-12-22","purchased_purges":0,"victory":false,"max_hp_per_floor":[70,70,70,70,70,70,70,70,70,70,70,70,70,70,70,70,70,70,70,70,70,70,70,70,70,70,70,70,70,70,70,70,70,70,70,70,70,70,70,70,70,70,70,70,70,70,70,70,70,70,70],"card_choices":[{"not_picked":["Slice","Footwork"],"picked":"Blade Dance","floor":1},{"not_picked":["Outmaneuver","Expertise"],"picked":"Deflect","floor":6},{"not_picked":["Dodge and Roll","Reflex","Quick Slash"],"picked":"Distraction","floor":7},{"not_picked":["Footwork","Slice","Tactician"],"picked":"Terror","floor":11},{"not_picked":["Calculated Gamble","Deflect","Doppelganger"],"picked":"Blur","floor":12},{"not_picked":["Poisoned Stab","Outmaneuver","Dodge and Roll"],"picked":"Dagger Spray","floor":13},{"not_picked":["Tactician","Phantasmal Killer","Terror"],"picked":"Prepared","floor":14},{"not_picked":["A Thousand Cuts","Tools of the Trade","Adrenaline"],"picked":"Bullet Time","floor":16},{"not_picked":["Deadly Poison","Reflex","Underhanded Strike+1"],"picked":"Dash+1","floor":18},{"not_picked":["Deadly Poison","Backflip","Masterful Stab+1"],"picked":"Deflect+1","floor":20},{"not_picked":["Choke+1","Acrobatics+1","Poisoned Stab+1"],"picked":"Noxious Fumes","floor":21},{"not_picked":["Deflect","Infinite Blades+1","Underhanded Strike+1"],"picked":"Noxious Fumes","floor":22},{"not_picked":["Venomology","Eviscerate+1","Dodge and Roll"],"picked":"Blade Dance","floor":23},{"not_picked":["Prepared+1","Underhanded Strike+1","Outmaneuver"],"picked":"Dagger Spray+1","floor":27},{"not_picked":["Prepared+1","Escape Plan","Blade Dance+1"],"picked":"Endless Agony+1","floor":28},{"not_picked":["Dagger Throw+1","Deflect+1","Slice+1"],"picked":"Crippling Poison","floor":30},{"not_picked":["Flying Knee+1","Masterful Stab+1","Dodge and Roll"],"picked":"Blur+1","floor":31},{"not_picked":["After Image","Doppelganger","Malaise"],"picked":"Wraith Form v2","floor":33},{"not_picked":["Dagger Spray+1","Dagger Throw+1","Tactician+1"],"picked":"Crippling Poison","floor":35},{"not_picked":["All Out Attack+1","Leg Sweep+1","Blade Dance"],"picked":"Calculated Gamble+1","floor":36},{"not_picked":["Deadly Poison+1","Blade Dance","Backflip"],"picked":"Dash+1","floor":41},{"not_picked":["Outmaneuver","Backflip+1","Noxious Fumes","Dodge and Roll"],"picked":"SKIP","floor":45}],"player_experience":5347,"relics_obtained":[{"floor":6,"key":"Question Card"},{"floor":9,"key":"Centennial Puzzle"},{"floor":12,"key":"Mercury Hourglass"},{"floor":14,"key":"Molten Egg 2"},{"floor":23,"key":"Nunchaku"},{"floor":26,"key":"Paper Crane"},{"floor":27,"key":"Red Mask"},{"floor":30,"key":"Matryoshka"},{"floor":39,"key":"StoneCalendar"},{"floor":43,"key":"HornCleat"},{"floor":43,"key":"Vajra"}],"event_choices":[{"damage_healed":0,"gold_gain":75,"player_choice":"Gather Gold","damage_taken":11,"max_hp_gain":0,"max_hp_loss":0,"event_name":"World of Goop","floor":2,"gold_loss":0},{"damage_healed":0,"gold_gain":0,"player_choice":"Entered Light","damage_taken":14,"max_hp_gain":0,"max_hp_loss":0,"event_name":"Shining Light","floor":3,"gold_loss":0,"cards_upgraded":["Strike_G","Strike_G"]},{"damage_healed":0,"gold_gain":0,"cards_transformed":["Defend_G"],"player_choice":"Change","damage_taken":0,"max_hp_gain":0,"max_hp_loss":0,"event_name":"Living Wall","floor":4,"gold_loss":0,"cards_obtained":["PiercingWail"]},{"cards_removed":["Strike_G"],"damage_healed":0,"gold_gain":0,"player_choice":"Purged","damage_taken":0,"max_hp_gain":0,"max_hp_loss":0,"event_name":"Purifier","floor":19,"gold_loss":0},{"damage_healed":0,"gold_gain":0,"player_choice":"Fought Bandits","damage_taken":0,"max_hp_gain":0,"max_hp_loss":0,"event_name":"Masked Bandits","floor":27,"gold_loss":0},{"damage_healed":0,"gold_gain":0,"cards_transformed":["Strike_G","Strike_G"],"player_choice":"Became Test Subject","damage_taken":0,"max_hp_gain":0,"max_hp_loss":0,"event_name":"Drug Dealer","floor":29,"gold_loss":0,"cards_obtained":["Leg Sweep","Venomology"]},{"damage_healed":0,"gold_gain":222,"player_choice":"Wore Mask","damage_taken":0,"max_hp_gain":0,"max_hp_loss":0,"event_name":"Tomb of Lord Red Mask","floor":37,"gold_loss":0},{"damage_healed":0,"gold_gain":0,"player_choice":"Embrace Madness","damage_taken":9,"max_hp_gain":0,"max_hp_loss":0,"event_name":"Winding Halls","floor":38,"gold_loss":0,"cards_obtained":["Madness","Madness"]},{"damage_healed":0,"gold_gain":0,"player_choice":"Fight","damage_taken":0,"max_hp_gain":0,"max_hp_loss":0,"event_name":"Mysterious Sphere","floor":39,"gold_loss":0}],"is_beta":false,"boss_relics":[{"not_picked":["HoveringKite","Black Star"],"picked":"WristBlade"},{"not_picked":["SacredBark","Calling Bell"],"picked":"Cursed Key"}],"items_purged_floors":[],"is_endless":false,"potions_floor_spawned":[7,13,18,21,22,27,33,35,36,41],"killed_by":"Awakened One","ascension_level":0}}