{"host":"gfr9dk7hxbf4u708","time":1613164788,"event":{"mods":["AchievementEnabler","BaseMod","Better Third Choice","Colored Map","Downfall","Googly Eyes","Hermit","Hubris","Infinite Spire","Minty Spire (QoL Compilation)","Permanent Neow","Quick Restart","Random Character Button","Reliquary","Replay The Spire","StSLib","The Bug Knight","The Hierophant","The Jungle","The Runesmith"],"gold_per_floor":[109,19,41,41,56,85,85,119,119,164,199,5,5,36,36,42,42],"floor_reached":16,"language":"ENG","playtime":1059,"items_purged":[],"score":144,"play_id":"7cec8967-ff1f-4b13-aa41-dd6c414897f8","local_time":"20210212231948","is_ascension_mode":true,"campfire_choices":[{"data":"hermit:Determination","floor":13,"key":"SMITH"},{"floor":15,"key":"REST"}],"circlet_count":0,"master_deck":["hermit:Strike_Hermit","hermit:Strike_Hermit","hermit:Strike_Hermit","hermit:Defend_Hermit","hermit:Defend_Hermit","hermit:Defend_Hermit","hermit:Snapshot","hermit:Covet","hermit:Scavenge","hermit:Determination+1","hermit:LowProfile","hermit:Desperado","hermit:Dive","hermit:Misfire","hermit:Gestalt","hermit:Dive","hermit:WideOpen","hermit:Virtue"],"relics":["hermit:Momento","Replay:Rubber Ducky","hubris:DisguiseKit","Replay:Bandana","Runesmith:Locket","reliquary:QuartzCube","Membership Card"],"acts_visited":["Exordium"],"potions_floor_usage":[16,16],"damage_taken":[{"damage":0,"enemies":"Small Slimes","floor":1,"turns":2},{"damage":0,"enemies":"2 Louse","floor":3,"turns":3},{"damage":2,"enemies":"Cultist","floor":5,"turns":3},{"damage":10,"enemies":"3 Sentries","floor":6,"turns":10},{"damage":33,"enemies":"Gremlin Nob","floor":8,"turns":5},{"damage":14,"enemies":"3 Sentries","floor":10,"turns":9},{"damage":6,"enemies":"Exordium Thugs","floor":11,"turns":4},{"damage":1,"enemies":"3 Louse","floor":14,"turns":4},{"damage":32,"enemies":"Hexaghost","floor":16,"turns":9}],"seed_played":"-2202483458816350957","potions_obtained":[{"floor":5,"key":"DuplicationPotion"},{"floor":8,"key":"hermit:Tonic"},{"floor":14,"key":"DistilledChaos"}],"is_trial":false,"path_per_floor":["M","$","M","?","M","E","?","E","T","E","M","$","R","M","R_BF","B"],"character_chosen":"HERMIT","items_purchased":["hermit:Determination","hermit:LowProfile","Membership Card","hermit:Virtue"],"campfire_rested":1,"item_purchase_floors":[2,2,12,12],"current_hp_per_floor":[75,75,75,75,73,63,63,30,30,16,10,10,10,9,31,0,0],"gold":42,"neow_bonus":"RANDOM_COMMON_RELIC","is_daily":false,"chose_seed":false,"campfire_upgraded":1,"win_rate":0.0,"timestamp":1613164788,"path_taken":["M","$","M","?","M","E","?","E","T","E","?","?","R","M","R_BF","BOSS"],"items_purchased_type":["Card","Card","Relic","Card"],"build_version":"2020-12-22","purchased_purges":0,"victory":false,"max_hp_per_floor":[75,75,75,75,75,75,75,75,75,75,75,75,75,75,75,75,75],"card_choices":[{"not_picked":["hermit:Malice","hermit:Maintenance"],"picked":"hermit:Scavenge","floor":1},{"not_picked":["hermit:HighCaliber","hermit:FullyLoaded"],"picked":"hermit:Desperado","floor":3},{"not_picked":["hermit:Feint","hermit:EyeOfTheStorm"],"picked":"hermit:Dive","floor":5},{"not_picked":["hermit:DeadMansHand","hermit:Feint"],"picked":"hermit:Misfire","floor":6},{"not_picked":["hermit:TrackingShot","hermit:Roulette","Combust"],"picked":"hermit:Gestalt","floor":8},{"not_picked":["hermit:LuckOfTheDraw","hermit:HighCaliber","True Grit"],"picked":"hermit:Dive","floor":10},{"not_picked":["hermit:Manifest","hermit:Combo","Replay:Undeath\u0027s Touch"],"picked":"hermit:WideOpen","floor":11},{"not_picked":["hermit:Midnight","hermit:Maintenance","hermit:Dive","infinitespire:OneForAll"],"picked":"SKIP","floor":14}],"player_experience":332038,"relics_obtained":[{"floor":6,"key":"hubris:DisguiseKit"},{"floor":8,"key":"Replay:Bandana"},{"floor":9,"key":"Runesmith:Locket"},{"floor":10,"key":"reliquary:QuartzCube"}],"event_choices":[{"cards_removed":["hermit:Strike_Hermit"],"damage_healed":0,"gold_gain":0,"player_choice":"Purged","damage_taken":0,"max_hp_gain":0,"max_hp_loss":0,"event_name":"Purifier","floor":7,"gold_loss":0}],"is_beta":false,"boss_relics":[],"items_purged_floors":[],"is_endless":false,"potions_floor_spawned":[5,8,14],"killed_by":"Hexaghost","ascension_level":4}}