{"host":"tiwza2kisyyrpq7h","time":1613144537,"event":{"mods":["BaseMod","Colored Powertips","Minty Spire (QoL Compilation)","Quick Restart","Rare Cards Sparkle","Shop Mod","StSLib","SuperFastMode","The Servant 0.9.4","óô»ðÖ¸ÄÏ"],"gold_per_floor":[112,122,18,18,34,67,67,67,116,147,159,171,206,223,223,302,302,312,331,349,23,41,76,89,107,152,152,170,204,204,238,238,317,317,329,349,37,50,70,70,96,108,146,183,209,221,262,274,274],"floor_reached":48,"language":"ZHS","playtime":2258,"items_purged":["Pain"],"score":1562,"play_id":"a409d41a-e9bd-4315-baa0-6b130770a669","local_time":"20210212234217","is_ascension_mode":true,"campfire_choices":[{"data":"Skewer","floor":7.0,"key":"SMITH"},{"data":"Tools of the Trade","floor":15.0,"key":"SMITH"},{"floor":30.0,"key":"REST"},{"data":"Prepared","floor":32.0,"key":"SMITH"},{"data":"Footwork","floor":40.0,"key":"SMITH"}],"circlet_count":0,"master_deck":["AscendersBane","Survivor","Neutralize","Quick Slash","Blade Dance","Choke","PiercingWail","Skewer+1","Blur","Flechettes","Tools of the Trade+1","Leg Sweep","Prepared+1","Setup+1","Finisher","Corpse Explosion+1","Acrobatics+1","Cloak And Dagger+1","Reflex+1","Panacea+1","Burst+1","Doppelganger+1","Infinite Blades","Cloak And Dagger+1","Doppelganger+1","Night Terror+1","Envenom","Flechettes","Tools of the Trade","Catalyst+1","Malaise+1","Heel Hook","Calculated Gamble+1","Predator","Prepared+1","Dagger Throw","Accuracy","Footwork+1","Sadistic Nature","Acrobatics+1","Tactician+1","Prepared+1","Unload","Backflip+1","Concentrate+1","Reflex+1"],"relics":["SlaversCollar","WarpedTongs","Anchor","Happy Flower","Pen Nib","Toxic Egg 2","WristBlade","Nloth\u0027s Gift","The Courier","MerchantsRug","MawBank","Vajra","Mercury Hourglass","Pocketwatch"],"acts_visited":["Exordium","TheCity","TheBeyond"],"potions_floor_usage":[],"damage_taken":[{"damage":0.0,"enemies":"Cultist","floor":1.0,"turns":4.0},{"damage":1.0,"enemies":"2 Louse","floor":2.0,"turns":3.0},{"damage":9.0,"enemies":"Jaw Worm","floor":5.0,"turns":4.0},{"damage":6.0,"enemies":"3 Sentries","floor":6.0,"turns":5.0},{"damage":3.0,"enemies":"Lagavulin","floor":10.0,"turns":5.0},{"damage":7.0,"enemies":"Red Slaver","floor":11.0,"turns":3.0},{"damage":0.0,"enemies":"Blue Slaver","floor":12.0,"turns":1.0},{"damage":0.0,"enemies":"Gremlin Nob","floor":13.0,"turns":3.0},{"damage":6.0,"enemies":"Looter","floor":14.0,"turns":4.0},{"damage":20.0,"enemies":"The Guardian","floor":16.0,"turns":8.0},{"damage":2.0,"enemies":"3 Byrds","floor":18.0,"turns":4.0},{"damage":8.0,"enemies":"Shell Parasite","floor":19.0,"turns":5.0},{"damage":1.0,"enemies":"Centurion and Healer","floor":20.0,"turns":5.0},{"damage":3.0,"enemies":"Snake Plant","floor":22.0,"turns":4.0},{"damage":0.0,"enemies":"Gremlin Leader","floor":23.0,"turns":4.0},{"damage":1.0,"enemies":"Chosen and Byrds","floor":24.0,"turns":3.0},{"damage":12.0,"enemies":"Centurion and Healer","floor":25.0,"turns":3.0},{"damage":2.0,"enemies":"Snake Plant","floor":28.0,"turns":2.0},{"damage":9.0,"enemies":"Slavers","floor":29.0,"turns":5.0},{"damage":12.0,"enemies":"Gremlin Leader","floor":31.0,"turns":4.0},{"damage":10.0,"enemies":"Champ","floor":33.0,"turns":7.0},{"damage":21.0,"enemies":"3 Shapes","floor":35.0,"turns":5.0},{"damage":2.0,"enemies":"3 Darklings","floor":36.0,"turns":4.0},{"damage":1.0,"enemies":"Sphere and 2 Shapes","floor":38.0,"turns":2.0},{"damage":13.0,"enemies":"Maw","floor":39.0,"turns":6.0},{"damage":4.0,"enemies":"Nemesis","floor":41.0,"turns":3.0},{"damage":0.0,"enemies":"Giant Head","floor":44.0,"turns":3.0},{"damage":0.0,"enemies":"3 Darklings","floor":45.0,"turns":4.0},{"damage":16.0,"enemies":"Nemesis","floor":47.0,"turns":5.0},{"damage":51,"enemies":"Jaw Worm Horde","floor":48,"turns":2}],"seed_played":"817286641668051468","potions_obtained":[{"floor":1.0,"key":"Strength Potion"},{"floor":10.0,"key":"Swift Potion"},{"floor":11.0,"key":"Weak Potion"},{"floor":12.0,"key":"AttackPotion"},{"floor":13.0,"key":"ColorlessPotion"},{"floor":14.0,"key":"Explosive Potion"},{"floor":22.0,"key":"Fire Potion"},{"floor":23.0,"key":"SkillPotion"},{"floor":24.0,"key":"CunningPotion"},{"floor":31.0,"key":"SteroidPotion"},{"floor":35.0,"key":"DuplicationPotion"},{"floor":38.0,"key":"EssenceOfSteel"},{"floor":39.0,"key":"GamblersBrew"},{"floor":44.0,"key":"BlessingOfTheForge"}],"is_trial":false,"path_per_floor":["M","M","$","?","M","E","R","?","T","E","M","M","E","M","R","B",null,"M","M","M","$","M","E","M","M","T","?","M","E","R","E","R","B",null,"M","M","$","M","M","R","E","?","T","E","M","?","E","M"],"character_chosen":"THE_SILENT","items_purchased":["Choke","PiercingWail","Panacea+1","Burst+1","MerchantsRug","Footwork","Sadistic Nature","Acrobatics+1","Tactician+1","Prepared+1"],"campfire_rested":1,"item_purchase_floors":[3,3,21,21,37,37,37,37,37,37],"current_hp_per_floor":[59,58,58,58,49,43,43,43,43,40,33,33,33,27,27,7,51,49,41,40,40,37,37,36,24,24,24,22,13,32,34,34,24,66,45,43,43,42,29,29,25,25,25,25,25,66,50,0,0],"gold":274,"neow_bonus":"BOSS_RELIC","is_daily":false,"chose_seed":false,"campfire_upgraded":4,"win_rate":0.0,"timestamp":1613144537,"path_taken":["M","M","$","?","?","E","R","?","T","E","M","M","E","?","R","BOSS","M","M","M","$","M","E","M","M","T","?","M","E","R","E","R","BOSS","M","M","$","M","M","R","E","?","T","E","M","?","E","M"],"items_purchased_type":["Card","Card","Card","Card","Relic","Card","Card","Card","Card","Card"],"build_version":"2020-12-22","purchased_purges":1,"victory":false,"max_hp_per_floor":[66,66,66,66,66,66,66,66,66,66,66,66,66,66,66,66,66,66,66,66,66,66,66,66,66,66,66,66,66,66,80,80,80,80,80,80,80,80,80,80,80,80,80,80,80,66,66,66,66],"card_choices":[{"not_picked":["Catalyst","Outmaneuver"],"picked":"Quick Slash","floor":1.0},{"not_picked":["Outmaneuver","Slice"],"picked":"Blade Dance","floor":2.0},{"not_picked":["Noxious Fumes","Slice"],"picked":"Skewer","floor":5.0},{"not_picked":["Dodge and Roll","Slice"],"picked":"Blur","floor":6.0},{"not_picked":["Deadly Poison","Sucker Punch"],"picked":"Tools of the Trade","floor":10.0},{"not_picked":["Blade Dance","All Out Attack"],"picked":"Leg Sweep","floor":11.0},{"not_picked":["Dodge and Roll","Sucker Punch"],"picked":"Prepared","floor":12.0},{"not_picked":["Deflect+1","Flying Knee"],"picked":"Setup+1","floor":13.0},{"not_picked":["Backflip+1","Heel Hook"],"picked":"Finisher","floor":14.0},{"not_picked":["Glass Knife","Malaise+1"],"picked":"Corpse Explosion+1","floor":16.0},{"not_picked":["Masterful Stab","Catalyst+1"],"picked":"Acrobatics+1","floor":18.0},{"not_picked":["Dagger Spray+1","Poisoned Stab"],"picked":"Cloak And Dagger+1","floor":19.0},{"not_picked":["Poisoned Stab+1","Backstab+1"],"picked":"Reflex+1","floor":20.0},{"not_picked":["Bane","Quick Slash","Deadly Poison+1"],"picked":"SKIP","floor":22.0},{"not_picked":["Poisoned Stab+1","Quick Slash"],"picked":"Caltrops","floor":23.0},{"not_picked":["Flying Knee+1","Cloak And Dagger+1"],"picked":"Doppelganger+1","floor":24.0},{"not_picked":["Dagger Throw","Quick Slash"],"picked":"Infinite Blades","floor":25.0},{"not_picked":["Bane","PiercingWail+1"],"picked":"Cloak And Dagger+1","floor":28.0},{"not_picked":["Skewer","Masterful Stab"],"picked":"Doppelganger+1","floor":29.0},{"not_picked":["Die Die Die","Flying Knee"],"picked":"Night Terror+1","floor":31.0},{"not_picked":["Malaise+1","Tools of the Trade"],"picked":"Envenom","floor":33.0},{"not_picked":["Prepared+1","Bane","Dagger Spray+1"],"picked":"SKIP","floor":35.0},{"not_picked":["Dagger Spray","Infinite Blades"],"picked":"Accuracy","floor":36.0},{"not_picked":["Dodge and Roll+1","Underhanded Strike"],"picked":"Unload","floor":38.0},{"not_picked":["Slice","Finisher","Poisoned Stab"],"picked":"SKIP","floor":39.0},{"not_picked":["Underhanded Strike+1","All Out Attack+1","Caltrops"],"picked":"SKIP","floor":41.0},{"not_picked":["Die Die Die","Masterful Stab"],"picked":"Backflip+1","floor":44.0},{"not_picked":["Outmaneuver+1","Dagger Spray"],"picked":"Concentrate+1","floor":45.0},{"not_picked":["Dagger Throw+1","Dagger Spray"],"picked":"Reflex+1","floor":47.0}],"player_experience":977064,"relics_obtained":[{"floor":6.0,"key":"Anchor"},{"floor":9.0,"key":"Happy Flower"},{"floor":10.0,"key":"Pen Nib"},{"floor":13.0,"key":"Toxic Egg 2"},{"floor":23.0,"key":"Dream Catcher"},{"floor":29.0,"key":"The Courier"},{"floor":31.0,"key":"Mango"},{"floor":41.0,"key":"MawBank"},{"floor":43.0,"key":"Vajra"},{"floor":44.0,"key":"Mercury Hourglass"},{"floor":47.0,"key":"Pocketwatch"}],"event_choices":[{"damage_healed":0.0,"max_hp_gain":0.0,"max_hp_loss":0.0,"gold_gain":0.0,"event_name":"Accursed Blacksmith","player_choice":"Rummage","floor":4.0,"gold_loss":0.0,"damage_taken":0.0,"relics_obtained":["WarpedTongs"],"cards_obtained":["Pain"]},{"damage_healed":0.0,"max_hp_gain":0.0,"max_hp_loss":0.0,"gold_gain":0.0,"cards_transformed":["Strike_G"],"event_name":"Transmorgrifier","player_choice":"Transformed","floor":8.0,"gold_loss":0.0,"damage_taken":0.0,"cards_obtained":["Flechettes"]},{"damage_healed":0.0,"max_hp_gain":0.0,"max_hp_loss":0.0,"gold_gain":0.0,"event_name":"N\u0027loth","player_choice":"Traded Relic","floor":27.0,"relics_lost":["Dream Catcher"],"gold_loss":0.0,"damage_taken":0.0,"relics_obtained":["Nloth\u0027s Gift"]},{"cards_removed":["Caltrops"],"damage_healed":0.0,"max_hp_gain":0.0,"max_hp_loss":0.0,"gold_gain":0.0,"event_name":"Falling","player_choice":"Removed Power","floor":42.0,"gold_loss":0.0,"damage_taken":0.0},{"damage_healed":66.0,"max_hp_gain":0.0,"max_hp_loss":14.0,"gold_gain":0.0,"event_name":"The Moai Head","player_choice":"Heal","floor":46.0,"gold_loss":0.0,"damage_taken":0.0}],"is_beta":false,"boss_relics":[{"not_picked":["Empty Cage","Cursed Key"],"picked":"WristBlade"},{"not_picked":["Fusion Hammer","Astrolabe"],"picked":"Pandora\u0027s Box"}],"items_purged_floors":[21],"is_endless":false,"potions_floor_spawned":[1,10,11,12,13,14,22,23,24,25,31,35,38,39,44],"killed_by":"Jaw Worm Horde","ascension_level":20}}