{"host":"grpjhwjd167m6b3a","time":1613133325,"event":{"mods":["BaseMod","Bossed Relics","LagranYue(拉格朗・月)","Minty Spire (QoL Compilation)","Prisma Mod","Reliquary","SOS（斯巴达之子）","StSLib","The Alterego","The Saiyan","The Senshi"],"gold_per_floor":[130,158,173,233,233,268,268,268,348,397,397,415,500,518,518,649,649,663,33,33,74,35,35,35],"floor_reached":23,"language":"ZHS","playtime":1414,"items_purged":["Regret"],"score":203,"play_id":"f1f6cf70-8016-4a4c-a8ff-6277d4387a61","local_time":"20210212223525","is_ascension_mode":false,"campfire_choices":[{"floor":11,"key":"REST"},{"floor":15,"key":"REST"}],"circlet_count":0,"master_deck":["Attack_a","Attack_a","Attack_b","Shoot","Shoot+1","Provocation","Defend_Dante","Defend_Dante+1","Defend_Dante","Defend_Dante","Redorb+1","LucifercomboA","LucifercomboC","Whiteorb","LucifercomboB","Rebellion","Airhike","Straight","Greenorb","Swordcombo","Airhike","Millionstab","Deep Breath","Swordmaster","LucifercomboC","Royaldefend"],"relics":["SSS","Combocheck","LagranYue:RandomDrawCardRelic","Incense Burner","Art of War","reliquary:TuningFork","reliquary:NewFriend","Strawberry","LagranYue:ContractPerformanceRelic","TheAbacus","Bronze Scales","Lantern"],"acts_visited":["Exordium","TheCity"],"potions_floor_usage":[6],"damage_taken":[{"damage":0,"enemies":"Small Slimes","floor":1,"turns":4},{"damage":0,"enemies":"Jaw Worm","floor":2,"turns":3},{"damage":0,"enemies":"2 Louse","floor":3,"turns":2},{"damage":21,"enemies":"Exordium Thugs","floor":4,"turns":4},{"damage":5,"enemies":"Gremlin Nob","floor":6,"turns":3},{"damage":8,"enemies":"Blue Slaver","floor":10,"turns":3},{"damage":0,"enemies":"3 Louse","floor":12,"turns":3},{"damage":28,"enemies":"3 Sentries","floor":13,"turns":6},{"damage":0,"enemies":"2 Fungi Beasts","floor":14,"turns":2},{"damage":41,"enemies":"Hexaghost","floor":16,"turns":8},{"damage":42,"enemies":"3 Byrds","floor":18,"turns":3},{"damage":4,"enemies":"Chosen","floor":21,"turns":4},{"damage":50,"enemies":"Gremlin Leader","floor":23,"turns":4}],"seed_played":"-6039222263387110365","potions_obtained":[{"floor":2,"key":"Dexterity Potion"},{"floor":3,"key":"Dexterity Potion"},{"floor":4,"key":"Explosive Potion"},{"floor":13,"key":"Strength Potion"}],"is_trial":false,"path_per_floor":["M","M","M","M","?","E","?","?","T","M","R","M","E","M","R","B",null,"M","$","?","M","$","E"],"character_chosen":"DANTE","items_purchased":["Millionstab","TheAbacus","Bronze Scales","Lantern","Deep Breath","Royaldefend"],"campfire_rested":2,"item_purchase_floors":[19,19,19,19,19,22],"current_hp_per_floor":[80,80,80,59,43,38,38,26,26,18,42,42,21,21,47,13,87,49,49,49,47,47,0,0],"gold":35,"neow_bonus":"UPGRADE_CARD","is_daily":false,"chose_seed":false,"campfire_upgraded":0,"win_rate":0.0,"timestamp":1613133325,"path_taken":["M","M","M","M","?","E","?","?","T","?","R","M","E","M","R","BOSS","M","$","?","M","?","E"],"items_purchased_type":["Card","Relic","Relic","Relic","Card","Card"],"build_version":"2020-12-22","purchased_purges":1,"victory":false,"max_hp_per_floor":[80,80,80,80,80,80,80,80,80,80,80,80,87,87,87,87,87,87,87,87,87,87,87,87],"card_choices":[{"not_picked":["Chargeshoot2","Whiteorb"],"picked":"LucifercomboA","floor":1},{"not_picked":["VitalstarM","Splesh"],"picked":"LucifercomboC","floor":2},{"not_picked":["Pandora","VitalstarM"],"picked":"Whiteorb","floor":3},{"not_picked":["Ecstasy","Dash2"],"picked":"LucifercomboB","floor":4},{"not_picked":["Straight","LucifercomboB"],"picked":"Rebellion","floor":6},{"not_picked":["Demonreform","Holywater"],"picked":"Ecstasy","floor":10},{"not_picked":["Hightime","LucifercomboD"],"picked":"Airhike","floor":12},{"not_picked":["Gunslinger","VitalstarS"],"picked":"Straight","floor":13},{"not_picked":["Millionkick","Airhike"],"picked":"Greenorb","floor":14},{"not_picked":["Demonreform","Weaponreturn"],"picked":"Swordcombo","floor":16},{"not_picked":["Pandora","Chargeshoot2"],"picked":"Airhike","floor":18},{"not_picked":["Ecstasy","Splesh"],"picked":"LucifercomboC","floor":21}],"player_experience":298001,"relics_obtained":[{"floor":6,"key":"Incense Burner"},{"floor":9,"key":"reliquary:NewFriend"},{"floor":13,"key":"Strawberry"}],"event_choices":[{"damage_healed":0,"gold_gain":0,"player_choice":"Entered Light","damage_taken":16,"max_hp_gain":0,"max_hp_loss":0,"event_name":"Shining Light","floor":5,"gold_loss":0,"cards_upgraded":["Defend_Dante","Shoot"]},{"damage_healed":0,"gold_gain":0,"player_choice":"Box","damage_taken":0,"relics_obtained":["Art of War"],"max_hp_gain":0,"max_hp_loss":0,"event_name":"Big Fish","floor":7,"gold_loss":0,"cards_obtained":["Regret"]},{"damage_healed":0,"gold_gain":0,"player_choice":"Success","damage_taken":12,"relics_obtained":["reliquary:TuningFork"],"max_hp_gain":0,"max_hp_loss":0,"event_name":"Scrap Ooze","floor":8,"gold_loss":0},{"damage_healed":0,"gold_gain":0,"cards_transformed":["Ecstasy"],"player_choice":"Transformed","damage_taken":0,"max_hp_gain":0,"max_hp_loss":0,"event_name":"Transmorgrifier","floor":20,"gold_loss":0,"cards_obtained":["Swordmaster"]}],"is_beta":false,"boss_relics":[{"not_picked":["reliquary:Craggleroot","Tiny House"],"picked":"LagranYue:ContractPerformanceRelic"}],"items_purged_floors":[19],"is_endless":false,"potions_floor_spawned":[2,3,4,13],"killed_by":"Gremlin Leader","ascension_level":0}}