{"host":"a9gsz7kv8aebwp1f","time":1613142374,"event":{"mods":["AchievementEnabler","BaseMod","Minty Spire (QoL Compilation)"],"gold_per_floor":[117,131,62,62,76,109,109,109,133,133,164,164,188,208,208,334,334,352,75,75,175,218,218,209,209,209,223,223,223,223,247,247,366,366,384,384,442,466,1,1,64,64,64,79,99,321,321,321],"floor_reached":47,"language":"KOR","playtime":1969,"items_purged":[],"score":718,"play_id":"6c99e23e-b410-4815-857d-617b772b65ae","local_time":"20210213000614","is_ascension_mode":true,"campfire_choices":[{"data":"Metallicize","floor":7,"key":"SMITH"},{"data":"Metallicize","floor":15,"key":"SMITH"},{"floor":23,"key":"REST"},{"floor":25,"key":"REST"},{"data":"Demon Form","floor":29,"key":"SMITH"},{"floor":32,"key":"REST"},{"floor":40,"key":"REST"},{"floor":42,"key":"REST"}],"circlet_count":0,"master_deck":["AscendersBane","Strike_R+1","Strike_R","Strike_R","Strike_R","Strike_R","Defend_R","Defend_R","Defend_R","Defend_R","Bash+1","Metallicize","Ghostly Armor","Metallicize+1","Wild Strike","Panacea","Bloodletting","Pummel","Metallicize+1","Demon Form+1","Body Slam+1","Inflame","Cleave","Perfected Strike","Rage","Heavy Blade","Armaments+1","Perfected Strike","Demon Form","Spot Weakness+1","Armaments+1","Cleave+1","Ghostly Armor+1","Shockwave+1","Spot Weakness+1","Flex+1"],"relics":["Burning Blood","Whetstone","Golden Idol","Ancient Tea Set","MealTicket","Juzu Bracelet","Sozu","Omamori","MutagenicStrength","Red Mask","Toxic Egg 2","Necronomicon","Runic Cube","Gambling Chip","Molten Egg 2","Strange Spoon","Ginger","The Courier"],"acts_visited":["Exordium","TheCity","TheBeyond"],"potions_floor_usage":[6,22,22],"damage_taken":[{"damage":0,"enemies":"Cultist","floor":1,"turns":2},{"damage":11,"enemies":"2 Louse","floor":2,"turns":4},{"damage":7,"enemies":"Small Slimes","floor":5,"turns":4},{"damage":26,"enemies":"Lagavulin","floor":6,"turns":7},{"damage":12,"enemies":"3 Sentries","floor":11,"turns":13},{"damage":10,"enemies":"Looter","floor":13,"turns":4},{"damage":9,"enemies":"Red Slaver","floor":14,"turns":4},{"damage":48,"enemies":"Slime Boss","floor":16,"turns":24},{"damage":3,"enemies":"Shell Parasite","floor":18,"turns":8},{"damage":67,"enemies":"Masked Bandits","floor":22,"turns":9},{"damage":11,"enemies":"2 Thieves","floor":24,"turns":4},{"damage":0,"enemies":"Centurion and Healer","floor":27,"turns":5},{"damage":4,"enemies":"Sentry and Sphere","floor":31,"turns":4},{"damage":49,"enemies":"Automaton","floor":33,"turns":7},{"damage":20,"enemies":"3 Darklings","floor":35,"turns":5},{"damage":49,"enemies":"2 Orb Walkers","floor":37,"turns":5},{"damage":7,"enemies":"3 Shapes","floor":38,"turns":11},{"damage":23,"enemies":"Mind Bloom Boss Battle","floor":41,"turns":8},{"damage":20,"enemies":"Sphere and 2 Shapes","floor":44,"turns":5},{"damage":20,"enemies":"Maw","floor":45,"turns":6},{"damage":43,"enemies":"Giant Head","floor":47,"turns":6}],"seed_played":"5351592125952754351","potions_obtained":[{"floor":1,"key":"BloodPotion"},{"floor":2,"key":"SpeedPotion"},{"floor":13,"key":"Block Potion"},{"floor":14,"key":"SkillPotion"}],"is_trial":false,"path_per_floor":["M","M","$","?","M","E","R","?","T","?","E","?","M","M","R","B",null,"M","$","?","?","?","R","M","R","T","M","?","R","?","M","R","B",null,"M","?","?","M","$","R","?","R","T","M","M","?","E"],"character_chosen":"IRONCLAD","items_purchased":["Metallicize","Inflame","Omamori","Cleave","Molten Egg 2","Strange Spoon","Ghostly Armor+1"],"campfire_rested":5,"item_purchase_floors":[3,19,19,19,39,39,39],"current_hp_per_floor":[78,73,73,53,52,48,48,74,74,74,68,80,76,73,73,31,68,71,80,80,80,19,43,38,62,62,68,52,52,52,54,78,35,69,55,55,12,11,26,50,33,57,57,43,29,29,0,0],"gold":321,"neow_bonus":"RANDOM_COMMON_RELIC","is_daily":false,"chose_seed":false,"campfire_upgraded":3,"win_rate":0.0,"timestamp":1613142374,"path_taken":["M","M","?","?","M","E","R","?","T","?","E","?","M","M","R","BOSS","M","$","?","?","?","R","M","R","T","M","?","R","?","M","R","BOSS","M","?","?","M","$","R","?","R","T","M","M","?","E"],"items_purchased_type":["Card","Card","Relic","Card","Relic","Relic","Card"],"build_version":"2020-12-22","purchased_purges":0,"victory":false,"max_hp_per_floor":[80,80,80,80,80,80,80,80,80,80,80,80,80,80,80,80,80,80,80,80,80,80,80,80,80,80,80,80,80,80,80,80,80,80,80,80,80,80,80,80,80,80,80,80,80,80,80,80],"card_choices":[{"not_picked":["Fire Breathing","True Grit"],"picked":"Metallicize","floor":1},{"not_picked":["True Grit","Body Slam"],"picked":"Ghostly Armor","floor":2},{"not_picked":["Seeing Red","Searing Blow"],"picked":"Wild Strike","floor":5},{"not_picked":["Clothesline","Havoc"],"picked":"Shrug It Off","floor":6},{"not_picked":["Corruption","Havoc"],"picked":"Bloodletting","floor":11},{"not_picked":["Flex","Wild Strike"],"picked":"Pummel","floor":13},{"not_picked":["Hemokinesis","Heavy Blade"],"picked":"Metallicize","floor":14},{"not_picked":["Exhume","Limit Break"],"picked":"Demon Form","floor":16},{"not_picked":["Anger","Pommel Strike+1"],"picked":"Body Slam+1","floor":18},{"not_picked":["Clothesline+1","Burning Pact"],"picked":"Perfected Strike","floor":22},{"not_picked":["Power Through","Seeing Red"],"picked":"Rage","floor":24},{"not_picked":["Twin Strike+1","Sword Boomerang"],"picked":"Heavy Blade","floor":27},{"not_picked":["Bloodletting+1","Second Wind+1"],"picked":"Perfected Strike","floor":31},{"not_picked":["Impervious+1","Bludgeon"],"picked":"Demon Form","floor":33},{"not_picked":["Pommel Strike","Entrench+1"],"picked":"Spot Weakness+1","floor":35},{"not_picked":["Reckless Charge+1","Carnage"],"picked":"Armaments+1","floor":37},{"not_picked":["Pommel Strike+1","Carnage+1"],"picked":"Cleave+1","floor":38},{"not_picked":["Clothesline+1","Burning Pact+1"],"picked":"Shockwave+1","floor":41},{"not_picked":["Body Slam+1","Headbutt+1"],"picked":"Spot Weakness+1","floor":44},{"not_picked":["Clothesline+1","Headbutt+1"],"picked":"Flex+1","floor":45}],"player_experience":457942,"relics_obtained":[{"floor":6,"key":"Ancient Tea Set"},{"floor":9,"key":"MealTicket"},{"floor":11,"key":"Juzu Bracelet"},{"floor":22,"key":"Red Mask"},{"floor":26,"key":"Toxic Egg 2"},{"floor":28,"key":"Necronomicon"},{"floor":37,"key":"Gambling Chip"},{"floor":41,"key":"Ginger"},{"floor":43,"key":"The Courier"}],"event_choices":[{"damage_healed":0,"gold_gain":0,"player_choice":"Take Damage","damage_taken":20,"relics_obtained":["Golden Idol"],"max_hp_gain":0,"max_hp_loss":0,"event_name":"Golden Idol","floor":4,"gold_loss":0},{"damage_healed":26,"gold_gain":0,"player_choice":"Banana","damage_taken":0,"max_hp_gain":0,"max_hp_loss":0,"event_name":"Big Fish","floor":8,"gold_loss":0},{"damage_healed":0,"gold_gain":0,"player_choice":"1 cards matched","damage_taken":0,"max_hp_gain":0,"max_hp_loss":0,"event_name":"Match and Keep!","floor":10,"gold_loss":0,"cards_obtained":["Panacea"]},{"damage_healed":0,"gold_gain":0,"player_choice":"1 cards matched","damage_taken":0,"max_hp_gain":0,"max_hp_loss":0,"event_name":"Match and Keep!","floor":10,"gold_loss":0,"cards_obtained":["Panacea"]},{"damage_healed":12,"gold_gain":0,"player_choice":"Full Heal","damage_taken":0,"max_hp_gain":0,"max_hp_loss":0,"event_name":"Wheel of Change","floor":12,"gold_loss":0},{"damage_healed":0,"gold_gain":0,"player_choice":"Inject Mutagens","damage_taken":0,"relics_obtained":["MutagenicStrength"],"max_hp_gain":0,"max_hp_loss":0,"event_name":"Drug Dealer","floor":20,"gold_loss":0},{"damage_healed":0,"gold_gain":100,"player_choice":"Pray","damage_taken":0,"max_hp_gain":0,"max_hp_loss":0,"event_name":"Golden Shrine","floor":21,"gold_loss":0},{"damage_healed":0,"gold_gain":0,"player_choice":"Fought Bandits","damage_taken":0,"max_hp_gain":0,"max_hp_loss":0,"event_name":"Masked Bandits","floor":22,"gold_loss":0},{"damage_healed":0,"gold_gain":0,"player_choice":"Obtained Book","damage_taken":16,"max_hp_gain":0,"max_hp_loss":0,"event_name":"Cursed Tome","floor":28,"gold_loss":0},{"damage_healed":0,"gold_gain":0,"player_choice":"1 cards matched","damage_taken":0,"max_hp_gain":0,"max_hp_loss":0,"event_name":"Match and Keep!","floor":30,"gold_loss":0,"cards_obtained":["Armaments"]},{"cards_removed":["Shrug It Off"],"damage_healed":0,"gold_gain":0,"player_choice":"Removed Skill","damage_taken":0,"max_hp_gain":0,"max_hp_loss":0,"event_name":"Falling","floor":36,"gold_loss":0},{"damage_healed":0,"gold_gain":0,"player_choice":"Fight","damage_taken":0,"max_hp_gain":0,"max_hp_loss":0,"event_name":"Mysterious Sphere","floor":37,"gold_loss":0},{"damage_healed":0,"gold_gain":0,"player_choice":"Fight","damage_taken":0,"max_hp_gain":0,"max_hp_loss":0,"event_name":"MindBloom","floor":41,"gold_loss":0},{"damage_healed":0,"gold_gain":222,"player_choice":"Wore Mask","damage_taken":0,"max_hp_gain":0,"max_hp_loss":0,"event_name":"Tomb of Lord Red Mask","floor":46,"gold_loss":0}],"is_beta":false,"boss_relics":[{"not_picked":["Snecko Eye","Runic Dome"],"picked":"Sozu"},{"not_picked":["Empty Cage","Black Blood"],"picked":"Runic Cube"}],"items_purged_floors":[],"is_endless":false,"potions_floor_spawned":[1,2,13,14,16,22,33,35,41,45],"killed_by":"Giant Head","ascension_level":11}}