{"host":"c97twqu0op5dg8i4","time":1613099774,"event":{"mods":["AchievementEnabler","BaseMod","Colored Map","Minty Spire (QoL Compilation)","Permanent Neow"],"gold_per_floor":[115,127,302,312,312,212,244,244,244,260,309,309,27,27,62,27,57,57,156,156,176,176,31,31,49,81,81,116,141,153,182,229,241,284,296,411,423,452,474,177,197,197,228,228,228,255,255,71,100,113,129,129,129,129,129],"floor_reached":54,"language":"ENG","playtime":2026,"items_purged":["Injury","Strike_R","Clash"],"score":1002,"play_id":"05099574-af38-412e-ab4e-7a9b9081d86d","local_time":"20210211221614","is_ascension_mode":true,"campfire_choices":[{"floor":8.0,"key":"REST"},{"data":"Flame Barrier","floor":14.0,"key":"SMITH"},{"data":"Rampage","floor":18.0,"key":"SMITH"},{"data":"Battle Trance","floor":27,"key":"SMITH"},{"floor":30,"key":"REST"},{"data":"Metallicize","floor":33,"key":"SMITH"},{"data":"Anger","floor":35,"key":"SMITH"},{"floor":44,"key":"REST"},{"floor":52,"key":"REST"},{"data":"Mind Blast","floor":53,"key":"SMITH"}],"circlet_count":0,"master_deck":["AscendersBane","Bash","Immolate","Rampage+1","Ghostly Armor+1","Rampage","True Grit+1","Metallicize+1","Flame Barrier+1","Battle Trance+1","Anger+1","Anger","Ghostly Armor","Anger","Shrug It Off","Shockwave+1","Fire Breathing","Battle Trance","Rage","Bloodletting","Ghostly Armor","Heavy Blade","Battle Trance","Anger","Mind Blast+1","Wild Strike","Shrug It Off","Wild Strike+1","True Grit+1","Swift Strike","Fire Breathing","Panache","Shockwave+1"],"relics":["Burning Blood","Shuriken","Red Skull","Orichalcum","Ornamental Fan","Happy Flower","Eternal Feather","Kunai","Mark of Pain","DollysMirror","Boot","Blood Vial","MawBank","PreservedInsect","Omamori","Pandora\u0027s Box","CaptainsWheel","Nunchaku","Paper Frog"],"acts_visited":["Exordium","TheCity","TheBeyond"],"potions_floor_usage":[36,36,54],"damage_taken":[{"damage":12.0,"enemies":"Jaw Worm","floor":1.0,"turns":3.0},{"damage":0.0,"enemies":"2 Louse","floor":2.0,"turns":1.0},{"damage":10.0,"enemies":"Small Slimes","floor":4.0,"turns":3.0},{"damage":25.0,"enemies":"3 Sentries","floor":7.0,"turns":8.0},{"damage":5.0,"enemies":"Blue Slaver","floor":10.0,"turns":4.0},{"damage":8.0,"enemies":"Gremlin Nob","floor":15.0,"turns":4.0},{"damage":7.0,"enemies":"3 Sentries","floor":17.0,"turns":5.0},{"damage":39,"enemies":"The Guardian","floor":19,"turns":12},{"damage":15,"enemies":"Spheric Guardian","floor":21,"turns":5},{"damage":0,"enemies":"3 Byrds","floor":25,"turns":5},{"damage":31,"enemies":"Book of Stabbing","floor":26,"turns":7},{"damage":34,"enemies":"Gremlin Leader","floor":28,"turns":7},{"damage":7,"enemies":"Snake Plant","floor":31,"turns":3},{"damage":28,"enemies":"Slavers","floor":32,"turns":7},{"damage":11,"enemies":"Gremlin Leader","floor":34,"turns":5},{"damage":21,"enemies":"Collector","floor":36,"turns":8},{"damage":22,"enemies":"3 Darklings","floor":38,"turns":7},{"damage":0,"enemies":"Orb Walker","floor":39,"turns":4},{"damage":13,"enemies":"Maw","floor":41,"turns":8},{"damage":54,"enemies":"Nemesis","floor":43,"turns":5},{"damage":21,"enemies":"Giant Head","floor":49,"turns":8},{"damage":12,"enemies":"Sphere and 2 Shapes","floor":50,"turns":6},{"damage":19,"enemies":"3 Darklings","floor":51,"turns":5},{"damage":84,"enemies":"Awakened One","floor":54,"turns":12}],"seed_played":"-1793813955579917938","potions_obtained":[{"floor":1.0,"key":"FearPotion"},{"floor":2.0,"key":"EssenceOfSteel"},{"floor":15.0,"key":"BloodPotion"},{"floor":17.0,"key":"Strength Potion"},{"floor":36,"key":"BlessingOfTheForge"},{"floor":38,"key":"Energy Potion"},{"floor":49,"key":"Block Potion"}],"is_trial":false,"path_per_floor":["M","M","?","M","?","$","E","R","?","M","T","T","$","R","E","?","E","R","B",null,"M","?","$","?","M","E","R","E","T","R","M","E","R","E","R","B",null,"M","M","$","M","?","E","R","?","T","?","$","E","M","M","R","R","B"],"character_chosen":"IRONCLAD","items_purchased":["True Grit","Happy Flower","Flame Barrier","DollysMirror","Mind Blast","Wild Strike","Shrug It Off","Panache"],"campfire_rested":4,"item_purchase_floors":[6,13,13,23,40,40,40,48],"current_hp_per_floor":[66,72,72,68,35,35,16,40,24,25,25,25,25,25,39,59,58,67,34,69,60,45,45,45,51,26,38,10,10,47,48,28,40,37,49,36,73,59,67,67,62,62,16,58,58,58,58,58,45,41,30,72,81,0,0],"gold":129,"neow_bonus":"THREE_RARE_CARDS","is_daily":false,"chose_seed":false,"campfire_upgraded":6,"win_rate":0.0,"timestamp":1613099774,"path_taken":["M","M","?","M","?","$","E","R","?","M","T","T","$","R","E","?","E","R","BOSS","M","?","$","?","M","E","R","E","T","R","M","E","R","E","R","BOSS","M","M","$","M","?","E","R","?","T","?","$","E","M","M","R","R","BOSS"],"items_purchased_type":["Card","Relic","Card","Relic","Card","Card","Card","Card"],"build_version":"2020-12-22","purchased_purges":3,"victory":false,"max_hp_per_floor":[80,80,80,80,80,80,80,80,80,80,80,80,80,80,80,80,80,80,80,80,80,85,85,85,85,85,85,85,85,85,85,85,85,85,85,85,85,85,85,85,85,81,81,81,81,81,81,81,81,81,81,81,81,81,81],"card_choices":[{"not_picked":["Barricade","Berserk"],"picked":"Immolate","floor":0.0},{"not_picked":["Combust","Thunderclap"],"picked":"Rampage","floor":1.0},{"not_picked":["Whirlwind","Clothesline"],"picked":"Ghostly Armor","floor":2.0},{"not_picked":["Dropkick","Thunderclap"],"picked":"Rampage","floor":4.0},{"not_picked":["Anger","Warcry"],"picked":"Metallicize","floor":7.0},{"not_picked":["Pommel Strike","Perfected Strike","Warcry"],"picked":"SKIP","floor":10.0},{"not_picked":["True Grit","Pommel Strike"],"picked":"Battle Trance","floor":15.0},{"not_picked":["Body Slam","Combust","Dropkick"],"picked":"SKIP","floor":17.0},{"not_picked":["Warcry","Perfected Strike"],"picked":"Anger","floor":21},{"not_picked":["Bloodletting","Rupture","Body Slam"],"picked":"SKIP","floor":25},{"not_picked":["Clash+1","Thunderclap"],"picked":"Shrug It Off","floor":26},{"not_picked":["Seeing Red","Perfected Strike"],"picked":"Shockwave+1","floor":28},{"not_picked":["Hemokinesis","Power Through+1"],"picked":"Fire Breathing","floor":31},{"not_picked":["Sentinel","Perfected Strike","Sever Soul+1"],"picked":"SKIP","floor":32},{"not_picked":["Body Slam","Shrug It Off"],"picked":"Battle Trance","floor":34},{"not_picked":["Ghostly Armor","Perfected Strike"],"picked":"Battle Trance","floor":38},{"not_picked":["Reckless Charge+1","Sword Boomerang+1"],"picked":"Anger","floor":39},{"not_picked":["Body Slam+1","Ghostly Armor"],"picked":"Wild Strike+1","floor":41},{"not_picked":["Flex","Sword Boomerang+1"],"picked":"True Grit+1","floor":43},{"not_picked":["Offering","Twin Strike+1","Pummel"],"picked":"SKIP","floor":49},{"not_picked":["Havoc+1","Feel No Pain+1"],"picked":"Shockwave+1","floor":50},{"not_picked":["Warcry+1","Hemokinesis","Pummel+1"],"picked":"SKIP","floor":51}],"player_experience":385870,"relics_obtained":[{"floor":7.0,"key":"Red Skull"},{"floor":11.0,"key":"Orichalcum"},{"floor":12.0,"key":"Ornamental Fan"},{"floor":15.0,"key":"Eternal Feather"},{"floor":17.0,"key":"Kunai"},{"floor":26,"key":"Boot"},{"floor":28,"key":"Blood Vial"},{"floor":29,"key":"MawBank"},{"floor":32,"key":"PreservedInsect"},{"floor":34,"key":"Omamori"},{"floor":43,"key":"CaptainsWheel"},{"floor":46,"key":"Nunchaku"},{"floor":49,"key":"Paper Frog"}],"event_choices":[{"damage_healed":0.0,"max_hp_gain":0.0,"max_hp_loss":0.0,"gold_gain":175.0,"event_name":"Liars Game","player_choice":"AGREE","floor":3.0,"gold_loss":0.0,"damage_taken":0.0,"cards_obtained":["Doubt"]},{"damage_healed":0.0,"max_hp_gain":0.0,"max_hp_loss":0.0,"gold_gain":0.0,"event_name":"Scrap Ooze","player_choice":"Success","floor":5.0,"gold_loss":0.0,"damage_taken":33.0,"relics_obtained":["Shuriken"]},{"damage_healed":0.0,"max_hp_gain":0.0,"max_hp_loss":0.0,"gold_gain":0.0,"event_name":"Shining Light","player_choice":"Entered Light","floor":9.0,"gold_loss":0.0,"damage_taken":16.0,"cards_upgraded":["Ghostly Armor","True Grit"]},{"damage_healed":20.0,"max_hp_gain":0.0,"max_hp_loss":0.0,"gold_gain":0.0,"event_name":"The Cleric","player_choice":"Healed","floor":16.0,"gold_loss":35.0,"damage_taken":0.0},{"damage_healed":0,"gold_gain":0,"player_choice":"Shed Blood","damage_taken":20,"max_hp_gain":5,"max_hp_loss":0,"event_name":"Forgotten Altar","floor":22,"gold_loss":0},{"damage_healed":0,"gold_gain":0,"cards_transformed":["Strike_R","Strike_R"],"player_choice":"Became Test Subject","damage_taken":0,"max_hp_gain":0,"max_hp_loss":0,"event_name":"Drug Dealer","floor":24,"gold_loss":0,"cards_obtained":["Ghostly Armor","Anger"]},{"damage_healed":0,"gold_gain":0,"player_choice":"Max HP","damage_taken":0,"max_hp_gain":0,"max_hp_loss":4,"event_name":"Winding Halls","floor":42,"gold_loss":0},{"cards_removed":["Combust"],"damage_healed":0,"gold_gain":0,"player_choice":"Removed Power","damage_taken":0,"max_hp_gain":0,"max_hp_loss":0,"event_name":"Falling","floor":45,"gold_loss":0},{"damage_healed":0,"gold_gain":0,"player_choice":"2 cards matched","damage_taken":0,"max_hp_gain":0,"max_hp_loss":0,"event_name":"Match and Keep!","floor":47,"gold_loss":0,"cards_obtained":["Swift Strike","Fire Breathing"]}],"is_beta":false,"boss_relics":[{"not_picked":["Ectoplasm","SlaversCollar"],"picked":"Mark of Pain"},{"not_picked":["Busted Crown","Runic Pyramid"],"picked":"Pandora\u0027s Box"}],"items_purged_floors":[6,13,40],"is_endless":false,"potions_floor_spawned":[1,2,10,15,17,26,32,34,36,38,43,49],"killed_by":"Awakened One","ascension_level":11}}