{"host":"o6nndy8fvkon49s1","time":1613152298,"event":{"mods":["BaseMod","CapriCore","Hermit","Marisa????????","Minty Spire (QoL Compilation)","Prisma Mod","StSLib","Td1madao Mod","The Administrix","The Fake Hero","The Forsaken","The Immortal","The Marked","The Necromancer","The Servant 0.9.4"],"gold_per_floor":[112,126,136,136,153,153,164,164,188,188,288,288,315,335,335,430,430,412,429,449,449,449,449],"floor_reached":22,"language":"ENG","playtime":850,"items_purged":[],"score":188,"play_id":"de260459-c52b-465b-9d8f-775c912594a9","local_time":"20210212115138","is_ascension_mode":false,"campfire_choices":[{"data":"PrismaMod:IllyaAssassinRevenge","floor":6,"key":"SMITH"},{"data":"PrismaMod:IllyaAssassinRevenge","floor":8,"key":"SMITH"},{"floor":12,"key":"REST"},{"floor":15,"key":"REST"}],"circlet_count":0,"master_deck":["PrismaMod:IllyaCommonAttack","PrismaMod:IllyaCommonDefend","PrismaMod:IllyaCommonAttack","PrismaMod:IllyaCommonDefend","PrismaMod:IllyaCommonAttack","PrismaMod:IllyaCommonDefend","PrismaMod:IllyaCommonAttack","PrismaMod:IllyaCommonDefend","PrismaMod:IllyaCommonDefend","PrismaMod:IllyaUncommonDefend+1","Panacea","PrismaMod:IllyaAssassinRevenge+1","PrismaMod:IllyaRussianRoulette","PrismaMod:IllyaHassanGift","PrismaMod:IllyaInstallRider","PrismaMod:IllyaInstallSaber","PrismaMod:IllyaCheapDefend+1"],"relics":["PrismaMod:PrismaRuby","Juzu Bracelet","Potion Belt","Empty Cage"],"acts_visited":["Exordium","TheCity"],"potions_floor_usage":[7,16,18,20],"damage_taken":[{"damage":0,"enemies":"Small Slimes","floor":1,"turns":5},{"damage":9,"enemies":"Cultist","floor":2,"turns":4},{"damage":1,"enemies":"Jaw Worm","floor":3,"turns":4},{"damage":35,"enemies":"Exordium Wildlife","floor":5,"turns":6},{"damage":21,"enemies":"Exordium Thugs","floor":7,"turns":4},{"damage":22,"enemies":"3 Sentries","floor":13,"turns":7},{"damage":3,"enemies":"Blue Slaver","floor":14,"turns":5},{"damage":36,"enemies":"Slime Boss","floor":16,"turns":11},{"damage":34,"enemies":"2 Thieves","floor":18,"turns":4},{"damage":27,"enemies":"3 Byrds","floor":19,"turns":3},{"damage":17,"enemies":"Snecko","floor":20,"turns":7},{"damage":0,"enemies":"Cultist and Chosen","floor":22,"turns":1}],"seed_played":"-6007922240380108332","potions_obtained":[{"floor":5,"key":"BlessingOfTheForge"},{"floor":14,"key":"Regen Potion"},{"floor":16,"key":"Fire Potion"},{"floor":19,"key":"EssenceOfSteel"},{"floor":20,"key":"Weak Potion"}],"is_trial":false,"path_per_floor":["M","M","M","?","M","R","M","R","T","?","?","R","E","M","R","B",null,"M","M","M","$","M"],"character_chosen":"ILLYA","items_purchased":[],"campfire_rested":2,"item_purchase_floors":[],"current_hp_per_floor":[75,66,65,65,30,30,9,9,9,9,9,31,9,6,28,7,75,44,20,6,6,6,6],"gold":449,"neow_bonus":"RANDOM_COLORLESS","is_daily":false,"chose_seed":false,"campfire_upgraded":2,"win_rate":0.0,"timestamp":1613152298,"path_taken":["M","M","M","?","M","R","M","R","T","?","?","R","E","M","R","BOSS","M","M","M","$","M"],"items_purchased_type":[],"build_version":"2020-12-22","purchased_purges":0,"victory":false,"max_hp_per_floor":[75,75,75,75,75,75,75,75,75,75,75,75,75,75,75,75,75,75,75,75,75,75,75],"card_choices":[{"not_picked":["Trip","Forethought"],"picked":"Panacea","floor":0.0},{"not_picked":["PrismaMod:IllyaCheapAttack","PrismaMod:IllyaMinorReinForce"],"picked":"PrismaMod:IllyaAssassinRevenge","floor":1},{"not_picked":["PrismaMod:IllyaPartialInstallAssassin","PrismaMod:IllyaDetonatingBlow"],"picked":"PrismaMod:IllyaRussianRoulette","floor":2},{"not_picked":["PrismaMod:IllyaUncommonEvoke","PrismaMod:IllyaBerserCAR"],"picked":"PrismaMod:IllyaAssassinRevenge","floor":3},{"not_picked":["PrismaMod:IllyaRussianRoulette","PrismaMod:IllyaMinorReinForce","PrismaMod:IllyaCheapAttack"],"picked":"SKIP","floor":5},{"not_picked":["PrismaMod:IllyaUberChannel","PrismaMod:IllyaPoisonTippedWeapons"],"picked":"PrismaMod:IllyaHassanGift","floor":7},{"not_picked":["PrismaMod:IllyaDevil","PrismaMod:IllyaGrailKun"],"picked":"PrismaMod:IllyaInstallRider","floor":13},{"not_picked":["PrismaMod:IllyaRapidFire","PrismaMod:IllyaStunPoison","PrismaMod:IllyaBerserCAR"],"picked":"SKIP","floor":14},{"not_picked":["PrismaMod:IllyaCarnivalAttack","PrismaMod:IllyaZwei"],"picked":"PrismaMod:IllyaInstallSaber","floor":16},{"not_picked":["PrismaMod:IllyaHassanGift","PrismaMod:IllyaUpgradeOrbs+1","PrismaMod:IllyaUncommonDefend"],"picked":"SKIP","floor":18},{"not_picked":["PrismaMod:IllyaCheapChannelAttack","PrismaMod:IllyaUpgradeOrbs"],"picked":"PrismaMod:IllyaCheapDefend+1","floor":19},{"not_picked":["PrismaMod:IllyaPartialInstallAssassin+1","PrismaMod:IllyaUberChannel","PrismaMod:IllyaUberPoisonBlock+1"],"picked":"SKIP","floor":20}],"player_experience":230907,"relics_obtained":[{"floor":9,"key":"Juzu Bracelet"},{"floor":13,"key":"Potion Belt"}],"event_choices":[{"cards_removed":["PrismaMod:IllyaUncommonAttack"],"damage_healed":0,"gold_gain":0,"player_choice":"Card Removal","damage_taken":0,"max_hp_gain":0,"max_hp_loss":0,"event_name":"Wheel of Change","floor":4,"gold_loss":0},{"damage_healed":0,"gold_gain":0,"player_choice":"Forge","damage_taken":0,"max_hp_gain":0,"max_hp_loss":0,"event_name":"Accursed Blacksmith","floor":10,"gold_loss":0,"cards_upgraded":["PrismaMod:IllyaUncommonDefend"]},{"damage_healed":0,"gold_gain":100,"player_choice":"Pray","damage_taken":0,"max_hp_gain":0,"max_hp_loss":0,"event_name":"Golden Shrine","floor":11,"gold_loss":0}],"is_beta":false,"boss_relics":[{"not_picked":["Fusion Hammer","Ectoplasm"],"picked":"Empty Cage"}],"items_purged_floors":[],"is_endless":false,"potions_floor_spawned":[5,14,16,19,20],"killed_by":"Cultist and Chosen","ascension_level":0}}