{"host":"3mdjmozz5rahgtdc","time":1613138693,"event":{"mods":["AchievementEnabler","BaseMod","Better Silent Start","Better-Laid Plans","Colored Map","Colored Powertips","Custom Start","DeckTracker","Emptier Cage","KOR Keyword Fix","Keyboard Shortcuts","Minty Spire (QoL Compilation)","Permanent Neow","Quick Restart","StSLib","SuperFastMode"],"gold_per_floor":[112,112,37,62,81,81,94,115,115,136,160,180,180,223,223,348,348,366,115,25,44,68,103,103,124,147,47,81,103,61,84,84,84,84],"floor_reached":33,"language":"KOR","playtime":869,"items_purged":["Strike_R","Defend_R"],"score":445,"play_id":"81272c40-92ee-40eb-ba43-2a9df42b2d87","local_time":"20210212230453","is_ascension_mode":true,"campfire_choices":[{"data":"Perfected Strike","floor":6,"key":"SMITH"},{"data":"Offering","floor":13,"key":"SMITH"},{"data":"Perfected Strike","floor":15,"key":"SMITH"},{"data":"Intimidate","floor":24,"key":"SMITH"},{"floor":32,"key":"REST"}],"circlet_count":0,"master_deck":["Strike_R","Strike_R","Strike_R","Strike_R","Defend_R","Defend_R+1","Defend_R","Bash","Offering+1","Intimidate+1","Perfected Strike+1","Perfected Strike+1","Immolate","Wild Strike","Power Through","Double Tap","Pommel Strike+1","Evolve","Perfected Strike+1","Twin Strike","Headbutt","Dark Embrace+1","Ghostly Armor+1","Intimidate+1","Perfected Strike+1","Shrug It Off","Shrug It Off"],"relics":["Burning Blood","Golden Idol","Charon\u0027s Ashes","Mercury Hourglass","Sozu","DollysMirror","TungstenRod","CeramicFish"],"acts_visited":["Exordium","TheCity"],"potions_floor_usage":[10,14],"damage_taken":[{"damage":11,"enemies":"2 Louse","floor":1,"turns":3},{"damage":6,"enemies":"Jaw Worm","floor":4,"turns":3},{"damage":0,"enemies":"Cultist","floor":5,"turns":3},{"damage":10,"enemies":"Red Slaver","floor":7,"turns":2},{"damage":6,"enemies":"3 Louse","floor":8,"turns":3},{"damage":0,"enemies":"Lots of Slimes","floor":10,"turns":1},{"damage":6,"enemies":"2 Fungi Beasts","floor":11,"turns":2},{"damage":6,"enemies":"3 Louse","floor":12,"turns":2},{"damage":6,"enemies":"Gremlin Nob","floor":14,"turns":2},{"damage":42,"enemies":"Hexaghost","floor":16,"turns":7},{"damage":6,"enemies":"3 Byrds","floor":18,"turns":2},{"damage":6,"enemies":"Shell Parasite","floor":21,"turns":1},{"damage":9,"enemies":"Snake Plant","floor":22,"turns":2},{"damage":26,"enemies":"Book of Stabbing","floor":23,"turns":4},{"damage":15,"enemies":"Cultist and Chosen","floor":25,"turns":2},{"damage":18,"enemies":"Centurion and Healer","floor":28,"turns":3},{"damage":5,"enemies":"Snake Plant","floor":29,"turns":2},{"damage":8,"enemies":"Chosen and Byrds","floor":31,"turns":3},{"damage":65,"enemies":"Automaton","floor":33,"turns":6}],"seed_played":"-9109964621475454573","potions_obtained":[{"floor":1,"key":"ElixirPotion"},{"floor":8,"key":"Energy Potion"},{"floor":11,"key":"SpeedPotion"},{"floor":14,"key":"Fruit Juice"}],"is_trial":false,"path_per_floor":["M","?","$","M","M","R","M","M","T","M","M","M","R","E","R","B",null,"M","$","?","M","M","E","R","M","T","$","M","M","$","M","R","B"],"character_chosen":"IRONCLAD","items_purchased":["Evolve","DollysMirror","Twin Strike","Shrug It Off"],"campfire_rested":1,"item_purchase_floors":[19,19,19,30],"current_hp_per_floor":[67,49,49,49,55,55,51,51,51,57,57,57,57,62,62,26,64,64,64,64,64,61,41,41,32,32,32,20,21,21,19,42,0,0],"gold":84,"neow_bonus":"THREE_RARE_CARDS","is_daily":false,"chose_seed":false,"campfire_upgraded":4,"win_rate":0.0,"timestamp":1613138693,"path_taken":["M","?","$","M","M","R","M","M","T","M","M","M","R","E","R","BOSS","M","$","?","?","M","E","R","M","T","$","M","M","?","M","R","BOSS"],"items_purchased_type":["Card","Relic","Card","Card"],"build_version":"2020-12-22","purchased_purges":2,"victory":false,"max_hp_per_floor":[72,72,72,72,72,72,72,72,72,72,72,72,72,77,77,77,77,77,77,77,77,77,77,77,77,77,77,77,77,77,77,77,77,77],"card_choices":[{"not_picked":["Feed","Brutality"],"picked":"Offering","floor":0},{"not_picked":["Thunderclap","Seeing Red"],"picked":"Intimidate","floor":1},{"not_picked":["Heavy Blade","Headbutt"],"picked":"Anger","floor":4},{"not_picked":["Clash","Clothesline"],"picked":"Perfected Strike","floor":5},{"not_picked":["Flex","Heavy Blade"],"picked":"Perfected Strike","floor":7},{"not_picked":["Clash","Anger","Flex"],"picked":"SKIP","floor":8},{"not_picked":["Spot Weakness","True Grit","Thunderclap"],"picked":"SKIP","floor":10},{"not_picked":["Pummel","Clash"],"picked":"Immolate","floor":11},{"not_picked":["Burning Pact","Anger"],"picked":"Wild Strike","floor":12},{"not_picked":["Sentinel","Flame Barrier"],"picked":"Power Through","floor":14},{"not_picked":["Limit Break","Reaper"],"picked":"Double Tap","floor":16},{"not_picked":["Burning Pact","Armaments+1"],"picked":"Pommel Strike+1","floor":18},{"not_picked":["Dual Wield","Armaments"],"picked":"Headbutt","floor":21},{"not_picked":["Disarm","Spot Weakness"],"picked":"Dark Embrace+1","floor":22},{"not_picked":["Wild Strike+1","Warcry"],"picked":"Ghostly Armor+1","floor":23},{"not_picked":["Rampage","Heavy Blade+1","Wild Strike"],"picked":"SKIP","floor":25},{"not_picked":["Ghostly Armor+1","Cleave"],"picked":"Intimidate+1","floor":28},{"not_picked":["Whirlwind","Sever Soul"],"picked":"Perfected Strike+1","floor":29},{"not_picked":["Thunderclap","Carnage+1"],"picked":"Shrug It Off","floor":31}],"player_experience":321289,"relics_obtained":[{"floor":9,"key":"Charon\u0027s Ashes"},{"floor":14,"key":"Mercury Hourglass"},{"floor":23,"key":"TungstenRod"},{"floor":26,"key":"CeramicFish"}],"event_choices":[{"damage_healed":0,"gold_gain":0,"player_choice":"Take Damage","damage_taken":18,"relics_obtained":["Golden Idol"],"max_hp_gain":0,"max_hp_loss":0,"event_name":"Golden Idol","floor":2,"gold_loss":0},{"cards_removed":["Anger"],"damage_healed":0,"gold_gain":0,"player_choice":"Upgrade and Remove","damage_taken":0,"max_hp_gain":0,"max_hp_loss":0,"event_name":"Designer","floor":20,"gold_loss":90,"cards_upgraded":["Defend_R"]}],"is_beta":false,"boss_relics":[{"not_picked":["Runic Cube","Coffee Dripper"],"picked":"Sozu"}],"items_purged_floors":[3,27],"is_endless":false,"potions_floor_spawned":[1,8,11,14,22,28,29,31],"killed_by":"Automaton","ascension_level":8}}