{"host":"wuernuywc9gl215o","time":1613124809,"event":{"mods":["2.2 Compatiblity","AchievementEnabler","BaseMod","Bestiary","Block Reminder","Displayed Cursed Tome","Highlight Path","Key Reminder","Minty Spire (QoL Compilation)","Permanent Neow","Potion Indicator Mod","Quick Restart","Rare Cards Sparkle","Relic Stats","ojb\u0027s Info Mod"],"gold_per_floor":[109,122,141,157,157,157,157,190,214,214,225,225,260,273,273,349,349,360,372,11,30,49,49,49],"floor_reached":23,"language":"ENG","playtime":1751,"items_purged":["Strike_G"],"score":518,"play_id":"e91a00e2-5906-4634-99e8-0f945f56ae76","local_time":"20210212101329","is_ascension_mode":true,"campfire_choices":[{"data":"Die Die Die","floor":6.0,"key":"SMITH"},{"floor":10.0,"key":"REST"},{"data":"Well Laid Plans","floor":12.0,"key":"SMITH"},{"data":"Footwork","floor":15.0,"key":"SMITH"}],"circlet_count":0,"master_deck":["AscendersBane","Strike_G","Strike_G","Strike_G","Defend_G","Defend_G+1","Defend_G","Defend_G","Defend_G+1","Survivor","Neutralize","Die Die Die+1","Caltrops","Footwork+1","Masterful Stab","Deflect","Dagger Spray","Blur","Well Laid Plans+1","Blade Dance","Cloak And Dagger","Corpse Explosion","Dash","Crippling Poison","Quick Slash","Outmaneuver","PiercingWail","Backflip"],"relics":["Ring of the Snake","War Paint","Omamori","Nunchaku","Snecko Eye","Membership Card","Dream Catcher"],"acts_visited":["Exordium","TheCity"],"potions_floor_usage":[22,22],"damage_taken":[{"damage":1.0,"enemies":"Cultist","floor":1.0,"turns":4.0},{"damage":1.0,"enemies":"Small Slimes","floor":2.0,"turns":3.0},{"damage":0.0,"enemies":"2 Louse","floor":3.0,"turns":3.0},{"damage":25.0,"enemies":"Gremlin Gang","floor":4.0,"turns":6.0},{"damage":13.0,"enemies":"Lagavulin","floor":8.0,"turns":7.0},{"damage":1.0,"enemies":"Looter","floor":11.0,"turns":4.0},{"damage":3.0,"enemies":"3 Sentries","floor":13.0,"turns":8.0},{"damage":0.0,"enemies":"Exordium Thugs","floor":14.0,"turns":4.0},{"damage":0.0,"enemies":"The Guardian","floor":16.0,"turns":10.0},{"damage":1.0,"enemies":"3 Byrds","floor":18.0,"turns":3.0},{"damage":13.0,"enemies":"Shell Parasite","floor":19.0,"turns":5.0},{"damage":17.0,"enemies":"Sentry and Sphere","floor":21.0,"turns":6.0},{"damage":5,"enemies":"Centurion and Healer","floor":22,"turns":7},{"damage":24,"enemies":"Slavers","floor":23,"turns":1}],"seed_played":"-8026958641793035602","potions_obtained":[{"floor":3.0,"key":"Strength Potion"},{"floor":4.0,"key":"Block Potion"},{"floor":8.0,"key":"GhostInAJar"},{"floor":13.0,"key":"CultistPotion"},{"floor":18.0,"key":"Poison Potion"},{"floor":21.0,"key":"BlessingOfTheForge"},{"floor":22,"key":"Fire Potion"}],"is_trial":false,"path_per_floor":["M","M","M","M","?","R","?","E","T","R","M","R","E","M","R","B",null,"M","M","$","M","M","E"],"character_chosen":"THE_SILENT","items_purchased":["Membership Card","Crippling Poison","Dream Catcher","Quick Slash","Outmaneuver"],"campfire_rested":1,"item_purchase_floors":[20,20,20,20,20],"current_hp_per_floor":[58,57,57,32,37,37,37,24,24,43,42,42,39,39,39,39,59,58,45,45,28,23,0,0],"gold":49,"neow_bonus":"THREE_RARE_CARDS","is_daily":false,"chose_seed":false,"campfire_upgraded":3,"win_rate":0.0,"timestamp":1613124809,"path_taken":["M","M","?","M","?","R","?","E","T","R","?","R","E","M","R","BOSS","M","M","$","M","M","E"],"items_purchased_type":["Relic","Card","Relic","Card","Card"],"build_version":"2020-12-22","purchased_purges":1,"victory":false,"max_hp_per_floor":[60,60,60,60,65,65,65,65,65,65,65,65,65,65,65,65,65,65,65,65,65,65,65,65],"relic_stats":{"Nunchaku":[6],"Dream Catcher":0,"counters":[14,71],"Snecko Eye":[35,37,39,49],"War Paint":["Defend_G","Defend_G"],"obtain_stats":[{"Nunchaku":13,"Dream Catcher":20,"Snecko Eye":17,"Omamori":9,"Membership Card":20,"War Paint":8,"Ring of the Snake":0},{"Nunchaku":7,"Dream Catcher":11,"Snecko Eye":9,"Omamori":5,"Membership Card":11,"War Paint":5,"Ring of the Snake":0},{"Nunchaku":35,"Dream Catcher":57,"Snecko Eye":49,"Omamori":23,"Membership Card":57,"War Paint":23,"Ring of the Snake":0}],"Ring of the Snake":[28]},"card_choices":[{"not_picked":["Doppelganger","Envenom"],"picked":"Die Die Die","floor":0.0},{"not_picked":["Slice","Backflip"],"picked":"Caltrops","floor":1.0},{"not_picked":["Backflip","Dodge and Roll"],"picked":"Footwork","floor":2.0},{"not_picked":["Dagger Spray","Doppelganger"],"picked":"Masterful Stab","floor":3.0},{"not_picked":["Slice","Footwork"],"picked":"Deflect","floor":4.0},{"not_picked":["Cloak And Dagger","Backflip"],"picked":"Blur","floor":8.0},{"not_picked":["Bane","PiercingWail"],"picked":"Well Laid Plans","floor":11.0},{"not_picked":["Unload","Underhanded Strike"],"picked":"Blade Dance","floor":13.0},{"not_picked":["Deflect","All Out Attack"],"picked":"Cloak And Dagger","floor":14.0},{"not_picked":["Storm of Steel","Die Die Die"],"picked":"Corpse Explosion","floor":16.0},{"not_picked":["PiercingWail","Acrobatics"],"picked":"Dash","floor":18.0},{"not_picked":["Slice","Prepared","Dagger Spray"],"picked":"SKIP","floor":19.0},{"not_picked":["Quick Slash","Deflect"],"picked":"PiercingWail","floor":21.0},{"not_picked":["Sucker Punch","Adrenaline"],"picked":"Backflip","floor":22}],"player_experience":916366,"relics_obtained":[{"floor":8.0,"key":"War Paint"},{"floor":9.0,"key":"Omamori"},{"floor":13.0,"key":"Nunchaku"}],"event_choices":[{"damage_healed":0.0,"max_hp_gain":5.0,"max_hp_loss":0.0,"gold_gain":0.0,"event_name":"Big Fish","player_choice":"Donut","floor":5.0,"gold_loss":0.0,"damage_taken":0.0},{"damage_healed":0.0,"max_hp_gain":0.0,"max_hp_loss":0.0,"gold_gain":0.0,"cards_transformed":["Strike_G"],"event_name":"Transmorgrifier","player_choice":"Transformed","floor":7.0,"gold_loss":0.0,"damage_taken":0.0,"cards_obtained":["Dagger Spray"]}],"is_beta":false,"boss_relics":[{"not_picked":["Fusion Hammer","Sozu"],"picked":"Snecko Eye"}],"items_purged_floors":[20],"is_endless":false,"potions_floor_spawned":[3,4,8,13,18,21,22],"killed_by":"Slavers","ascension_level":17}}