{"host":"krw8blyxua7at9ak","time":1613150070,"event":{"mods":["BaseMod","Highlight Path","Minty Spire (QoL Compilation)","ojb\u0027s Info Mod"],"gold_per_floor":[112,112,131,151,169,169,186,220,244,244,244],"floor_reached":10,"language":"ENG","playtime":339,"items_purged":[],"score":140,"play_id":"3356f006-7025-4622-b1c8-15f2cadf0aa0","local_time":"20210212181430","is_ascension_mode":true,"campfire_choices":[{"data":"All Out Attack","floor":6,"key":"SMITH"}],"circlet_count":0,"master_deck":["AscendersBane","Strike_G","Strike_G","Strike_G","Strike_G","Strike_G","Defend_G","Defend_G","Defend_G","Defend_G","Defend_G","Survivor","Neutralize","All Out Attack+1","Pain","Quick Slash","Blade Dance"],"relics":["Ring of the Snake","WarpedTongs","Ancient Tea Set","Anchor"],"acts_visited":["Exordium"],"potions_floor_usage":[8,8],"damage_taken":[{"damage":0,"enemies":"2 Louse","floor":1,"turns":2},{"damage":1,"enemies":"Cultist","floor":3,"turns":3},{"damage":3,"enemies":"Jaw Worm","floor":4,"turns":4},{"damage":7,"enemies":"Red Slaver","floor":5,"turns":3},{"damage":7,"enemies":"3 Louse","floor":7,"turns":3},{"damage":7,"enemies":"3 Sentries","floor":8,"turns":5},{"damage":61,"enemies":"Gremlin Nob","floor":10,"turns":4}],"seed_played":"-8800899741673336950","potions_obtained":[{"floor":1,"key":"LiquidBronze"},{"floor":4,"key":"AttackPotion"},{"floor":5,"key":"PowerPotion"}],"is_trial":false,"path_per_floor":["M","?","M","M","M","R","M","E","T","E"],"character_chosen":"THE_SILENT","items_purchased":[],"campfire_rested":0,"item_purchase_floors":[],"current_hp_per_floor":[65,65,64,61,54,54,47,40,40,0,0],"gold":244,"neow_bonus":"TEN_PERCENT_HP_BONUS","is_daily":false,"chose_seed":false,"campfire_upgraded":1,"win_rate":0.0,"timestamp":1613150070,"path_taken":["M","?","M","M","?","R","M","E","T","E"],"items_purchased_type":[],"build_version":"2020-12-22","purchased_purges":0,"victory":false,"max_hp_per_floor":[72,72,72,72,72,72,72,72,72,72,72],"card_choices":[{"not_picked":["Setup","Reflex"],"picked":"All Out Attack","floor":1},{"not_picked":["Outmaneuver","Backflip"],"picked":"Quick Slash","floor":3},{"not_picked":["Slice","Crippling Poison"],"picked":"Blade Dance","floor":4},{"not_picked":["Acrobatics","Sucker Punch","Prepared"],"picked":"SKIP","floor":5},{"not_picked":["Prepared","Dodge and Roll","Deadly Poison"],"picked":"SKIP","floor":7},{"not_picked":["Deadly Poison","Prepared","Slice"],"picked":"SKIP","floor":8}],"player_experience":399978,"relics_obtained":[{"floor":8,"key":"Ancient Tea Set"},{"floor":9,"key":"Anchor"}],"event_choices":[{"damage_healed":0,"gold_gain":0,"player_choice":"Rummage","damage_taken":0,"relics_obtained":["WarpedTongs"],"max_hp_gain":0,"max_hp_loss":0,"event_name":"Accursed Blacksmith","floor":2,"gold_loss":0,"cards_obtained":["Pain"]}],"is_beta":false,"boss_relics":[],"items_purged_floors":[],"is_endless":false,"potions_floor_spawned":[1,4,5],"killed_by":"Gremlin Nob","ascension_level":20}}