{"host":"zcipiasjj2sqh3bo","time":1613150999,"event":{"mods":["BaseMod","Colored Map","Colored Powertips","Downfall","Minty Spire (QoL Compilation)","Replay The Spire","StSLib"],"gold_per_floor":[0,15,25,37,37,37,61,1,1,1,1],"floor_reached":9,"language":"ENG","playtime":1202,"items_purged":[],"score":51,"play_id":"f9effe25-4f72-4afd-b44a-df7281b6bf93","local_time":"20210212122959","is_ascension_mode":false,"campfire_choices":[{"floor":1,"key":"RECALL"}],"circlet_count":0,"master_deck":["hexamod:Strike","hexamod:Strike","hexamod:Defend","hexamod:Defend","hexamod:Defend","hexamod:Defend","hexamod:Sear","hexamod:Float","hexamod:TurnItUp","hexamod:ThirdSeal","hexamod:ShieldOfDarkness","hexamod:Again","hexamod:EtherealExpedition","hexamod:SpectersWail","hexamod:ExtraCrispy","hexamod:ThermalTransfer+1","hexamod:GiftsFromTheDead","hexamod:SearingWound","hexamod:GhostShield"],"relics":["hexamod:SpiritBrand","Blue Candle"],"acts_visited":["Exordium"],"potions_floor_usage":[],"damage_taken":[{"damage":7,"enemies":"2 Louse","floor":2,"turns":4},{"damage":0,"enemies":"Jaw Worm","floor":3,"turns":8},{"damage":3,"enemies":"Small Slimes","floor":4,"turns":4},{"damage":0,"enemies":"downfall:FleeingMerchant","floor":8,"turns":4},{"damage":94,"enemies":"Gremlin Nob","floor":9,"turns":6}],"seed_played":"-8172153969132279130","potions_obtained":[],"is_trial":false,"path_per_floor":["R_BF","M","M","M","?","?","T","$","E"],"character_chosen":"THE_SPIRIT","items_purchased":["hexamod:GhostShield"],"campfire_rested":0,"item_purchase_floors":[8],"current_hp_per_floor":[70,63,63,60,55,55,55,55,0,0,0],"gold":1,"neow_bonus":"TRANSFORM_TWO_CARDS","is_daily":false,"chose_seed":false,"campfire_upgraded":0,"win_rate":0.0,"timestamp":1613150999,"path_taken":["R_BF","M","M","M","?","?","T","?","E"],"items_purchased_type":["Card"],"build_version":"2020-12-22","purchased_purges":0,"victory":false,"max_hp_per_floor":[70,70,70,70,70,70,70,70,70,70,70],"card_choices":[{"not_picked":["hexamod:BacktrackSmack","hexamod:HauntingEcho"],"picked":"hexamod:ShieldOfDarkness","floor":2},{"not_picked":["hexamod:FastForward","hexamod:InspiringFlames"],"picked":"hexamod:Again","floor":2},{"not_picked":["hexamod:NightmareGuise","hexamod:HeatMetal"],"picked":"hexamod:EtherealExpedition","floor":3},{"not_picked":["hexamod:Firestarter","hexamod:HeatCrush"],"picked":"hexamod:NightmareStrike","floor":3},{"not_picked":["hexamod:Hexaguard","hexamod:SuperheatedStrike"],"picked":"hexamod:SpectersWail","floor":4},{"not_picked":["hexamod:NightmareGuise","hexamod:GhostLash"],"picked":"hexamod:ExtraCrispy","floor":4},{"not_picked":["hexamod:InspiringFlames","hexamod:ThermalTransfer"],"picked":"hexamod:GiftsFromTheDead","floor":8},{"not_picked":["hexamod:HauntingEcho","hexamod:Firestarter"],"picked":"hexamod:SearingWound","floor":8}],"player_experience":998916,"relics_obtained":[],"event_choices":[],"is_beta":false,"boss_relics":[],"items_purged_floors":[],"is_endless":false,"potions_floor_spawned":[],"killed_by":"Gremlin Nob","ascension_level":0}}