{"host":"ix07nhfx4o3nf6kx","time":1613126881,"event":{"mods":["BaseMod","Hermit","Minty Spire (QoL Compilation)","StSLib","The Bug Knight","The Cursed","The Dragon Tamer","The Hierophant","The Jungle","The Runesmith"],"gold_per_floor":[106,133,308,90,105,105,125,125,201,95,95,127,118,140,140,217,217,193,118,62,69,69,69,39,138,138,138,138,124,124,107,107],"floor_reached":31,"language":"KOR","playtime":2862,"items_purged":[],"score":279,"play_id":"d3d20abf-0666-4db6-bb7f-756b8b555e28","local_time":"20210212194801","is_ascension_mode":false,"campfire_choices":[{"data":"hierophant:ChurchCoffers","floor":6,"key":"SMITH"},{"data":"hierophant:Endure","floor":11,"key":"SMITH"},{"data":"hierophant:Community","floor":15,"key":"SMITH"},{"data":"hierophant:Endure","floor":23,"key":"SMITH"},{"data":"hierophant:Punish","floor":28,"key":"SMITH"}],"circlet_count":0,"master_deck":["hierophant:Strike_Hierophant","hierophant:Strike_Hierophant","hierophant:Punish+1","hierophant:Defend_Hierophant","hierophant:Defend_Hierophant","hierophant:Defend_Hierophant","hierophant:ChurchCoffers+1","hierophant:Doubloon","hierophant:Upheaval+1","hierophant:HolyVerse+1","hierophant:RecallFunds+1","hierophant:RepressedViolence","hierophant:Anathema","Doubt","hierophant:Endure+1","hierophant:Smite","hierophant:Doubloon","hierophant:Levitation","hierophant:Empathy","hierophant:SealAway","hierophant:HolyVerse","hierophant:Endure+1","hierophant:Blessing","hierophant:Community+1","hierophant:OrnateJavelin","hierophant:Levitation","hierophant:AuricShield+1","hierophant:DivineIntervention","hierophant:Doubloon","hierophant:Charity+1","hierophant:Doubloon","hierophant:Doubloon+1","hierophant:MorningPrayer"],"relics":["Astrolabe","Ancient Tea Set","Pear","Bottled Flame","MutagenicStrength"],"acts_visited":["Exordium","TheCity"],"potions_floor_usage":[13,16,16,20,24,29,31],"damage_taken":[{"damage":6,"enemies":"Jaw Worm","floor":1,"turns":3},{"damage":2,"enemies":"Small Slimes","floor":2,"turns":2},{"damage":1,"enemies":"Cultist","floor":5,"turns":4},{"damage":3,"enemies":"Exordium Wildlife","floor":7,"turns":4},{"damage":1,"enemies":"2 Fungi Beasts","floor":12,"turns":3},{"damage":5,"enemies":"Looter","floor":13,"turns":3},{"damage":14,"enemies":"Blue Slaver","floor":14,"turns":6},{"damage":67,"enemies":"The Guardian","floor":16,"turns":16},{"damage":10,"enemies":"Shell Parasite","floor":18,"turns":6},{"damage":24,"enemies":"2 Thieves","floor":20,"turns":5},{"damage":25,"enemies":"Snecko","floor":21,"turns":7},{"damage":16,"enemies":"Centurion and Healer","floor":24,"turns":6},{"damage":18,"enemies":"3 Cultists","floor":29,"turns":5},{"damage":30,"enemies":"Cultist and Chosen","floor":31,"turns":4}],"seed_played":"-3943982411649763797","potions_obtained":[{"floor":2,"key":"PowerPotion"},{"floor":13,"key":"Strength Potion"},{"floor":14,"key":"Regen Potion"},{"floor":18,"key":"Fire Potion"},{"floor":21,"key":"SneckoOil"},{"floor":24,"key":"DistilledChaos"},{"floor":29,"key":"BlessingOfTheForge"}],"is_trial":false,"path_per_floor":["M","M","?","$","M","R","M","?","T","$","R","M","M","M","R","B",null,"M","$","M","M","$","R","M","?","T","?","R","M","?","M"],"character_chosen":"HIEROPHANT","items_purchased":["Ancient Tea Set","hierophant:Endure","hierophant:HolyVerse","hierophant:Endure","hierophant:DivineIntervention"],"campfire_rested":0,"item_purchase_floors":[4,4,10,10,19],"current_hp_per_floor":[69,67,67,67,66,66,63,63,73,73,73,72,74,67,67,22,85,75,75,58,40,40,40,31,31,31,31,31,20,20,0,0],"gold":107,"neow_bonus":"BOSS_RELIC","is_daily":false,"chose_seed":false,"campfire_upgraded":5,"win_rate":0.0,"timestamp":1613126881,"path_taken":["M","M","?","$","M","R","M","?","T","$","R","M","M","M","R","BOSS","M","$","M","M","$","R","M","?","T","?","R","M","?","M"],"items_purchased_type":["Relic","Card","Card","Card","Card"],"build_version":"2020-12-22","purchased_purges":0,"victory":false,"max_hp_per_floor":[75,75,75,75,75,75,75,75,85,85,85,85,85,85,85,85,85,85,85,85,85,85,85,85,85,85,85,85,85,85,85,85],"card_choices":[{"not_picked":["hierophant:Purify","hierophant:Bribe"],"picked":"hierophant:RepressedViolence","floor":1},{"not_picked":["hierophant:Encroach","hierophant:Embezzle"],"picked":"hierophant:Anathema","floor":2},{"not_picked":["hierophant:Encroach","hierophant:ConvertCurrency"],"picked":"hierophant:Smite","floor":5},{"not_picked":["hierophant:EyeForCoin","hierophant:FlamingChariot"],"picked":"hierophant:Doubloon","floor":7},{"not_picked":["hierophant:DeathKnell","hierophant:MorningPrayer"],"picked":"hierophant:Blessing","floor":12},{"not_picked":["hierophant:SealAway","hierophant:HammerAndAnvil"],"picked":"hierophant:Community","floor":13},{"not_picked":["hierophant:Mercenaries","hierophant:RustyCrate"],"picked":"hierophant:OrnateJavelin","floor":14},{"not_picked":["hierophant:Cornucopia","hierophant:WrathOfGod"],"picked":"hierophant:Levitation","floor":16},{"not_picked":["hierophant:ThreeLashes","hierophant:CoinFling+1"],"picked":"hierophant:AuricShield+1","floor":18},{"not_picked":["hierophant:Doomsaying","hierophant:ConvertCurrency"],"picked":"hierophant:Charity+1","floor":20},{"not_picked":["hierophant:Shelter+1","hierophant:OrnateBuckler+1"],"picked":"hierophant:Doubloon","floor":21},{"not_picked":["hierophant:FlamingChariot+1","hierophant:FieryStrike+1"],"picked":"hierophant:Doubloon+1","floor":24},{"not_picked":["hierophant:CoinFling","hierophant:Shelter"],"picked":"hierophant:MorningPrayer","floor":29}],"player_experience":251941,"relics_obtained":[{"floor":9,"key":"Pear"},{"floor":26,"key":"Bottled Flame"}],"event_choices":[{"damage_healed":0,"gold_gain":175,"player_choice":"AGREE","damage_taken":0,"max_hp_gain":0,"max_hp_loss":0,"event_name":"Liars Game","floor":3,"gold_loss":0,"cards_obtained":["Doubt"]},{"damage_healed":0,"gold_gain":0,"player_choice":"3 cards matched","damage_taken":0,"max_hp_gain":0,"max_hp_loss":0,"event_name":"Match and Keep!","floor":8,"gold_loss":0,"cards_obtained":["hierophant:Levitation","hierophant:Empathy","hierophant:SealAway"]},{"damage_healed":0,"gold_gain":99,"player_choice":"Stole From Cult","damage_taken":0,"max_hp_gain":0,"max_hp_loss":0,"event_name":"Nest","floor":25,"gold_loss":0},{"damage_healed":0,"gold_gain":0,"player_choice":"Ignored","damage_taken":0,"max_hp_gain":0,"max_hp_loss":0,"event_name":"Beggar","floor":27,"gold_loss":0},{"damage_healed":0,"gold_gain":0,"player_choice":"Inject Mutagens","damage_taken":0,"relics_obtained":["MutagenicStrength"],"max_hp_gain":0,"max_hp_loss":0,"event_name":"Drug Dealer","floor":30,"gold_loss":0}],"is_beta":false,"boss_relics":[{"not_picked":["Velvet Choker","Snecko Eye","Busted Crown"]}],"items_purged_floors":[],"is_endless":false,"potions_floor_spawned":[2,13,14,18,21,24,29],"killed_by":"Cultist and Chosen","ascension_level":0}}