{"host":"b6y7xm5pwpiq42ks","time":1613160691,"event":{"mods":["AchievementEnabler","BaseMod","Highlight Path","Minty Spire (QoL Compilation)","Permanent Neow","Quick Restart"],"gold_per_floor":[115,115,127,127,75,75,87,100,100,25,85,113,131,213,213,213,213],"floor_reached":16,"language":"ENG","playtime":504,"items_purged":["Strike_R"],"score":120,"play_id":"0cf8ff04-a374-4f2b-87bf-09dd6efc44b4","local_time":"20210212121131","is_ascension_mode":true,"campfire_choices":[{"floor":15,"key":"REST"}],"circlet_count":0,"master_deck":["Strike_R","Strike_R","Strike_R","Strike_R","Defend_R","Defend_R","Defend_R","Defend_R","Bash","Rage+1","Pommel Strike","Regret","Flex","Shrug It Off","Metallicize","Brutality","Flex","Warcry"],"relics":["Burning Blood","Thread and Needle","Bottled Flame","Meat on the Bone","Bag of Preparation","Blue Candle"],"acts_visited":["Exordium"],"potions_floor_usage":[11,13,16],"damage_taken":[{"damage":7,"enemies":"2 Louse","floor":1,"turns":2},{"damage":1,"enemies":"Cultist","floor":3,"turns":3},{"damage":0,"enemies":"Jaw Worm","floor":7,"turns":3},{"damage":2,"enemies":"Blue Slaver","floor":8,"turns":3},{"damage":27,"enemies":"Gremlin Nob","floor":11,"turns":5},{"damage":18,"enemies":"Gremlin Nob","floor":12,"turns":4},{"damage":5,"enemies":"Looter","floor":13,"turns":3},{"damage":82,"enemies":"Slime Boss","floor":16,"turns":17}],"seed_played":"-7913078434239317792","potions_obtained":[{"floor":7,"key":"AttackPotion"},{"floor":11,"key":"Fire Potion"},{"floor":12,"key":"Energy Potion"}],"is_trial":false,"path_per_floor":["M","?","M","?","$","?","M","M","T","$","?","E","M","T","R","B"],"character_chosen":"IRONCLAD","items_purchased":["Flex"],"campfire_rested":1,"item_purchase_floors":[5],"current_hp_per_floor":[87,87,88,88,88,88,88,88,88,88,67,55,56,56,82,0,0],"gold":213,"neow_bonus":"TEN_PERCENT_HP_BONUS","is_daily":false,"chose_seed":false,"campfire_upgraded":0,"win_rate":0.0,"timestamp":1613160691,"path_taken":["M","?","?","?","$","?","M","M","T","?","?","E","?","?","R","BOSS"],"items_purchased_type":["Card"],"build_version":"2020-12-22","purchased_purges":1,"victory":false,"max_hp_per_floor":[88,88,88,88,88,88,88,88,88,88,88,88,88,88,88,88,88],"card_choices":[{"not_picked":["Heavy Blade","Rampage"],"picked":"Rage","floor":1},{"not_picked":["Thunderclap","True Grit"],"picked":"Pommel Strike","floor":3},{"not_picked":["True Grit","Sword Boomerang"],"picked":"Shrug It Off","floor":7},{"not_picked":["Cleave","Dark Embrace"],"picked":"Metallicize","floor":8},{"not_picked":["Power Through","Warcry"],"picked":"Brutality","floor":11},{"not_picked":["Pummel","Exhume"],"picked":"Flex","floor":12},{"not_picked":["Perfected Strike","Cleave"],"picked":"Warcry","floor":13}],"player_experience":168526,"relics_obtained":[{"floor":9,"key":"Bottled Flame"},{"floor":11,"key":"Meat on the Bone"},{"floor":12,"key":"Bag of Preparation"},{"floor":14,"key":"Blue Candle"}],"event_choices":[{"damage_healed":0,"gold_gain":0,"player_choice":"Upgraded","damage_taken":0,"max_hp_gain":0,"max_hp_loss":0,"event_name":"Upgrade Shrine","floor":2,"gold_loss":0,"cards_upgraded":["Rage"]},{"damage_healed":0,"gold_gain":0,"player_choice":"Box","damage_taken":0,"relics_obtained":["Thread and Needle"],"max_hp_gain":0,"max_hp_loss":0,"event_name":"Big Fish","floor":4,"gold_loss":0,"cards_obtained":["Regret"]},{"damage_healed":0,"gold_gain":0,"player_choice":"Ignored","damage_taken":0,"max_hp_gain":0,"max_hp_loss":0,"event_name":"Golden Wing","floor":6,"gold_loss":0},{"damage_healed":0,"gold_gain":0,"player_choice":"Searched \u00271\u0027 times","damage_taken":0,"max_hp_gain":0,"max_hp_loss":0,"event_name":"Dead Adventurer","floor":11,"gold_loss":0}],"is_beta":false,"boss_relics":[],"items_purged_floors":[10],"is_endless":false,"potions_floor_spawned":[7,11,12],"killed_by":"Slime Boss","ascension_level":4}}