{"host":"15sbyzswzncjigmz","time":1613111906,"event":{"mods":["AchievementEnabler","BaseMod","Bestiary","Block Reminder","Colored Map","Colored Powertips","DeckTracker","Minty Spire (QoL Compilation)","Relic Stats","StSLib","Together in Spire","Weighted Paths"],"gold_per_floor":[110,110,110,25,45,45,62,89,89,123,123,123,136,136,136,235,235,246,261,351,371,381,381,296,296,296],"floor_reached":25,"language":"ENG","playtime":2486,"items_purged":[],"score":232,"play_id":"b2180039-6905-4913-8b37-fd7b6471bde5","local_time":"20210212003826","is_ascension_mode":true,"campfire_choices":[{"floor":6.0,"key":"REST"},{"floor":12,"key":"REST"},{"floor":15,"key":"RECALL"},{"floor":23,"key":"REST"}],"circlet_count":0,"master_deck":["Strike_R","Strike_R","Strike_R","Strike_R","Strike_R","Defend_R","Defend_R","Defend_R","Defend_R","Bash","Rage","Evolve","Anger","Headbutt","Sentinel","Flex","Seeing Red","Rage","Pommel Strike+1","Dark Embrace","Reaper+1","Metallicize","Heavy Blade+1","Blind","Perfected Strike+1","Heavy Blade+1","Sword Boomerang+1"],"relics":["Burning Blood","Vajra","Incense Burner","Dream Catcher","Shuriken","Meat on the Bone","Molten Egg 2","Cursed Key","Omamori"],"acts_visited":["Exordium","TheCity"],"potions_floor_usage":[19,19],"damage_taken":[{"damage":0.0,"enemies":"2 Louse","floor":1.0,"turns":2.0},{"damage":13.0,"enemies":"Jaw Worm","floor":5.0,"turns":4.0},{"damage":5.0,"enemies":"Small Slimes","floor":7.0,"turns":3.0},{"damage":27.0,"enemies":"Gremlin Nob","floor":8.0,"turns":6.0},{"damage":24,"enemies":"3 Sentries","floor":10,"turns":6},{"damage":10,"enemies":"Exordium Wildlife","floor":13,"turns":5},{"damage":26,"enemies":"Slime Boss","floor":16,"turns":8},{"damage":33,"enemies":"2 Thieves","floor":18,"turns":4},{"damage":22,"enemies":"Chosen","floor":19,"turns":5},{"damage":10,"enemies":"Centurion and Healer","floor":21,"turns":5},{"damage":7,"enemies":"Snecko","floor":22,"turns":4},{"damage":85,"enemies":"Slavers","floor":25,"turns":6}],"seed_played":"-2738500878650267429","potions_obtained":[{"floor":5.0,"key":"BloodPotion"},{"floor":7.0,"key":"ElixirPotion"},{"floor":10,"key":"Ancient Potion"},{"floor":16,"key":"DuplicationPotion"},{"floor":19,"key":"Fruit Juice"}],"is_trial":false,"path_per_floor":["M","?","?","$","M","R","M","E","T","E","?","R","M","?","R","B",null,"M","M","?","M","M","R","?","E"],"character_chosen":"IRONCLAD","items_purchased":["Evolve","Anger"],"campfire_rested":3,"item_purchase_floors":[4,4],"current_hp_per_floor":[80,80,62,62,55,79,80,59,59,53,53,77,73,73,73,53,80,64,77,59,55,60,85,85,0,0],"gold":296,"neow_bonus":"RANDOM_COMMON_RELIC","is_daily":false,"chose_seed":false,"campfire_upgraded":0,"win_rate":0.0,"timestamp":1613111906,"path_taken":["M","?","?","$","M","R","M","E","T","E","?","R","?","?","R","BOSS","M","?","?","?","M","R","?","E"],"items_purchased_type":["Card","Card"],"build_version":"2020-12-22","purchased_purges":0,"victory":false,"max_hp_per_floor":[80,80,80,80,80,80,80,80,80,80,80,80,80,80,80,80,80,80,85,85,85,85,85,85,85,85],"relic_stats":{"Dream Catcher":3,"counters":[12,58],"Shuriken":[15],"Cursed Key":0,"obtain_stats":[{"Dream Catcher":3,"Shuriken":8,"Vajra":0,"Molten Egg 2":10,"Incense Burner":2,"Omamori":24,"Cursed Key":17,"Burning Blood":0,"Meat on the Bone":9},{"Dream Catcher":1,"Shuriken":4,"Vajra":0,"Molten Egg 2":5,"Incense Burner":1,"Omamori":11,"Cursed Key":7,"Burning Blood":0,"Meat on the Bone":4},{"Dream Catcher":2,"Shuriken":15,"Vajra":0,"Molten Egg 2":21,"Incense Burner":2,"Omamori":52,"Cursed Key":34,"Burning Blood":0,"Meat on the Bone":15}],"Burning Blood":60,"Meat on the Bone":12},"card_choices":[{"not_picked":["Wild Strike","Shockwave"],"picked":"Rage","floor":1.0},{"not_picked":["Sword Boomerang","Twin Strike"],"picked":"Headbutt","floor":5.0},{"not_picked":["Clash","Sword Boomerang"],"picked":"Sentinel","floor":6.0},{"not_picked":["Clothesline","True Grit"],"picked":"Flex","floor":7.0},{"not_picked":["Rage","Uppercut"],"picked":"Seeing Red","floor":8.0},{"not_picked":["Flex","Feel No Pain"],"picked":"Rage","floor":10},{"not_picked":["Body Slam+1","Wild Strike+1"],"picked":"Pommel Strike+1","floor":12},{"not_picked":["Havoc","Cleave+1"],"picked":"Dark Embrace","floor":13},{"not_picked":["Offering","Demon Form"],"picked":"Reaper+1","floor":16},{"not_picked":["Flex","Wild Strike+1"],"picked":"Metallicize","floor":18},{"not_picked":["Clash+1","Perfected Strike+1"],"picked":"Heavy Blade+1","floor":19},{"not_picked":["Pommel Strike+1","Body Slam+1"],"picked":"Perfected Strike+1","floor":21},{"not_picked":["Flex+1","Immolate+1"],"picked":"Heavy Blade+1","floor":22},{"not_picked":["Armaments","Flex"],"picked":"Sword Boomerang+1","floor":23}],"player_experience":166819,"relics_obtained":[{"floor":8.0,"key":"Shuriken"},{"floor":9.0,"key":"Meat on the Bone"},{"floor":10,"key":"Molten Egg 2"}],"event_choices":[{"damage_healed":0.0,"max_hp_gain":0.0,"max_hp_loss":0.0,"gold_gain":0.0,"event_name":"Big Fish","player_choice":"Box","floor":2.0,"gold_loss":0.0,"damage_taken":0.0,"relics_obtained":["Incense Burner"],"cards_obtained":["Regret"]},{"damage_healed":0.0,"max_hp_gain":0.0,"max_hp_loss":0.0,"gold_gain":0.0,"event_name":"Scrap Ooze","player_choice":"Success","floor":3.0,"gold_loss":0.0,"damage_taken":18.0,"relics_obtained":["Dream Catcher"]},{"damage_healed":0,"gold_gain":0,"player_choice":"Bought 0 Potions","damage_taken":0,"max_hp_gain":0,"max_hp_loss":0,"event_name":"The Woman in Blue","floor":11,"gold_loss":0},{"cards_removed":["Regret"],"damage_healed":0,"gold_gain":0,"player_choice":"Removed Curses","damage_taken":0,"max_hp_gain":0,"max_hp_loss":0,"event_name":"Fountain of Cleansing","floor":14,"gold_loss":0},{"damage_healed":0,"gold_gain":90,"player_choice":"GOLD CARD ","damage_taken":18,"max_hp_gain":0,"max_hp_loss":0,"event_name":"Knowing Skull","floor":20,"potions_obtained":[],"gold_loss":0,"cards_obtained":["Blind"]},{"damage_healed":0,"gold_gain":0,"player_choice":"Obtained Relic","damage_taken":0,"relics_obtained":["Omamori"],"max_hp_gain":0,"max_hp_loss":0,"event_name":"Addict","floor":24,"gold_loss":85}],"is_beta":false,"boss_relics":[{"not_picked":["Black Blood","Astrolabe"],"picked":"Cursed Key"}],"items_purged_floors":[],"is_endless":false,"potions_floor_spawned":[5,7,10,16,18,19],"killed_by":"Slavers","ascension_level":2}}