{"host":"mvy2rmdvyttjfm6x","time":1613124845,"event":{"mods":["AchievementEnabler","BaseMod","Keyboard Shortcuts","Minty Spire (QoL Compilation)","Quick Restart","StSLib","SuperFastMode"],"gold_per_floor":[15,15,27,27,43,78,99,49,49,49,49,69,69,94,94,223,223,236,254,267,267,267,267,280,280,280,299,314,334,60,95,95,95,95],"floor_reached":33,"language":"KOR","playtime":1540,"items_purged":["Strike_P"],"score":321,"play_id":"4ef12905-4aaa-4a4c-9caa-1b6d34024959","local_time":"20210212191405","is_ascension_mode":false,"campfire_choices":[{"data":"TalkToTheHand","floor":10.0,"key":"SMITH"},{"data":"Eruption","floor":15.0,"key":"SMITH"},{"floor":23.0,"key":"REST"},{"data":"Scrawl","floor":25.0,"key":"SMITH"},{"floor":32,"key":"REST"}],"circlet_count":0,"master_deck":["Strike_P+1","Defend_P","Defend_P+1","Defend_P","Eruption+1","Vigilance+1","TalkToTheHand+1","FlurryOfBlows","Scrawl+1","CrushJoints+1","LessonLearned+1","EmptyBody+1","WaveOfTheHand+1","Halt","Ghostly+1","Ghostly","Ghostly","Ghostly","Ghostly+1","EmptyFist","FlurryOfBlows"],"relics":["PureWater","Golden Idol","Bottled Flame","HornCleat","Happy Flower","SlaversCollar","Unceasing Top","Nunchaku","Question Card"],"acts_visited":["Exordium","TheCity"],"potions_floor_usage":[28,29],"damage_taken":[{"damage":0.0,"enemies":"Small Slimes","floor":1.0,"turns":3.0},{"damage":0.0,"enemies":"Cultist","floor":3.0,"turns":4.0},{"damage":0.0,"enemies":"2 Louse","floor":5.0,"turns":2.0},{"damage":0.0,"enemies":"Gremlin Nob","floor":6.0,"turns":2.0},{"damage":1.0,"enemies":"Blue Slaver","floor":7.0,"turns":4.0},{"damage":2.0,"enemies":"Looter","floor":12.0,"turns":3.0},{"damage":4.0,"enemies":"Exordium Thugs","floor":14.0,"turns":2.0},{"damage":6.0,"enemies":"Hexaghost","floor":16.0,"turns":9.0},{"damage":0.0,"enemies":"3 Byrds","floor":18.0,"turns":5.0},{"damage":21.0,"enemies":"Chosen","floor":19.0,"turns":6.0},{"damage":40.0,"enemies":"Sentry and Sphere","floor":20.0,"turns":11.0},{"damage":0.0,"enemies":"3 Cultists","floor":24.0,"turns":6.0},{"damage":19.0,"enemies":"Snecko","floor":27.0,"turns":8.0},{"damage":0,"enemies":"Shelled Parasite and Fungi","floor":28,"turns":6},{"damage":0,"enemies":"Centurion and Healer","floor":29,"turns":6},{"damage":7,"enemies":"Slavers","floor":31,"turns":8},{"damage":48,"enemies":"Collector","floor":33,"turns":5}],"seed_played":"-6056334232474225155","potions_obtained":[{"floor":2.0,"key":"Ambrosia"},{"floor":2.0,"key":"Block Potion"},{"floor":2.0,"key":"DistilledChaos"},{"floor":3.0,"key":"LiquidMemories"},{"floor":6.0,"key":"FairyPotion"},{"floor":14.0,"key":"Regen Potion"},{"floor":27.0,"key":"DuplicationPotion"},{"floor":28,"key":"GamblersBrew"},{"floor":29,"key":"Dexterity Potion"}],"is_trial":false,"path_per_floor":["M","?","M","?","M","E","M","?","T","R","T","M","$","M","R","B",null,"M","M","M","?","?","R","M","R","T","M","M","M","$","E","R","B"],"character_chosen":"WATCHER","items_purchased":["FlurryOfBlows","Nunchaku"],"campfire_rested":2,"item_purchase_floors":[30,30],"current_hp_per_floor":[72,72,72,54,54,54,53,53,53,53,53,51,51,47,47,41,72,72,51,11,11,11,21,21,21,21,2,2,16,16,9,19,0,0],"gold":95,"neow_bonus":"REMOVE_TWO","is_daily":false,"chose_seed":false,"campfire_upgraded":3,"win_rate":0.0,"timestamp":1613124845,"path_taken":["M","?","?","?","M","E","M","?","T","R","?","M","?","M","R","BOSS","M","M","M","?","?","R","M","R","T","M","M","M","$","E","R","BOSS"],"items_purchased_type":["Card","Relic"],"build_version":"2020-12-22","purchased_purges":1,"victory":false,"max_hp_per_floor":[72,72,72,72,72,72,72,72,72,72,72,72,72,72,72,72,72,72,72,72,72,36,36,36,36,36,36,36,36,36,36,36,36,36],"card_choices":[{"not_picked":["SashWhip","Nirvana"],"picked":"TalkToTheHand","floor":1.0},{"not_picked":["EmptyBody","ThirdEye"],"picked":"FlurryOfBlows","floor":3.0},{"not_picked":["JustLucky","FollowUp","PathToVictory"],"picked":"SKIP","floor":5.0},{"not_picked":["ReachHeaven","Tantrum"],"picked":"Scrawl","floor":6.0},{"not_picked":["Halt","JustLucky","Worship"],"picked":"SKIP","floor":7.0},{"not_picked":["Indignation","FollowUp"],"picked":"CrushJoints","floor":12.0},{"not_picked":["PathToVictory","Consecrate","BowlingBash"],"picked":"SKIP","floor":14.0},{"not_picked":["DeusExMachina","Establishment"],"picked":"LessonLearned","floor":16.0},{"not_picked":["FollowUp","Study"],"picked":"EmptyBody+1","floor":18.0},{"not_picked":["PathToVictory+1","FollowUp"],"picked":"WaveOfTheHand+1","floor":19.0},{"not_picked":["Protect","EmptyBody"],"picked":"Halt","floor":20.0},{"not_picked":["Halt","SignatureMove+1"],"picked":"EmptyFist","floor":24.0},{"not_picked":["Fasting2+1","FollowUp","Establishment"],"picked":"SKIP","floor":27.0},{"not_picked":["WindmillStrike+1","JustLucky","ClearTheMind"],"picked":"SKIP","floor":28},{"not_picked":["Collect","Protect+1","BowlingBash"],"picked":"SKIP","floor":29},{"not_picked":["ClearTheMind","PathToVictory","Wallop"],"picked":"SKIP","floor":31}],"player_experience":108444,"relics_obtained":[{"floor":6.0,"key":"Bottled Flame"},{"floor":9.0,"key":"HornCleat"},{"floor":11.0,"key":"Happy Flower"},{"floor":26.0,"key":"Unceasing Top"},{"floor":31,"key":"Question Card"}],"event_choices":[{"damage_healed":0.0,"max_hp_gain":0.0,"max_hp_loss":0.0,"gold_gain":0.0,"event_name":"Lab","player_choice":"Got Potions","floor":2.0,"gold_loss":0.0,"damage_taken":0.0},{"damage_healed":0.0,"max_hp_gain":0.0,"max_hp_loss":0.0,"gold_gain":0.0,"event_name":"Golden Idol","player_choice":"Take Damage","floor":4.0,"gold_loss":0.0,"damage_taken":18.0,"relics_obtained":["Golden Idol"]},{"cards_removed":["Strike_P"],"damage_healed":0.0,"max_hp_gain":0.0,"max_hp_loss":0.0,"gold_gain":0.0,"event_name":"The Cleric","player_choice":"Card Removal","floor":8.0,"gold_loss":50.0,"damage_taken":0.0},{"damage_healed":0.0,"max_hp_gain":0.0,"max_hp_loss":0.0,"gold_gain":0.0,"event_name":"The Mausoleum","player_choice":"Ignored","floor":21.0,"gold_loss":0.0,"damage_taken":0.0},{"damage_healed":0.0,"max_hp_gain":0.0,"max_hp_loss":36.0,"gold_gain":0.0,"event_name":"Ghosts","player_choice":"Became a Ghost","floor":22.0,"gold_loss":0.0,"damage_taken":0.0,"cards_obtained":["Ghostly","Ghostly","Ghostly","Ghostly","Ghostly"]}],"is_beta":false,"boss_relics":[{"not_picked":["Sozu","Ectoplasm"],"picked":"SlaversCollar"}],"items_purged_floors":[30],"is_endless":false,"potions_floor_spawned":[3,6,7,14,27,28,29],"killed_by":"Collector","ascension_level":0}}