{"host":"gbbz8f5svnnpwo8d","time":1613141751,"event":{"mods":["AchievementEnabler","AlwaysNeverKeys","BaseMod","Bestiary","Better Altar","Better Match","Better Note","Better Sensory Stone","Better Silent Start","Better Skull","Better Third Choice","Better Vampires","Better-Laid Plans","BetterRewards","Block Reminder","Bossed Relics","Colored Map","Colored Powertips","Curses Come First","Dark Map","Displayed Cursed Tome","GifTheSpireLib","Minty Spire (QoL Compilation)","MonsterHotkey","Permanent Neow","Potion Indicator Mod","Quick Restart","Random Character Button","Rare Cards Sparkle","Relic Stats","Shop Mod","Spicy Shops","Spire Birthday Party","StSLib","Transform Curses"],"gold_per_floor":[116,81,150,150,163,163,190,207,234,248,248,268,268,282,282,382,382,394,394,15,25,38,38,56,56,83,98,51,51,51,51,51,146,146,156,156,156,175,191,191,204,232,232,232,232,232,49,49,49,49,49,49,47,74,74],"floor_reached":56,"language":"ENG","playtime":2494,"items_purged":["Writhe"],"score":1575,"play_id":"56817137-4901-4d6f-ab80-4b02f45a27fe","local_time":"20210212075551","is_ascension_mode":false,"campfire_choices":[{"floor":6.0,"key":"DIG"},{"floor":13.0,"key":"REST"},{"floor":15.0,"key":"REST"},{"floor":23.0,"key":"DIG"},{"floor":25.0,"key":"REST"},{"floor":29.0,"key":"DIG"},{"floor":32.0,"key":"REST"},{"floor":40,"key":"REST"},{"floor":45,"key":"REST"},{"floor":49,"key":"REST"},{"data":"Ragnarok","floor":52,"key":"SMITH"}],"circlet_count":0,"master_deck":["Strike_P","Strike_P","Strike_P","Strike_P","Defend_P","Defend_P","Defend_P","Defend_P","Eruption","Vigilance","Worship+1","Brilliance","Perseverance","Prostrate","EmptyFist","Protect","Vengeance","Prostrate","FlurryOfBlows","ReachHeaven","FlurryOfBlows","Ragnarok+1","Flash of Steel","InnerPeace","FollowUp","Worship+1","Devotion+1","Wish","Protect","Protect+1","FlurryOfBlows","FlurryOfBlows","Madness","Madness","Worship+1","Prostrate","Devotion","Secret Weapon","Enlightenment","MentalFortress"],"relics":["PureWater","Ginger","Ancient Tea Set","Pen Nib","Sozu","Lantern","MerchantsRug","PreservedInsect","Tiny House","InkBottle","Pantograph","FossilizedHelix","Happy Flower"],"acts_visited":["Exordium","TheCity","TheBeyond","TheEnding"],"potions_floor_usage":[],"damage_taken":[{"damage":3.0,"enemies":"Small Slimes","floor":1.0,"turns":4.0},{"damage":0.0,"enemies":"Cultist","floor":5.0,"turns":5.0},{"damage":46.0,"enemies":"Gremlin Nob","floor":7.0,"turns":5.0},{"damage":3.0,"enemies":"Jaw Worm","floor":8.0,"turns":2.0},{"damage":0.0,"enemies":"Lots of Slimes","floor":10.0,"turns":2.0},{"damage":1.0,"enemies":"2 Fungi Beasts","floor":12.0,"turns":3.0},{"damage":2.0,"enemies":"Exordium Wildlife","floor":14.0,"turns":3.0},{"damage":2.0,"enemies":"Hexaghost","floor":16.0,"turns":4.0},{"damage":9.0,"enemies":"Shell Parasite","floor":18.0,"turns":5.0},{"damage":0.0,"enemies":"3 Byrds","floor":21.0,"turns":3.0},{"damage":21.0,"enemies":"Centurion and Healer","floor":22.0,"turns":4.0},{"damage":7.0,"enemies":"Snake Plant","floor":24.0,"turns":4.0},{"damage":0.0,"enemies":"Chosen and Byrds","floor":27.0,"turns":4.0},{"damage":25.0,"enemies":"Collector","floor":33.0,"turns":6.0},{"damage":10,"enemies":"Orb Walker","floor":35,"turns":2},{"damage":14,"enemies":"3 Shapes","floor":38,"turns":3},{"damage":38,"enemies":"3 Darklings","floor":39,"turns":5},{"damage":22,"enemies":"Maw","floor":41,"turns":7},{"damage":0,"enemies":"Giant Head","floor":42,"turns":5},{"damage":48,"enemies":"Donu and Deca","floor":50,"turns":9},{"damage":32,"enemies":"Shield and Spear","floor":54,"turns":5},{"damage":68,"enemies":"The Heart","floor":55,"turns":9}],"seed_played":"-2297102059770549612","potions_obtained":[{"floor":7.0,"key":"AttackPotion"},{"floor":8.0,"key":"PowerPotion"},{"floor":10.0,"key":"Regen Potion"},{"floor":16.0,"key":"DistilledChaos"}],"is_trial":false,"path_per_floor":["M","?","?","?","M","R","E","M","T","M","T","M","R","M","R","B",null,"M","?","$","M","M","R","M","R","T","M","$","R","?","?","R","B",null,"M","$","?","M","M","R","M","E","T","?","R","?","$","?","R","B",null,"R","$","E","B",null],"character_chosen":"WATCHER","items_purchased":["Worship","Brilliance","Shovel","Lantern","Flash of Steel","MerchantsRug","FollowUp","Prostrate","Pantograph","Devotion","Pear","FossilizedHelix"],"campfire_rested":7,"item_purchase_floors":[0,0,0,20,20,20,28,47,47,47,47,53],"current_hp_per_floor":[41,59,59,59,59,59,13,10,10,10,10,9,30,28,49,59,72,63,63,63,63,42,42,37,61,61,61,61,61,43,43,65,40,76,68,68,68,54,30,54,44,44,44,34,58,58,68,68,90,54,90,90,90,58,15],"gold":74,"neow_bonus":"","is_daily":false,"chose_seed":false,"campfire_upgraded":1,"win_rate":0.0,"timestamp":1613141751,"path_taken":["M","?","?","?","?","R","E","M","T","M","?","M","R","?","R","BOSS","M","?","$","?","M","R","M","R","T","M","?","R","?","?","R","BOSS","M","$","?","M","?","R","M","E","T","?","R","?","?","?","R","BOSS","R","$","E","BOSS"],"items_purchased_type":["Card","Card","Relic","Relic","Card","Relic","Card","Card","Relic","Card","Relic","Relic"],"build_version":"2020-12-22","purchased_purges":1,"victory":true,"max_hp_per_floor":[72,72,72,72,72,72,72,72,72,72,72,72,72,72,72,72,72,72,72,72,72,72,72,74,76,76,76,76,76,76,76,76,76,76,78,78,78,78,80,80,80,80,80,80,80,80,90,90,90,90,90,90,90,90,90],"relic_stats":{"Sozu":5,"Happy Flower":[3],"counters":[117,488],"Pantograph":87,"Pen Nib":[25],"PreservedInsect":193,"Ginger":[18],"obtain_stats":[{"Ice Cream":0,"Calipers":0,"Tiny House":34,"Vajra":26,"Ginger":0,"Bottled Tornado":46,"Old Coin":13,"Sozu":34,"HornCleat":9,"FaceOfCleric":21,"Kunai":0,"MerchantsRug":0,"Pear":0,"Happy Flower":13,"Dead Branch":39,"Oddly Smooth Stone":38,"Eternal Feather":23,"Pen Nib":9,"Question Card":9,"Akabeko":9,"SlaversCollar":17,"Bottled Flame":31,"Shuriken":0,"MutagenicStrength":19,"Molten Egg 2":14,"Nloth\u0027s Gift":21,"Symbiotic Virus":0,"StrikeDummy":6,"Meat on the Bone":29,"Regal Pillow":43,"Lantern":7,"Singing Bowl":23,"Mango":38,"Juzu Bracelet":36,"Bag of Preparation":27,"TeardropLocket":37,"Cursed Key":17,"Ancient Tea Set":7,"Dream Catcher":6,"Matryoshka":6,"Shovel":0,"Mummified Hand":43,"Gambling Chip":0,"Pantograph":9,"WingedGreaves":23,"Red Mask":45,"Chemical X":31,"Cracked Core":0,"InkBottle":46,"Lee\u0027s Waffle":38,"Golden Idol":2,"Thread and Needle":0,"betterThird:NestCultRelic":24,"PreservedInsect":26,"The Courier":43,"Odd Mushroom":7,"Orichalcum":6,"Frozen Egg 2":40,"White Beast Statue":54,"Peace Pipe":0,"Strange Spoon":53,"Anchor":54,"Busted Crown":34,"Bloody Idol":21,"betterThird:SlimedRelic":2,"Ectoplasm":17,"Art of War":9,"Membership Card":53,"PureWater":0,"TungstenRod":26,"Toy Ornithopter":53,"FossilizedHelix":53},{"Ice Cream":24,"Calipers":46,"Tiny House":61,"Vajra":57,"Ginger":95,"Bottled Tornado":68,"Old Coin":51,"Sozu":17,"HornCleat":48,"FaceOfCleric":44,"Kunai":72,"MerchantsRug":0,"Pear":46,"Happy Flower":6,"Dead Branch":64,"Oddly Smooth Stone":19,"Eternal Feather":45,"Pen Nib":99,"Question Card":29,"Akabeko":48,"SlaversCollar":32,"Bottled Flame":60,"Shuriken":24,"MutagenicStrength":53,"Molten Egg 2":51,"Nloth\u0027s Gift":10,"Symbiotic Virus":0,"StrikeDummy":76,"Meat on the Bone":108,"Regal Pillow":20,"Lantern":39,"Singing Bowl":106,"Mango":19,"Juzu Bracelet":18,"Bag of Preparation":58,"TeardropLocket":63,"Cursed Key":8,"Ancient Tea Set":98,"Dream Catcher":97,"Matryoshka":48,"Shovel":95,"Mummified Hand":90,"Gambling Chip":72,"Pantograph":77,"WingedGreaves":56,"Red Mask":21,"Chemical X":85,"Cracked Core":0,"InkBottle":91,"Lee\u0027s Waffle":19,"Golden Idol":36,"Thread and Needle":72,"betterThird:NestCultRelic":83,"PreservedInsect":107,"The Courier":114,"Odd Mushroom":4,"Orichalcum":39,"Frozen Egg 2":65,"White Beast Statue":94,"Peace Pipe":0,"Strange Spoon":70,"Anchor":71,"Busted Crown":86,"Bloody Idol":34,"betterThird:SlimedRelic":47,"Ectoplasm":80,"Art of War":4,"Membership Card":70,"PureWater":0,"TungstenRod":45,"Toy Ornithopter":70,"FossilizedHelix":115},{"Ice Cream":91,"Calipers":191,"Tiny House":250,"Vajra":237,"Ginger":389,"Bottled Tornado":268,"Old Coin":210,"Sozu":60,"HornCleat":196,"FaceOfCleric":177,"Kunai":290,"MerchantsRug":0,"Pear":191,"Happy Flower":13,"Dead Branch":259,"Oddly Smooth Stone":68,"Eternal Feather":182,"Pen Nib":405,"Question Card":104,"Akabeko":196,"SlaversCollar":123,"Bottled Flame":247,"Shuriken":91,"MutagenicStrength":225,"Molten Egg 2":210,"Nloth\u0027s Gift":29,"Symbiotic Virus":0,"StrikeDummy":305,"Meat on the Bone":437,"Regal Pillow":74,"Lantern":149,"Singing Bowl":429,"Mango":68,"Juzu Bracelet":64,"Bag of Preparation":240,"TeardropLocket":255,"Cursed Key":21,"Ancient Tea Set":403,"Dream Catcher":398,"Matryoshka":196,"Shovel":389,"Mummified Hand":356,"Gambling Chip":290,"Pantograph":308,"WingedGreaves":233,"Red Mask":79,"Chemical X":340,"Cracked Core":0,"InkBottle":363,"Lee\u0027s Waffle":68,"Golden Idol":137,"Thread and Needle":290,"betterThird:NestCultRelic":335,"PreservedInsect":433,"The Courier":465,"Odd Mushroom":9,"Orichalcum":149,"Frozen Egg 2":260,"White Beast Statue":384,"Peace Pipe":0,"Strange Spoon":275,"Anchor":279,"Busted Crown":343,"Bloody Idol":130,"betterThird:SlimedRelic":192,"Ectoplasm":324,"Art of War":9,"Membership Card":275,"PureWater":0,"TungstenRod":182,"Toy Ornithopter":275,"FossilizedHelix":474}],"InkBottle":[32]},"card_choices":[{"not_picked":["WreathOfFlame","Weave"],"picked":"Perseverance","floor":1.0},{"not_picked":["FearNoEvil","FlyingSleeves"],"picked":"Prostrate","floor":5.0},{"not_picked":["Indignation","DeceiveReality"],"picked":"EmptyFist","floor":7.0},{"not_picked":["BattleHymn","Consecrate"],"picked":"Protect","floor":8.0},{"not_picked":["Conclude","Crescendo"],"picked":"Vengeance","floor":10.0},{"not_picked":["EmptyBody","Vengeance"],"picked":"Prostrate","floor":12.0},{"not_picked":["Halt","WindmillStrike"],"picked":"FlurryOfBlows","floor":13.0},{"not_picked":["Fasting2","Evaluate"],"picked":"ReachHeaven","floor":14.0},{"not_picked":["Crescendo","SashWhip"],"picked":"FlurryOfBlows","floor":15.0},{"not_picked":["SpiritShield","DeusExMachina"],"picked":"Ragnarok","floor":16.0},{"not_picked":["Perseverance","FlyingSleeves+1","PathToVictory+1"],"picked":"SKIP","floor":18.0},{"not_picked":["Consecrate+1","ThirdEye","CrushJoints"],"picked":"SKIP","floor":21.0},{"not_picked":["EmptyMind","CrushJoints","EmptyBody+1"],"picked":"SKIP","floor":22.0},{"not_picked":["CrushJoints","EmptyBody","Perseverance"],"picked":"Singing Bowl","floor":24.0},{"not_picked":["BowlingBash","SashWhip","Nirvana"],"picked":"Singing Bowl","floor":25.0},{"not_picked":["Evaluate","Study+1"],"picked":"InnerPeace","floor":27.0},{"not_picked":["WindmillStrike","LikeWater"],"picked":"Devotion","floor":32.0},{"not_picked":["DevaForm","Judgement"],"picked":"Wish","floor":33.0},{"not_picked":["Meditate+1","JustLucky+1","CrushJoints"],"picked":"Singing Bowl","floor":35},{"not_picked":["FollowUp","BowlingBash+1"],"picked":"Protect","floor":38},{"not_picked":["Nirvana","Weave","SashWhip+1"],"picked":"Singing Bowl","floor":39},{"not_picked":["Vengeance+1","ThirdEye"],"picked":"Protect+1","floor":40},{"not_picked":["EmptyBody+1","Halt"],"picked":"FlurryOfBlows","floor":41},{"not_picked":["Collect+1","Study+1"],"picked":"FlurryOfBlows","floor":42},{"not_picked":["Sanctity","Protect"],"picked":"Worship+1","floor":45},{"not_picked":["Deep Breath","Bandage Up"],"picked":"Secret Weapon","floor":48},{"not_picked":["Jack Of All Trades","Chrysalis"],"picked":"Enlightenment","floor":48},{"not_picked":["Crescendo+1","JustLucky+1"],"picked":"MentalFortress","floor":54}],"player_experience":3756842,"relics_obtained":[{"floor":6.0,"key":"Dream Catcher"},{"floor":7.0,"key":"Ancient Tea Set"},{"floor":9.0,"key":"Pen Nib"},{"floor":11.0,"key":"StrikeDummy"},{"floor":23.0,"key":"Singing Bowl"},{"floor":26.0,"key":"PreservedInsect"},{"floor":29.0,"key":"Meat on the Bone"},{"floor":42,"key":"InkBottle"},{"floor":43,"key":"The Courier"},{"floor":54,"key":"Happy Flower"}],"event_choices":[{"damage_healed":18.0,"max_hp_gain":0.0,"max_hp_loss":0.0,"gold_gain":0.0,"event_name":"The Cleric","player_choice":"Healed","floor":2.0,"gold_loss":35.0,"damage_taken":0.0},{"damage_healed":0.0,"max_hp_gain":0.0,"max_hp_loss":0.0,"gold_gain":69.0,"event_name":"Golden Wing","player_choice":"Gained Gold","floor":3.0,"gold_loss":0.0,"damage_taken":0.0},{"damage_healed":0.0,"max_hp_gain":0.0,"max_hp_loss":0.0,"gold_gain":0.0,"event_name":"Upgrade Shrine","player_choice":"Upgraded","floor":4.0,"gold_loss":0.0,"damage_taken":0.0,"cards_upgraded":["Worship"]},{"cards_removed":["Strike_P"],"damage_healed":0.0,"max_hp_gain":0.0,"max_hp_loss":0.0,"gold_gain":0.0,"event_name":"betterNote:BetterNote","player_choice":"Give","floor":19.0,"gold_loss":0.0,"damage_taken":0.0,"cards_obtained":["Strike_P"]},{"damage_healed":0.0,"max_hp_gain":61.0,"max_hp_loss":43.0,"gold_gain":0.0,"event_name":"betterAltar:BetterAltar","player_choice":" Potion ","floor":30.0,"potions_obtained":["betterAltar:AltarPotion"],"relics_lost":[],"gold_loss":0.0,"damage_taken":18.0,"relics_obtained":[]},{"damage_healed":0.0,"max_hp_gain":0.0,"max_hp_loss":0.0,"gold_gain":0.0,"event_name":"Duplicator","player_choice":"Copied","floor":31.0,"gold_loss":0.0,"damage_taken":0.0,"cards_obtained":["Worship"]},{"damage_healed":0,"gold_gain":0,"player_choice":"Forge","damage_taken":0,"max_hp_gain":0,"max_hp_loss":0,"event_name":"Accursed Blacksmith","floor":37,"gold_loss":0,"cards_upgraded":["Devotion"]},{"damage_healed":0,"gold_gain":0,"player_choice":"Embrace Madness","damage_taken":10,"max_hp_gain":0,"max_hp_loss":0,"event_name":"Winding Halls","floor":44,"gold_loss":0,"cards_obtained":["Madness","Madness"]},{"damage_healed":0,"gold_gain":0,"player_choice":"Ignored","damage_taken":0,"max_hp_gain":0,"max_hp_loss":0,"event_name":"Mysterious Sphere","floor":46,"gold_loss":0},{"damage_healed":0,"gold_gain":3,"player_choice":"1","damage_taken":0,"max_hp_gain":0,"max_hp_loss":0,"event_name":"betterStone:BetterStone","floor":48,"gold_loss":0}],"is_beta":false,"boss_relics":[{"not_picked":["Runic Dome","HolyWater"],"picked":"Sozu"},{"not_picked":["Snecko Eye","VioletLotus"],"picked":"Tiny House"}],"items_purged_floors":[47],"is_endless":false,"potions_floor_spawned":[7,8,10,16,21,22,38,41,54],"ascension_level":0}}