{"host":"6rg8kqrcyg7lkx0e","time":1613128958,"event":{"mods":["BaseMod","Downfall","Minty Spire (QoL Compilation)","StSLib"],"gold_per_floor":[99,112,124,135,156,183,229,272,380,29,53,53,53,76,87,191,191,191,219,219,239,27,27,50,75,100,100,291,316,316,516,530,630,630,330,340,440,293,307,307,307,317,335,345,345,183,183,233,245,245,245,271,26,26,26,26,26,26],"floor_reached":56,"language":"ZHS","playtime":16009,"items_purged":["hexamod:Strike","hexamod:Defend","hexamod:Defend","downfall:Haunted","Clumsy","hexamod:ShieldOfDarkness"],"score":746,"play_id":"f97ff293-9bf2-4743-8764-07212f7d33aa","local_time":"20210212192238","is_ascension_mode":false,"campfire_choices":[{"data":"hexamod:Float","floor":1.0,"key":"SMITH"},{"data":"hexamod:GhostOfSpirePast","floor":13.0,"key":"SMITH"},{"data":"hexamod:PhantomCloak","floor":18.0,"key":"SMITH"},{"floor":23.0,"key":"RECALL"},{"data":"hexamod:EmpoweredFlame","floor":30.0,"key":"SMITH"},{"data":"hexamod:WildfireWeapon","floor":35.0,"key":"SMITH"},{"data":"hexamod:TimeWarp","floor":45.0,"key":"SMITH"},{"data":"hexamod:SpectersWail","floor":47.0,"key":"SMITH"},{"data":"hexamod:TimeOfNeed","floor":54,"key":"SMITH"}],"circlet_count":0,"master_deck":["hexamod:Strike","hexamod:Float+1","hexamod:SpectersWail+1","hexamod:AdvancingGuard+1","hexamod:ForkedFlame+1","hexamod:Hexaguard","hexamod:SpectersWail+1","hexamod:Hexaguard","hexamod:RainOfEmbers+1","hexamod:GhostOfSpirePast+1","hexamod:RainOfEmbers+1","hexamod:EmpoweredFlame+1","hexamod:PhantomCloak+1","hexamod:UnleashSpirits+1","hexamod:NightmareGuise+1","hexamod:InspiringFlames","hexamod:GhostflameBarrier+1","hexamod:Haunt+1","hexamod:TimeWarp+1","hexamod:WildfireWeapon+1","hexamod:HauntingEcho+1","hexamod:SpectersWail+1","hexamod:HeatMetal+1","hexamod:AdvancingGuard+1","hexamod:TimeOfNeed+1","hexamod:ForkedFlame+1"],"relics":["hexamod:SpiritBrand","Blood Vial","Bottled Lightning","Toy Ornithopter","Odd Mushroom","Coffee Dripper","Enchiridion","Membership Card","hexamod:TheBrokenSeal","Blue Candle","Art of War","Runic Pyramid","downfall:HeartBlessingRed","downfall:HeartBlessingGreen","downfall:HeartBlessingBlue","downfall:GremlinWheel","PreservedInsect","Vajra","Oddly Smooth Stone","Singing Bowl","TungstenRod","Ginger","DollysMirror","Happy Flower"],"acts_visited":["Exordium","TheCity","TheBeyond","TheEnding"],"potions_floor_usage":[50,56,56],"damage_taken":[{"damage":0.0,"enemies":"Small Slimes","floor":2.0,"turns":3.0},{"damage":1.0,"enemies":"2 Louse","floor":3.0,"turns":3.0},{"damage":0.0,"enemies":"Jaw Worm","floor":4.0,"turns":3.0},{"damage":3.0,"enemies":"3 Louse","floor":5.0,"turns":4.0},{"damage":0.0,"enemies":"Large Slime","floor":6.0,"turns":6.0},{"damage":25.0,"enemies":"Gremlin Nob","floor":8.0,"turns":5.0},{"damage":23.0,"enemies":"downfall:Heads","floor":9.0,"turns":6.0},{"damage":0.0,"enemies":"downfall:FleeingMerchant","floor":10.0,"turns":4.0},{"damage":0.0,"enemies":"Exordium Thugs","floor":11.0,"turns":4.0},{"damage":8.0,"enemies":"The Mushroom Lair","floor":14.0,"turns":3.0},{"damage":0.0,"enemies":"Lots of Slimes","floor":15.0,"turns":3.0},{"damage":14.0,"enemies":"WA_ARCHETYPE_RETAIN","floor":16.0,"turns":10.0},{"damage":5.0,"enemies":"Shell Parasite","floor":19.0,"turns":5.0},{"damage":0.0,"enemies":"Chosen","floor":21.0,"turns":4.0},{"damage":0.0,"enemies":"downfall:FleeingMerchant","floor":22.0,"turns":4.0},{"damage":16.0,"enemies":"Snake Plant","floor":25.0,"turns":5.0},{"damage":34.0,"enemies":"Cultist and Chosen","floor":26.0,"turns":8.0},{"damage":0.0,"enemies":"downfall:FleeingMerchant","floor":28.0,"turns":4.0},{"damage":7.0,"enemies":"Gremlin Leader","floor":29.0,"turns":3.0},{"damage":1.0,"enemies":"Shelled Parasite and Fungi","floor":32.0,"turns":3.0},{"damage":18.0,"enemies":"IC_MUSHROOM_ARCHETYPE","floor":33.0,"turns":6.0},{"damage":0.0,"enemies":"Orb Walker","floor":36.0,"turns":4.0},{"damage":10.0,"enemies":"Orb Walker","floor":37.0,"turns":4.0},{"damage":10.0,"enemies":"3 Darklings","floor":39.0,"turns":3.0},{"damage":0.0,"enemies":"Maw","floor":42.0,"turns":6.0},{"damage":21.0,"enemies":"Transient","floor":43.0,"turns":5.0},{"damage":0.0,"enemies":"Sphere and 2 Shapes","floor":44.0,"turns":4.0},{"damage":0.0,"enemies":"Sphere and 2 Shapes","floor":48.0,"turns":5.0},{"damage":0,"enemies":"Jaw Worm Horde","floor":49,"turns":3},{"damage":9,"enemies":"DF_ARCHETYPE_ORBS","floor":50,"turns":9},{"damage":19,"enemies":"downfall:CharBossMerchant","floor":52,"turns":7},{"damage":19,"enemies":"downfall:NeowBoss","floor":55,"turns":10},{"damage":90,"enemies":"downfall:NeowBossFinal","floor":56,"turns":11}],"seed_played":"264079473736414480","potions_obtained":[{"floor":3.0,"key":"BlessingOfTheForge"},{"floor":4.0,"key":"Fire Potion"},{"floor":11.0,"key":"Fire Potion"},{"floor":14.0,"key":"Explosive Potion"},{"floor":21.0,"key":"GamblersBrew"},{"floor":21.0,"key":"Fire Potion"},{"floor":25.0,"key":"EssenceOfSteel"},{"floor":32.0,"key":"AttackPotion"},{"floor":39.0,"key":"hexamod:EctoCoolerPotion"},{"floor":44.0,"key":"Dexterity Potion"},{"floor":48.0,"key":"Swift Potion"}],"is_trial":false,"path_per_floor":["R","M","M","M","M","M","T","E","?","$","M","?","R","?","M","B",null,"R","M","?","M","$","R","T","M","M","?","$","E","R","?","M","B",null,"R","M","?","$","M","?","T","M","M","M","R","$","R","?","M","B",null,"E","$","R","B","B"],"character_chosen":"THE_SPIRIT","items_purchased":["hexamod:GhostOfSpirePast","hexamod:RainOfEmbers","Toy Ornithopter","Membership Card","hexamod:TimeWarp","PreservedInsect","Oddly Smooth Stone","DollysMirror","Happy Flower"],"campfire_rested":0,"item_purchase_floors":[10,10,10,22,28,38,46,53,53],"current_hp_per_floor":[77,77,76,76,73,73,73,50,29,31,33,58,58,52,54,42,77,77,77,61,63,72,72,72,70,77,72,74,69,69,69,70,54,87,97,97,87,87,79,79,79,81,62,69,69,69,69,73,77,75,101,82,82,82,65,0,0,0],"gold":26,"neow_bonus":"TEN_PERCENT_HP_BONUS","is_daily":false,"chose_seed":false,"campfire_upgraded":8,"win_rate":0.0,"timestamp":1613128958,"path_taken":["R","M","M","M","M","M","T","E","?","$","M","?","R","?","M","BOSS","R","M","?","M","$","R","T","M","M","?","$","E","R","?","M","BOSS","R","M","?","$","?","?","T","?","M","M","R","$","R","?","M","BOSS","E","$","R","BOSS","BOSS"],"items_purchased_type":["Card","Card","Relic","Relic","Card","Relic","Relic","Relic","Relic"],"build_version":"2020-12-22","purchased_purges":6,"victory":false,"max_hp_per_floor":[77,77,77,77,77,77,77,77,77,77,77,77,77,77,77,77,77,77,77,77,77,77,77,77,77,87,87,87,87,87,87,87,87,87,97,97,97,97,97,97,97,97,97,97,97,97,97,99,101,101,101,101,101,101,101,101,101,101],"card_choices":[{"not_picked":["hexamod:InspiringFlames","hexamod:Again"],"picked":"hexamod:ShieldOfDarkness","floor":2.0},{"not_picked":["hexamod:NightmareGuise","hexamod:GhostOfSpireFuture"],"picked":"hexamod:SpectersWail","floor":3.0},{"not_picked":["hexamod:BurningTouch","hexamod:RadiantFlame"],"picked":"hexamod:SecondSeal","floor":4.0},{"not_picked":["hexamod:SkipABeat","hexamod:HeatShield"],"picked":"hexamod:AdvancingGuard","floor":5.0},{"not_picked":["hexamod:EmpoweredFlame","hexamod:RetreatToShadows"],"picked":"hexamod:ThirdSeal","floor":6.0},{"not_picked":["hexamod:BacktrackSmack","hexamod:EmpoweredFlame"],"picked":"hexamod:ForkedFlame","floor":8.0},{"not_picked":["hexamod:ChargedBarrage","hexamod:BurningTouch","hexamod:ThermalTransfer"],"picked":"SKIP","floor":8.0},{"not_picked":["hexamod:NecessarySacrifice","hexamod:ThermalTransfer"],"picked":"hexamod:Hexaguard","floor":9.0},{"not_picked":["hexamod:ThermalTransfer","hexamod:Hexaguard"],"picked":"hexamod:SpectersWail","floor":9.0},{"not_picked":["hexamod:Again","hexamod:SwordOfDarkness"],"picked":"hexamod:RainOfEmbers","floor":10.0},{"not_picked":["hexamod:RetreatToShadows","hexamod:InspiringFlames"],"picked":"hexamod:EmpoweredFlame","floor":11.0},{"not_picked":["hexamod:AdvancingGuard","hexamod:EtherealExpedition","hexamod:SpectersWail"],"picked":"SKIP","floor":11.0},{"not_picked":["hexamod:NecessarySacrifice","hexamod:ExtraCrispy"],"picked":"hexamod:FifthSeal","floor":14.0},{"not_picked":["hexamod:SecondSeal","hexamod:FourthSeal"],"picked":"hexamod:SixthSeal","floor":15.0},{"not_picked":["hexamod:GhostLash","hexamod:AdvancingGuard"],"picked":"hexamod:PhantomCloak","floor":15.0},{"not_picked":["hexamod:ExtraCrispy","hexamod:ThermalTransfer","hexamod:GhostOfSpireFuture"],"picked":"SKIP","floor":15.0},{"not_picked":["hexamod:SixthSeal","hexamod:ParanormalForm"],"picked":"hexamod:UnleashSpirits","floor":16.0},{"not_picked":["hexamod:SecondSeal","hexamod:ThirdSeal"],"picked":"hexamod:FirstSeal","floor":16.0},{"not_picked":["hexamod:ThirdSeal","hexamod:SecondSeal"],"picked":"hexamod:FourthSeal","floor":19.0},{"not_picked":["hexamod:NecessarySacrifice","hexamod:Firestarter"],"picked":"hexamod:NightmareGuise+1","floor":19.0},{"not_picked":["hexamod:GhostShield","hexamod:NightmareStrike"],"picked":"hexamod:InspiringFlames","floor":19.0},{"not_picked":["hexamod:NightmareStrike","hexamod:InspiringFlames","hexamod:HeatMetal"],"picked":"SKIP","floor":21.0},{"not_picked":["hexamod:NightmareGuise","hexamod:Hexaguard","hexamod:GhostOfSpirePast"],"picked":"SKIP","floor":21.0},{"not_picked":["hexamod:HeatCrush","hexamod:HeatMetal","hexamod:FifthSeal"],"picked":"SKIP","floor":22.0},{"not_picked":["hexamod:GhostOfSpireFuture","hexamod:GhostOfSpirePast"],"picked":"hexamod:GhostflameBarrier+1","floor":25.0},{"not_picked":["hexamod:StepThrough+1","hexamod:AdvancingGuard"],"picked":"hexamod:Haunt+1","floor":26.0},{"not_picked":["hexamod:ThermalTransfer","hexamod:NightmareGuise","hexamod:HauntingEcho"],"picked":"SKIP","floor":28.0},{"not_picked":["hexamod:HauntingEcho","hexamod:SwordOfDarkness","hexamod:UnleashSpirits"],"picked":"SKIP","floor":29.0},{"not_picked":["hexamod:InspiringFlames+1","hexamod:DynamicBlow","hexamod:NightmareStrike"],"picked":"SKIP","floor":32.0},{"not_picked":["hexamod:UnleashSpirits","hexamod:SixthSeal"],"picked":"hexamod:WildfireWeapon","floor":33.0},{"not_picked":["hexamod:RetreatToShadows+1","hexamod:SwordOfDarkness+1"],"picked":"hexamod:HauntingEcho+1","floor":36.0},{"not_picked":["hexamod:Hexaguard","hexamod:BacktrackSmack+1"],"picked":"hexamod:SpectersWail+1","floor":39.0},{"not_picked":["hexamod:BacktrackSmack","hexamod:NecessarySacrifice+1"],"picked":"hexamod:HeatMetal+1","floor":42.0},{"not_picked":["hexamod:AdvancingGuard","hexamod:ShieldOfDarkness","hexamod:Hexaguard+1"],"picked":"SKIP","floor":43.0},{"not_picked":["hexamod:HeatShield","hexamod:HeatCrush"],"picked":"hexamod:AdvancingGuard+1","floor":44.0},{"not_picked":["hexamod:Hexaguard","hexamod:ThermalTransfer+1","hexamod:Rewind"],"picked":"Singing Bowl","floor":48.0},{"not_picked":["hexamod:PhantomCloak","hexamod:FastForward+1","hexamod:InspiringFlames"],"picked":"Singing Bowl","floor":49},{"not_picked":["hexamod:ThirdSeal","hexamod:InspiringFlames"],"picked":"hexamod:TimeOfNeed","floor":52}],"player_experience":785519,"relics_obtained":[{"floor":7.0,"key":"Blood Vial"},{"floor":8.0,"key":"Bottled Lightning"},{"floor":14.0,"key":"Odd Mushroom"},{"floor":20.0,"key":"Enchiridion"},{"floor":29.0,"key":"Art of War"},{"floor":37.0,"key":"downfall:GremlinWheel"},{"floor":41.0,"key":"Vajra"},{"floor":47.0,"key":"Singing Bowl"},{"floor":48.0,"key":"TungstenRod"},{"floor":52,"key":"Ginger"}],"event_choices":[{"damage_healed":25.0,"max_hp_gain":0.0,"max_hp_loss":0.0,"gold_gain":0.0,"event_name":"Big Fish","player_choice":"Banana","floor":12.0,"gold_loss":0.0,"damage_taken":0.0},{"damage_healed":0.0,"max_hp_gain":0.0,"max_hp_loss":0.0,"gold_gain":0.0,"event_name":"Mushrooms","player_choice":"Fought Mushrooms","floor":14.0,"gold_loss":0.0,"damage_taken":0.0},{"damage_healed":0.0,"max_hp_gain":0.0,"max_hp_loss":0.0,"gold_gain":0.0,"event_name":"Wheel of Change","player_choice":"Relic","floor":47.0,"gold_loss":0.0,"damage_taken":0.0}],"is_beta":false,"boss_relics":[{"not_picked":["Astrolabe","expansioncontent:StudyCardRelic"],"picked":"Coffee Dripper"},{"not_picked":["hexamod:UnbrokenSoul","Pandora\u0027s Box"],"picked":"Runic Pyramid"}],"items_purged_floors":[10,22,28,38,46,53],"is_endless":false,"potions_floor_spawned":[3,4,11,14,15,21,29,32,39,42,44,48],"killed_by":"downfall:NeowBossFinal","ascension_level":0}}