{"host":"dmtlrev5pkc1867p","time":1613106857,"event":{"mods":["A Magickal Journey","AchievementEnabler","BaseMod","Colored Map","Colored Powertips","Downfall","Hermit","Highlight Path","Infinite Spire","Marisa¡]Ãú«B¡@Å]²z¨F¡^","Minty Spire (QoL Compilation)","Permanent Neow","Quick Restart","Rare Cards Sparkle","Relic Sorter","Relic Stats","Replay The Spire","StSLib","SuperFastMode","The Construct","The Cursed","The Disciple","The Hierophant","The Necromancer","The Runesmith","The Servant 0.9.4"],"gold_per_floor":[367,367,97,115,129,129,188,205,205,223,233,233,268,281,281,376,376,390,500,516,516,534,534,534,549,549,549,574,574,592,604,604,700,700,717,432,447,466,479,479,479,498,572,572,572],"floor_reached":44,"language":"ZHS","playtime":2285,"items_purged":["ReplayTheSpireMod:Splinters","Amnesia"],"score":617,"play_id":"63fced83-8e0c-4425-8414-d79b6d10679b","local_time":"20210212131417","is_ascension_mode":true,"campfire_choices":[{"floor":6.0,"key":"REST"},{"floor":12.0,"key":"REST"},{"floor":15.0,"key":"REST"},{"floor":23.0,"key":"REST"},{"floor":27.0,"key":"REST"},{"floor":32.0,"key":"REST"},{"floor":40.0,"key":"REST"}],"circlet_count":0,"master_deck":["Strike_G+1","Strike_G+1","Strike_G+1","Strike_G+1","Strike_G+1","Defend_G+1","Defend_G+1","Defend_G+1","Defend_G+1","Defend_G+1","Survivor","Neutralize","PiercingWail","Infinite Blades","Predator+1","Masterful Stab","Cloak And Dagger","Envenom","Blade Dance","Dagger Throw","Fluid Movement","Flying Knee","After Image","Slice+1","Toxin Wave+1","Sucker Punch","Bane","Wraith Form v2","Dash+1","Caltrops","Deflect+1","Footwork+1","Leg Sweep","A Thousand Cuts+1","Accuracy+1","ReplayTheSpireMod:Scrap Shanks+1","Slice+1","Deadly Poison","Quick Slash","ReplayUltimateDefense+1","Blind","Deflect","Flying Knee+1","Parasite","Deadly Poison+1","Infinite Blades+1","A Thousand Cuts+1"],"relics":["Ring of the Snake","Regal Pillow","Mirror","Simple Rune","Fusion Hammer","Ice Cream","Frozen Egg 2","Tiny Chest","ReplayTheSpireMod:Ring of Collecting","construct:ClawGrip","BargainBundle","Ring of Greed","The Courier","Smiling Mask"],"acts_visited":["Exordium","TheCity","TheBeyond"],"potions_floor_usage":[44,44],"damage_taken":[{"damage":3.0,"enemies":"Jaw Worm","floor":1.0,"turns":3.0},{"damage":0.0,"enemies":"Small Slimes","floor":4.0,"turns":3.0},{"damage":0.0,"enemies":"2 Louse","floor":5.0,"turns":2.0},{"damage":17.0,"enemies":"Large Slime","floor":8.0,"turns":6.0},{"damage":2.0,"enemies":"Blue Slaver","floor":10.0,"turns":4.0},{"damage":6.0,"enemies":"Red Slaver","floor":11.0,"turns":4.0},{"damage":40.0,"enemies":"3 Sentries","floor":13.0,"turns":7.0},{"damage":15.0,"enemies":"2 Fungi Beasts","floor":14.0,"turns":3.0},{"damage":19.0,"enemies":"The Guardian","floor":16.0,"turns":11.0},{"damage":6.0,"enemies":"Chosen","floor":18.0,"turns":5.0},{"damage":21.0,"enemies":"3 Byrds","floor":20.0,"turns":6.0},{"damage":21.0,"enemies":"Centurion and Healer","floor":22.0,"turns":6.0},{"damage":4.0,"enemies":"Chosen and Byrds","floor":25.0,"turns":7.0},{"damage":12.0,"enemies":"Nightmare","floor":28.0,"turns":8.0},{"damage":11.0,"enemies":"Shelled Parasite and Fungi","floor":30.0,"turns":7.0},{"damage":6.0,"enemies":"Centurion and Healer","floor":31.0,"turns":5.0},{"damage":52.0,"enemies":"Automaton","floor":33.0,"turns":14.0},{"damage":5.0,"enemies":"Orb Walker","floor":35.0,"turns":4.0},{"damage":24.0,"enemies":"3 Darklings","floor":37.0,"turns":5.0},{"damage":0.0,"enemies":"Writhing Mass","floor":38.0,"turns":9.0},{"damage":21.0,"enemies":"Sphere and 2 Shapes","floor":39.0,"turns":5.0},{"damage":28.0,"enemies":"Transient","floor":42.0,"turns":5.0},{"damage":16,"enemies":"Spire Growth","floor":44,"turns":3}],"seed_played":"9200841031952512996","potions_obtained":[{"floor":8.0,"key":"GamblersBrew"},{"floor":11.0,"key":"LiquidBronze"},{"floor":13.0,"key":"Dexterity Potion"},{"floor":16.0,"key":"Languid Potion"},{"floor":18.0,"key":"SpeedPotion"},{"floor":30.0,"key":"SteroidPotion"},{"floor":35.0,"key":"EntropicBrew"},{"floor":42.0,"key":"champ:CounterPotion"}],"is_trial":false,"path_per_floor":["M","?","$","M","M","R","?","M","T","M","M","R","E","M","R","B",null,"M","?","M","?","M","R","AVR","M","T","R","NM","?","M","M","R","B",null,"M","$","M","M","M","R","?","M","T","M"],"character_chosen":"THE_SILENT","items_purchased":["Infinite Blades","Predator+1","Regal Pillow","BargainBundle","ReplayTheSpireMod:Scrap Shanks+1","Slice+1","Deadly Poison","Quick Slash","ReplayUltimateDefense+1","Blind","Deflect"],"campfire_rested":7,"item_purchase_floors":[3,3,3,36,36,36,36,36,36,36,36],"current_hp_per_floor":[42,42,42,42,42,70,70,53,53,51,45,70,30,15,51,32,61,55,55,34,34,13,49,49,45,45,70,58,58,47,41,70,18,57,52,52,28,28,7,43,43,15,15,0,0],"gold":572,"neow_bonus":"TWO_FIFTY_GOLD","is_daily":false,"chose_seed":false,"campfire_upgraded":0,"win_rate":0.0,"timestamp":1613106857,"path_taken":["M","?","$","M","M","R","?","M","T","M","M","R","E","M","R","BOSS","BOSS","M","?","M","?","M","R","AVR","M","T","R","NM","?","M","?","R","BOSS","M","$","M","M","M","R","?","M","T","M"],"items_purchased_type":["Card","Card","Relic","Relic","Card","Card","Card","Card","Card","Card","Card"],"build_version":"2020-12-22","purchased_purges":2,"victory":false,"max_hp_per_floor":[70,70,70,70,70,70,70,70,70,70,70,70,70,70,70,70,70,70,70,70,70,70,70,70,70,70,70,70,70,70,70,70,70,70,70,70,70,70,70,70,70,70,70,70,70],"relic_stats":{"Regal Pillow":68,"counters":[23,132],"Tiny Chest":0,"Smiling Mask":0,"obtain_stats":[{"Ice Cream":24,"Regal Pillow":3,"construct:ClawGrip":34,"BargainBundle":36,"The Courier":43,"Ring of Greed":43,"Frozen Egg 2":26,"Smiling Mask":43,"ReplayTheSpireMod:Ring of Collecting":29,"Simple Rune":13,"Tiny Chest":28,"Fusion Hammer":17,"Mirror":9,"Ring of the Snake":0},{"Ice Cream":12,"Regal Pillow":1,"construct:ClawGrip":17,"BargainBundle":18,"The Courier":22,"Ring of Greed":22,"Frozen Egg 2":13,"Smiling Mask":22,"ReplayTheSpireMod:Ring of Collecting":14,"Simple Rune":7,"Tiny Chest":14,"Fusion Hammer":9,"Mirror":4,"Ring of the Snake":0},{"Ice Cream":60,"Regal Pillow":3,"construct:ClawGrip":101,"BargainBundle":105,"The Courier":129,"Ring of Greed":129,"Frozen Egg 2":67,"Smiling Mask":129,"ReplayTheSpireMod:Ring of Collecting":75,"Simple Rune":29,"Tiny Chest":75,"Fusion Hammer":43,"Mirror":14,"Ring of the Snake":0}],"Ring of the Snake":[46]},"card_choices":[{"not_picked":["Distraction","Outmaneuver"],"picked":"PiercingWail","floor":1.0},{"not_picked":["Hidden Blade","Poisoned Stab"],"picked":"Masterful Stab","floor":4.0},{"not_picked":["Slice","Hidden Blade"],"picked":"Cloak And Dagger","floor":5.0},{"not_picked":["Reflex","Acrobatics"],"picked":"Envenom","floor":8.0},{"not_picked":["Dodge and Roll","Deflect"],"picked":"Blade Dance","floor":10.0},{"not_picked":["Prepared","Calculated Gamble"],"picked":"Dagger Throw","floor":11.0},{"not_picked":["Atom Bomb","Deflect"],"picked":"Fluid Movement","floor":13.0},{"not_picked":["ReplayTheSpireMod:Tripwire","Slice"],"picked":"Flying Knee","floor":14.0},{"not_picked":["A Thousand Cuts","Grand Finale"],"picked":"After Image","floor":16.0},{"not_picked":["Concentrate","Distraction"],"picked":"Slice+1","floor":18.0},{"not_picked":["Dodge and Roll+1","Quick Slash+1"],"picked":"Toxin Wave+1","floor":19.0},{"not_picked":["Flying Knee","Outmaneuver"],"picked":"Sucker Punch","floor":19.0},{"not_picked":["ReplayTheSpireMod:The Works","Deadly Poison"],"picked":"Bane","floor":19.0},{"not_picked":["Sucker Punch","Terror"],"picked":"Wraith Form v2","floor":20.0},{"not_picked":["Deadly Poison+1","Dagger Spray+1"],"picked":"Dash+1","floor":22.0},{"not_picked":["Dagger Throw","Deadly Poison+1"],"picked":"Caltrops","floor":25.0},{"not_picked":["Calculated Gamble","Quick Slash"],"picked":"Deflect+1","floor":28.0},{"not_picked":["Endless Agony","Sneak Up"],"picked":"Footwork+1","floor":30.0},{"not_picked":["ReplayTheSpireMod:Exploit Weakness","Backflip"],"picked":"Leg Sweep","floor":31.0},{"not_picked":["Phantasmal Killer","Adrenaline"],"picked":"A Thousand Cuts+1","floor":33.0},{"not_picked":["Deadly Poison+1","Acrobatics+1"],"picked":"Accuracy+1","floor":35.0},{"not_picked":["Outmaneuver+1","Eviscerate+1"],"picked":"Flying Knee+1","floor":37.0},{"not_picked":["Sucker Punch+1","Dodge and Roll+1"],"picked":"Deadly Poison+1","floor":38.0},{"not_picked":["Draining Mist","Deadly Poison"],"picked":"Infinite Blades+1","floor":39.0},{"not_picked":["Outmaneuver","Footwork+1"],"picked":"A Thousand Cuts+1","floor":42.0}],"player_experience":695151,"relics_obtained":[{"floor":9.0,"key":"Mirror"},{"floor":13.0,"key":"Simple Rune"},{"floor":26.0,"key":"Frozen Egg 2"},{"floor":28.0,"key":"Tiny Chest"},{"floor":29.0,"key":"ReplayTheSpireMod:Ring of Collecting"},{"floor":43.0,"key":"Ring of Greed"},{"floor":43.0,"key":"The Courier"},{"floor":43.0,"key":"Smiling Mask"}],"event_choices":[{"damage_healed":0.0,"max_hp_gain":0.0,"max_hp_loss":0.0,"gold_gain":0.0,"event_name":"Shining Light","player_choice":"Ignored","floor":2.0,"gold_loss":0.0,"damage_taken":0.0},{"damage_healed":0.0,"max_hp_gain":0.0,"max_hp_loss":0.0,"gold_gain":59.0,"event_name":"Golden Wing","player_choice":"Gained Gold","floor":7.0,"gold_loss":0.0,"damage_taken":0.0},{"damage_healed":0.0,"max_hp_gain":0.0,"max_hp_loss":0.0,"gold_gain":0.0,"event_name":"Back to Basics","player_choice":"Simplicity","floor":21.0,"gold_loss":0.0,"damage_taken":0.0,"cards_upgraded":["Strike_G","Strike_G","Strike_G","Strike_G","Strike_G","Defend_G","Defend_G","Defend_G","Defend_G","Defend_G"]}],"is_beta":false,"boss_relics":[{"not_picked":["Pandora\u0027s Box","bronze:MakeshiftBattery"],"picked":"Fusion Hammer"},{"not_picked":["Snecko Scales","Ring of the Serpent"],"picked":"construct:ClawGrip"}],"items_purged_floors":[24,36],"is_endless":true,"potions_floor_spawned":[8,11,13,16,18,22,30,35,42],"killed_by":"Spire Growth","ascension_level":6}}