{"host":"sc0o2qwpf9j16a4i","time":1613156059,"event":{"mods":["AchievementEnabler","BaseMod","BetterRewards","Block Reminder","Colored Map","Colored Powertips","Custom Start","Highlight Path","Minty Spire (QoL Compilation)","Relic Stats"],"gold_per_floor":[113,126,141,158,158,188,188,218,242,212,20,33,46,65,65,167,167,187,187,277,289,302,302,302,302],"floor_reached":24,"language":"ENG","playtime":764,"items_purged":["Strike_R"],"score":260,"play_id":"44161e3d-ab69-49a1-81e8-f6b937e26e57","local_time":"20210212205419","daily_mods":["Specialized","Colorless Cards","Lethality"],"is_ascension_mode":false,"campfire_choices":[{"data":"Disarm","floor":7.0,"key":"SMITH"},{"data":"Disarm","floor":15.0,"key":"SMITH"},{"data":"Ghostly","floor":23.0,"key":"SMITH"}],"circlet_count":0,"master_deck":["Strike_R","Strike_R","Strike_R","Strike_R","Defend_R","Defend_R","Defend_R","Defend_R","Bash","Panacea","Panacea","Panacea","Panacea","Panacea","Sword Boomerang+1","Whirlwind","Twin Strike","Iron Wave","Disarm+1","Fiend Fire","Inflame","Clothesline","Flex","Disarm+1","Shrug It Off","Armaments+1","Ghostly+1","Ghostly","Ghostly","Ghostly","Ghostly","Finesse","Blind","Impatience"],"relics":["Burning Blood","Bag of Preparation","Red Skull","Regal Pillow","Runic Pyramid"],"acts_visited":["Exordium","TheCity"],"potions_floor_usage":[],"damage_taken":[{"damage":4.0,"enemies":"Cultist","floor":1.0,"turns":3.0},{"damage":0.0,"enemies":"2 Louse","floor":2.0,"turns":2.0},{"damage":9.0,"enemies":"Jaw Worm","floor":3.0,"turns":2.0},{"damage":0.0,"enemies":"3 Louse","floor":4.0,"turns":1.0},{"damage":27.0,"enemies":"Lagavulin","floor":6.0,"turns":6.0},{"damage":15.0,"enemies":"Gremlin Nob","floor":8.0,"turns":4.0},{"damage":14.0,"enemies":"Looter","floor":12.0,"turns":4.0},{"damage":9.0,"enemies":"Large Slime","floor":13.0,"turns":5.0},{"damage":2.0,"enemies":"Blue Slaver","floor":14.0,"turns":2.0},{"damage":8.0,"enemies":"Hexaghost","floor":16.0,"turns":6.0},{"damage":12.0,"enemies":"Chosen","floor":18.0,"turns":4.0},{"damage":0.0,"enemies":"Spheric Guardian","floor":21.0,"turns":3.0},{"damage":0.0,"enemies":"Centurion and Healer","floor":22.0,"turns":5.0},{"damage":20,"enemies":"Slavers","floor":24,"turns":2}],"seed_played":"-1289283422967109361","potions_obtained":[{"floor":4.0,"key":"BloodPotion"},{"floor":6.0,"key":"DistilledChaos"},{"floor":10.0,"key":"Swift Potion"},{"floor":10.0,"key":"DuplicationPotion"},{"floor":16.0,"key":"SteroidPotion"},{"floor":22.0,"key":"BlessingOfTheForge"}],"is_trial":true,"path_per_floor":["M","M","M","M","?","E","R","E","T","?","$","M","M","M","R","B",null,"M","?","?","M","M","R","E"],"character_chosen":"IRONCLAD","items_purchased":["Inflame","Clothesline"],"campfire_rested":0,"item_purchase_floors":[11,11],"current_hp_per_floor":[80,80,77,80,80,59,59,50,50,66,66,58,55,59,59,57,80,74,40,7,13,19,19,0,0],"gold":302,"neow_bonus":"","is_daily":false,"chose_seed":false,"campfire_upgraded":3,"win_rate":0.0,"timestamp":1613156059,"path_taken":["M","M","?","M","?","E","R","E","T","?","$","M","?","M","R","BOSS","M","?","?","M","M","R","E"],"items_purchased_type":["Card","Card"],"build_version":"2020-12-22","purchased_purges":1,"victory":false,"max_hp_per_floor":[80,80,80,80,80,80,80,80,80,80,80,80,80,80,80,80,80,80,40,40,40,40,40,40,40],"relic_stats":{"Regal Pillow":0,"counters":[14,49],"Bag of Preparation":[18],"obtain_stats":[{"Regal Pillow":9,"Bag of Preparation":6,"Burning Blood":0,"Red Skull":8,"Runic Pyramid":17},{"Regal Pillow":6,"Bag of Preparation":5,"Burning Blood":0,"Red Skull":6,"Runic Pyramid":10},{"Regal Pillow":18,"Bag of Preparation":14,"Burning Blood":0,"Red Skull":18,"Runic Pyramid":35}],"Burning Blood":67},"card_choices":[{"not_picked":["Warcry","Cleave"],"picked":"Sword Boomerang","floor":1.0},{"not_picked":["Warcry","Clash"],"picked":"Whirlwind","floor":2.0},{"not_picked":["Hemokinesis","Iron Wave"],"picked":"Twin Strike","floor":3.0},{"not_picked":["Warcry","Evolve"],"picked":"Iron Wave","floor":4.0},{"not_picked":["Juggernaut","Madness"],"picked":"Disarm","floor":6.0},{"not_picked":["Purity","True Grit"],"picked":"Fiend Fire","floor":8.0},{"not_picked":["Clash","Wild Strike"],"picked":"Flex","floor":12.0},{"not_picked":["Rampage","Wild Strike"],"picked":"Disarm","floor":13.0},{"not_picked":["Purity","Wild Strike"],"picked":"Shrug It Off","floor":14.0},{"not_picked":["Clothesline+1","Thunderclap+1"],"picked":"Armaments+1","floor":18.0},{"not_picked":["Enlightenment","Perfected Strike","Impatience"],"picked":"SKIP","floor":21.0},{"not_picked":["Carnage","Pommel Strike","Thunderclap"],"picked":"SKIP","floor":22.0}],"player_experience":1381736,"relics_obtained":[{"floor":6.0,"key":"Bag of Preparation"},{"floor":8.0,"key":"Red Skull"},{"floor":9.0,"key":"Regal Pillow"}],"event_choices":[{"damage_healed":0.0,"max_hp_gain":0.0,"max_hp_loss":0.0,"gold_gain":0.0,"event_name":"Living Wall","player_choice":"Grow","floor":5.0,"gold_loss":0.0,"damage_taken":0.0,"cards_upgraded":["Sword Boomerang"]},{"damage_healed":0.0,"max_hp_gain":0.0,"max_hp_loss":0.0,"gold_gain":0.0,"event_name":"The Woman in Blue","player_choice":"Bought 2 Potions","floor":10.0,"gold_loss":0.0,"damage_taken":0.0},{"damage_healed":0.0,"max_hp_gain":0.0,"max_hp_loss":40.0,"gold_gain":0.0,"event_name":"Ghosts","player_choice":"Became a Ghost","floor":19.0,"gold_loss":0.0,"damage_taken":0.0,"cards_obtained":["Ghostly","Ghostly","Ghostly","Ghostly","Ghostly"]},{"damage_healed":0.0,"max_hp_gain":0.0,"max_hp_loss":0.0,"gold_gain":90.0,"event_name":"Knowing Skull","player_choice":"CARD CARD CARD GOLD ","floor":20.0,"potions_obtained":[],"gold_loss":0.0,"damage_taken":33.0,"cards_obtained":["Finesse","Blind","Impatience"]}],"is_beta":false,"boss_relics":[{"not_picked":["Coffee Dripper","Tiny House"],"picked":"Runic Pyramid"}],"items_purged_floors":[11],"is_endless":false,"potions_floor_spawned":[4,6,13,14,16,22],"killed_by":"Slavers","ascension_level":0}}