{"host":"af4pzp5tm7cfibaw","time":1613091019,"event":{"mods":["AchievementEnabler","BaseMod","BetterRewards","Highlight Path","Minty Spire (QoL Compilation)","StSLib","SuperFastMode"],"gold_per_floor":[119,294,44,119,119,154,154,171,171,171,187,215,90,90,90,185,185,197,197,216,216,236,267,267,299,299,0,34,34,66,21,21,121,121,135,485,485,501,512,538,538,551,599,134,144,144,144,171,171,171,171,171,10,40,40],"floor_reached":56,"language":"ENG","playtime":2340,"items_purged":["Defend_P","Doubt","Strike_P","Writhe"],"score":1386,"play_id":"e07c8756-e69f-4b03-ab0b-8c5d831714c6","local_time":"20210212135019","is_ascension_mode":true,"campfire_choices":[{"floor":7.0,"key":"REST"},{"floor":10.0,"key":"RECALL"},{"data":"TalkToTheHand","floor":15.0,"key":"SMITH"},{"data":"LessonLearned","floor":24.0,"key":"SMITH"},{"data":"Ragnarok","floor":32.0,"key":"SMITH"},{"data":"TalkToTheHand","floor":41.0,"key":"SMITH"},{"data":"CrushJoints","floor":47.0,"key":"SMITH"},{"floor":49.0,"key":"REST"},{"data":"Wish","floor":52.0,"key":"SMITH"}],"circlet_count":0,"master_deck":["Strike_P","Strike_P","Strike_P+1","Defend_P+1","Defend_P","Eruption","Vigilance","Master of Strategy+1","BattleHymn","TalkToTheHand+1","BattleHymn+1","ClearTheMind+1","FollowUp","CutThroughFate+1","LessonLearned+1","TalkToTheHand+1","Protect","Devotion","Evaluate+1","Fasting2","TalkToTheHand+1","Wish+1","Pray+1","Ragnarok+1","CrushJoints+1","Omniscience","Evaluate+1","Crescendo+1","FearNoEvil+1","Prostrate+1","Protect+1","Vault","Tantrum+1","ThirdEye+1","Indignation","Wallop+1","Prostrate+1","Swift Strike","Swift Strike","SandsOfTime","Mind Blast","Fasting2","Scrawl"],"relics":["HolyWater","Pen Nib","Sling","Vajra","Blood Vial","Anchor","Snecko Eye","Torii","Damaru","Bronze Scales","Lantern","StrikeDummy","Yang","War Paint","Old Coin","Juzu Bracelet","Regal Pillow","Ice Cream","Orrery","Unceasing Top","Ornamental Fan"],"acts_visited":["Exordium","TheCity","TheBeyond","TheEnding"],"potions_floor_usage":[55],"damage_taken":[{"damage":1.0,"enemies":"2 Louse","floor":1.0,"turns":3.0},{"damage":6.0,"enemies":"3 Sentries","floor":6.0,"turns":4.0},{"damage":0.0,"enemies":"Small Slimes","floor":8.0,"turns":2.0},{"damage":0.0,"enemies":"Jaw Worm","floor":11.0,"turns":1.0},{"damage":5.0,"enemies":"Gremlin Nob","floor":12.0,"turns":3.0},{"damage":31.0,"enemies":"Hexaghost","floor":16.0,"turns":6.0},{"damage":3.0,"enemies":"3 Byrds","floor":18.0,"turns":5.0},{"damage":10.0,"enemies":"Spheric Guardian","floor":20.0,"turns":3.0},{"damage":1.0,"enemies":"Snake Plant","floor":22.0,"turns":4.0},{"damage":1.0,"enemies":"Book of Stabbing","floor":23.0,"turns":5.0},{"damage":1.0,"enemies":"Slavers","floor":25.0,"turns":3.0},{"damage":10.0,"enemies":"Gremlin Leader","floor":28.0,"turns":5.0},{"damage":2.0,"enemies":"Book of Stabbing","floor":30.0,"turns":3.0},{"damage":14.0,"enemies":"Automaton","floor":33.0,"turns":4.0},{"damage":0.0,"enemies":"3 Darklings","floor":35.0,"turns":2.0},{"damage":0.0,"enemies":"Mind Bloom Boss Battle","floor":36.0,"turns":1.0},{"damage":1.0,"enemies":"3 Shapes","floor":38.0,"turns":2.0},{"damage":10.0,"enemies":"3 Darklings","floor":39.0,"turns":4.0},{"damage":1.0,"enemies":"Reptomancer","floor":40.0,"turns":2.0},{"damage":1.0,"enemies":"Jaw Worm Horde","floor":42.0,"turns":4.0},{"damage":0.0,"enemies":"Transient","floor":45.0,"turns":5.0},{"damage":35.0,"enemies":"Nemesis","floor":48.0,"turns":3.0},{"damage":16.0,"enemies":"Time Eater","floor":50.0,"turns":4.0},{"damage":1.0,"enemies":"Shield and Spear","floor":54.0,"turns":3.0},{"damage":55,"enemies":"The Heart","floor":55,"turns":7}],"seed_played":"4823382883832831763","potions_obtained":[{"floor":1.0,"key":"Dexterity Potion"},{"floor":11.0,"key":"Ambrosia"},{"floor":16.0,"key":"FearPotion"},{"floor":18.0,"key":"SneckoOil"},{"floor":22.0,"key":"Strength Potion"},{"floor":25.0,"key":"BottledMiracle"},{"floor":28.0,"key":"SteroidPotion"},{"floor":33.0,"key":"LiquidMemories"},{"floor":35.0,"key":"SmokeBomb"},{"floor":36.0,"key":"AttackPotion"},{"floor":39.0,"key":"Weak Potion"},{"floor":48.0,"key":"BlessingOfTheForge"}],"is_trial":false,"path_per_floor":["M","?","$","?","?","E","R","M","T","R","M","E","$","?","R","B",null,"M","?","M","T","M","E","R","E","T","$","E","?","E","$","R","B",null,"M","?","?","M","M","E","R","M","T","$","M","?","R","E","R","B",null,"R","$","E","B",null],"character_chosen":"WATCHER","items_purchased":["Pen Nib","Master of Strategy","BattleHymn","TalkToTheHand","Sling","Vajra","Fasting2","TalkToTheHand","CrushJoints","Ice Cream","Orrery","Mind Blast","Fasting2"],"campfire_rested":2,"item_purchase_floors":[0,0,0,0,0,3,27,27,31,44,44,53,53],"current_hp_per_floor":[71,71,71,60,46,40,61,63,63,63,65,62,62,67,67,38,77,74,74,66,66,67,68,68,69,69,69,61,61,61,61,61,49,77,77,77,77,76,67,68,68,69,69,69,71,66,66,33,71,57,77,77,77,76,22],"gold":40,"neow_bonus":"","is_daily":false,"chose_seed":false,"campfire_upgraded":6,"win_rate":0.0,"timestamp":1613091019,"path_taken":["M","?","$","?","?","E","R","M","T","R","M","E","$","?","R","BOSS","M","?","M","?","M","E","R","E","T","$","E","?","E","$","R","BOSS","M","?","?","M","M","E","R","M","T","$","M","?","R","E","R","BOSS","R","$","E","BOSS"],"items_purchased_type":["Relic","Card","Card","Card","Relic","Relic","Card","Card","Card","Relic","Relic","Card","Card"],"build_version":"2020-12-22","purchased_purges":4,"victory":true,"max_hp_per_floor":[72,72,72,72,72,72,72,72,72,72,72,72,72,77,77,77,77,77,77,77,77,77,77,77,77,77,77,77,77,77,77,77,77,77,77,77,77,77,77,77,77,77,77,77,77,77,77,77,77,77,77,77,77,77,77],"card_choices":[{"not_picked":["Halt","Collect"],"picked":"BattleHymn","floor":1.0},{"not_picked":["Consecrate","JustLucky","BattleHymn"],"picked":"SKIP","floor":6.0},{"not_picked":["CutThroughFate","BattleHymn"],"picked":"ClearTheMind","floor":8.0},{"not_picked":["SashWhip","WaveOfTheHand"],"picked":"FollowUp","floor":11.0},{"not_picked":["ClearTheMind","FearNoEvil"],"picked":"CutThroughFate","floor":12.0},{"not_picked":["Wish","Scrawl"],"picked":"LessonLearned","floor":16.0},{"not_picked":["Evaluate+1","Weave"],"picked":"TalkToTheHand+1","floor":18.0},{"not_picked":["BowlingBash","JustLucky"],"picked":"Protect","floor":20.0},{"not_picked":["LikeWater","Prostrate","JustLucky+1"],"picked":"SKIP","floor":22.0},{"not_picked":["Evaluate","Wireheading+1"],"picked":"Devotion","floor":23.0},{"not_picked":["Worship+1","LikeWater"],"picked":"Evaluate","floor":25.0},{"not_picked":["ReachHeaven","FlurryOfBlows"],"picked":"Wish","floor":28.0},{"not_picked":["PathToVictory","SandsOfTime+1"],"picked":"Ragnarok","floor":30.0},{"not_picked":["Devotion","LessonLearned"],"picked":"Omniscience","floor":33.0},{"not_picked":["FlurryOfBlows+1","ThirdEye+1"],"picked":"Evaluate+1","floor":35.0},{"not_picked":["JustLucky+1","Protect"],"picked":"Crescendo+1","floor":36.0},{"not_picked":["FollowUp+1","BattleHymn+1"],"picked":"FearNoEvil+1","floor":38.0},{"not_picked":["EmptyMind+1","BowlingBash"],"picked":"Prostrate+1","floor":39.0},{"not_picked":["Study+1","Evaluate","Sanctity+1"],"picked":"SKIP","floor":40.0},{"not_picked":["LikeWater+1","Meditate+1"],"picked":"Protect+1","floor":42.0},{"not_picked":["DeceiveReality+1","SandsOfTime"],"picked":"Vault","floor":44.0},{"not_picked":["CutThroughFate","Consecrate"],"picked":"Tantrum+1","floor":44.0},{"not_picked":["Evaluate","Sanctity+1"],"picked":"ThirdEye+1","floor":44.0},{"not_picked":["EmptyFist+1","FlyingSleeves"],"picked":"Indignation","floor":44.0},{"not_picked":["Protect+1","EmptyFist"],"picked":"Wallop+1","floor":44.0},{"not_picked":["Vengeance","JustLucky"],"picked":"Prostrate+1","floor":45.0},{"not_picked":["Impatience","Bandage Up"],"picked":"Swift Strike","floor":46.0},{"not_picked":["Bandage Up","Purity"],"picked":"Swift Strike","floor":46.0},{"not_picked":["EmptyBody+1","PathToVictory"],"picked":"SandsOfTime","floor":48.0},{"not_picked":["CrushJoints","FearNoEvil"],"picked":"Scrawl","floor":54.0}],"player_experience":305343,"relics_obtained":[{"floor":6.0,"key":"Blood Vial"},{"floor":12.0,"key":"Anchor"},{"floor":21.0,"key":"Damaru"},{"floor":23.0,"key":"Bronze Scales"},{"floor":25.0,"key":"Lantern"},{"floor":26.0,"key":"StrikeDummy"},{"floor":28.0,"key":"Yang"},{"floor":30.0,"key":"War Paint"},{"floor":36.0,"key":"Old Coin"},{"floor":40.0,"key":"Juzu Bracelet"},{"floor":43.0,"key":"Regal Pillow"},{"floor":48.0,"key":"Unceasing Top"},{"floor":54.0,"key":"Ornamental Fan"}],"event_choices":[{"damage_healed":0.0,"max_hp_gain":0.0,"max_hp_loss":0.0,"gold_gain":175.0,"event_name":"Liars Game","player_choice":"AGREE","floor":2.0,"gold_loss":0.0,"damage_taken":0.0,"cards_obtained":["Doubt"]},{"damage_healed":0.0,"max_hp_gain":0.0,"max_hp_loss":0.0,"gold_gain":75.0,"event_name":"World of Goop","player_choice":"Gather Gold","floor":4.0,"gold_loss":0.0,"damage_taken":11.0},{"damage_healed":0.0,"max_hp_gain":0.0,"max_hp_loss":0.0,"gold_gain":0.0,"event_name":"Shining Light","player_choice":"Entered Light","floor":5.0,"gold_loss":0.0,"damage_taken":14.0,"cards_upgraded":["Defend_P","Strike_P"]},{"damage_healed":0.0,"max_hp_gain":5.0,"max_hp_loss":0.0,"gold_gain":0.0,"event_name":"Big Fish","player_choice":"Donut","floor":14.0,"gold_loss":0.0,"damage_taken":0.0},{"damage_healed":0.0,"max_hp_gain":0.0,"max_hp_loss":0.0,"gold_gain":0.0,"event_name":"The Mausoleum","player_choice":"Opened","floor":19.0,"gold_loss":0.0,"damage_taken":0.0,"relics_obtained":["Torii"],"cards_obtained":["Writhe"]},{"damage_healed":0.0,"max_hp_gain":0.0,"max_hp_loss":0.0,"gold_gain":0.0,"event_name":"The Library","player_choice":"Read","floor":29.0,"gold_loss":0.0,"damage_taken":0.0,"cards_obtained":["Pray"]},{"damage_healed":0.0,"max_hp_gain":0.0,"max_hp_loss":0.0,"gold_gain":0.0,"event_name":"MindBloom","player_choice":"Fight","floor":36.0,"gold_loss":0.0,"damage_taken":0.0},{"cards_removed":["Defend_P"],"damage_healed":0.0,"max_hp_gain":0.0,"max_hp_loss":0.0,"gold_gain":0.0,"event_name":"Falling","player_choice":"Removed Skill","floor":37.0,"gold_loss":0.0,"damage_taken":0.0},{"damage_healed":0.0,"max_hp_gain":0.0,"max_hp_loss":0.0,"gold_gain":0.0,"event_name":"SensoryStone","player_choice":"Memory 2","floor":46.0,"gold_loss":0.0,"damage_taken":5.0}],"is_beta":false,"boss_relics":[{"not_picked":["Runic Dome","Pandora\u0027s Box"],"picked":"Snecko Eye"},{"not_picked":["Tiny House","Calling Bell"],"picked":"HolyWater"}],"items_purged_floors":[0,3,13,27],"is_endless":false,"potions_floor_spawned":[1,11,16,18,22,25,28,33,35,36,39,48],"ascension_level":1}}