{"host":"2zt55z1m1j8q763w","time":1613145294,"event":{"mods":["AchievementEnabler","BaseMod","Highlight Path","Minty Spire (QoL Compilation)","Relic Stats"],"gold_per_floor":[110,0,0,14,29,29,62,77,77,77,103,119,119,130,130,229,229,243,253,253,268,33,60,60,60,86,86,86,412,412,425,425,522,522,539,539,554,96,116,146,166,16,16,34,65,76,92,92,92,92],"floor_reached":51,"language":"ENG","playtime":3713,"items_purged":["Strike_R","Strike_R","Defend_R","Defend_R"],"score":759,"play_id":"30b75ee5-9b39-4259-a395-30c404e29827","local_time":"20210212165454","is_ascension_mode":false,"campfire_choices":[{"data":"Immolate","floor":6.0,"key":"SMITH"},{"floor":10.0,"key":"RECALL"},{"data":"Feed","floor":13.0,"key":"SMITH"},{"data":"Shrug It Off","floor":15.0,"key":"SMITH"},{"data":"Seeing Red","floor":25,"key":"SMITH"},{"data":"Inflame","floor":28,"key":"SMITH"},{"data":"Shrug It Off","floor":30,"key":"SMITH"},{"floor":32,"key":"REST"},{"floor":49,"key":"REST"}],"circlet_count":0,"master_deck":["Defend_R+1","Defend_R+1","Bash","Immolate+1","Headbutt","Pummel","Carnage","Inflame+1","Heavy Blade","Shrug It Off+1","Inflame","Feed+1","Warcry","Juggernaut","Thunderclap+1","Flex+1","Iron Wave","Seeing Red+1","Shrug It Off+1","Rage","Thunderclap","Pommel Strike","Impervious","Shockwave","Clash+1","Ghostly Armor","Battle Trance","Thunderclap+1","Limit Break","Ghostly Armor+1"],"relics":["Burning Blood","Lantern","War Paint","Bottled Tornado","SlaversCollar","Potion Belt","MutagenicStrength","Omamori","Old Coin","Cursed Key","Paper Frog","Blood Vial","Mummified Hand","Pear"],"acts_visited":["Exordium","TheCity","TheBeyond"],"potions_floor_usage":[33,33,44,50,50,50,50],"damage_taken":[{"damage":1.0,"enemies":"Cultist","floor":1.0,"turns":3.0},{"damage":0.0,"enemies":"2 Louse","floor":4.0,"turns":2.0},{"damage":2.0,"enemies":"Small Slimes","floor":5.0,"turns":2.0},{"damage":31.0,"enemies":"Lagavulin","floor":7.0,"turns":4.0},{"damage":12.0,"enemies":"Blue Slaver","floor":8.0,"turns":2.0},{"damage":2.0,"enemies":"3 Sentries","floor":11.0,"turns":3.0},{"damage":8.0,"enemies":"Large Slime","floor":12.0,"turns":3.0},{"damage":6.0,"enemies":"Exordium Thugs","floor":14.0,"turns":3.0},{"damage":18.0,"enemies":"Slime Boss","floor":16.0,"turns":8.0},{"damage":11.0,"enemies":"Spheric Guardian","floor":18.0,"turns":4.0},{"damage":12.0,"enemies":"3 Byrds","floor":19.0,"turns":5.0},{"damage":0.0,"enemies":"Snecko","floor":21.0,"turns":2.0},{"damage":18.0,"enemies":"Book of Stabbing","floor":23.0,"turns":3.0},{"damage":17,"enemies":"Slavers","floor":29,"turns":4},{"damage":17,"enemies":"Centurion and Healer","floor":31,"turns":7},{"damage":61,"enemies":"Champ","floor":33,"turns":11},{"damage":18,"enemies":"3 Darklings","floor":35,"turns":4},{"damage":9,"enemies":"3 Shapes","floor":37,"turns":2},{"damage":7,"enemies":"Jaw Worm Horde","floor":39,"turns":3},{"damage":18,"enemies":"Reptomancer","floor":40,"turns":2},{"damage":5,"enemies":"Spire Growth","floor":41,"turns":4},{"damage":2,"enemies":"3 Darklings","floor":44,"turns":3},{"damage":33,"enemies":"Nemesis","floor":45,"turns":5},{"damage":35,"enemies":"Writhing Mass","floor":46,"turns":5},{"damage":4,"enemies":"Transient","floor":47,"turns":5},{"damage":15,"enemies":"Donu and Deca","floor":50,"turns":5}],"seed_played":"-703165126020285135","potions_obtained":[{"floor":1.0,"key":"Energy Potion"},{"floor":8.0,"key":"Swift Potion"},{"floor":11.0,"key":"Fire Potion"},{"floor":14.0,"key":"Block Potion"},{"floor":21.0,"key":"Strength Potion"},{"floor":23,"key":"Dexterity Potion"},{"floor":31,"key":"SkillPotion"},{"floor":33,"key":"LiquidMemories"},{"floor":39,"key":"HeartOfIron"},{"floor":41,"key":"Explosive Potion"},{"floor":45,"key":"Energy Potion"},{"floor":46,"key":"AttackPotion"}],"is_trial":false,"path_per_floor":["M","$","?","M","M","R","E","M","T","R","E","M","R","M","R","B",null,"M","M","?","M","$","E","?","R","T","?","R","E","R","M","R","B",null,"M","?","M","$","M","E","M","$","T","M","E","M","M","$","R","B",null],"character_chosen":"IRONCLAD","items_purchased":["Pummel","Seeing Red","Shrug It Off","Paper Frog","Ghostly Armor"],"campfire_rested":2,"item_purchase_floors":[2,22,22,38,38],"current_hp_per_floor":[80,80,73,79,80,80,55,49,49,49,53,51,51,51,51,43,84,79,73,73,83,83,75,75,75,75,75,75,68,68,61,91,36,100,88,88,85,85,84,76,83,83,83,89,74,47,51,51,86,79],"gold":92,"neow_bonus":"TRANSFORM_CARD","is_daily":false,"chose_seed":false,"campfire_upgraded":6,"win_rate":0.0,"timestamp":1613145294,"path_taken":["M","$","?","M","M","R","E","M","T","R","E","M","R","M","R","BOSS","M","M","?","M","$","E","?","R","T","?","R","E","R","M","R","BOSS","M","?","M","?","M","E","M","$","T","M","E","M","M","$","R","BOSS"],"items_purchased_type":["Card","Card","Card","Relic","Card"],"build_version":"2020-12-22","purchased_purges":4,"victory":true,"max_hp_per_floor":[80,80,80,80,80,80,80,80,80,80,80,80,80,80,80,84,84,84,84,84,88,88,92,92,92,92,92,92,96,96,100,100,100,100,100,100,100,100,100,104,108,108,108,108,118,118,118,118,118,118],"relic_stats":{"Blood Vial":12,"counters":[26,104],"Mummified Hand":[10],"War Paint":["Defend_R","Defend_R"],"Cursed Key":1,"obtain_stats":[{"Potion Belt":23,"Lantern":7,"Pear":45,"Omamori":26,"War Paint":9,"Bottled Tornado":11,"Cursed Key":34,"Burning Blood":0,"Old Coin":29,"Blood Vial":40,"SlaversCollar":17,"Mummified Hand":43,"MutagenicStrength":24,"Paper Frog":38},{"Potion Belt":13,"Lantern":4,"Pear":23,"Omamori":13,"War Paint":5,"Bottled Tornado":6,"Cursed Key":16,"Burning Blood":0,"Old Coin":14,"Blood Vial":20,"SlaversCollar":9,"Mummified Hand":21,"MutagenicStrength":13,"Paper Frog":18},{"Potion Belt":44,"Lantern":11,"Pear":89,"Omamori":44,"War Paint":13,"Bottled Tornado":16,"Cursed Key":66,"Burning Blood":0,"Old Coin":48,"Blood Vial":77,"SlaversCollar":30,"Mummified Hand":81,"MutagenicStrength":44,"Paper Frog":72}],"Burning Blood":148},"card_choices":[{"not_picked":["Wild Strike","Intimidate"],"picked":"Headbutt","floor":1.0},{"not_picked":["True Grit","Perfected Strike"],"picked":"Carnage","floor":4.0},{"not_picked":["Entrench","Shockwave"],"picked":"Inflame","floor":5.0},{"not_picked":["Disarm","Entrench"],"picked":"Heavy Blade","floor":7.0},{"not_picked":["Cleave","Headbutt"],"picked":"Shrug It Off","floor":8.0},{"not_picked":["Armaments","Body Slam"],"picked":"Inflame","floor":11.0},{"not_picked":["Heavy Blade","Combust"],"picked":"Feed","floor":12.0},{"not_picked":["Second Wind","Pummel"],"picked":"Warcry","floor":14.0},{"not_picked":["Corruption","Brutality"],"picked":"Juggernaut","floor":16.0},{"not_picked":["Flame Barrier","Pommel Strike"],"picked":"Thunderclap+1","floor":18.0},{"not_picked":["True Grit","Anger"],"picked":"Flex+1","floor":19.0},{"not_picked":["Anger+1","Wild Strike"],"picked":"Iron Wave","floor":21.0},{"not_picked":["Seeing Red","Second Wind"],"picked":"Rage","floor":23},{"not_picked":["Whirlwind","Burning Pact"],"picked":"Thunderclap","floor":29},{"not_picked":["Rupture","Evolve"],"picked":"Pommel Strike","floor":31},{"not_picked":["Brutality","Feed"],"picked":"Impervious","floor":33},{"not_picked":["True Grit","Shrug It Off"],"picked":"Shockwave","floor":35},{"not_picked":["Bloodletting+1","Flex"],"picked":"Clash+1","floor":37},{"not_picked":["Wild Strike","Warcry+1","True Grit"],"picked":"SKIP","floor":39},{"not_picked":["Combust+1","Warcry"],"picked":"Battle Trance","floor":40},{"not_picked":["Warcry","Heavy Blade+1"],"picked":"Thunderclap+1","floor":41},{"not_picked":["Searing Blow","Clash","Perfected Strike"],"picked":"SKIP","floor":44},{"not_picked":["Armaments","Burning Pact+1"],"picked":"Limit Break","floor":45},{"not_picked":["Dark Embrace","Iron Wave","Clothesline"],"picked":"SKIP","floor":46},{"not_picked":["Heavy Blade+1","Perfected Strike+1"],"picked":"Ghostly Armor+1","floor":47}],"player_experience":75355,"relics_obtained":[{"floor":7.0,"key":"Lantern"},{"floor":9.0,"key":"War Paint"},{"floor":11.0,"key":"Bottled Tornado"},{"floor":23,"key":"Potion Belt"},{"floor":26,"key":"Omamori"},{"floor":29,"key":"Old Coin"},{"floor":40,"key":"Blood Vial"},{"floor":43,"key":"Mummified Hand"},{"floor":45,"key":"Pear"}],"event_choices":[{"cards_removed":["Strike_R"],"damage_healed":0.0,"max_hp_gain":0.0,"max_hp_loss":0.0,"gold_gain":0.0,"event_name":"Golden Wing","player_choice":"Card Removal","floor":3.0,"gold_loss":0.0,"damage_taken":7.0},{"damage_healed":0.0,"max_hp_gain":0.0,"max_hp_loss":0.0,"gold_gain":0.0,"event_name":"Vampires","player_choice":"Ignored","floor":20.0,"gold_loss":0.0,"damage_taken":0.0},{"damage_healed":0,"gold_gain":0,"player_choice":"Inject Mutagens","damage_taken":0,"relics_obtained":["MutagenicStrength"],"max_hp_gain":0,"max_hp_loss":0,"event_name":"Drug Dealer","floor":24,"gold_loss":0},{"cards_removed":["Strike_R"],"damage_healed":0,"gold_gain":0,"player_choice":"Elegance","damage_taken":0,"max_hp_gain":0,"max_hp_loss":0,"event_name":"Back to Basics","floor":27,"gold_loss":0},{"damage_healed":0,"gold_gain":0,"player_choice":"Ignored","damage_taken":0,"max_hp_gain":0,"max_hp_loss":0,"event_name":"Tomb of Lord Red Mask","floor":36,"gold_loss":0}],"is_beta":false,"boss_relics":[{"not_picked":["Pandora\u0027s Box","Astrolabe"],"picked":"SlaversCollar"},{"not_picked":["Snecko Eye","Velvet Choker"],"picked":"Cursed Key"}],"items_purged_floors":[2,22,38,42],"is_endless":false,"potions_floor_spawned":[1,8,11,14,21,23,31,33,39,41,45,46],"ascension_level":0}}