{"host":"n7nn89ivkf5vjy11","time":1613104374,"event":{"mods":["BaseMod","Minty Spire (QoL Compilation)","Relic Stats"],"gold_per_floor":[11,31,42,54,54,83,83,112,112,129,54,68,68,68,68,163,163,173,185,185,185,205,205,233,233,256,256,273,284,297,314,314,314,314],"floor_reached":33,"language":"ENG","playtime":1892,"items_purged":["Strike_R"],"score":309,"play_id":"e989fd1d-575b-4d12-a31e-0ceab2cf1442","local_time":"20210211203254","is_ascension_mode":true,"campfire_choices":[{"data":"Anger","floor":7,"key":"SMITH"},{"data":"Inflame","floor":13,"key":"SMITH"},{"data":"Heavy Blade","floor":15,"key":"SMITH"},{"data":"Panache","floor":23,"key":"SMITH"},{"floor":25,"key":"REST"},{"data":"Bash","floor":27,"key":"SMITH"},{"floor":32,"key":"REST"}],"circlet_count":0,"master_deck":["Strike_R","Strike_R+1","Strike_R+1","Defend_R","Defend_R","Defend_R","Defend_R","Bash+1","Panache+1","Shrug It Off","Inflame+1","Flex","Heavy Blade+1","Anger+1","Anger","Berserk+1","Flex","Flex+1","Shockwave+1","Twin Strike"],"relics":["Burning Blood","Gremlin Horn","Darkstone Periapt","Whetstone","Frozen Egg 2","SacredBark","MealTicket","PreservedInsect"],"acts_visited":["Exordium","TheCity"],"potions_floor_usage":[6,6,6,16,19,22,22,28,29,33],"damage_taken":[{"damage":6,"enemies":"Cultist","floor":1,"turns":5},{"damage":7,"enemies":"Jaw Worm","floor":2,"turns":3},{"damage":0,"enemies":"Small Slimes","floor":3,"turns":3},{"damage":11,"enemies":"Blue Slaver","floor":4,"turns":4},{"damage":26,"enemies":"Lagavulin","floor":6,"turns":5},{"damage":24,"enemies":"Gremlin Nob","floor":8,"turns":4},{"damage":0,"enemies":"Lots of Slimes","floor":10,"turns":1},{"damage":1,"enemies":"3 Louse","floor":12,"turns":3},{"damage":6,"enemies":"Slime Boss","floor":16,"turns":6},{"damage":3,"enemies":"Spheric Guardian","floor":18,"turns":3},{"damage":2,"enemies":"Shell Parasite","floor":19,"turns":3},{"damage":30,"enemies":"Snake Plant","floor":22,"turns":4},{"damage":59,"enemies":"Slavers","floor":24,"turns":4},{"damage":28,"enemies":"3 Cultists","floor":28,"turns":4},{"damage":0,"enemies":"Shelled Parasite and Fungi","floor":29,"turns":1},{"damage":40,"enemies":"Sentry and Sphere","floor":30,"turns":6},{"damage":0,"enemies":"3 Cultists","floor":31,"turns":3},{"damage":60,"enemies":"Collector","floor":33,"turns":7}],"seed_played":"-4370981552672601981","potions_obtained":[{"floor":2,"key":"EntropicBrew"},{"floor":3,"key":"FearPotion"},{"floor":10,"key":"SpeedPotion"},{"floor":16,"key":"ColorlessPotion"},{"floor":18,"key":"AttackPotion"},{"floor":19,"key":"Regen Potion"},{"floor":28,"key":"DistilledChaos"},{"floor":30,"key":"SteroidPotion"}],"is_trial":false,"path_per_floor":["M","M","M","M","T","E","R","E","T","M","$","M","R","?","R","B",null,"M","M","?","?","M","R","E","R","T","R","M","M","M","M","R","B"],"character_chosen":"IRONCLAD","items_purchased":[],"campfire_rested":2,"item_purchase_floors":[],"current_hp_per_floor":[80,79,80,75,75,55,55,37,37,43,43,48,48,48,48,48,80,80,80,80,80,71,71,18,42,42,42,52,58,24,30,54,0,0],"gold":314,"neow_bonus":"RANDOM_COLORLESS_2","is_daily":false,"chose_seed":false,"campfire_upgraded":5,"win_rate":0.0,"timestamp":1613104374,"path_taken":["M","M","?","M","?","E","R","E","T","M","$","?","R","?","R","BOSS","M","M","?","?","M","R","E","R","T","R","M","?","M","M","R","BOSS"],"items_purchased_type":[],"build_version":"2020-12-22","purchased_purges":1,"victory":false,"max_hp_per_floor":[80,80,80,80,80,80,80,80,80,80,80,80,80,80,80,80,80,80,80,80,80,80,80,80,80,80,80,80,80,80,80,80,80,80],"relic_stats":{"Darkstone Periapt":0,"Gremlin Horn":[19,19],"counters":[18,69],"MealTicket":0,"PreservedInsect":0,"Whetstone":["Strike_R","Strike_R"],"obtain_stats":[{"Darkstone Periapt":6,"Gremlin Horn":5,"SacredBark":17,"MealTicket":24,"PreservedInsect":26,"Whetstone":8,"Frozen Egg 2":9,"Burning Blood":0},{"Darkstone Periapt":5,"Gremlin Horn":4,"SacredBark":9,"MealTicket":13,"PreservedInsect":13,"Whetstone":6,"Frozen Egg 2":6,"Burning Blood":0},{"Darkstone Periapt":20,"Gremlin Horn":15,"SacredBark":34,"MealTicket":48,"PreservedInsect":48,"Whetstone":24,"Frozen Egg 2":24,"Burning Blood":0}],"Burning Blood":90},"card_choices":[{"not_picked":["Secret Technique","HandOfGreed"],"picked":"Panache","floor":0},{"not_picked":["Hemokinesis","Dark Embrace"],"picked":"Shrug It Off","floor":1},{"not_picked":["Intimidate","Blood for Blood"],"picked":"Inflame","floor":2},{"not_picked":["Clash","Cleave"],"picked":"Flex","floor":3},{"not_picked":["Blood for Blood","Twin Strike"],"picked":"Heavy Blade","floor":4},{"not_picked":["Dark Embrace","True Grit"],"picked":"Anger","floor":6},{"not_picked":["Flex","Disarm"],"picked":"Anger","floor":8},{"not_picked":["Bloodletting","Cleave"],"picked":"Berserk+1","floor":10},{"not_picked":["Shrug It Off","Searing Blow","Heavy Blade"],"picked":"SKIP","floor":12},{"not_picked":["Sever Soul+1","Carnage"],"picked":"Headbutt+1","floor":18},{"not_picked":["Body Slam","Dropkick"],"picked":"Flex","floor":19},{"not_picked":["Power Through","Burning Pact","Havoc"],"picked":"SKIP","floor":22},{"not_picked":["Heavy Blade","Pommel Strike"],"picked":"Flex+1","floor":24},{"not_picked":["Clothesline+1","Sever Soul","Headbutt+1"],"picked":"SKIP","floor":28},{"not_picked":["Pommel Strike","Warcry"],"picked":"Shockwave+1","floor":29},{"not_picked":["Bludgeon","Body Slam"],"picked":"Twin Strike","floor":30},{"not_picked":["Headbutt+1","Pommel Strike","Clothesline+1"],"picked":"SKIP","floor":31}],"player_experience":264100,"relics_obtained":[{"floor":5,"key":"Gremlin Horn"},{"floor":6,"key":"Darkstone Periapt"},{"floor":8,"key":"Whetstone"},{"floor":9,"key":"Frozen Egg 2"},{"floor":24,"key":"MealTicket"},{"floor":26,"key":"PreservedInsect"}],"event_choices":[{"cards_removed":["Strike_R"],"damage_healed":0,"gold_gain":0,"player_choice":"Forget","damage_taken":0,"max_hp_gain":0,"max_hp_loss":0,"event_name":"Living Wall","floor":14,"gold_loss":0},{"damage_healed":0,"gold_gain":0,"player_choice":"Ignored","damage_taken":0,"max_hp_gain":0,"max_hp_loss":0,"event_name":"Vampires","floor":20,"gold_loss":0},{"cards_removed":["Headbutt"],"damage_healed":5,"gold_gain":0,"player_choice":"Offered Common","damage_taken":0,"max_hp_gain":0,"max_hp_loss":0,"event_name":"Bonfire Elementals","floor":21,"gold_loss":0},{"cards_removed":["Headbutt"],"damage_healed":5,"gold_gain":0,"player_choice":"Offered Special","damage_taken":0,"max_hp_gain":0,"max_hp_loss":0,"event_name":"Bonfire Elementals","floor":21,"gold_loss":0}],"is_beta":false,"boss_relics":[{"not_picked":["SlaversCollar","Snecko Eye"],"picked":"SacredBark"}],"items_purged_floors":[11],"is_endless":false,"potions_floor_spawned":[2,3,10,16,18,19,28,30],"killed_by":"Collector","ascension_level":2}}