{"host":"6qo42zgaknezulyg","time":1613093183,"event":{"mods":["2.2 Compatiblity","BaseMod","Colored Map","Faster Ascension Climbing","Highlight Path","Keyboard Shortcuts","Minty Spire (QoL Compilation)","Permanent Neow","Quick Restart","StSLib","SuperFastMode","The Wild Card"],"gold_per_floor":[112,127,127,141,141,176,176,11,11,60,70,84,84,94,94,168,168,184,199,199,35,52,84,84,84,110,122,142,177,177,205,205,283,283,302,318,318,336,129,156,173,173,173,9,27,45,59,59,59,59,59],"floor_reached":52,"language":"ENG","playtime":2315,"items_purged":["theWildCard:BasicStrike"],"score":2442,"play_id":"0500e344-aa9a-400f-a81b-c237505071e8","local_time":"20210212102623","is_ascension_mode":true,"campfire_choices":[{"data":"theWildCard:Arsene","floor":7.0,"key":"SMITH"},{"floor":13.0,"key":"REST"},{"data":"theWildCard:Attunement","floor":15.0,"key":"SMITH"},{"floor":24,"key":"REST"},{"floor":30,"key":"REST"},{"data":"theWildCard:TheArcanaUnleashed","floor":32,"key":"SMITH"},{"data":"theWildCard:ArcaneArts","floor":42,"key":"SMITH"},{"data":"theWildCard:ArchaicAssault","floor":49,"key":"SMITH"}],"circlet_count":0,"master_deck":["AscendersBane","theWildCard:BasicDefend","theWildCard:BasicDefend","theWildCard:CallToAdventure","theWildCard:Arsene+1","theWildCard:ArcaneArts+1","theWildCard:ArchaicAssault","theWildCard:SeveringSlash","theWildCard:Attunement+1","theWildCard:TheArcanaUnleashed+1","theWildCard:ArchaicAssault+1","theWildCard:MagicMettle+1"],"relics":["theWildCard:VelvetContract","Darkstone Periapt","Happy Flower","Singing Bowl","Orichalcum","Runic Dome","Membership Card","Eternal Feather","Potion Belt","Omamori","Centennial Puzzle","Frozen Egg 2","Sozu","Bag of Preparation","Pen Nib","Toxic Egg 2","Regal Pillow","Lizard Tail"],"acts_visited":["Exordium","TheCity","TheBeyond"],"potions_floor_usage":[51],"damage_taken":[{"damage":0.0,"enemies":"Jaw Worm","floor":1.0,"turns":5.0},{"damage":3.0,"enemies":"2 Louse","floor":2.0,"turns":4.0},{"damage":0.0,"enemies":"Cultist","floor":4.0,"turns":3.0},{"damage":15.0,"enemies":"Lagavulin","floor":6.0,"turns":5.0},{"damage":8.0,"enemies":"Lots of Slimes","floor":11.0,"turns":4.0},{"damage":0.0,"enemies":"Exordium Wildlife","floor":12.0,"turns":6.0},{"damage":2.0,"enemies":"Looter","floor":14.0,"turns":4.0},{"damage":1.0,"enemies":"Slime Boss","floor":16.0,"turns":7.0},{"damage":4.0,"enemies":"Spheric Guardian","floor":18.0,"turns":3.0},{"damage":2.0,"enemies":"Chosen","floor":19.0,"turns":4.0},{"damage":15.0,"enemies":"Snake Plant","floor":22.0,"turns":2.0},{"damage":25,"enemies":"Gremlin Leader","floor":23,"turns":2},{"damage":1,"enemies":"Snecko","floor":27,"turns":4},{"damage":0,"enemies":"Cultist and Chosen","floor":28,"turns":2},{"damage":19,"enemies":"Slavers","floor":29,"turns":3},{"damage":2,"enemies":"Book of Stabbing","floor":31,"turns":3},{"damage":0,"enemies":"Collector","floor":33,"turns":2},{"damage":11,"enemies":"3 Shapes","floor":35,"turns":2},{"damage":0,"enemies":"Orb Walker","floor":36,"turns":2},{"damage":0,"enemies":"Maw","floor":38,"turns":2},{"damage":0,"enemies":"Giant Head","floor":40,"turns":1},{"damage":0,"enemies":"3 Darklings","floor":41,"turns":1},{"damage":0,"enemies":"Transient","floor":45,"turns":3},{"damage":0,"enemies":"Spire Growth","floor":46,"turns":1},{"damage":0,"enemies":"Jaw Worm Horde","floor":47,"turns":1},{"damage":0,"enemies":"Awakened One","floor":50,"turns":2},{"damage":0,"enemies":"Donu and Deca","floor":51,"turns":1}],"seed_played":"-7037423820555408470","potions_obtained":[{"floor":4.0,"key":"DistilledChaos"},{"floor":6.0,"key":"Weak Potion"},{"floor":11.0,"key":"LiquidMemories"},{"floor":12.0,"key":"DuplicationPotion"},{"floor":27,"key":"EntropicBrew"},{"floor":29,"key":"Energy Potion"}],"is_trial":false,"path_per_floor":["M","M","?","M","?","E","R","$","T","T","M","M","R","M","R","B",null,"M","M","?","$","M","E","R","?","T","M","M","E","R","E","R","B",null,"M","M","?","M","$","E","M","R","T","$","M","M","M","?","R","B","B",null],"character_chosen":"THE_WILD_CARD","items_purchased":["Happy Flower","Membership Card","Bag of Preparation","Pen Nib","Lizard Tail"],"campfire_rested":3,"item_purchase_floors":[8,21,39,39,44],"current_hp_per_floor":[36,33,33,33,26,11,11,11,11,11,3,5,22,22,22,23,53,51,49,49,49,36,11,40,40,40,41,43,26,56,56,65,67,75,66,68,68,70,70,72,74,80,80,80,82,84,86,86,92,92,92],"gold":59,"neow_bonus":"REMOVE_TWO","is_daily":false,"chose_seed":true,"campfire_upgraded":5,"win_rate":0.0,"timestamp":1613093183,"path_taken":["M","M","?","M","?","E","R","$","T","?","M","?","R","M","R","BOSS","M","M","?","$","M","E","R","?","T","M","?","E","R","E","R","BOSS","M","?","?","M","$","E","M","R","T","$","M","M","M","?","R","BOSS","BOSS"],"items_purchased_type":["Relic","Relic","Relic","Relic","Relic"],"build_version":"2020-12-22","purchased_purges":1,"victory":true,"max_hp_per_floor":[57,57,57,57,57,57,57,57,57,57,57,59,59,61,61,63,63,65,65,65,65,67,67,67,67,67,69,71,73,73,75,75,77,77,79,81,81,83,83,85,87,87,87,87,89,91,93,93,93,93,93],"card_choices":[{"not_picked":["theWildCard:Polydeuces","theWildCard:Michael"],"picked":"theWildCard:ArcaneArts","floor":1.0},{"not_picked":["theWildCard:BladeOfGenerations","theWildCard:PaleRider"],"picked":"theWildCard:ArchaicAssault","floor":2.0},{"not_picked":["theWildCard:ManOfManyFaces","theWildCard:Proficiency"],"picked":"theWildCard:SeveringSlash","floor":4.0},{"not_picked":["theWildCard:PaleRider","theWildCard:PowerOfTheArcana"],"picked":"theWildCard:Attunement","floor":6.0},{"not_picked":["theWildCard:SeveringSlash","theWildCard:SacrificialStroke"],"picked":"theWildCard:TheArcanaUnleashed","floor":11.0},{"not_picked":["theWildCard:ArcaneArts","theWildCard:StingingStrike","theWildCard:IdentityTheft"],"picked":"Singing Bowl","floor":12.0},{"not_picked":["theWildCard:Odin","theWildCard:EnergyTheft","theWildCard:Unburden"],"picked":"Singing Bowl","floor":14.0},{"not_picked":["theWildCard:Overwhelm","theWildCard:Caesar","theWildCard:FinalHour"],"picked":"Singing Bowl","floor":16.0},{"not_picked":["theWildCard:MaskChange","theWildCard:Metatron+1","theWildCard:ArcaneArts"],"picked":"Singing Bowl","floor":18.0},{"not_picked":["theWildCard:MagicMettle","theWildCard:Safeguard"],"picked":"theWildCard:ArchaicAssault","floor":19.0},{"not_picked":["theWildCard:ArchaicAssault","theWildCard:IdentityTheft","theWildCard:PaleRider"],"picked":"Singing Bowl","floor":22.0},{"not_picked":["theWildCard:Proficiency+1","theWildCard:ArcaneArts"],"picked":"theWildCard:MagicMettle+1","floor":23},{"not_picked":["theWildCard:MaskChange","theWildCard:MagicalMight+1","theWildCard:CryOfAgony"],"picked":"Singing Bowl","floor":27},{"not_picked":["theWildCard:Scathach","theWildCard:SacrificialStroke","theWildCard:Patience"],"picked":"Singing Bowl","floor":28},{"not_picked":["theWildCard:SacrificialStroke","theWildCard:LadyLuck","theWildCard:MagicalMight"],"picked":"Singing Bowl","floor":29},{"not_picked":["theWildCard:MaskChange","theWildCard:Michael","theWildCard:EnergizedStroke"],"picked":"Singing Bowl","floor":31},{"not_picked":["theWildCard:Caesar","theWildCard:TheUniverse+1","theWildCard:Amaterasu"],"picked":"Singing Bowl","floor":33},{"not_picked":["theWildCard:ArcaneArts","theWildCard:SeveringSlash","theWildCard:Polydeuces"],"picked":"Singing Bowl","floor":35},{"not_picked":["theWildCard:Odin","theWildCard:Abstinence+1","theWildCard:ArcanaArtistry"],"picked":"Singing Bowl","floor":36},{"not_picked":["theWildCard:Unburden","theWildCard:LadyLuck","theWildCard:SeveringSlash"],"picked":"Singing Bowl","floor":38},{"not_picked":["theWildCard:IdentityTheft+1","theWildCard:LadyLuck+1","theWildCard:ManOfManyFaces+1"],"picked":"Singing Bowl","floor":40},{"not_picked":["theWildCard:PaleRider+1","theWildCard:TheGreatSeal+1","theWildCard:Polydeuces+1"],"picked":"Singing Bowl","floor":41},{"not_picked":["theWildCard:MagicalMight","theWildCard:MagicMettle+1","theWildCard:EnergizedStroke"],"picked":"Singing Bowl","floor":45},{"not_picked":["theWildCard:Odin+1","theWildCard:Polydeuces+1","theWildCard:Providence"],"picked":"Singing Bowl","floor":46},{"not_picked":["theWildCard:Sakuya+1","theWildCard:Unburden+1","theWildCard:StingingStrike+1"],"picked":"Singing Bowl","floor":47}],"player_experience":731044,"relics_obtained":[{"floor":6.0,"key":"Darkstone Periapt"},{"floor":9.0,"key":"Singing Bowl"},{"floor":10.0,"key":"Orichalcum"},{"floor":23,"key":"Eternal Feather"},{"floor":25,"key":"Potion Belt"},{"floor":26,"key":"Omamori"},{"floor":29,"key":"Centennial Puzzle"},{"floor":31,"key":"Frozen Egg 2"},{"floor":40,"key":"Toxic Egg 2"},{"floor":43,"key":"Regal Pillow"}],"event_choices":[{"damage_healed":0.0,"max_hp_gain":0.0,"max_hp_loss":0.0,"gold_gain":0.0,"event_name":"Scrap Ooze","player_choice":"Fled","floor":3.0,"gold_loss":0.0,"damage_taken":0.0},{"cards_removed":["theWildCard:BasicStrike"],"damage_healed":0.0,"max_hp_gain":0.0,"max_hp_loss":0.0,"gold_gain":0.0,"event_name":"Golden Wing","player_choice":"Card Removal","floor":5.0,"gold_loss":0.0,"damage_taken":7.0},{"damage_healed":0.0,"max_hp_gain":0.0,"max_hp_loss":0.0,"gold_gain":0.0,"event_name":"Cursed Tome","player_choice":"Ignored","floor":20.0,"gold_loss":0.0,"damage_taken":0.0},{"damage_healed":0,"gold_gain":0,"player_choice":"Relic","damage_taken":0,"max_hp_gain":0,"max_hp_loss":0,"event_name":"Wheel of Change","floor":25,"gold_loss":0},{"cards_removed":["theWildCard:BasicDefend"],"damage_healed":0,"gold_gain":0,"player_choice":"Removed Skill","damage_taken":0,"max_hp_gain":0,"max_hp_loss":0,"event_name":"Falling","floor":37,"gold_loss":0},{"cards_removed":["theWildCard:BasicDefend"],"damage_healed":0,"gold_gain":0,"player_choice":"Offered Basic","damage_taken":0,"max_hp_gain":0,"max_hp_loss":0,"event_name":"Bonfire Elementals","floor":48,"gold_loss":0}],"is_beta":false,"boss_relics":[{"not_picked":["Cursed Key","Astrolabe"],"picked":"Runic Dome"},{"not_picked":["Coffee Dripper","SlaversCollar"],"picked":"Sozu"}],"items_purged_floors":[39],"is_endless":false,"potions_floor_spawned":[4,6,11,12,14,19,27,29,36,38,41,46],"ascension_level":20}}