{"host":"867cnhxguf2bzj4x","time":1613155871,"event":{"mods":["BaseMod","BetterRewards","GifTheSpireLib","Lobotomy","Minty Spire (QoL Compilation)","StSLib","The Bug Knight","The Cursed","The Necromancer"],"gold_per_floor":[117,117,117,42,62,62,92,110,192,218,230,250,265,282,282,282,282],"floor_reached":16,"language":"ENG","playtime":596,"items_purged":["Defend_G"],"score":104,"play_id":"879e7a60-e6f0-433a-94e2-da59af450d3b","local_time":"20210212195111","is_ascension_mode":false,"campfire_choices":[{"floor":6,"key":"REST"},{"floor":15,"key":"REST"}],"circlet_count":0,"master_deck":["Strike_G","Strike_G","Strike_G","Strike_G","Strike_G","Defend_G","Defend_G","Survivor","Neutralize+1","BeautyBeast","LaLuna","Wellcheers","DespairKnight","Prepared"],"relics":["Ring of the Snake","CogitoBucket","Regal Pillow","Vajra","Blood Vial","TreeSap"],"acts_visited":["Exordium"],"potions_floor_usage":[16,16,16],"damage_taken":[{"damage":9,"enemies":"Cultist","floor":1,"turns":5},{"damage":0,"enemies":"Small Slimes","floor":5,"turns":3},{"damage":2,"enemies":"2 Louse","floor":8,"turns":2},{"damage":26,"enemies":"Gremlin Nob","floor":10,"turns":5},{"damage":6,"enemies":"Exordium Thugs","floor":11,"turns":5},{"damage":29,"enemies":"3 Louse","floor":12,"turns":6},{"damage":9,"enemies":"2 Fungi Beasts","floor":13,"turns":4},{"damage":3,"enemies":"Lots of Slimes","floor":14,"turns":3},{"damage":93,"enemies":"The Guardian","floor":16,"turns":13}],"seed_played":"1680380727506341634","potions_obtained":[{"floor":1,"key":"FearPotion"},{"floor":5,"key":"DistilledChaos"},{"floor":10,"key":"Energy Potion"}],"is_trial":false,"path_per_floor":["M","?","?","$","M","R","?","M","T","E","M","M","M","M","R","B"],"character_chosen":"THE_SILENT","items_purchased":[],"campfire_rested":2,"item_purchase_floors":[],"current_hp_per_floor":[61,61,36,36,36,70,70,68,68,42,38,16,12,22,58,0,0],"gold":282,"neow_bonus":"","is_daily":false,"chose_seed":false,"campfire_upgraded":0,"win_rate":0.0,"timestamp":1613155871,"path_taken":["M","?","?","$","M","R","?","M","T","E","?","M","M","M","R","BOSS"],"items_purchased_type":[],"build_version":"2020-12-22","purchased_purges":1,"victory":false,"max_hp_per_floor":[70,70,70,70,70,70,70,70,70,70,70,70,70,70,70,70,70],"card_choices":[{"not_picked":["CherryBlossoms","Murderer"],"picked":"BeautyBeast","floor":1},{"not_picked":["Bane","Dagger Spray","Deflect"],"picked":"SKIP","floor":1},{"not_picked":["Glass Knife","Expertise","Endless Agony"],"picked":"SKIP","floor":5},{"not_picked":["WallGazer","UniverseFragment"],"picked":"LaLuna","floor":8},{"not_picked":["Masterful Stab","Bane","Riddle With Holes"],"picked":"SKIP","floor":8},{"not_picked":["Tactician","Deadly Poison","Dodge and Roll"],"picked":"SKIP","floor":10},{"not_picked":["SpiderBud","DespairKnight"],"picked":"Wellcheers","floor":11},{"not_picked":["Flying Knee","Footwork","Setup"],"picked":"SKIP","floor":11},{"not_picked":["BodiesMountain","Laetitia"],"picked":"DespairKnight","floor":12},{"not_picked":["Dagger Throw","Underhanded Strike","Dodge and Roll"],"picked":"SKIP","floor":12},{"not_picked":["Endless Agony","Dagger Throw","PiercingWail"],"picked":"SKIP","floor":13},{"not_picked":["Deflect","Slice"],"picked":"Prepared","floor":14}],"player_experience":108757,"relics_obtained":[{"floor":10,"key":"Blood Vial"}],"event_choices":[{"damage_healed":0,"gold_gain":0,"player_choice":"Grow","damage_taken":0,"max_hp_gain":0,"max_hp_loss":0,"event_name":"Living Wall","floor":2,"gold_loss":0,"cards_upgraded":["Neutralize"]},{"damage_healed":0,"gold_gain":0,"player_choice":"Success","damage_taken":25,"relics_obtained":["Regal Pillow"],"max_hp_gain":0,"max_hp_loss":0,"event_name":"Scrap Ooze","floor":3,"gold_loss":0},{"damage_healed":0,"gold_gain":30,"player_choice":"Searched \u00272\u0027 times","damage_taken":0,"relics_obtained":["Vajra"],"max_hp_gain":0,"max_hp_loss":0,"event_name":"Dead Adventurer","floor":7,"gold_loss":0}],"is_beta":false,"boss_relics":[],"items_purged_floors":[4],"is_endless":false,"potions_floor_spawned":[1,5,10,11,14],"killed_by":"The Guardian","ascension_level":0}}