{"host":"i1fqlpve17okw40o","time":1613107517,"event":{"mods":["A Magickal Journey","Act Like it!","Aspiration","BaseMod","BetterRewards","CapriCore","Colored Map","Colored Powertips","Downfall","Elementarium","Energized Spire","Glutton Mod","Halation","Hermit","Highlight Path","Hubris","Koishi","Marisa????????","Mimic Mod","Minty Spire (QoL Compilation)","Quick Restart","Random Character Button","Relic Sorter","Reliquary","Replay The Spire","Retaliation","Reworked Bosses","StSLib","SuperFastMode","Td1madao Mod","The Construct","The Disciple","The Forsaken","The Immortal","The Runesmith","The Senshi","The Servant 0.9.4"],"gold_per_floor":[111,111,111,157,3,3,14,41,68,85,85,102,102,112,112,213,213,223,223,50,68,68,68,68,68],"floor_reached":24,"language":"ENG","playtime":803,"items_purged":["Strike_P","Defend_P"],"score":219,"play_id":"60366bdb-913e-4b46-9a3b-0526ae0a0513","local_time":"20210211232517","is_ascension_mode":false,"campfire_choices":[{"data":"LikeWater","floor":6,"key":"SMITH"},{"data":"Replay:DivineShield","floor":11,"key":"SMITH"},{"data":"CrushJoints","floor":15,"key":"SMITH"},{"floor":23,"key":"RECALL"}],"circlet_count":0,"master_deck":["Strike_P+1","Strike_P","Strike_P","Defend_P","Defend_P","Defend_P","Eruption","Vigilance","LikeWater+1","SandsOfTime","Replay:DivineShield+1","ClearTheMind","CrushJoints+1","Ragnarok","BattleHymn"],"relics":["PureWater","hubris:Icosahedron","Blue Candle","halation:EternalFortune","Durian","reliquary:RoseTintedGlasses","Fusion Hammer","aspiration:RitualStick"],"acts_visited":["Exordium","TheCity"],"potions_floor_usage":[8,21],"damage_taken":[{"damage":4,"enemies":"Small Slimes","floor":1,"turns":4},{"damage":1,"enemies":"Jaw Worm","floor":7,"turns":4},{"damage":19,"enemies":"Gremlin Nob","floor":8,"turns":5},{"damage":0,"enemies":"Cultist","floor":10,"turns":3},{"damage":0,"enemies":"Large Slime","floor":12,"turns":4},{"damage":0,"enemies":"2 Fungi Beasts","floor":14,"turns":5},{"damage":15,"enemies":"Fading Forest","floor":16,"turns":11},{"damage":0,"enemies":"Shell Parasite","floor":18,"turns":4},{"damage":30,"enemies":"3 Byrds","floor":21,"turns":5},{"damage":45,"enemies":"Book of Stabbing","floor":24,"turns":3}],"seed_played":"-1078057256675313483","potions_obtained":[{"floor":1,"key":"LifebloodPotion"},{"floor":8,"key":"GamblersBrew"}],"is_trial":false,"path_per_floor":["M","?","?","T","$","R","M","E","T","M","R","M","?","M","R","B",null,"M","?","$","M","?","R","E"],"character_chosen":"WATCHER","items_purchased":["SandsOfTime","BattleHymn"],"campfire_rested":0,"item_purchase_floors":[5,20],"current_hp_per_floor":[75,70,73,73,73,73,72,58,58,61,61,61,61,61,61,56,90,90,72,72,42,42,42,0,0],"gold":68,"neow_bonus":"TEN_PERCENT_HP_BONUS","is_daily":false,"chose_seed":false,"campfire_upgraded":3,"win_rate":0.0,"timestamp":1613107517,"path_taken":["M","?","?","?","$","R","M","E","T","?","R","M","?","M","R","BOSS","M","?","$","M","?","R","E"],"items_purchased_type":["Card","Card"],"build_version":"2020-12-22","purchased_purges":2,"victory":false,"max_hp_per_floor":[79,79,82,82,82,82,82,87,87,90,90,90,90,90,90,90,90,90,90,90,90,90,90,90,90],"card_choices":[{"not_picked":["BattleHymn","Replay:Vibes"],"picked":"LikeWater","floor":1},{"not_picked":["Halt","Pray","Collect"],"picked":"SKIP","floor":7},{"not_picked":["Replay:Battleflow","FlurryOfBlows"],"picked":"Replay:DivineShield","floor":8},{"not_picked":["Evaluate","SandsOfTime"],"picked":"ClearTheMind","floor":10},{"not_picked":["EmptyBody","Meditate"],"picked":"CrushJoints","floor":12},{"not_picked":["Adaptation","Replay:ManipulateFuture","FlurryOfBlows"],"picked":"SKIP","floor":14},{"not_picked":["Establishment","ConjureBlade"],"picked":"Ragnarok","floor":16},{"not_picked":["Consecrate","CutThroughFate","JustLucky+1"],"picked":"SKIP","floor":18},{"not_picked":["BowlingBash","Prostrate+1","SashWhip"],"picked":"SKIP","floor":21}],"player_experience":426901,"relics_obtained":[{"floor":8,"key":"Durian"},{"floor":9,"key":"reliquary:RoseTintedGlasses"},{"floor":10,"key":"halation:EternalFortune"}],"event_choices":[],"is_beta":false,"boss_relics":[{"not_picked":["Pandora\u0027s Box","construct:ClawGrip"],"picked":"Fusion Hammer"}],"items_purged_floors":[5,20],"is_endless":false,"potions_floor_spawned":[1,8],"killed_by":"Book of Stabbing","ascension_level":0}}