{"host":"rb2p2z6v6vieend5","time":1613154339,"event":{"mods":["BaseMod","Block Reminder","Colored Map","DeckTracker","Highlight Path","Minty Spire (QoL Compilation)","Random Character Button","Relic Stats"],"gold_per_floor":[116,126,9,9,26,61,74,106,156,174,174,191,216,230,230,335,335,348,348,273,188,202,202,230,230,254,265,293,392,41,58,58,161,161,175,175,175,175,224,224,255,255,255,255,255],"floor_reached":44,"language":"ENG","playtime":2783,"items_purged":["Writhe","Defend_P"],"score":662,"play_id":"ed240017-0f73-4bb2-bccb-7cbc2a2e0b73","local_time":"20210212192539","is_ascension_mode":true,"campfire_choices":[{"data":"TalkToTheHand","floor":11,"key":"SMITH"},{"floor":15,"key":"REST"},{"data":"BattleHymn","floor":23,"key":"SMITH"},{"floor":25,"key":"REST"},{"floor":32,"key":"REST"},{"data":"TalkToTheHand","floor":40,"key":"SMITH"},{"floor":42,"key":"REST"}],"circlet_count":0,"master_deck":["Strike_P+1","Defend_P","Defend_P","Eruption","Vigilance","Crescendo","TalkToTheHand+1","Perseverance","Consecrate","Blasphemy","BattleHymn+1","Protect","Wallop","Alpha","Alpha+1","Conclude+1","DeusExMachina+1","CutThroughFate","Perseverance","ThirdEye+1","CutThroughFate+1","ClearTheMind","TalkToTheHand+1","DevaForm","Wireheading"],"relics":["Sozu","Centennial Puzzle","Bottled Flame","Orichalcum","Whetstone","Anchor","Astrolabe","CaptainsWheel","CloakClasp","Pear","Omamori","Juzu Bracelet","PreservedInsect","Runic Dome","TungstenRod","Damaru","TeardropLocket"],"acts_visited":["Exordium","TheCity","TheBeyond"],"potions_floor_usage":[],"damage_taken":[{"damage":0,"enemies":"Cultist","floor":1,"turns":2},{"damage":2,"enemies":"Jaw Worm","floor":2,"turns":3},{"damage":0,"enemies":"2 Louse","floor":5,"turns":1},{"damage":24,"enemies":"3 Sentries","floor":6,"turns":13},{"damage":0,"enemies":"2 Fungi Beasts","floor":7,"turns":2},{"damage":20,"enemies":"Gremlin Nob","floor":8,"turns":4},{"damage":2,"enemies":"Large Slime","floor":10,"turns":4},{"damage":0,"enemies":"Blue Slaver","floor":12,"turns":3},{"damage":0,"enemies":"2 Fungi Beasts","floor":14,"turns":2},{"damage":7,"enemies":"The Guardian","floor":16,"turns":10},{"damage":5,"enemies":"Shell Parasite","floor":18,"turns":5},{"damage":0,"enemies":"3 Byrds","floor":22,"turns":5},{"damage":29,"enemies":"Gremlin Leader","floor":24,"turns":5},{"damage":3,"enemies":"3 Cultists","floor":27,"turns":4},{"damage":20,"enemies":"Slavers","floor":28,"turns":2},{"damage":9,"enemies":"Centurion and Healer","floor":31,"turns":5},{"damage":6,"enemies":"Champ","floor":33,"turns":8},{"damage":10,"enemies":"3 Shapes","floor":35,"turns":6},{"damage":6,"enemies":"2 Orb Walkers","floor":39,"turns":4},{"damage":34,"enemies":"Reptomancer","floor":41,"turns":5},{"damage":55,"enemies":"Nemesis","floor":44,"turns":4}],"seed_played":"145749552006136952","potions_obtained":[],"is_trial":false,"path_per_floor":["M","M","$","?","M","E","M","E","T","M","R","M","T","M","R","B",null,"M","?","$","?","M","R","E","R","T","M","E","?","$","M","R","B",null,"M","?","?","?","?","R","E","R","T","E"],"character_chosen":"WATCHER","items_purchased":["TalkToTheHand","CutThroughFate","ClearTheMind","TalkToTheHand","PreservedInsect"],"campfire_rested":4,"item_purchase_floors":[3,3,30,30,30],"current_hp_per_floor":[65,63,63,63,63,39,39,19,19,17,17,17,17,17,38,31,62,57,57,57,57,57,57,38,62,62,59,39,39,39,30,54,48,74,64,64,64,64,58,58,24,48,48,0,0],"gold":255,"neow_bonus":"BOSS_RELIC","is_daily":false,"chose_seed":false,"campfire_upgraded":3,"win_rate":0.0,"timestamp":1613154339,"path_taken":["M","M","?","?","M","E","M","E","T","M","R","?","?","?","R","BOSS","M","?","$","?","M","R","E","R","T","M","E","?","?","M","R","BOSS","M","?","?","?","?","R","E","R","T","E"],"items_purchased_type":["Card","Card","Card","Card","Relic"],"build_version":"2020-12-22","purchased_purges":2,"victory":false,"max_hp_per_floor":[72,72,72,72,72,72,72,72,72,72,72,72,72,72,72,72,72,72,72,72,72,72,72,82,82,82,82,82,82,82,82,82,82,82,82,82,82,82,82,82,82,82,82,82,82],"relic_stats":{"Sozu":10,"Centennial Puzzle":[46],"counters":[21,97],"Astrolabe":["Alpha","Conclude","DeusExMachina"],"PreservedInsect":106,"CloakClasp":[269],"Juzu Bracelet":2,"Whetstone":["Strike_P","Strike_P"],"Orichalcum":[36],"obtain_stats":[{"Pear":24,"Astrolabe":17,"Damaru":41,"PreservedInsect":30,"CloakClasp":21,"Omamori":26,"Juzu Bracelet":28,"Whetstone":9,"TeardropLocket":43,"Orichalcum":8,"Sozu":0,"Runic Dome":34,"Centennial Puzzle":4,"Bottled Flame":6,"Anchor":13,"CaptainsWheel":19,"PureWater":0,"TungstenRod":39},{"Pear":13,"Astrolabe":10,"Damaru":20,"PreservedInsect":15,"CloakClasp":11,"Omamori":13,"Juzu Bracelet":15,"Whetstone":6,"TeardropLocket":20,"Orichalcum":6,"Sozu":0,"Runic Dome":17,"Centennial Puzzle":2,"Bottled Flame":4,"Anchor":8,"CaptainsWheel":11,"PureWater":0,"TungstenRod":19},{"Pear":59,"Astrolabe":44,"Damaru":93,"PreservedInsect":65,"CloakClasp":49,"Omamori":59,"Juzu Bracelet":65,"Whetstone":25,"TeardropLocket":93,"Orichalcum":25,"Sozu":0,"Runic Dome":78,"Centennial Puzzle":5,"Bottled Flame":19,"Anchor":32,"CaptainsWheel":49,"PureWater":0,"TungstenRod":88}],"TungstenRod":7},"card_choices":[{"not_picked":["CrushJoints","FlurryOfBlows","CarveReality"],"picked":"SKIP","floor":1},{"not_picked":["FearNoEvil","Halt"],"picked":"Crescendo","floor":2},{"not_picked":["Swivel","SashWhip"],"picked":"Perseverance","floor":5},{"not_picked":["Indignation","Evaluate"],"picked":"Consecrate","floor":6},{"not_picked":["Sanctity","Crescendo"],"picked":"Blasphemy","floor":7},{"not_picked":["Nirvana","Halt","Vengeance"],"picked":"SKIP","floor":8},{"not_picked":["Indignation","Protect"],"picked":"BattleHymn","floor":10},{"not_picked":["Conclude","PathToVictory"],"picked":"Protect","floor":12},{"not_picked":["PathToVictory","EmptyMind"],"picked":"Wallop","floor":14},{"not_picked":["Blasphemy","Scrawl"],"picked":"Alpha","floor":16},{"not_picked":["BowlingBash","CarveReality"],"picked":"CutThroughFate","floor":18},{"not_picked":["FollowUp","Halt+1"],"picked":"Perseverance","floor":22},{"not_picked":["Devotion","InnerPeace","CrushJoints"],"picked":"SKIP","floor":24},{"not_picked":["SashWhip+1","FlyingSleeves"],"picked":"ThirdEye+1","floor":27},{"not_picked":["Indignation","Evaluate"],"picked":"CutThroughFate+1","floor":28},{"not_picked":["Weave+1","BattleHymn","Prostrate"],"picked":"SKIP","floor":31},{"not_picked":["Judgement","LessonLearned"],"picked":"DevaForm","floor":33},{"not_picked":["PathToVictory","EmptyFist"],"picked":"Wireheading","floor":35},{"not_picked":["SashWhip+1","Tantrum+1","Indignation"],"picked":"SKIP","floor":41}],"player_experience":723945,"relics_obtained":[{"floor":6,"key":"Bottled Flame"},{"floor":8,"key":"Orichalcum"},{"floor":9,"key":"Whetstone"},{"floor":13,"key":"Anchor"},{"floor":24,"key":"Pear"},{"floor":26,"key":"Omamori"},{"floor":28,"key":"Juzu Bracelet"},{"floor":39,"key":"TungstenRod"},{"floor":41,"key":"Damaru"},{"floor":43,"key":"TeardropLocket"}],"event_choices":[{"cards_removed":["CutThroughFate"],"damage_healed":0,"gold_gain":0,"player_choice":"Gave Card","damage_taken":0,"relics_obtained":["Centennial Puzzle"],"max_hp_gain":0,"max_hp_loss":0,"event_name":"WeMeetAgain","floor":4,"gold_loss":0},{"damage_healed":0,"gold_gain":0,"player_choice":"Opened","damage_taken":0,"relics_obtained":["CaptainsWheel"],"max_hp_gain":0,"max_hp_loss":0,"event_name":"The Mausoleum","floor":19,"gold_loss":0,"cards_obtained":["Writhe"]},{"damage_healed":0,"gold_gain":0,"player_choice":"Obtained Relic","damage_taken":0,"relics_obtained":["CloakClasp"],"max_hp_gain":0,"max_hp_loss":0,"event_name":"Addict","floor":21,"gold_loss":85},{"damage_healed":0,"gold_gain":99,"player_choice":"Stole From Cult","damage_taken":0,"max_hp_gain":0,"max_hp_loss":0,"event_name":"Nest","floor":29,"gold_loss":0},{"cards_removed":["Strike_P"],"damage_healed":0,"gold_gain":0,"player_choice":"Purged","damage_taken":0,"max_hp_gain":0,"max_hp_loss":0,"event_name":"Purifier","floor":36,"gold_loss":0},{"damage_healed":0,"gold_gain":0,"player_choice":"Memory 1","damage_taken":0,"max_hp_gain":0,"max_hp_loss":0,"event_name":"SensoryStone","floor":37,"gold_loss":0},{"damage_healed":0,"gold_gain":0,"player_choice":"Ignored","damage_taken":0,"max_hp_gain":0,"max_hp_loss":0,"event_name":"SecretPortal","floor":38,"gold_loss":0},{"damage_healed":0,"gold_gain":0,"player_choice":"Fight","damage_taken":0,"max_hp_gain":0,"max_hp_loss":0,"event_name":"Mysterious Sphere","floor":39,"gold_loss":0}],"is_beta":false,"boss_relics":[{"not_picked":["Tiny House","SlaversCollar"],"picked":"Astrolabe"},{"not_picked":["Snecko Eye","Fusion Hammer"],"picked":"Runic Dome"}],"items_purged_floors":[20,30],"is_endless":false,"potions_floor_spawned":[2,8,10,14,16,27,31,33,39,41],"killed_by":"Nemesis","ascension_level":6}}