{"host":"5ezk7t18wcb10u1o","time":1613115446,"event":{"mods":["BaseMod","Bestiary","Colored Powertips","Minty Spire (QoL Compilation)","Relic Sorter"],"gold_per_floor":[112,112,112,37,53,53,64,80,80,80,5,5,20,31,31,107,107,127,137,117,117,117],"floor_reached":21,"language":"ENG","playtime":1030,"items_purged":["Regret"],"score":342,"play_id":"3693b67a-357e-4985-ae6b-19efd2aa85f0","local_time":"20210212073726","is_ascension_mode":true,"campfire_choices":[{"data":"Zap","floor":6.0,"key":"SMITH"},{"floor":10.0,"key":"REST"},{"data":"Leap","floor":15.0,"key":"SMITH"}],"circlet_count":0,"master_deck":["AscendersBane","Strike_B","Strike_B","Defend_B","Defend_B+1","Defend_B","Defend_B","Zap+1","Dualcast+1","Lockon","Beam Cell+1","Compile Driver+1","Self Repair","Streamline+1","Leap+1","Seek","Cold Snap+1","Conserve Battery"],"relics":["Cracked Core","Molten Egg 2","Bottled Tornado","Runic Pyramid"],"acts_visited":["Exordium","TheCity"],"potions_floor_usage":[],"damage_taken":[{"damage":12.0,"enemies":"Jaw Worm","floor":1.0,"turns":4.0},{"damage":2.0,"enemies":"Small Slimes","floor":5.0,"turns":3.0},{"damage":0.0,"enemies":"2 Louse","floor":7.0,"turns":2.0},{"damage":3.0,"enemies":"Gremlin Gang","floor":8.0,"turns":3.0},{"damage":4.0,"enemies":"2 Fungi Beasts","floor":13.0,"turns":3.0},{"damage":3.0,"enemies":"Lots of Slimes","floor":14.0,"turns":4.0},{"damage":29.0,"enemies":"The Guardian","floor":16.0,"turns":7.0},{"damage":27,"enemies":"2 Thieves","floor":18,"turns":4},{"damage":20,"enemies":"Spheric Guardian","floor":19,"turns":4},{"damage":66,"enemies":"Cultist and Chosen","floor":21,"turns":9}],"seed_played":"5973313948572685403","potions_obtained":[{"floor":1.0,"key":"AttackPotion"},{"floor":13.0,"key":"Strength Potion"},{"floor":18,"key":"Ancient Potion"},{"floor":20,"key":"FairyPotion"}],"is_trial":false,"path_per_floor":["M","?","?","$","M","R","M","M","T","R","?","?","M","M","R","B",null,"M","M","?","M"],"character_chosen":"DEFECT","items_purchased":[],"campfire_rested":1,"item_purchase_floors":[],"current_hp_per_floor":[59,59,36,36,34,34,34,31,31,54,54,54,57,61,61,39,68,48,35,35,7,7],"gold":117,"neow_bonus":"TEN_PERCENT_HP_BONUS","is_daily":false,"chose_seed":false,"campfire_upgraded":2,"win_rate":0.0,"timestamp":1613115446,"path_taken":["M","?","?","$","?","R","M","M","T","R","?","?","M","M","R","BOSS","M","?","?","M"],"items_purchased_type":[],"build_version":"2020-12-22","purchased_purges":1,"victory":false,"max_hp_per_floor":[78,78,78,78,78,78,78,78,78,78,78,78,78,78,78,78,78,78,78,78,78,78],"card_choices":[{"not_picked":["Darkness","Turbo"],"picked":"Lockon","floor":1.0},{"not_picked":["Redo","Ball Lightning+1"],"picked":"Beam Cell+1","floor":5.0},{"not_picked":["Stack","Redo"],"picked":"Compile Driver+1","floor":7.0},{"not_picked":["Turbo","Rebound+1"],"picked":"Self Repair","floor":8.0},{"not_picked":["Sweeping Beam+1","Consume"],"picked":"Streamline+1","floor":13.0},{"not_picked":["Hologram","Sweeping Beam+1"],"picked":"Leap","floor":14.0},{"not_picked":["Machine Learning","Creative AI"],"picked":"Seek","floor":16.0},{"not_picked":["Hologram","Ball Lightning+1"],"picked":"Cold Snap+1","floor":18},{"not_picked":["Rebound+1","Rip and Tear+1"],"picked":"Conserve Battery","floor":19}],"player_experience":1215478,"relics_obtained":[{"floor":9.0,"key":"Bottled Tornado"}],"event_choices":[{"damage_healed":0.0,"max_hp_gain":0.0,"max_hp_loss":0.0,"gold_gain":0.0,"event_name":"Big Fish","player_choice":"Box","floor":2.0,"gold_loss":0.0,"damage_taken":0.0,"relics_obtained":["Molten Egg 2"],"cards_obtained":["Regret"]},{"damage_healed":0.0,"max_hp_gain":0.0,"max_hp_loss":0.0,"gold_gain":0.0,"event_name":"Shining Light","player_choice":"Entered Light","floor":3.0,"gold_loss":0.0,"damage_taken":23.0,"cards_upgraded":["Defend_B","Dualcast"]},{"cards_removed":["Strike_B"],"damage_healed":0.0,"max_hp_gain":0.0,"max_hp_loss":0.0,"gold_gain":0.0,"event_name":"The Cleric","player_choice":"Card Removal","floor":11.0,"gold_loss":75.0,"damage_taken":0.0},{"cards_removed":["Strike_B"],"damage_healed":0.0,"max_hp_gain":0.0,"max_hp_loss":0.0,"gold_gain":0.0,"event_name":"Wheel of Change","player_choice":"Card Removal","floor":12.0,"gold_loss":0.0,"damage_taken":0.0},{"damage_healed":0,"gold_gain":0,"player_choice":"Bought 1 Potion","damage_taken":0,"max_hp_gain":0,"max_hp_loss":0,"event_name":"The Woman in Blue","floor":20,"gold_loss":0}],"is_beta":false,"boss_relics":[{"not_picked":["Inserter","Astrolabe"],"picked":"Runic Pyramid"}],"items_purged_floors":[4],"is_endless":false,"potions_floor_spawned":[1,13,18],"killed_by":"Cultist and Chosen","ascension_level":20}}