{"host":"qgvpd00zvzorrg7j","time":1613097998,"event":{"mods":["BaseMod","Colored Map","Downfall","Minty Spire (QoL Compilation)","Quick Restart","StSLib"],"gold_per_floor":[199,219,219,129,146,161,161,161,161,46,46,56,71,71,84,185,185,185,205,224,235,235,246,246,263,263,83,125,151,151,191,212,314,314,314,343,368,468,486,257,257,235,235,247,247,298,198,38,58,58],"floor_reached":51,"language":"ENG","playtime":3026,"items_purged":["Slimebound:Tackle","Slimebound:Defend_Slimebound","Regret","Slimebound:Strike_Slimebound","Slimebound:Defend_Slimebound","Slimebound:Defend_Slimebound"],"score":799,"play_id":"2a27e543-7269-48ca-80d2-d173efe3204d","local_time":"20210211214638","is_ascension_mode":true,"campfire_choices":[{"data":"Slimebound:CorrosiveSpit","floor":1.0,"key":"SMITH"},{"data":"Slimebound:ComboTackle","floor":9.0,"key":"SMITH"},{"data":"Slimebound:Schlurp","floor":11.0,"key":"SMITH"},{"data":"Slimebound:WasteNot","floor":18.0,"key":"SMITH"},{"data":"Slimebound:LeechEnergy","floor":26.0,"key":"SMITH"},{"data":"Slimebound:RejuvenatingLick","floor":30.0,"key":"SMITH"},{"data":"Slimebound:SpikyOuterGoop","floor":35.0,"key":"SMITH"},{"data":"Slimebound:TongueLash","floor":43,"key":"SMITH"},{"data":"Deep Breath","floor":45,"key":"SMITH"},{"data":"Slimebound:ComboTackle","floor":47,"key":"SMITH"}],"circlet_count":0,"master_deck":["Slimebound:Split","Slimebound:CorrosiveSpit+1","Slimebound:RejuvenatingLick+1","Slimebound:ComboTackle+1","Slimebound:SpikyOuterGoop+1","Slimebound:Recycling","Deep Breath+1","Slimebound:ProtectTheBoss+1","Slimebound:PressTheAttack","Slimebound:Schlurp+1","Slimebound:SamplingLick","Slimebound:Gluttony+1","Slimebound:RejuvenatingLick+1","Slimebound:WasteNot+1","Slimebound:HauntingLick","Slimebound:LeechEnergy+1","Slimebound:SplitBruiser+1","Slimebound:HauntingLick","Slimebound:LeechingTouch","Slimebound:LeechEnergy+1","Slimebound:MegaLick","Slimebound:Schlurp+1","Slimebound:Recollect+1","Slimebound:Repurpose","Slimebound:SamplingLick+1","Slimebound:ComboTackle+1","Slimebound:SpikyOuterGoop+1","Slimebound:ItLooksTasty+1","Slimebound:GrowthPunch+1","Slimebound:TongueLash+1"],"relics":["Slimebound:AbsorbEndCombatUpgraded","Frozen Egg 2","Ornamental Fan","CeramicFish","Tiny Chest","Slimebound:TarBlob","The Courier","Ginger","downfall:HeartBlessingBlue"],"acts_visited":["Exordium","TheCity","TheBeyond"],"potions_floor_usage":[50,50,50],"damage_taken":[{"damage":8.0,"enemies":"2 Louse","floor":2.0,"turns":2.0},{"damage":3.0,"enemies":"downfall:FleeingMerchant","floor":4.0,"turns":4.0},{"damage":4.0,"enemies":"Cultist","floor":5.0,"turns":3.0},{"damage":4.0,"enemies":"Small Slimes","floor":6.0,"turns":3.0},{"damage":9.0,"enemies":"downfall:FleeingMerchant","floor":10.0,"turns":4.0},{"damage":15.0,"enemies":"Gremlin Gang","floor":12.0,"turns":3.0},{"damage":0.0,"enemies":"Blue Slaver","floor":13.0,"turns":2.0},{"damage":15.0,"enemies":"Exordium Wildlife","floor":15.0,"turns":4.0},{"damage":24.0,"enemies":"IC_STATUS_ARCHETYPE","floor":16.0,"turns":6.0},{"damage":16.0,"enemies":"Spheric Guardian","floor":19.0,"turns":5.0},{"damage":14.0,"enemies":"Shell Parasite","floor":20.0,"turns":4.0},{"damage":7.0,"enemies":"Cultist and Chosen","floor":21.0,"turns":3.0},{"damage":22.0,"enemies":"Centurion and Healer","floor":23.0,"turns":6.0},{"damage":17.0,"enemies":"Snake Plant","floor":25.0,"turns":3.0},{"damage":14.0,"enemies":"downfall:FleeingMerchant","floor":27.0,"turns":4.0},{"damage":30.0,"enemies":"Book of Stabbing","floor":28.0,"turns":5.0},{"damage":9.0,"enemies":"3 Cultists","floor":29.0,"turns":4.0},{"damage":0.0,"enemies":"Gremlin Leader","floor":31.0,"turns":6.0},{"damage":17.0,"enemies":"Centurion and Healer","floor":32.0,"turns":4.0},{"damage":30.0,"enemies":"SI_MIRROR_ARCHETYPE","floor":33.0,"turns":10.0},{"damage":34,"enemies":"3 Darklings","floor":36,"turns":5},{"damage":6,"enemies":"Orb Walker","floor":37,"turns":3},{"damage":26,"enemies":"3 Darklings","floor":39,"turns":4},{"damage":6,"enemies":"downfall:FleeingMerchant","floor":40,"turns":4},{"damage":0,"enemies":"downfall:FleeingMerchant","floor":42,"turns":1},{"damage":4,"enemies":"4 Shapes","floor":44,"turns":3},{"damage":0,"enemies":"Writhing Mass","floor":49,"turns":3},{"damage":45,"enemies":"DF_ARCHETYPE_ORBS","floor":50,"turns":8}],"seed_played":"-3410467088357918885","potions_obtained":[{"floor":2.0,"key":"SkillPotion"},{"floor":5.0,"key":"Dexterity Potion"},{"floor":12.0,"key":"GamblersBrew"},{"floor":13.0,"key":"PowerPotion"},{"floor":19.0,"key":"EssenceOfSteel"},{"floor":22.0,"key":"CultistPotion"},{"floor":25.0,"key":"sneckomod:MuddlingPotion"},{"floor":32.0,"key":"Energy Potion"},{"floor":37,"key":"Strength Potion"},{"floor":49,"key":"SteroidPotion"}],"is_trial":false,"path_per_floor":["R","M","?","$","M","M","T","?","R","$","R","M","M","?","M","B",null,"R","M","M","M","?","M","T","M","R","$","E","M","R","E","M","B",null,"R","M","M","?","M","$","T","$","R","M","R","T","R","$","M","B",null],"character_chosen":"SLIMEBOUND","items_purchased":["Slimebound:MegaLick","Regen Potion","Ginger","Slimebound:TongueLash"],"campfire_rested":0,"item_purchase_floors":[27,40,42,42],"current_hp_per_floor":[65,59,59,62,63,61,61,61,61,60,60,53,57,57,48,32,65,65,55,53,58,58,51,51,40,40,38,23,26,26,41,33,18,65,65,46,55,55,44,53,53,56,56,65,65,65,75,75,75,54],"gold":58,"neow_bonus":"HUNDRED_GOLD","is_daily":false,"chose_seed":false,"campfire_upgraded":10,"win_rate":0.0,"timestamp":1613097998,"path_taken":["R","M","?","?","?","M","T","?","R","$","R","M","?","?","M","BOSS","R","M","?","?","?","M","T","M","R","$","E","M","R","E","M","BOSS","R","M","M","?","?","$","T","?","R","M","R","?","R","$","M","BOSS"],"items_purchased_type":["Card","Potion","Relic","Card"],"build_version":"2020-12-22","purchased_purges":6,"victory":true,"max_hp_per_floor":[65,65,65,65,65,65,65,65,65,65,65,65,65,65,65,65,65,65,65,65,65,65,65,65,65,65,65,65,65,65,65,65,65,65,65,65,65,65,65,65,65,65,65,65,65,65,75,75,75,75],"card_choices":[{"not_picked":["Slimebound:SlimeSpikes","Slimebound:GoopTackle"],"picked":"Slimebound:RejuvenatingLick","floor":2.0},{"not_picked":["Slimebound:GoopTackle","Slimebound:SlimeSpikes"],"picked":"Slimebound:ComboTackle","floor":4.0},{"not_picked":["Slimebound:FormOfPuddle","Slimebound:RollThrough"],"picked":"Slimebound:SpikyOuterGoop","floor":5.0},{"not_picked":["Slimebound:SlimeSpikes","Slimebound:SpikyOuterGoop"],"picked":"Slimebound:Recycling","floor":6.0},{"not_picked":["Slimebound:Recollect","Slimebound:ForwardTackle"],"picked":"Slimebound:Schlurp","floor":10.0},{"not_picked":["Slimebound:ServeAndProtect","Slimebound:GoopTackle"],"picked":"Slimebound:SamplingLick","floor":12.0},{"not_picked":["Slimebound:SplitLeeching","Slimebound:SplitMire"],"picked":"Slimebound:Gluttony+1","floor":13.0},{"not_picked":["Slimebound:Replication","Slimebound:FormOfPuddle"],"picked":"Slimebound:RejuvenatingLick","floor":15.0},{"not_picked":["Slimebound:LeechLife","Slimebound:MassRepurpose"],"picked":"Slimebound:WasteNot","floor":16.0},{"not_picked":["Slimebound:LeechingTouch","Slimebound:GoopSpray"],"picked":"Slimebound:HauntingLick","floor":19.0},{"not_picked":["Slimebound:LeechingTouch+1","Slimebound:FlameTackle"],"picked":"Slimebound:LeechEnergy","floor":20.0},{"not_picked":["Slimebound:SlimeBarrage","Slimebound:ProtectTheBoss+1"],"picked":"Slimebound:SplitBruiser+1","floor":21.0},{"not_picked":["Slimebound:Schlurp","Slimebound:SplitAcid"],"picked":"Slimebound:HauntingLick","floor":23.0},{"not_picked":["Slimebound:DuplicatedForm+1","Slimebound:SlimeSpikes"],"picked":"Slimebound:LeechingTouch","floor":25.0},{"not_picked":["Slimebound:RejuvenatingLick","Slimebound:DouseInSlime"],"picked":"Slimebound:LeechEnergy+1","floor":27.0},{"not_picked":["Slimebound:GoopSpray","Slimebound:RollThrough"],"picked":"Slimebound:Schlurp+1","floor":28.0},{"not_picked":["Slimebound:Gluttony+1","Slimebound:RollThrough"],"picked":"Slimebound:Recollect+1","floor":29.0},{"not_picked":["Slimebound:Prepare+1","Slimebound:SlimeSpikes"],"picked":"Slimebound:Repurpose","floor":31.0},{"not_picked":["Slimebound:HauntingLick+1","Slimebound:RollThrough"],"picked":"Slimebound:SamplingLick+1","floor":32.0},{"not_picked":["Slimebound:PressTheAttack+1","Slimebound:SplitLeeching+1"],"picked":"Slimebound:ComboTackle","floor":36},{"not_picked":["Slimebound:ProtectTheBoss+1","Slimebound:SlimeSpikes"],"picked":"Slimebound:SpikyOuterGoop+1","floor":37},{"not_picked":["Slimebound:Prepare","Slimebound:FinishingTackle+1","Slimebound:ComboTackle"],"picked":"SKIP","floor":39},{"not_picked":["Slimebound:BestDefense+1","Slimebound:ForwardTackle"],"picked":"Slimebound:ItLooksTasty+1","floor":40},{"not_picked":["Slimebound:Grow+1","Slimebound:FormOfPuddle"],"picked":"Slimebound:GrowthPunch+1","floor":42},{"not_picked":["Slimebound:FormOfPuddle","Slimebound:LeechingTouch","Slimebound:FinishingTackle"],"picked":"SKIP","floor":44},{"not_picked":["Slimebound:Dissolve+1","Slimebound:GrowthPunch","Slimebound:LevelUp+1"],"picked":"SKIP","floor":49}],"player_experience":635650,"relics_obtained":[{"floor":7.0,"key":"Frozen Egg 2"},{"floor":24.0,"key":"Ornamental Fan"},{"floor":28.0,"key":"CeramicFish"},{"floor":31.0,"key":"Tiny Chest"},{"floor":41,"key":"The Courier"}],"event_choices":[{"damage_healed":0.0,"max_hp_gain":0.0,"max_hp_loss":0.0,"gold_gain":0.0,"event_name":"Accursed Blacksmith","player_choice":"Forge","floor":3.0,"gold_loss":0.0,"damage_taken":0.0,"cards_upgraded":["Slimebound:RejuvenatingLick"]}],"is_beta":false,"boss_relics":[{"not_picked":["SacredBark","Calling Bell"],"picked":"Slimebound:AbsorbEndCombatUpgraded"},{"not_picked":["Coffee Dripper","Runic Pyramid"],"picked":"Slimebound:TarBlob"}],"items_purged_floors":[4,10,27,40,42,48],"is_endless":false,"potions_floor_spawned":[2,5,12,13,19,25,29,32,37,49],"ascension_level":2}}