{"host":"6xsbn6ynqlzwllfm","time":1613133723,"event":{"mods":["2.2 Compatiblity","BaseMod","Bestiary","Colored Map","Colored Powertips","Curses Come First","Downfall","Highlight Path","Keyboard Shortcuts","Minty Spire (QoL Compilation)","Relic Stats","Slay the Relics Exporter","StSLib","SuperFastMode"],"gold_per_floor":[99,116,126,137,147,54,77,109,125,125,225,225,260,280,296,392,392,392,404,415,82,95,124,124,124,124,124],"floor_reached":25,"language":"ENG","playtime":1197,"items_purged":["bronze:Strike"],"score":325,"play_id":"adfa1530-67df-4e77-bd9a-1784a5ca9ce3","local_time":"20210212074203","is_ascension_mode":true,"campfire_choices":[{"data":"bronze:Goto","floor":1,"key":"SMITH"},{"data":"bronze:DelayedSlice","floor":10,"key":"SMITH"},{"floor":18,"key":"RECALL"}],"circlet_count":0,"master_deck":["bronze:Strike","bronze:Defend","bronze:Defend","bronze:Defend","bronze:Defend","bronze:Replicate+1","bronze:Goto+1","bronze:DelayedSlice+1","bronze:ForLoop","bronze:ClassDefault+1","bronze:BuggyMess+1","bronze:WhirlingStrike","bronze:Format","bronze:WhirlingStrike+1","bronze:Repulsor","bronze:MaxOutput","bronze:BronzeArmor","bronze:Library","bronze:Allocate","bronze:Constructor","bronze:BugBarrage","bronze:Shell+1"],"relics":["Coffee Dripper","Lantern","Oddly Smooth Stone","Lizard Tail","Philosopher\u0027s Stone","Mummified Hand","Pantograph"],"acts_visited":["Exordium","TheCity"],"potions_floor_usage":[5,11,11,16,16,21,23],"damage_taken":[{"damage":0,"enemies":"Cultist","floor":2,"turns":3},{"damage":0,"enemies":"2 Louse","floor":3,"turns":2},{"damage":0,"enemies":"Small Slimes","floor":4,"turns":2},{"damage":24,"enemies":"Exordium Wildlife","floor":5,"turns":4},{"damage":10,"enemies":"downfall:FleeingMerchant","floor":6,"turns":4},{"damage":0,"enemies":"3 Sentries","floor":8,"turns":3},{"damage":6,"enemies":"3 Louse","floor":9,"turns":4},{"damage":6,"enemies":"downfall:Heads","floor":11,"turns":2},{"damage":16,"enemies":"Lagavulin","floor":13,"turns":5},{"damage":1,"enemies":"Blue Slaver","floor":14,"turns":2},{"damage":0,"enemies":"Large Slime","floor":15,"turns":1},{"damage":6,"enemies":"IC_STATUS_ARCHETYPE","floor":16,"turns":3},{"damage":0,"enemies":"Chosen","floor":19,"turns":4},{"damage":23,"enemies":"Centurion and Healer","floor":20,"turns":7},{"damage":16,"enemies":"downfall:FleeingMerchant","floor":21,"turns":4},{"damage":22,"enemies":"3 Cultists","floor":22,"turns":5},{"damage":9,"enemies":"Slavers","floor":23,"turns":2},{"damage":24,"enemies":"Sentry and Sphere","floor":25,"turns":4}],"seed_played":"-3233451862526600647","potions_obtained":[{"floor":4,"key":"Strength Potion"},{"floor":5,"key":"GamblersBrew"},{"floor":9,"key":"champ:CounterPotion"},{"floor":11,"key":"Fire Potion"},{"floor":14,"key":"champ:CounterPotion"},{"floor":15,"key":"Weak Potion"},{"floor":19,"key":"Swift Potion"},{"floor":22,"key":"bronze:BurnAndBuffPotion"}],"is_trial":false,"path_per_floor":["R","M","M","M","M","$","T","E","M","R","?","?","E","M","M","B",null,"R","M","M","$","M","E","T","M"],"character_chosen":"THE_AUTOMATON","items_purchased":["bronze:Format","Mummified Hand"],"campfire_rested":0,"item_purchase_floors":[6,21],"current_hp_per_floor":[70,70,70,70,46,36,36,36,30,30,24,24,8,7,7,1,53,53,53,30,14,32,23,23,0,0,0],"gold":124,"neow_bonus":"BOSS_RELIC","is_daily":false,"chose_seed":false,"campfire_upgraded":2,"win_rate":0.0,"timestamp":1613133723,"path_taken":["R","M","M","M","M","$","T","E","M","R","?","?","E","?","M","BOSS","R","M","M","$","?","E","T","?"],"items_purchased_type":["Card","Relic"],"build_version":"2020-12-22","purchased_purges":1,"victory":false,"max_hp_per_floor":[70,70,70,70,70,70,70,70,70,70,70,70,70,70,70,70,70,70,70,70,70,70,70,70,70,70,70],"relic_stats":{"Lizard Tail":35,"counters":[18,61],"Mummified Hand":[8],"Pantograph":0,"obtain_stats":[{"Lantern":7,"Lizard Tail":13,"bronze:BronzeCore":0,"Mummified Hand":21,"Pantograph":23,"Oddly Smooth Stone":8,"Philosopher\u0027s Stone":17,"Coffee Dripper":0},{"Lantern":5,"Lizard Tail":9,"bronze:BronzeCore":0,"Mummified Hand":15,"Pantograph":17,"Oddly Smooth Stone":6,"Philosopher\u0027s Stone":12,"Coffee Dripper":0},{"Lantern":15,"Lizard Tail":29,"bronze:BronzeCore":0,"Mummified Hand":50,"Pantograph":57,"Oddly Smooth Stone":18,"Philosopher\u0027s Stone":35,"Coffee Dripper":0}]},"card_choices":[{"not_picked":["bronze:WildBeam","bronze:Invalidate"],"picked":"bronze:DelayedSlice","floor":2},{"not_picked":["bronze:RecursiveStrike","bronze:Backtrace"],"picked":"bronze:ForLoop","floor":3},{"not_picked":["bronze:Turbo","bronze:DelayedGuard"],"picked":"bronze:ClassDefault","floor":4},{"not_picked":["bronze:DelayedSlice","bronze:Return"],"picked":"bronze:BuggyMess","floor":5},{"not_picked":["bronze:Return","bronze:Safeguard"],"picked":"bronze:WhirlingStrike","floor":6},{"not_picked":["bronze:Safeguard","bronze:Overheat"],"picked":"bronze:WhirlingStrike","floor":8},{"not_picked":["bronze:Overheat","bronze:Branch"],"picked":"bronze:Repulsor","floor":9},{"not_picked":["bronze:DigitalCarnage","bronze:Separator"],"picked":"bronze:MaxOutput","floor":11},{"not_picked":["bronze:FindAndReplace","bronze:Break"],"picked":"bronze:Library","floor":16},{"not_picked":["bronze:ForceShield","bronze:ChildClass+1"],"picked":"bronze:Allocate","floor":20},{"not_picked":["bronze:WhirlingStrike+1","bronze:NullPointer"],"picked":"bronze:Constructor","floor":21},{"not_picked":["bronze:FollowUp","bronze:FineTuning"],"picked":"bronze:BugBarrage","floor":22},{"not_picked":["bronze:Deprecate","bronze:FineTuning"],"picked":"bronze:Shell+1","floor":23}],"player_experience":1739669,"relics_obtained":[{"floor":7,"key":"Lantern"},{"floor":8,"key":"Oddly Smooth Stone"},{"floor":13,"key":"Lizard Tail"},{"floor":23,"key":"Pantograph"}],"event_choices":[],"is_beta":false,"boss_relics":[{"not_picked":["Fusion Hammer","Astrolabe"],"picked":"Philosopher\u0027s Stone"}],"items_purged_floors":[21],"is_endless":false,"potions_floor_spawned":[4,5,9,11,14,15,19,22],"killed_by":"Sentry and Sphere","ascension_level":5}}