{"host":"36mulxq349byzoa2","time":1613093078,"event":{"mods":["AchievementEnabler","BaseMod","Block Reminder","Colored Map","Colored Powertips","Minty Spire (QoL Compilation)","Rare Cards Sparkle","StSLib","SuperFastMode"],"gold_per_floor":[118,89,104,179,179,208,208,225,225,225,225],"floor_reached":10,"language":"ENG","playtime":145,"items_purged":[],"score":173,"play_id":"2fe2e7cc-8f93-430c-9724-8f91e2b95b72","local_time":"20210211202438","is_ascension_mode":true,"campfire_choices":[{"data":"Static Discharge","floor":7,"key":"SMITH"}],"circlet_count":0,"master_deck":["AscendersBane","Strike_B","Strike_B","Strike_B","Strike_B","Defend_B+1","Defend_B","Defend_B+1","Defend_B","Zap","Dualcast","Static Discharge+1","Leap","Compile Driver","Redo","Hologram"],"relics":["Cracked Core","NeowsBlessing","Prayer Wheel","Mummified Hand"],"acts_visited":["Exordium"],"potions_floor_usage":[],"damage_taken":[{"damage":0,"enemies":"Cultist","floor":1,"turns":1},{"damage":0,"enemies":"Jaw Worm","floor":3,"turns":1},{"damage":0,"enemies":"3 Sentries","floor":6,"turns":1},{"damage":1,"enemies":"Small Slimes","floor":8,"turns":2},{"damage":31,"enemies":"Gremlin Nob","floor":10,"turns":3}],"seed_played":"-2857942624983050496","potions_obtained":[{"floor":3,"key":"EntropicBrew"},{"floor":6,"key":"SteroidPotion"}],"is_trial":false,"path_per_floor":["M","$","M","?","?","E","R","M","T","E"],"character_chosen":"DEFECT","items_purchased":["Leap"],"campfire_rested":0,"item_purchase_floors":[2],"current_hp_per_floor":[64,64,64,53,32,32,32,31,31,0,0],"gold":225,"neow_bonus":"THREE_ENEMY_KILL","is_daily":false,"chose_seed":false,"campfire_upgraded":1,"win_rate":0.0,"timestamp":1613093078,"path_taken":["M","?","M","?","?","E","R","M","T","E"],"items_purchased_type":["Card"],"build_version":"2020-12-22","purchased_purges":0,"victory":false,"max_hp_per_floor":[71,71,71,71,71,71,71,71,71,71,71],"card_choices":[{"not_picked":["Conserve Battery","Loop"],"picked":"Static Discharge","floor":1},{"not_picked":["Stack","Coolheaded"],"picked":"Compile Driver","floor":3},{"not_picked":["Double Energy","Steam Power","Force Field"],"picked":"SKIP","floor":6},{"not_picked":["FTL","Recycle"],"picked":"Redo","floor":8},{"not_picked":["Leap","Steam Power"],"picked":"Hologram","floor":8}],"player_experience":1041827,"relics_obtained":[{"floor":6,"key":"Prayer Wheel"},{"floor":9,"key":"Mummified Hand"}],"event_choices":[{"damage_healed":0,"gold_gain":75,"player_choice":"Gather Gold","damage_taken":11,"max_hp_gain":0,"max_hp_loss":0,"event_name":"World of Goop","floor":4,"gold_loss":0},{"damage_healed":0,"gold_gain":0,"player_choice":"Entered Light","damage_taken":21,"max_hp_gain":0,"max_hp_loss":0,"event_name":"Shining Light","floor":5,"gold_loss":0,"cards_upgraded":["Defend_B","Defend_B"]}],"is_beta":false,"boss_relics":[],"items_purged_floors":[],"is_endless":false,"potions_floor_spawned":[3,6],"killed_by":"Gremlin Nob","ascension_level":18}}