{"host":"cykg0g4pphyxjwkn","time":1613097304,"event":{"mods":["AchievementEnabler","BaseMod","Bestiary","Colored Map","Colored Powertips","Highlight Path","Minty Spire (QoL Compilation)","Relic Stats","SuperFastMode"],"gold_per_floor":[118,136,152,227,243,243,243,260,260,260,360,391,391,410,410,505,505,517,537,137,151,151,151],"floor_reached":22,"language":"ENG","playtime":914,"items_purged":["Strike_R"],"score":188,"play_id":"3e40a6bb-c684-4742-a290-37d3b28c46aa","local_time":"20210211213504","is_ascension_mode":false,"campfire_choices":[{"data":"Impervious","floor":6,"key":"SMITH"},{"data":"Infernal Blade","floor":10,"key":"SMITH"},{"data":"Power Through","floor":13,"key":"SMITH"},{"data":"Body Slam","floor":15,"key":"SMITH"}],"circlet_count":0,"master_deck":["Strike_R","Defend_R","Defend_R","Defend_R","Defend_R","Bash","Power Through+1","Impervious+1","Infernal Blade+1","Body Slam+1","Cleave","Headbutt","Juggernaut","Battle Trance+1","Sword Boomerang+1","Wild Strike+1","Dual Wield+1","Rampage"],"relics":["Burning Blood","NeowsBlessing","Mummified Hand","Mercury Hourglass","Astrolabe","Question Card"],"acts_visited":["Exordium","TheCity"],"potions_floor_usage":[16,16,16,20],"damage_taken":[{"damage":0,"enemies":"Jaw Worm","floor":1,"turns":1},{"damage":0,"enemies":"2 Louse","floor":2,"turns":1},{"damage":0,"enemies":"Cultist","floor":3,"turns":1},{"damage":10,"enemies":"3 Louse","floor":5,"turns":5},{"damage":14,"enemies":"Gremlin Gang","floor":8,"turns":6},{"damage":4,"enemies":"3 Sentries","floor":12,"turns":8},{"damage":2,"enemies":"Blue Slaver","floor":14,"turns":3},{"damage":62,"enemies":"The Guardian","floor":16,"turns":13},{"damage":0,"enemies":"2 Thieves","floor":18,"turns":3},{"damage":23,"enemies":"3 Byrds","floor":19,"turns":4},{"damage":14,"enemies":"Snake Plant","floor":21,"turns":6},{"damage":55,"enemies":"Cultist and Chosen","floor":22,"turns":4}],"seed_played":"-2380315479566702132","potions_obtained":[{"floor":5,"key":"SteroidPotion"},{"floor":12,"key":"Swift Potion"},{"floor":14,"key":"ColorlessPotion"},{"floor":19,"key":"EntropicBrew"}],"is_trial":false,"path_per_floor":["M","M","M","?","M","R","?","M","T","R","?","E","R","M","R","B",null,"M","M","$","M","M"],"character_chosen":"IRONCLAD","items_purchased":["Rampage","Question Card"],"campfire_rested":0,"item_purchase_floors":[20,20],"current_hp_per_floor":[80,80,80,69,65,65,65,57,57,57,57,59,59,63,63,7,80,80,63,63,55,0,0],"gold":151,"neow_bonus":"THREE_ENEMY_KILL","is_daily":false,"chose_seed":false,"campfire_upgraded":4,"win_rate":0.0,"timestamp":1613097304,"path_taken":["M","M","M","?","M","R","?","?","T","R","?","E","R","M","R","BOSS","M","?","$","M","M"],"items_purchased_type":["Card","Relic"],"build_version":"2020-12-22","purchased_purges":1,"victory":false,"max_hp_per_floor":[80,80,80,80,80,80,80,80,80,80,80,80,80,80,80,80,80,80,80,80,80,80,80],"relic_stats":{"counters":[12,55],"Mummified Hand":[3],"Astrolabe":["Battle Trance","Sword Boomerang","Wild Strike"],"Question Card":1,"obtain_stats":[{"NeowsBlessing":0,"Mummified Hand":9,"Astrolabe":17,"Question Card":20,"Burning Blood":0,"Mercury Hourglass":12},{"NeowsBlessing":0,"Mummified Hand":5,"Astrolabe":8,"Question Card":10,"Burning Blood":0,"Mercury Hourglass":6},{"NeowsBlessing":0,"Mummified Hand":14,"Astrolabe":38,"Question Card":45,"Burning Blood":0,"Mercury Hourglass":22}],"Burning Blood":42,"Mercury Hourglass":[129]},"card_choices":[{"not_picked":["Wild Strike","True Grit"],"picked":"Power Through","floor":1},{"not_picked":["Rupture","Clothesline","Sword Boomerang"],"picked":"SKIP","floor":2},{"not_picked":["Clothesline","Body Slam"],"picked":"Impervious","floor":3},{"not_picked":["Combust","True Grit","Rage"],"picked":"SKIP","floor":5},{"not_picked":["Iron Wave","Bloodletting"],"picked":"Body Slam","floor":8},{"not_picked":["Dropkick","Sever Soul"],"picked":"Cleave","floor":12},{"not_picked":["Hemokinesis","Body Slam"],"picked":"Headbutt","floor":14},{"not_picked":["Double Tap","Impervious"],"picked":"Juggernaut","floor":16},{"not_picked":["Flex+1","Iron Wave"],"picked":"Dual Wield+1","floor":18},{"not_picked":["Infernal Blade","Headbutt","Rupture"],"picked":"SKIP","floor":19},{"not_picked":["Anger","Disarm","True Grit","Limit Break"],"picked":"SKIP","floor":21}],"player_experience":41340,"relics_obtained":[{"floor":9,"key":"Mummified Hand"},{"floor":12,"key":"Mercury Hourglass"}],"event_choices":[{"damage_healed":0,"gold_gain":75,"player_choice":"Gather Gold","damage_taken":11,"max_hp_gain":0,"max_hp_loss":0,"event_name":"World of Goop","floor":4,"gold_loss":0},{"damage_healed":0,"gold_gain":0,"player_choice":"1 cards matched","damage_taken":0,"max_hp_gain":0,"max_hp_loss":0,"event_name":"Match and Keep!","floor":7,"gold_loss":0,"cards_obtained":["Infernal Blade"]},{"damage_healed":0,"gold_gain":100,"player_choice":"Pray","damage_taken":0,"max_hp_gain":0,"max_hp_loss":0,"event_name":"Golden Shrine","floor":11,"gold_loss":0}],"is_beta":false,"boss_relics":[{"not_picked":["Runic Cube","Snecko Eye"],"picked":"Astrolabe"}],"items_purged_floors":[20],"is_endless":false,"potions_floor_spawned":[5,12,14,19,21],"killed_by":"Cultist and Chosen","ascension_level":0}}