{"host":"bpnwh7vpv9k3tssc","time":1613127904,"event":{"mods":["BaseMod","Colored Map","Colored Powertips","Curses Come First","Highlight Path","Minty Spire (QoL Compilation)","Quick Restart","Random Character Button","Relic Sorter","StSLib"],"gold_per_floor":[369,260,270,287,237,267,278,278,278,304,49,66,66,66,66,166,166,184,22,35,48,64,94,109,109,132,132,142,174,191,206,206,305,305,318,338,338,355,405,435,435,463,490,522,534,546,213,56,56,56,56,56,56,88,88],"floor_reached":56,"language":"ENG","playtime":3477,"items_purged":["Decay","Strike_G","Strike_G"],"score":1431,"play_id":"d0e24f89-7ca4-44c0-b767-a65cdd19eb0a","local_time":"20210212120504","is_ascension_mode":true,"campfire_choices":[{"floor":8,"key":"REST"},{"data":"Bouncing Flask","floor":13,"key":"SMITH"},{"data":"Noxious Fumes","floor":15,"key":"SMITH"},{"floor":27,"key":"REST"},{"floor":32,"key":"REST"},{"floor":41,"key":"REST"},{"floor":45,"key":"REST"},{"floor":49,"key":"RECALL"},{"floor":52,"key":"REST"}],"circlet_count":0,"master_deck":["Strike_G","Defend_G+1","Defend_G","Defend_G","Defend_G+1","Defend_G","Survivor","Neutralize","Bouncing Flask+1","Noxious Fumes+1","Escape Plan","Blur","Deadly Poison","Dodge and Roll","Footwork","A Thousand Cuts","Burst","Cloak And Dagger+1","After Image","Blur+1","Acrobatics+1","Distraction+1","Venomology","Outmaneuver+1","Madness","Madness","Terror","Crippling Poison","Expertise+1","Madness","Noxious Fumes","Catalyst+1"],"relics":["Ring of the Snake","War Paint","Letter Opener","Odd Mushroom","TwistedFunnel","Black Star","Pocketwatch","Darkstone Periapt","Happy Flower","Mummified Hand","Art of War","Fusion Hammer","WingedGreaves","Gremlin Horn","MealTicket","Meat on the Bone","Bottled Lightning","MawBank","PreservedInsect","Medical Kit","Snake Skull","Orichalcum","Anchor"],"acts_visited":["Exordium","TheCity","TheBeyond","TheEnding"],"potions_floor_usage":[6,16,18,23,23,23,23,23,23,24,29,36,38,39,40,40,50,55,55,55],"damage_taken":[{"damage":0,"enemies":"2 Louse","floor":1,"turns":4},{"damage":2,"enemies":"Jaw Worm","floor":3,"turns":3},{"damage":4,"enemies":"Small Slimes","floor":4,"turns":3},{"damage":46,"enemies":"Gremlin Nob","floor":6,"turns":6},{"damage":0,"enemies":"Red Slaver","floor":7,"turns":4},{"damage":0,"enemies":"The Mushroom Lair","floor":10,"turns":5},{"damage":2,"enemies":"Exordium Wildlife","floor":12,"turns":4},{"damage":0,"enemies":"Slime Boss","floor":16,"turns":8},{"damage":11,"enemies":"2 Thieves","floor":18,"turns":3},{"damage":6,"enemies":"Chosen","floor":20,"turns":3},{"damage":19,"enemies":"Snecko","floor":21,"turns":6},{"damage":11,"enemies":"Sentry and Sphere","floor":22,"turns":5},{"damage":17,"enemies":"Slavers","floor":23,"turns":4},{"damage":0,"enemies":"Snake Plant","floor":24,"turns":4},{"damage":0,"enemies":"Cultist and Chosen","floor":28,"turns":5},{"damage":2,"enemies":"Gremlin Leader","floor":29,"turns":7},{"damage":5,"enemies":"Centurion and Healer","floor":30,"turns":5},{"damage":0,"enemies":"Snecko","floor":31,"turns":3},{"damage":0,"enemies":"Champ","floor":33,"turns":10},{"damage":0,"enemies":"3 Shapes","floor":35,"turns":4},{"damage":5,"enemies":"Orb Walker","floor":36,"turns":4},{"damage":0,"enemies":"Sphere and 2 Shapes","floor":38,"turns":5},{"damage":14,"enemies":"Mind Bloom Boss Battle","floor":39,"turns":8},{"damage":6,"enemies":"Reptomancer","floor":40,"turns":8},{"damage":16,"enemies":"Giant Head","floor":42,"turns":10},{"damage":4,"enemies":"Reptomancer","floor":44,"turns":6},{"damage":63,"enemies":"Time Eater","floor":50,"turns":11},{"damage":13,"enemies":"Shield and Spear","floor":54,"turns":5},{"damage":21,"enemies":"The Heart","floor":55,"turns":8}],"seed_played":"-2605592356676084814","potions_obtained":[{"floor":4,"key":"PowerPotion"},{"floor":6,"key":"Energy Potion"},{"floor":10,"key":"BlessingOfTheForge"},{"floor":12,"key":"EntropicBrew"},{"floor":20,"key":"SteroidPotion"},{"floor":21,"key":"FearPotion"},{"floor":23,"key":"SpeedPotion"},{"floor":24,"key":"SpeedPotion"},{"floor":28,"key":"SmokeBomb"},{"floor":35,"key":"GamblersBrew"},{"floor":38,"key":"Regen Potion"}],"is_trial":false,"path_per_floor":["M","$","M","M","?","E","M","R","T","?","$","M","R","$","R","B",null,"M","$","M","M","M","E","M","?","T","R","M","E","M","M","R","B",null,"M","M","?","M","?","E","R","E","T","E","R","?","$","$","R","B",null,"R","$","E","B",null],"character_chosen":"THE_SILENT","items_purchased":["Noxious Fumes","TwistedFunnel","Burst","Medical Kit","Noxious Fumes","Snake Skull"],"campfire_rested":6,"item_purchase_floors":[2,11,19,47,47,48],"current_hp_per_floor":[70,70,68,64,64,18,18,39,39,39,39,37,37,37,37,37,70,59,59,53,34,23,6,6,6,6,27,27,25,20,20,41,41,70,70,65,56,56,57,51,70,54,54,50,70,70,70,70,70,19,70,70,70,57,36],"gold":88,"neow_bonus":"TWO_FIFTY_GOLD","is_daily":false,"chose_seed":false,"campfire_upgraded":2,"win_rate":0.0,"timestamp":1613127904,"path_taken":["M","$","M","M","?","E","M","R","T","?","$","M","R","?","R","BOSS","M","$","M","M","M","E","M","?","T","R","M","E","M","?","R","BOSS","M","M","?","M","?","E","R","E","T","E","R","?","$","$","R","BOSS","R","$","E","BOSS"],"items_purchased_type":["Card","Relic","Card","Relic","Card","Relic"],"build_version":"2020-12-22","purchased_purges":3,"victory":true,"max_hp_per_floor":[70,70,70,70,70,70,70,70,70,70,70,70,70,70,70,70,70,70,70,70,70,70,70,70,70,70,70,70,70,70,70,70,70,70,70,70,70,70,70,70,70,70,70,70,70,70,70,70,70,70,70,70,70,70,70],"card_choices":[{"not_picked":["Bane","Backstab"],"picked":"Bouncing Flask","floor":1},{"not_picked":["Quick Slash","Tactician"],"picked":"Escape Plan","floor":3},{"not_picked":["Dodge and Roll","Predator"],"picked":"Blur","floor":4},{"not_picked":["Tools of the Trade","Acrobatics"],"picked":"Deadly Poison","floor":6},{"not_picked":["Slice","Sucker Punch"],"picked":"Dodge and Roll","floor":7},{"not_picked":["Cloak And Dagger","Outmaneuver"],"picked":"Footwork","floor":10},{"not_picked":["Underhanded Strike","Deflect","Concentrate"],"picked":"SKIP","floor":12},{"not_picked":["Wraith Form v2","Venomology"],"picked":"A Thousand Cuts","floor":16},{"not_picked":["Slice","Dagger Spray","Dash"],"picked":"SKIP","floor":18},{"not_picked":["Deflect","Footwork","Dagger Throw+1"],"picked":"SKIP","floor":20},{"not_picked":["Dodge and Roll","Quick Slash+1"],"picked":"Cloak And Dagger+1","floor":21},{"not_picked":["Bane","Footwork"],"picked":"After Image","floor":22},{"not_picked":["Backflip","Dodge and Roll+1"],"picked":"Blur+1","floor":23},{"not_picked":["Dagger Throw","Acrobatics+1","Poisoned Stab"],"picked":"SKIP","floor":24},{"not_picked":["Expertise","Unload","Escape Plan"],"picked":"SKIP","floor":28},{"not_picked":["Heel Hook","Slice+1","Skewer"],"picked":"SKIP","floor":29},{"not_picked":["Predator","Footwork"],"picked":"Acrobatics+1","floor":30},{"not_picked":["Dash","Underhanded Strike"],"picked":"Distraction+1","floor":31},{"not_picked":["Glass Knife","Unload"],"picked":"Venomology","floor":33},{"not_picked":["Bane","Blade Dance+1","Dodge and Roll"],"picked":"SKIP","floor":35},{"not_picked":["Glass Knife","Dagger Throw+1"],"picked":"Outmaneuver+1","floor":36},{"not_picked":["PiercingWail","Quick Slash+1","Deflect"],"picked":"SKIP","floor":38},{"not_picked":["Flechettes+1","Infinite Blades+1"],"picked":"Terror","floor":39},{"not_picked":["Endless Agony","Caltrops+1"],"picked":"Crippling Poison","floor":40},{"not_picked":["Bane+1","Poisoned Stab+1"],"picked":"Expertise+1","floor":42},{"not_picked":["Slice","Doppelganger","Deflect+1"],"picked":"SKIP","floor":44},{"not_picked":["Transmutation","Deep Breath"],"picked":"Madness","floor":46},{"not_picked":["Infinite Blades","Accuracy+1"],"picked":"Catalyst+1","floor":54}],"player_experience":373753,"relics_obtained":[{"floor":6,"key":"War Paint"},{"floor":9,"key":"Letter Opener"},{"floor":10,"key":"Odd Mushroom"},{"floor":23,"key":"Pocketwatch"},{"floor":23,"key":"Darkstone Periapt"},{"floor":26,"key":"Happy Flower"},{"floor":29,"key":"Mummified Hand"},{"floor":29,"key":"Art of War"},{"floor":39,"key":"WingedGreaves"},{"floor":40,"key":"Gremlin Horn"},{"floor":40,"key":"MealTicket"},{"floor":42,"key":"Meat on the Bone"},{"floor":42,"key":"Bottled Lightning"},{"floor":44,"key":"MawBank"},{"floor":44,"key":"PreservedInsect"},{"floor":54,"key":"Orichalcum"},{"floor":54,"key":"Anchor"}],"event_choices":[{"cards_removed":["Strike_G"],"damage_healed":0,"gold_gain":0,"player_choice":"Card Removal","damage_taken":0,"max_hp_gain":0,"max_hp_loss":0,"event_name":"The Cleric","floor":5,"gold_loss":50},{"damage_healed":0,"gold_gain":0,"player_choice":"Fought Mushrooms","damage_taken":0,"max_hp_gain":0,"max_hp_loss":0,"event_name":"Mushrooms","floor":10,"gold_loss":0},{"cards_removed":["Strike_G"],"damage_healed":0,"gold_gain":0,"player_choice":"Purged","damage_taken":0,"max_hp_gain":0,"max_hp_loss":0,"event_name":"Purifier","floor":25,"gold_loss":0},{"damage_healed":0,"gold_gain":0,"player_choice":"Embrace Madness","damage_taken":9,"max_hp_gain":0,"max_hp_loss":0,"event_name":"Winding Halls","floor":37,"gold_loss":0,"cards_obtained":["Madness","Madness"]},{"damage_healed":0,"gold_gain":0,"player_choice":"Fight","damage_taken":0,"max_hp_gain":0,"max_hp_loss":0,"event_name":"MindBloom","floor":39,"gold_loss":0},{"damage_healed":0,"gold_gain":0,"player_choice":"Memory 1","damage_taken":0,"max_hp_gain":0,"max_hp_loss":0,"event_name":"SensoryStone","floor":46,"gold_loss":0}],"is_beta":false,"boss_relics":[{"not_picked":["Coffee Dripper","Sozu"],"picked":"Black Star"},{"not_picked":["Velvet Choker","Tiny House"],"picked":"Fusion Hammer"}],"items_purged_floors":[2,11,47],"is_endless":false,"potions_floor_spawned":[4,6,10,12,20,21,23,24,28,35,38],"ascension_level":1}}