{"host":"ap8nepptd6icxyz7","time":1613125451,"event":{"mods":["2.2 Compatiblity","AchievementEnabler","BaseMod","Bestiary","Better Altar","Better Match","Better Note","Better Sensory Stone","Better Skull","Better Third Choice","Better Vampires","Colored Powertips","Colorless Booster Pack","Displayed Cursed Tome","Faster Ascension Climbing","Hermit","Highlight Path","Hubris","Marked Mod","Mimic Mod","Minty Spire (QoL Compilation)","Permanent Neow","Quick Restart","RRrroohrrRGHHhhh!!","Random Character Button","Rare Cards Sparkle","Relic Sorter","Relic Stats","SacredBarkPlus","Spikes Relics","StSLib","Uncapped"],"gold_per_floor":[117,135,135,60,72,72,101,101,101,117,87,114,39,70,70,167,167,183,17,33,33,44,44,154,154,180,180,206,229,251,263,275,385,397,426,456,140,190,190,320,15,125,149,149,149],"floor_reached":44,"language":"ENG","playtime":1873,"items_purged":["Strike_R"],"score":678,"play_id":"cc3aaacd-72ad-4f41-be60-862b50e89291","local_time":"20210212042411","is_ascension_mode":true,"campfire_choices":[{"data":"Sever Soul","floor":6,"key":"SMITH"},{"data":"Anger","floor":8,"key":"SMITH"},{"floor":15,"key":"REST"},{"floor":23,"key":"REST"},{"floor":25,"key":"REST"},{"data":"Fiend Fire","floor":27,"key":"SMITH"},{"floor":32,"key":"REST"}],"circlet_count":0,"master_deck":["Strike_R","Strike_R","Strike_R+1","Strike_R","Defend_R","Defend_R","Defend_R","Defend_R","Bash","Pommel Strike+1","Iron Wave","Sever Soul+1","hubris:StunningStrike","Anger+1","Sever Soul","Fiend Fire+1","Clash","Finesse","Pommel Strike","Shrug It Off+1","Clash","Power Through+1","Headbutt","Flex+1","Offering","Disarm","Panacea","Reckless Charge","Thunderclap+1","Good Instincts","Sever Soul+1","Blind","Flex","Anger"],"relics":["hubris:TerracottaHorce","Unceasing Top","ShockBauble","Regal Pillow","rorgmod:Ceramic Fish","hubris:VirtuousBlindfold","hubris:ToyBattleship","Whetstone","MawBank","Busted Crown","Medical Kit","hubris:FunFungus","Nunchaku","War Paint","Bronze Scales"],"acts_visited":["Exordium","TheCity","TheBeyond"],"potions_floor_usage":[7,7,12,12,16,20,24,33,38,40,42,44,44],"damage_taken":[{"damage":0,"enemies":"2 Louse","floor":1,"turns":3},{"damage":0,"enemies":"Cultist","floor":2,"turns":2},{"damage":0,"enemies":"Small Slimes","floor":5,"turns":3},{"damage":27,"enemies":"3 Sentries","floor":7,"turns":8},{"damage":3,"enemies":"Exordium Thugs","floor":10,"turns":3},{"damage":10,"enemies":"Lagavulin","floor":12,"turns":4},{"damage":25,"enemies":"3 Sentries","floor":14,"turns":7},{"damage":44,"enemies":"Hexaghost","floor":16,"turns":7},{"damage":11,"enemies":"Spheric Guardian","floor":18,"turns":3},{"damage":16,"enemies":"Shell Parasite","floor":20,"turns":4},{"damage":15,"enemies":"Centurion and Healer","floor":22,"turns":5},{"damage":42,"enemies":"Gremlin Leader","floor":24,"turns":4},{"damage":2,"enemies":"Cultist and Chosen","floor":29,"turns":4},{"damage":7,"enemies":"Shelled Parasite and Fungi","floor":30,"turns":3},{"damage":15,"enemies":"hubris:MusketHawk","floor":33,"turns":6},{"damage":42,"enemies":"3 Darklings","floor":35,"turns":5},{"damage":0,"enemies":"Orb Walker","floor":36,"turns":2},{"damage":6,"enemies":"Mind Bloom Boss Battle","floor":38,"turns":5},{"damage":49,"enemies":"Nemesis","floor":40,"turns":5},{"damage":12,"enemies":"Giant Head","floor":42,"turns":4},{"damage":6,"enemies":"Nemesis","floor":44,"turns":2}],"seed_played":"-6295055871253651237","potions_obtained":[{"floor":2,"key":"Regen Potion"},{"floor":3,"key":"FairyPotion"},{"floor":3,"key":"ColorlessPotion"},{"floor":5,"key":"BlessingOfTheForge"},{"floor":11,"key":"DistilledChaos"},{"floor":11,"key":"FearPotion"},{"floor":14,"key":"Energy Potion"},{"floor":18,"key":"Swift Potion"},{"floor":22,"key":"DuplicationPotion"},{"floor":30,"key":"EssenceOfSteel"},{"floor":35,"key":"SpeedPotion"},{"floor":36,"key":"Ancient Potion"},{"floor":42,"key":"PowerPotion"}],"is_trial":false,"path_per_floor":["M","M","?","$","M","R","E","R","T","M","?","E","$","E","R","B",null,"M","$","M","$","M","R","E","R","T","R","T","M","M","?","R","B",null,"M","M","$","?","?","E","$","E","T","E"],"character_chosen":"IRONCLAD","items_purchased":["Sever Soul","Finesse","Pommel Strike","Shrug It Off","Medical Kit","Panacea","Reckless Charge","Blind","Flex","Anger","ElixirPotion","SpeedPotion"],"campfire_rested":4,"item_purchase_floors":[4,19,19,19,37,37,37,41,41,41,41,41],"current_hp_per_floor":[72,72,72,72,72,72,60,60,60,57,57,47,47,22,61,17,64,53,53,37,37,22,61,19,58,58,58,58,56,49,49,80,65,76,34,34,34,28,28,17,17,5,5,0,0],"gold":149,"neow_bonus":"BOSS_RELIC","is_daily":false,"chose_seed":false,"campfire_upgraded":3,"win_rate":0.0,"timestamp":1613125451,"path_taken":["M","M","?","?","M","R","E","R","T","?","?","E","$","E","R","BOSS","M","?","M","?","M","R","E","R","T","R","?","M","?","?","R","BOSS","M","M","$","?","?","E","$","E","T","E"],"items_purchased_type":["Card","Card","Card","Card","Relic","Card","Card","Card","Card","Card","Potion","Potion"],"build_version":"2020-12-22","purchased_purges":1,"victory":false,"max_hp_per_floor":[80,80,80,80,80,80,80,80,80,80,80,80,80,80,80,80,80,80,80,80,80,80,80,80,80,80,80,80,80,80,80,80,80,80,80,80,80,80,80,80,80,80,80,80,80],"relic_stats":{"Regal Pillow":52,"Nunchaku":[2],"Busted Crown":14,"counters":[21,89],"Bronze Scales":[9],"Whetstone":["Strike_R","Pommel Strike"],"War Paint":["Flex","Shrug It Off"],"MawBank":108,"Medical Kit":[1],"obtain_stats":[{"Regal Pillow":12,"ShockBauble":9,"rorgmod:Ceramic Fish":14,"hubris:VirtuousBlindfold":17,"Whetstone":26,"War Paint":42,"MawBank":28,"Medical Kit":37,"Burning Blood":0,"hubris:TerracottaHorce":0,"Nunchaku":40,"Busted Crown":34,"Bronze Scales":43,"hubris:FunFungus":38,"hubris:ToyBattleship":24,"Unceasing Top":7},{"Regal Pillow":6,"ShockBauble":4,"rorgmod:Ceramic Fish":7,"hubris:VirtuousBlindfold":8,"Whetstone":12,"War Paint":20,"MawBank":12,"Medical Kit":17,"Burning Blood":0,"hubris:TerracottaHorce":0,"Nunchaku":19,"Busted Crown":15,"Bronze Scales":20,"hubris:FunFungus":18,"hubris:ToyBattleship":12,"Unceasing Top":4},{"Regal Pillow":23,"ShockBauble":16,"rorgmod:Ceramic Fish":30,"hubris:VirtuousBlindfold":37,"Whetstone":53,"War Paint":87,"MawBank":53,"Medical Kit":73,"Burning Blood":0,"hubris:TerracottaHorce":0,"Nunchaku":83,"Busted Crown":66,"Bronze Scales":87,"hubris:FunFungus":78,"hubris:ToyBattleship":53,"Unceasing Top":16}],"Unceasing Top":[55]},"card_choices":[{"not_picked":["Cleave","Combust"],"picked":"Pommel Strike","floor":1},{"not_picked":["Anger","Reckless Charge"],"picked":"Iron Wave","floor":2},{"not_picked":["Clothesline","hubris:ReadiedAction"],"picked":"hubris:StunningStrike","floor":5},{"not_picked":["Seeing Red","Twin Strike"],"picked":"Anger","floor":7},{"not_picked":["Flame Barrier","Cleave","Body Slam"],"picked":"SKIP","floor":10},{"not_picked":["Heavy Blade","Wild Strike","Shrug It Off"],"picked":"SKIP","floor":12},{"not_picked":["BarbarianYell","Shrug It Off"],"picked":"Sever Soul","floor":14},{"not_picked":["Corruption","Bludgeon"],"picked":"Fiend Fire","floor":16},{"not_picked":["Sword Boomerang","Armaments"],"picked":"Clash","floor":18},{"not_picked":["hubris:ReadiedAction+1","Flex+1"],"picked":"Clash","floor":20},{"not_picked":["Twin Strike","Shrug It Off","Entrench"],"picked":"SKIP","floor":22},{"not_picked":["Heavy Blade+1","Perfected Strike"],"picked":"Power Through+1","floor":24},{"not_picked":["Wild Strike","Ghostly Armor+1"],"picked":"Headbutt","floor":29},{"not_picked":["Whirlwind+1","Iron Wave"],"picked":"Flex","floor":30},{"not_picked":["Limit Break","Barricade"],"picked":"Offering","floor":33},{"not_picked":["Heavy Blade+1"],"picked":"SKIP","floor":35},{"not_picked":[],"picked":"Disarm","floor":36},{"not_picked":[],"picked":"Thunderclap+1","floor":38},{"not_picked":[],"picked":"Good Instincts","floor":39},{"not_picked":[],"picked":"Sever Soul+1","floor":40},{"not_picked":["Dark Embrace"],"picked":"SKIP","floor":42}],"player_experience":19702,"relics_obtained":[{"floor":7,"key":"Unceasing Top"},{"floor":9,"key":"ShockBauble"},{"floor":12,"key":"Regal Pillow"},{"floor":14,"key":"rorgmod:Ceramic Fish"},{"floor":24,"key":"hubris:ToyBattleship"},{"floor":26,"key":"Whetstone"},{"floor":28,"key":"MawBank"},{"floor":38,"key":"hubris:FunFungus"},{"floor":40,"key":"Nunchaku"},{"floor":42,"key":"War Paint"},{"floor":43,"key":"Bronze Scales"}],"event_choices":[{"damage_healed":0,"gold_gain":0,"player_choice":"Got Potions","damage_taken":0,"max_hp_gain":0,"max_hp_loss":0,"event_name":"Lab","floor":3,"gold_loss":0},{"damage_healed":0,"gold_gain":0,"player_choice":"Bought 2 Potions","damage_taken":0,"max_hp_gain":0,"max_hp_loss":0,"event_name":"The Woman in Blue","floor":11,"gold_loss":0},{"cards_removed":["Fiend Fire"],"damage_healed":0,"gold_gain":0,"player_choice":"Give","damage_taken":0,"max_hp_gain":0,"max_hp_loss":0,"event_name":"betterNote:BetterNote","floor":31,"gold_loss":0,"cards_obtained":["None"]},{"damage_healed":0,"gold_gain":0,"player_choice":"Fight","damage_taken":0,"max_hp_gain":0,"max_hp_loss":0,"event_name":"MindBloom","floor":38,"gold_loss":0},{"damage_healed":0,"gold_gain":3,"player_choice":"1","damage_taken":0,"max_hp_gain":0,"max_hp_loss":0,"event_name":"betterStone:BetterStone","floor":39,"gold_loss":0}],"is_beta":false,"boss_relics":[{"not_picked":["CosmicIsotope","Runic Dome"],"picked":"hubris:VirtuousBlindfold"},{"not_picked":["HailfireSword","Mark of Pain"],"picked":"Busted Crown"}],"items_purged_floors":[13],"is_endless":false,"potions_floor_spawned":[2,5,14,18,22,30,35,36,42],"killed_by":"Nemesis","ascension_level":6}}