{"host":"q393yg6r5o2yq652","time":1613159814,"event":{"mods":["BaseMod","Colored Map","Minty Spire (QoL Compilation)","Relic Stats","everything is the same but u backflip on backflip"],"gold_per_floor":[212,387,387,97,107,107,141,141,165,195,209,209,225,250,250,250,250],"floor_reached":16,"language":"ENG","playtime":1061,"items_purged":["Defend_P"],"score":142,"play_id":"06f1e7bb-bf2d-41e6-a41f-b795fc0dcebb","local_time":"20210212145654","is_ascension_mode":true,"campfire_choices":[{"data":"Eruption","floor":6,"key":"SMITH"},{"data":"Evaluate","floor":8,"key":"SMITH"},{"data":"LikeWater","floor":15,"key":"SMITH"}],"circlet_count":0,"master_deck":["Strike_P","Strike_P","Strike_P","Strike_P","Defend_P","Defend_P","Defend_P","Eruption+1","Vigilance","ClearTheMind","CutThroughFate","Evaluate","ThirdEye","Evaluate+1","Consecrate","LikeWater+1","CrushJoints","WreathOfFlame","Scrawl","Halt","Adaptation"],"relics":["PureWater","Orrery","Bronze Scales","Bag of Marbles","Nunchaku"],"acts_visited":[],"potions_floor_usage":[15],"damage_taken":[{"damage":2,"enemies":"Jaw Worm","floor":1,"turns":3},{"damage":3,"enemies":"2 Louse","floor":5,"turns":2},{"damage":9,"enemies":"3 Sentries","floor":7,"turns":8},{"damage":14,"enemies":"Lagavulin","floor":10,"turns":7},{"damage":8,"enemies":"Small Slimes","floor":11,"turns":3},{"damage":5,"enemies":"Exordium Wildlife","floor":13,"turns":3},{"damage":8,"enemies":"3 Sentries","floor":14,"turns":6},{"damage":26,"enemies":"The Guardian","floor":16,"turns":2}],"seed_played":"6895997850299318595","potions_obtained":[{"floor":11,"key":"DuplicationPotion"},{"floor":13,"key":"Fruit Juice"},{"floor":14,"key":"Strength Potion"}],"is_trial":false,"path_per_floor":["M","?","?","$","M","R","E","R","T","E","M","?","M","E","R","B"],"character_chosen":"WATCHER","items_purchased":["Orrery","LikeWater"],"campfire_rested":0,"item_purchase_floors":[4,4],"current_hp_per_floor":[70,70,63,63,60,60,51,51,51,37,29,34,29,21,26,0,0],"gold":250,"neow_bonus":"HUNDRED_GOLD","is_daily":false,"chose_seed":false,"campfire_upgraded":3,"win_rate":0.0,"timestamp":1613159814,"path_taken":["M","?","?","$","M","R","E","R","T","E","M","?","M","E","R","BOSS"],"items_purchased_type":["Relic","Card"],"build_version":"2020-12-22","purchased_purges":1,"victory":false,"max_hp_per_floor":[72,72,72,72,72,72,72,72,72,72,72,77,77,77,82,82,82],"relic_stats":{"Nunchaku":[0],"counters":[8,34],"Bronze Scales":[34],"obtain_stats":[{"Nunchaku":14,"Bronze Scales":7,"Orrery":4,"Bag of Marbles":10,"PureWater":0},{"Nunchaku":7,"Bronze Scales":3,"Orrery":1,"Bag of Marbles":4,"PureWater":0},{"Nunchaku":32,"Bronze Scales":13,"Orrery":3,"Bag of Marbles":20,"PureWater":0}]},"card_choices":[{"not_picked":["PathToVictory","Crescendo"],"picked":"ClearTheMind","floor":1},{"not_picked":["FlyingSleeves","FollowUp"],"picked":"CutThroughFate","floor":4},{"not_picked":["EmptyBody","Pray"],"picked":"Evaluate","floor":4},{"not_picked":["InnerPeace","SandsOfTime"],"picked":"ThirdEye","floor":4},{"not_picked":["EmptyFist","SignatureMove"],"picked":"Evaluate","floor":4},{"not_picked":["CutThroughFate","Ragnarok"],"picked":"Consecrate","floor":4},{"not_picked":["ClearTheMind","Protect"],"picked":"CrushJoints","floor":5},{"not_picked":["FlyingSleeves","LikeWater"],"picked":"WreathOfFlame","floor":7},{"not_picked":["Protect","Evaluate","WreathOfFlame"],"picked":"SKIP","floor":10},{"not_picked":["Worship","Protect"],"picked":"Scrawl","floor":11},{"not_picked":["FollowUp","FlyingSleeves"],"picked":"Halt","floor":13},{"not_picked":["InnerPeace","Prostrate"],"picked":"Adaptation","floor":14}],"player_experience":297838,"relics_obtained":[{"floor":7,"key":"Bronze Scales"},{"floor":10,"key":"Bag of Marbles"},{"floor":14,"key":"Nunchaku"}],"event_choices":[{"damage_healed":0,"gold_gain":175,"player_choice":"AGREE","damage_taken":0,"max_hp_gain":0,"max_hp_loss":0,"event_name":"Liars Game","floor":2,"gold_loss":0,"cards_obtained":["Doubt"]},{"cards_removed":["Doubt"],"damage_healed":0,"gold_gain":0,"player_choice":"Card Removal","damage_taken":7,"max_hp_gain":0,"max_hp_loss":0,"event_name":"Golden Wing","floor":3,"gold_loss":0},{"damage_healed":0,"gold_gain":0,"player_choice":"Donut","damage_taken":0,"max_hp_gain":5,"max_hp_loss":0,"event_name":"Big Fish","floor":12,"gold_loss":0}],"is_beta":false,"boss_relics":[],"items_purged_floors":[4],"is_endless":false,"potions_floor_spawned":[11,13,14],"killed_by":"The Guardian","ascension_level":4}}