{"host":"cjhtzh7tp54jdfyv","time":1613102570,"event":{"mods":["AchievementEnabler","BaseMod","Colored Map","Colored Powertips","Curses Come First","DeckTracker","Minty Spire (QoL Compilation)","RNG Fix","Relic Sorter","Relic Stats","StSLib","UnlockEverythingMod","ojb\u0027s Better Paths Mod","ojb\u0027s Info Mod"],"gold_per_floor":[111,36,54,329,339,339,350,369,396,429,160,185,185,203,203,280,280,295,306,306,306,306,306,337,71,98,127,146,181,181,20,20,91,91,101,101,120,135,153,153,187,187,187,212,212,87,104,104,104,104,104,104],"floor_reached":51,"language":"ENG","playtime":3632,"items_purged":["Defend_G","Regret","Bite"],"score":1781,"play_id":"23ab829b-f5d5-42cb-948d-6dde1157b28c","local_time":"20210211230250","is_ascension_mode":true,"campfire_choices":[{"data":"Poisoned Stab","floor":6.0,"key":"SMITH"},{"data":"A Thousand Cuts","floor":13.0,"key":"SMITH"},{"data":"Choke","floor":15.0,"key":"SMITH"},{"data":"Phantasmal Killer","floor":23.0,"key":"SMITH"},{"data":"Ghostly","floor":32.0,"key":"SMITH"},{"data":"Prepared","floor":40.0,"key":"SMITH"},{"floor":42.0,"key":"RECALL"},{"data":"Phantasmal Killer","floor":49,"key":"SMITH"}],"circlet_count":0,"master_deck":["AscendersBane","Defend_G","Defend_G","Defend_G","Defend_G","Survivor","Neutralize","Swift Strike","Slice","Poisoned Stab+1","Backflip","Die Die Die","Choke+1","A Thousand Cuts+1","Slice","Slice","Phantasmal Killer+1","Terror","Sucker Punch+1","Unload","Prepared+1","Ghostly+1","Ghostly","Ghostly","Bite","Bite","Bite","Bite","Well Laid Plans+1","Ghostly","Expertise+1","Acrobatics","Phantasmal Killer+1","Venomology","Madness","Madness","Acrobatics","Flash of Steel","Violence","Deep Breath"],"relics":["Ring of the Snake","Pen Nib","Frozen Eye","Matryoshka","Coffee Dripper","Singing Bowl","Shuriken","Bronze Scales","Orichalcum","Red Mask","Boot","DollysMirror","WristBlade","Akabeko","Lantern","Meat on the Bone","Art of War"],"acts_visited":["Exordium","TheCity","TheBeyond"],"potions_floor_usage":[50],"damage_taken":[{"damage":0.0,"enemies":"Jaw Worm","floor":1.0,"turns":4.0},{"damage":4.0,"enemies":"Small Slimes","floor":3.0,"turns":3.0},{"damage":3.0,"enemies":"2 Louse","floor":5.0,"turns":3.0},{"damage":4.0,"enemies":"Red Slaver","floor":7.0,"turns":4.0},{"damage":5.0,"enemies":"2 Fungi Beasts","floor":8.0,"turns":2.0},{"damage":19.0,"enemies":"3 Sentries","floor":10.0,"turns":7.0},{"damage":7.0,"enemies":"Lagavulin","floor":12.0,"turns":6.0},{"damage":0.0,"enemies":"Blue Slaver","floor":14.0,"turns":3.0},{"damage":0.0,"enemies":"Slime Boss","floor":16.0,"turns":5.0},{"damage":25.0,"enemies":"Shell Parasite","floor":18.0,"turns":4.0},{"damage":0.0,"enemies":"Chosen","floor":19.0,"turns":3.0},{"damage":24.0,"enemies":"Slavers","floor":24.0,"turns":4.0},{"damage":0.0,"enemies":"Masked Bandits","floor":27.0,"turns":3.0},{"damage":0.0,"enemies":"3 Cultists","floor":28.0,"turns":4.0},{"damage":0.0,"enemies":"Book of Stabbing","floor":29.0,"turns":4.0},{"damage":0.0,"enemies":"Collector","floor":33.0,"turns":7.0},{"damage":0.0,"enemies":"3 Shapes","floor":35.0,"turns":5.0},{"damage":2.0,"enemies":"3 Darklings","floor":37.0,"turns":5.0},{"damage":0.0,"enemies":"Transient","floor":38.0,"turns":6.0},{"damage":0.0,"enemies":"Jaw Worm Horde","floor":39.0,"turns":5.0},{"damage":4.0,"enemies":"Reptomancer","floor":41.0,"turns":4.0},{"damage":0.0,"enemies":"Nemesis","floor":44.0,"turns":5.0},{"damage":2.0,"enemies":"Sphere and 2 Shapes","floor":47.0,"turns":4.0},{"damage":26,"enemies":"Awakened One","floor":50,"turns":8},{"damage":26,"enemies":"Time Eater","floor":51,"turns":5}],"seed_played":"813884989494515067","potions_obtained":[{"floor":5.0,"key":"SneckoOil"},{"floor":7.0,"key":"Fire Potion"},{"floor":8.0,"key":"BlessingOfTheForge"},{"floor":10.0,"key":"SkillPotion"},{"floor":16.0,"key":"SteroidPotion"},{"floor":19.0,"key":"Dexterity Potion"},{"floor":28.0,"key":"Poison Potion"},{"floor":33.0,"key":"EssenceOfSteel"},{"floor":37.0,"key":"FearPotion"},{"floor":44.0,"key":"PowerPotion"}],"is_trial":false,"path_per_floor":["M","$","M","?","M","R","M","M","T","E","$","E","R","M","R","B",null,"M","M","?","?","?","R","E","$","T","?","M","E","?","$","R","B",null,"M","$","M","M","M","R","E","R","T","E","?","$","M","?","R","B","B"],"character_chosen":"THE_SILENT","items_purchased":["Frozen Eye","Shuriken","DollysMirror"],"campfire_rested":0,"item_purchase_floors":[11,25,31],"current_hp_per_floor":[59,59,55,55,52,52,48,43,43,24,24,17,17,17,17,17,54,29,29,29,29,23,23,5,5,5,9,17,25,20,20,20,36,36,36,36,36,38,40,40,36,36,36,40,33,33,35,25,25,17,0,0],"gold":104,"neow_bonus":"RANDOM_COLORLESS","is_daily":false,"chose_seed":false,"campfire_upgraded":7,"win_rate":0.0,"timestamp":1613102570,"path_taken":["M","?","M","?","M","R","M","M","T","E","$","E","R","M","R","BOSS","M","M","?","?","?","R","E","$","T","?","?","E","?","?","R","BOSS","M","$","?","M","M","R","E","R","T","E","?","$","M","?","R","BOSS","BOSS"],"items_purchased_type":["Relic","Relic","Relic"],"build_version":"2020-12-22","purchased_purges":3,"victory":false,"max_hp_per_floor":[66,66,66,66,66,66,66,66,66,66,66,66,66,66,66,66,66,66,66,66,33,23,23,25,25,25,27,27,29,34,34,34,36,36,36,36,36,38,40,40,40,40,40,40,40,40,40,40,40,40,40,40],"relic_stats":{"Singing Bowl":12,"counters":[25,113],"Shuriken":[29],"Bronze Scales":[245],"Pen Nib":[21],"Art of War":[3],"Orichalcum":[240],"Boot":[21],"obtain_stats":[{"Lantern":43,"Singing Bowl":24,"Pen Nib":10,"Orichalcum":26,"Boot":29,"Akabeko":41,"Frozen Eye":11,"Matryoshka":12,"WristBlade":34,"Shuriken":25,"DollysMirror":31,"Bronze Scales":26,"Coffee Dripper":17,"Red Mask":27,"Art of War":44,"Ring of the Snake":0,"Meat on the Bone":43},{"Lantern":21,"Singing Bowl":12,"Pen Nib":6,"Orichalcum":12,"Boot":15,"Akabeko":21,"Frozen Eye":6,"Matryoshka":7,"WristBlade":16,"Shuriken":12,"DollysMirror":15,"Bronze Scales":12,"Coffee Dripper":9,"Red Mask":13,"Art of War":22,"Ring of the Snake":0,"Meat on the Bone":21},{"Lantern":91,"Singing Bowl":48,"Pen Nib":23,"Orichalcum":48,"Boot":59,"Akabeko":91,"Frozen Eye":23,"Matryoshka":29,"WristBlade":66,"Shuriken":48,"DollysMirror":59,"Bronze Scales":48,"Coffee Dripper":37,"Red Mask":51,"Art of War":96,"Ring of the Snake":0,"Meat on the Bone":91}],"Ring of the Snake":[50],"Meat on the Bone":12},"card_choices":[{"not_picked":["Forethought","Impatience"],"picked":"Swift Strike","floor":0.0},{"not_picked":["Skewer","Reflex"],"picked":"Slice","floor":1.0},{"not_picked":["Catalyst","Bane"],"picked":"Poisoned Stab","floor":3.0},{"not_picked":["Cloak And Dagger","PiercingWail"],"picked":"Backflip","floor":5.0},{"not_picked":["Deadly Poison","Well Laid Plans"],"picked":"Die Die Die","floor":7.0},{"not_picked":["Quick Slash","Catalyst"],"picked":"Choke","floor":8.0},{"not_picked":["Deadly Poison","Bouncing Flask"],"picked":"A Thousand Cuts","floor":10.0},{"not_picked":["Accuracy","Bane"],"picked":"Slice","floor":12.0},{"not_picked":["Outmaneuver","Setup"],"picked":"Slice","floor":14.0},{"not_picked":["A Thousand Cuts","Envenom"],"picked":"Phantasmal Killer","floor":16.0},{"not_picked":["Tactician","PiercingWail"],"picked":"Terror","floor":18.0},{"not_picked":["Flying Knee","Cloak And Dagger"],"picked":"Sucker Punch+1","floor":19.0},{"not_picked":["Backstab","Slice","Eviscerate"],"picked":"Singing Bowl","floor":24.0},{"not_picked":["Dagger Throw","Poisoned Stab","Cloak And Dagger"],"picked":"Singing Bowl","floor":27.0},{"not_picked":["Bane","Sucker Punch"],"picked":"Well Laid Plans+1","floor":28.0},{"not_picked":["Corpse Explosion","Accuracy+1","Crippling Poison"],"picked":"Singing Bowl","floor":29.0},{"not_picked":["Die Die Die","Envenom","Grand Finale"],"picked":"Singing Bowl","floor":33.0},{"not_picked":["Dagger Spray","Tactician+1"],"picked":"Expertise+1","floor":35.0},{"not_picked":["Dagger Throw","Accuracy"],"picked":"Acrobatics","floor":37.0},{"not_picked":["Dagger Throw","Prepared","Choke+1"],"picked":"Singing Bowl","floor":38.0},{"not_picked":["Slice+1","Deadly Poison+1","Bane"],"picked":"Singing Bowl","floor":39.0},{"not_picked":["Dodge and Roll+1","Endless Agony+1"],"picked":"Phantasmal Killer","floor":41.0},{"not_picked":["PiercingWail","Skewer"],"picked":"Venomology","floor":44.0},{"not_picked":["Dagger Spray","Catalyst"],"picked":"Acrobatics","floor":47},{"not_picked":["HandOfGreed","Dramatic Entrance"],"picked":"Flash of Steel","floor":48},{"not_picked":["Enlightenment","Mayhem"],"picked":"Violence","floor":48},{"not_picked":["Sadistic Nature","Madness"],"picked":"Deep Breath","floor":48}],"player_experience":4841787,"relics_obtained":[{"floor":10.0,"key":"Pen Nib"},{"floor":12.0,"key":"Matryoshka"},{"floor":24.0,"key":"Singing Bowl"},{"floor":26.0,"key":"Bronze Scales"},{"floor":26.0,"key":"Orichalcum"},{"floor":27.0,"key":"Red Mask"},{"floor":29.0,"key":"Boot"},{"floor":41.0,"key":"Akabeko"},{"floor":43.0,"key":"Lantern"},{"floor":43.0,"key":"Meat on the Bone"},{"floor":44.0,"key":"Art of War"}],"event_choices":[{"damage_healed":0.0,"max_hp_gain":0.0,"max_hp_loss":0.0,"gold_gain":275.0,"event_name":"Golden Shrine","player_choice":"Desecrate","floor":4.0,"gold_loss":0.0,"damage_taken":0.0,"cards_obtained":["Regret"]},{"damage_healed":0.0,"max_hp_gain":0.0,"max_hp_loss":0.0,"gold_gain":0.0,"cards_transformed":["Strike_G","Strike_G"],"event_name":"Drug Dealer","player_choice":"Became Test Subject","floor":20.0,"gold_loss":0.0,"damage_taken":0.0,"cards_obtained":["Unload","Prepared"]},{"damage_healed":0.0,"max_hp_gain":0.0,"max_hp_loss":33.0,"gold_gain":0.0,"event_name":"Ghosts","player_choice":"Became a Ghost","floor":21.0,"gold_loss":0.0,"damage_taken":0.0,"cards_obtained":["Ghostly","Ghostly","Ghostly"]},{"damage_healed":0.0,"max_hp_gain":0.0,"max_hp_loss":10.0,"gold_gain":0.0,"event_name":"Vampires","player_choice":"Became a vampire","floor":22.0,"gold_loss":0.0,"damage_taken":0.0,"cards_obtained":["Bite","Bite","Bite","Bite","Bite"]},{"damage_healed":0.0,"max_hp_gain":0.0,"max_hp_loss":0.0,"gold_gain":0.0,"event_name":"Masked Bandits","player_choice":"Fought Bandits","floor":27.0,"gold_loss":0.0,"damage_taken":0.0},{"damage_healed":0.0,"max_hp_gain":5.0,"max_hp_loss":0.0,"gold_gain":0.0,"event_name":"Forgotten Altar","player_choice":"Shed Blood","floor":30.0,"gold_loss":0.0,"damage_taken":10.0},{"damage_healed":0.0,"max_hp_gain":0.0,"max_hp_loss":0.0,"gold_gain":0.0,"event_name":"Winding Halls","player_choice":"Embrace Madness","floor":45.0,"gold_loss":0.0,"damage_taken":7.0,"cards_obtained":["Madness","Madness"]},{"damage_healed":0,"gold_gain":0,"player_choice":"Memory 3","damage_taken":10,"max_hp_gain":0,"max_hp_loss":0,"event_name":"SensoryStone","floor":48,"gold_loss":0}],"is_beta":false,"boss_relics":[{"not_picked":["Ring of the Serpent","Tiny House"],"picked":"Coffee Dripper"},{"not_picked":["Cursed Key","Astrolabe"],"picked":"WristBlade"}],"items_purged_floors":[2,11,46],"is_endless":false,"potions_floor_spawned":[5,7,8,10,16,19,28,33,37,38,44,47],"killed_by":"Time Eater","ascension_level":20}}