{"host":"zwezhz46a5cjkxff","time":1613107814,"event":{"mods":["AchievementEnabler","BaseMod","Colored Map","Colored Powertips","DeckTracker","Minty Spire (QoL Compilation)","Permanent Neow","Quick Restart","Rare Cards Sparkle","Relic Stats","StSLib","SuperFastMode"],"gold_per_floor":[115,132,147,117,135,162,162,178,204,204,204],"floor_reached":10,"language":"ENG","playtime":291,"items_purged":[],"score":77,"play_id":"af2377d8-d6fd-4997-a3ed-b66dc60528b7","local_time":"20210211233014","is_ascension_mode":true,"campfire_choices":[{"floor":7,"key":"REST"}],"circlet_count":0,"master_deck":["Strike_G","Strike_G","Strike_G","Strike_G","Strike_G","Defend_G","Defend_G","Defend_G","Defend_G","Defend_G","Survivor","Neutralize","Noxious Fumes","Bane","Catalyst","Envenom"],"relics":["Ring of the Snake","The Specimen","Torii","Bronze Scales"],"acts_visited":["Exordium"],"potions_floor_usage":[2,10],"damage_taken":[{"damage":2,"enemies":"Cultist","floor":1,"turns":4},{"damage":0,"enemies":"Small Slimes","floor":2,"turns":4},{"damage":8,"enemies":"2 Louse","floor":3,"turns":3},{"damage":8,"enemies":"Looter","floor":4,"turns":4},{"damage":3,"enemies":"3 Louse","floor":5,"turns":3},{"damage":36,"enemies":"Lagavulin","floor":6,"turns":8},{"damage":1,"enemies":"Blue Slaver","floor":8,"turns":5},{"damage":25,"enemies":"3 Sentries","floor":10,"turns":4}],"seed_played":"-3018694371866738180","potions_obtained":[{"floor":1,"key":"Energy Potion"},{"floor":5,"key":"SteroidPotion"}],"is_trial":false,"path_per_floor":["M","M","M","M","M","E","R","M","T","E"],"character_chosen":"THE_SILENT","items_purchased":[],"campfire_rested":1,"item_purchase_floors":[],"current_hp_per_floor":[61,61,53,45,42,6,24,23,23,0,0],"gold":204,"neow_bonus":"ONE_RARE_RELIC","is_daily":false,"chose_seed":false,"campfire_upgraded":0,"win_rate":0.0,"timestamp":1613107814,"path_taken":["M","?","M","M","?","E","R","M","T","E"],"items_purchased_type":[],"build_version":"2020-12-22","purchased_purges":0,"victory":false,"max_hp_per_floor":[63,63,63,63,63,63,63,63,63,63,63],"relic_stats":{"Torii":2,"counters":[8,35],"Bronze Scales":[12],"obtain_stats":[{"The Specimen":0,"Torii":6,"Bronze Scales":9,"Ring of the Snake":0},{"The Specimen":0,"Torii":6,"Bronze Scales":7,"Ring of the Snake":0},{"The Specimen":0,"Torii":26,"Bronze Scales":31,"Ring of the Snake":0}],"Ring of the Snake":[16]},"card_choices":[{"not_picked":["Blade Dance","Acrobatics"],"picked":"Noxious Fumes","floor":1},{"not_picked":["Leg Sweep","Dodge and Roll"],"picked":"Bane","floor":2},{"not_picked":["Skewer","Deadly Poison"],"picked":"Catalyst","floor":3},{"not_picked":["Deflect","Sucker Punch","Prepared"],"picked":"SKIP","floor":4},{"not_picked":["Quick Slash","Flying Knee","Bane"],"picked":"SKIP","floor":5},{"not_picked":["Skewer","Blade Dance","Predator"],"picked":"SKIP","floor":6},{"not_picked":["Sucker Punch","Dodge and Roll"],"picked":"Envenom","floor":8}],"player_experience":100402,"relics_obtained":[{"floor":6,"key":"Torii"},{"floor":9,"key":"Bronze Scales"}],"event_choices":[],"is_beta":false,"boss_relics":[],"items_purged_floors":[],"is_endless":false,"potions_floor_spawned":[1,5],"killed_by":"3 Sentries","ascension_level":2}}