{"host":"fnndj664xgd3vavt","time":1613156390,"event":{"mods":["AchievementEnabler","BaseMod","Colored Powertips","DeckTracker","Downfall","Highlight Path","Infinite Spire","Marisa????????","Minty Spire (QoL Compilation)","Quick Restart","Random Character Button","Replay The Spire","StSLib","The Servant 0.9.4"],"gold_per_floor":[99,117,137,287,378,389,437,506,517,317,330,344,344,170,182,278,278,278,297,40,63,85,85,111,136,160,160,268,261,284,312,336,446,446,446,459,485,485,485,543,543,543,461,461,489,489,489,489,489,489],"floor_reached":48,"language":"ENG","playtime":2645,"items_purged":["Pain","downfall:Malfunctioning"],"score":701,"play_id":"d37e1f09-9fc9-4baf-ac7b-61a38fd2bc7c","local_time":"20210212135950","is_ascension_mode":false,"campfire_choices":[{"floor":1,"key":"RECALL"},{"data":"hexamod:FlamesFromBeyond","floor":10,"key":"SMITH"},{"data":"hexamod:PhantomCloak","floor":13,"key":"SMITH"},{"floor":18,"key":"DIG"},{"floor":42,"key":"REST"},{"data":"hexamod:SearingWound","floor":42,"key":"SMITH"},{"data":"hexamod:VolcanoVisage","floor":44,"key":"SMITH"},{"data":"hexamod:WildfireWeapon","floor":46,"key":"SMITH"}],"circlet_count":0,"master_deck":["hexamod:Strike","hexamod:Strike","hexamod:Strike","hexamod:Strike","hexamod:Defend","hexamod:Defend","hexamod:Defend","hexamod:Sear","hexamod:Float","hexamod:FirstSeal","hexamod:PhantomCloak+1","hexamod:GhostLash","hexamod:FlamesFromBeyond+1","hexamod:HauntingEcho","hexamod:SpectersWail","hexamod:WildfireWeapon+1","hexamod:SearingWound+1","hexamod:SecondSeal","hexamod:ThirdSeal","hexamod:FlamesFromBeyond","Doubt","hexamod:EtherealExpedition+1","hexamod:FourthSeal","hexamod:FlamesFromBeyond+1","hexamod:FlamesFromBeyond","hexamod:RadiantFlame","hexamod:GhostOfSpireFuture","hexamod:FifthSeal","hexamod:HexaLevel","Clumsy","Writhe","CurseOfTheBell","CurseOfTheBell","hexamod:GhostShield","hexamod:VolcanoVisage+1","hexamod:Hexaguard"],"relics":["hexamod:SpiritBrand","Omamori","Akabeko","ReplayFunnel","downfall:HeartBlessingRed","downfall:HeartBlessingBlue","Cursed Key","Darkstone Periapt","Mummified Hand","Anchor","Nunchaku","hexamod:SoulConsumer","Replay:Ringing Soul","Replay:Ancient Bell","Bag of Marbles","Matryoshka","Durian","downfall:ExtraCursedBell","Ancient Tea Set","infinitespire:WardingShard","WingedGreaves","Black Star","Medical Kit","infinitespire:Magic Flask","Kunai","infinitespire:BottledMercury"],"acts_visited":["Exordium","TheCity","TheBeyond"],"potions_floor_usage":[33,40,40,48],"damage_taken":[{"damage":0,"enemies":"Cultist","floor":2,"turns":3},{"damage":0,"enemies":"Small Slimes","floor":3,"turns":3},{"damage":6,"enemies":"Jaw Worm","floor":6,"turns":3},{"damage":8,"enemies":"Gremlin Gang","floor":9,"turns":3},{"damage":16,"enemies":"Exordium Thugs","floor":11,"turns":4},{"damage":6,"enemies":"Lots of Slimes","floor":12,"turns":3},{"damage":2,"enemies":"downfall:FleeingMerchant","floor":14,"turns":4},{"damage":9,"enemies":"Exordium Wildlife","floor":15,"turns":4},{"damage":11,"enemies":"SI_SHIV_ARCHETYPE","floor":16,"turns":6},{"damage":8,"enemies":"Spheric Guardian","floor":19,"turns":5},{"damage":2,"enemies":"downfall:FleeingMerchant","floor":20,"turns":4},{"damage":14,"enemies":"3 Byrds","floor":21,"turns":4},{"damage":19,"enemies":"Centurion and Healer","floor":22,"turns":7},{"damage":0,"enemies":"Snake Plant","floor":25,"turns":3},{"damage":0,"enemies":"Snecko","floor":26,"turns":3},{"damage":28,"enemies":"DF_ARCHETYPE_STREAMLINE","floor":28,"turns":8},{"damage":6,"enemies":"downfall:FleeingMerchant","floor":29,"turns":4},{"damage":8,"enemies":"Chosen and Byrds","floor":30,"turns":6},{"damage":10,"enemies":"3 Cultists","floor":31,"turns":3},{"damage":5,"enemies":"Shelled Parasite and Fungi","floor":32,"turns":4},{"damage":82,"enemies":"WA_ARCHETYPE_CALM","floor":33,"turns":14},{"damage":3,"enemies":"3 Shapes","floor":36,"turns":4},{"damage":0,"enemies":"Orb Walker","floor":37,"turns":4},{"damage":57,"enemies":"Orb Walker","floor":40,"turns":8},{"damage":16,"enemies":"downfall:FleeingMerchant","floor":43,"turns":4},{"damage":0,"enemies":"4 Shapes","floor":45,"turns":7},{"damage":169,"enemies":"Giant Head","floor":48,"turns":11}],"seed_played":"611713402160208716","potions_obtained":[{"floor":6,"key":"Explosive Potion"},{"floor":9,"key":"Energy Potion"},{"floor":12,"key":"Elixir"},{"floor":26,"key":"DistilledChaos"},{"floor":28,"key":"SpeedPotion"},{"floor":29,"key":"LiquidBronze"},{"floor":30,"key":"FairyPotion"},{"floor":33,"key":"hexamod:InfernoChargePotion"},{"floor":36,"key":"Reflective Coating"},{"floor":40,"key":"LiquidMemories"},{"floor":40,"key":"Strength Potion"}],"is_trial":false,"path_per_floor":["R","M","M","?","?","M","T","T","M","R","M","M","R","$","M","B",null,"R","M","$","M","M","?","T","M","M","?","?","$","M","M","M","B",null,"R","M","M","AVR","?","?","T","R","$","R","M","R","?","E"],"character_chosen":"THE_SPIRIT","items_purchased":["hexamod:WildfireWeapon","Mummified Hand"],"campfire_rested":1,"item_purchase_floors":[14,20],"current_hp_per_floor":[70,70,70,70,53,54,54,54,53,63,47,48,48,53,51,47,80,80,79,80,73,61,61,67,67,67,67,46,54,53,54,63,24,124,139,139,139,139,139,96,105,150,141,141,152,152,155,0,0,0],"gold":489,"neow_bonus":"RANDOM_COMMON_RELIC","is_daily":false,"chose_seed":false,"campfire_upgraded":5,"win_rate":0.0,"timestamp":1613156390,"path_taken":["R","M","?","?","?","?","T","?","?","R","M","M","R","?","M","BOSS","R","M","?","M","M","?","T","M","M","?","?","$","M","M","M","BOSS","R","M","M","AVR","?","?","T","R","$","R","M","R","?","E"],"items_purchased_type":["Card","Relic"],"build_version":"2020-12-22","purchased_purges":2,"victory":false,"max_hp_per_floor":[70,70,70,70,70,70,70,70,70,80,80,80,80,80,80,80,80,80,80,80,80,80,80,86,86,86,86,86,89,92,92,95,98,124,139,139,139,139,139,142,151,151,154,154,154,154,157,157,157,157],"card_choices":[{"not_picked":["hexamod:FastForward","hexamod:ExtraCrispy"],"picked":"hexamod:FirstSeal","floor":2},{"not_picked":["hexamod:InspiringFlames","hexamod:SoulSteal"],"picked":"hexamod:PhantomCloak","floor":3},{"not_picked":["hexamod:SpectralAdrenaline","hexamod:Incineration"],"picked":"hexamod:GhostLash","floor":5},{"not_picked":["hexamod:AdvancingGuard","hexamod:ShieldOfDarkness"],"picked":"hexamod:FlamesFromBeyond","floor":5},{"not_picked":["hexamod:GhostLash","hexamod:Rewind","hexamod:DynamicBlow"],"picked":"SKIP","floor":6},{"not_picked":["hexamod:FirstSeal","hexamod:FastForward","hexamod:GhostLash"],"picked":"SKIP","floor":9},{"not_picked":["hexamod:SpectersWail","hexamod:AdvancingGuard"],"picked":"hexamod:HauntingEcho","floor":11},{"not_picked":["hexamod:RecurringNightmare","hexamod:FastForward"],"picked":"hexamod:SpectersWail","floor":12},{"not_picked":["hexamod:InspiringFlames","hexamod:HeatMetal","hexamod:ThermalTransfer"],"picked":"SKIP","floor":14},{"not_picked":["hexamod:NecessarySacrifice","hexamod:FirstSeal","hexamod:SwordOfDarkness"],"picked":"SKIP","floor":15},{"not_picked":["hexamod:WildfireWeapon","hexamod:UnleashSpirits"],"picked":"hexamod:SearingWound","floor":16},{"not_picked":["hexamod:HauntingEcho","hexamod:BurningTouch+1"],"picked":"hexamod:SecondSeal","floor":19},{"not_picked":["hexamod:SpectersWail+1","hexamod:GhostOfSpirePast"],"picked":"hexamod:ThirdSeal","floor":20},{"not_picked":["hexamod:HeatCrush","hexamod:NightmareStrike+1","hexamod:ShieldOfDarkness"],"picked":"SKIP","floor":21},{"not_picked":["hexamod:SpectersWail","hexamod:Hexaguard","hexamod:AdvancingGuard"],"picked":"SKIP","floor":21},{"not_picked":["hexamod:GhostShield","hexamod:ShieldOfDarkness+1"],"picked":"hexamod:FlamesFromBeyond","floor":22},{"not_picked":["hexamod:Haunt+1","hexamod:GhostflameBarrier","hexamod:Again"],"picked":"SKIP","floor":22},{"not_picked":["hexamod:Firestarter","hexamod:ShieldOfDarkness"],"picked":"hexamod:EtherealExpedition+1","floor":25},{"not_picked":["hexamod:NightmareGuise","hexamod:SkipABeat","hexamod:FastForward"],"picked":"SKIP","floor":26},{"not_picked":["hexamod:NightmareGuise","hexamod:ShieldOfDarkness","hexamod:TurnItUp"],"picked":"SKIP","floor":26},{"not_picked":["hexamod:DynamicBlow","hexamod:BurningTouch"],"picked":"hexamod:FlamesFromBeyond+1","floor":29},{"not_picked":["hexamod:EtherealExpedition","hexamod:GhostLash","hexamod:ShieldOfDarkness"],"picked":"SKIP","floor":29},{"not_picked":["hexamod:Hexaguard","hexamod:AdvancingGuard"],"picked":"hexamod:FlamesFromBeyond","floor":30},{"not_picked":["hexamod:SecondSeal","hexamod:Haunt+1","hexamod:HeatCrush"],"picked":"SKIP","floor":30},{"not_picked":["hexamod:PhantomFireball+1","hexamod:FirstSeal","hexamod:GhostOfSpireFuture"],"picked":"SKIP","floor":31},{"not_picked":["hexamod:Again","hexamod:ShieldOfDarkness","hexamod:BacktrackSmack"],"picked":"SKIP","floor":31},{"not_picked":["hexamod:ShieldOfDarkness+1","hexamod:FirstSeal"],"picked":"hexamod:RadiantFlame","floor":32},{"not_picked":["hexamod:NightmareGuise+1","hexamod:AdvancingGuard+1"],"picked":"hexamod:GhostOfSpireFuture","floor":32},{"not_picked":["hexamod:TurnItUp","hexamod:GiftsFromTheDead"],"picked":"hexamod:FifthSeal","floor":33},{"not_picked":["hexamod:TimeWarp","hexamod:TurnItUp"],"picked":"hexamod:HexaLevel","floor":33},{"not_picked":["downfall:Icky","Replay:Sluggish"],"picked":"Pain","floor":34},{"not_picked":["CommonCold","Delirium"],"picked":"Clumsy","floor":34},{"not_picked":["ReplayTheSpireMod:Restless Dread","ReplayTheSpireMod:Faulty Equipment"],"picked":"Writhe","floor":34},{"not_picked":["hexamod:GhostLash","hexamod:SpectralAdrenaline","hexamod:SwordOfDarkness+1"],"picked":"SKIP","floor":36},{"not_picked":["hexamod:FlamesFromBeyond","hexamod:BacktrackSmack","hexamod:Firestarter+1"],"picked":"SKIP","floor":37},{"not_picked":["hexamod:GhostLash","hexamod:ShieldOfDarkness+1","hexamod:SpectersWail"],"picked":"SKIP","floor":37},{"not_picked":["hexamod:PowerFromBeyond","hexamod:NightmareStrike"],"picked":"hexamod:GhostShield","floor":40},{"not_picked":["hexamod:ShieldOfDarkness","hexamod:EtherealExpedition"],"picked":"hexamod:VolcanoVisage","floor":43},{"not_picked":["hexamod:AdvancingGuard+1","hexamod:SkipABeat+1","hexamod:NecessarySacrifice"],"picked":"SKIP","floor":43},{"not_picked":["hexamod:GhostLash","hexamod:Hexaguard","hexamod:FlamesFromBeyond"],"picked":"SKIP","floor":45},{"not_picked":["hexamod:HauntingEcho+1","hexamod:HeatMetal+1","hexamod:RetreatToShadows+1"],"picked":"SKIP","floor":45}],"player_experience":310361,"relics_obtained":[{"floor":5,"key":"Akabeko"},{"floor":7,"key":"ReplayFunnel"},{"floor":18,"key":"Darkstone Periapt"},{"floor":24,"key":"Nunchaku"},{"floor":28,"key":"hexamod:SoulConsumer"},{"floor":28,"key":"Replay:Ringing Soul"},{"floor":35,"key":"Ancient Tea Set"},{"floor":35,"key":"infinitespire:WardingShard"},{"floor":35,"key":"WingedGreaves"},{"floor":40,"key":"infinitespire:Magic Flask"},{"floor":41,"key":"Kunai"},{"floor":41,"key":"infinitespire:BottledMercury"}],"event_choices":[],"is_beta":false,"boss_relics":[{"not_picked":["Snecko Eye","Kintsugi"],"picked":"Cursed Key"},{"not_picked":["Pandora\u0027s Box","Runic Dome"],"picked":"Replay:Ancient Bell"},{"not_picked":["Gremlin Food","Replay:Wax Seal"],"picked":"Bag of Marbles"},{"not_picked":["Quantum Egg","Chameleon Ring"],"picked":"Matryoshka"},{"not_picked":["infinitespire:Lychee Nut","Gambling Chip"],"picked":"Durian"}],"items_purged_floors":[38,43],"is_endless":false,"potions_floor_spawned":[6,9,12,25,26,28,30,40],"killed_by":"Giant Head","ascension_level":0}}