{"host":"r4aerl4ckfvw1dw3","time":1613118893,"event":{"mods":["BaseMod","BetterRewards","Minty Spire (QoL Compilation)","Quick Restart","StSLib"],"gold_per_floor":[113,125,125,143,34,34,69,100,112,124,164,21,33,50,50,148,148,168,188,287,133,133,133,163,163,163],"floor_reached":25,"language":"ENG","playtime":1063,"items_purged":["Strike_B"],"score":266,"play_id":"19ce7daa-a13e-45d1-bf5c-3958b6201aa5","local_time":"20210212003453","is_ascension_mode":true,"campfire_choices":[{"data":"Zap","floor":6,"key":"SMITH"},{"data":"Doom and Gloom","floor":10,"key":"SMITH"},{"data":"Doom and Gloom","floor":15,"key":"SMITH"},{"data":"Chill","floor":23,"key":"SMITH"}],"circlet_count":0,"master_deck":["Strike_B","Strike_B","Strike_B","Defend_B","Defend_B","Defend_B","Defend_B","Zap+1","Dualcast","Coolheaded","Go for the Eyes","Turbo","Chill+1","Consume","Doom and Gloom+1","Doom and Gloom+1","Stack","Multi-Cast","Gash","Cold Snap","Cold Snap"],"relics":["Cracked Core","HornCleat","MawBank","Singing Bowl","Matryoshka","PreservedInsect","Black Star","Lee\u0027s Waffle","Cables","Bag of Preparation"],"acts_visited":["Exordium","TheCity"],"potions_floor_usage":[7,16,16,24,24],"damage_taken":[{"damage":0,"enemies":"Small Slimes","floor":1,"turns":4},{"damage":1,"enemies":"Cultist","floor":2,"turns":3},{"damage":0,"enemies":"Jaw Worm","floor":4,"turns":4},{"damage":15,"enemies":"Gremlin Nob","floor":7,"turns":5},{"damage":0,"enemies":"2 Fungi Beasts","floor":8,"turns":4},{"damage":16,"enemies":"3 Sentries","floor":11,"turns":5},{"damage":7,"enemies":"Large Slime","floor":13,"turns":5},{"damage":13,"enemies":"Exordium Wildlife","floor":14,"turns":3},{"damage":9,"enemies":"Slime Boss","floor":16,"turns":5},{"damage":25,"enemies":"2 Thieves","floor":18,"turns":5},{"damage":18,"enemies":"Shell Parasite","floor":19,"turns":9},{"damage":66,"enemies":"Book of Stabbing","floor":24,"turns":6},{"damage":3,"enemies":"Snake Plant","floor":25,"turns":1}],"seed_played":"5063584278325422675","potions_obtained":[{"floor":4,"key":"Swift Potion"},{"floor":7,"key":"SkillPotion"},{"floor":11,"key":"EssenceOfDarkness"},{"floor":13,"key":"FocusPotion"},{"floor":19,"key":"Explosive Potion"}],"is_trial":false,"path_per_floor":["M","M","?","M","$","R","E","M","T","R","E","$","M","M","R","B",null,"M","M","?","$","?","R","E","M"],"character_chosen":"DEFECT","items_purchased":["Chill","PreservedInsect","Lee\u0027s Waffle"],"campfire_rested":0,"item_purchase_floors":[5,12,21],"current_hp_per_floor":[75,74,74,74,74,74,59,59,59,59,45,45,38,25,25,16,77,52,34,34,84,68,68,2,0,0],"gold":163,"neow_bonus":"THREE_CARDS","is_daily":false,"chose_seed":false,"campfire_upgraded":4,"win_rate":0.0,"timestamp":1613118893,"path_taken":["M","M","?","M","?","R","E","M","T","R","E","$","M","?","R","BOSS","M","M","?","$","?","R","E","M"],"items_purchased_type":["Card","Relic","Relic"],"build_version":"2020-12-22","purchased_purges":1,"victory":false,"max_hp_per_floor":[75,75,75,75,75,75,75,75,75,75,77,77,77,77,77,77,77,77,77,77,84,89,89,89,89,89],"card_choices":[{"not_picked":["Gash","Hologram"],"picked":"Coolheaded","floor":0},{"not_picked":["Rebound","Aggregate"],"picked":"Consume","floor":1},{"not_picked":["Skim","Turbo"],"picked":"Go for the Eyes","floor":2},{"not_picked":["FTL","Redo"],"picked":"Turbo","floor":4},{"not_picked":["Melter","Redo"],"picked":"Consume","floor":7},{"not_picked":["Hyperbeam","Hologram"],"picked":"Doom and Gloom","floor":8},{"not_picked":["Consume","FTL","Hologram"],"picked":"Singing Bowl","floor":11},{"not_picked":["Compile Driver","Rebound"],"picked":"Doom and Gloom","floor":13},{"not_picked":["Steam","Conserve Battery"],"picked":"Stack","floor":14},{"not_picked":["Fission","Amplify"],"picked":"Multi-Cast","floor":16},{"not_picked":["Turbo","Barrage"],"picked":"Gash","floor":18},{"not_picked":["Static Discharge","Recycle"],"picked":"Cold Snap","floor":19},{"not_picked":["Lockon","Compile Driver+1"],"picked":"Cold Snap","floor":24}],"player_experience":586741,"relics_obtained":[{"floor":7,"key":"MawBank"},{"floor":9,"key":"Singing Bowl"},{"floor":11,"key":"Matryoshka"},{"floor":24,"key":"Cables"},{"floor":24,"key":"Bag of Preparation"}],"event_choices":[{"cards_removed":["Consume"],"damage_healed":0,"gold_gain":0,"player_choice":"Gave Card","damage_taken":0,"relics_obtained":["HornCleat"],"max_hp_gain":0,"max_hp_loss":0,"event_name":"WeMeetAgain","floor":3,"gold_loss":0},{"damage_healed":0,"gold_gain":99,"player_choice":"Stole From Cult","damage_taken":0,"max_hp_gain":0,"max_hp_loss":0,"event_name":"Nest","floor":20,"gold_loss":0},{"damage_healed":0,"gold_gain":0,"player_choice":"Shed Blood","damage_taken":21,"max_hp_gain":5,"max_hp_loss":0,"event_name":"Forgotten Altar","floor":22,"gold_loss":0}],"is_beta":false,"boss_relics":[{"not_picked":["FrozenCore","Philosopher\u0027s Stone"],"picked":"Black Star"}],"items_purged_floors":[5],"is_endless":false,"potions_floor_spawned":[4,7,11,13,19],"killed_by":"Snake Plant","ascension_level":3}}