{"host":"6p0attdrtjqaih7v","time":1613164994,"event":{"mods":["2.2 Compatiblity","AchievementEnabler","Bard","BaseMod","Better Skull","Better Third Choice","Card Filter","Colored Powertips","Hermit","Highlight Path","Hubris","Key Reminder","Minty Spire (QoL Compilation)","Permanent Neow","Quick Restart","Random Character Button","Relic Filter","Relic Stats","Reliquary","Replay The Spire","Robot Space Explorer","StSLib","The Hayseed","The Witch"],"gold_per_floor":[117,117,136,0,11,11,28,57,57,79,79,79,62,83,83,157,157],"floor_reached":16,"language":"ENG","playtime":551,"items_purged":[],"score":304,"play_id":"fc5bdcca-9aa2-47fe-b673-72b477e18252","local_time":"20210212162314","is_ascension_mode":true,"campfire_choices":[{"data":"RobotSpaceExplorer:Blitz","floor":6,"key":"SMITH"},{"floor":11,"key":"REST"},{"floor":15,"key":"REST"}],"circlet_count":0,"master_deck":["AscendersBane","RobotSpaceExplorer:Strike","RobotSpaceExplorer:Strike","RobotSpaceExplorer:Strike","RobotSpaceExplorer:Defend","RobotSpaceExplorer:Defend","RobotSpaceExplorer:Defend","RobotSpaceExplorer:Scan","RobotSpaceExplorer:MiniLasers","RobotSpaceExplorer:ScrapShield","RobotSpaceExplorer:SwiftStep","RobotSpaceExplorer:ImprovisedAttack","RobotSpaceExplorer:Probe","RobotSpaceExplorer:Blitz+1","RobotSpaceExplorer:TrailblazerForm","RobotSpaceExplorer:ShovelStrike","RobotSpaceExplorer:StunGrenade","RobotSpaceExplorer:Probe","RobotSpaceExplorer:SurgingShield","RobotSpaceExplorer:LuckyStrike"],"relics":["RobotSpaceExplorer:RoboCore","hubris:Towel","CeramicFish","hubris:GlazedTorus"],"acts_visited":["Exordium"],"potions_floor_usage":[7,16,16],"damage_taken":[{"damage":4,"enemies":"Jaw Worm","floor":1,"turns":6},{"damage":3,"enemies":"2 Louse","floor":3,"turns":3},{"damage":0,"enemies":"Cultist","floor":5,"turns":4},{"damage":0,"enemies":"Lots of Slimes","floor":7,"turns":5},{"damage":56,"enemies":"Lagavulin","floor":8,"turns":10},{"damage":0,"enemies":"Looter","floor":10,"turns":3},{"damage":1,"enemies":"Blue Slaver","floor":14,"turns":4},{"damage":25,"enemies":"Slime Boss","floor":16,"turns":9}],"seed_played":"-6967059617414649768","potions_obtained":[{"floor":3,"key":"Elixir"},{"floor":8,"key":"Cursed Concoction"},{"floor":10,"key":"Adrenaline Potion"}],"is_trial":false,"path_per_floor":["M","?","M","$","M","R","M","E","T","M","R","?","$","M","R","B"],"character_chosen":"RobotSpaceExplorer","items_purchased":["RobotSpaceExplorer:Blitz","Adrenaline Potion","RobotSpaceExplorer:SurgingShield"],"campfire_rested":2,"item_purchase_floors":[4,4,13],"current_hp_per_floor":[60,60,57,57,57,57,57,1,1,1,20,11,11,10,29,4,4],"gold":157,"neow_bonus":"TRANSFORM_TWO_CARDS","is_daily":false,"chose_seed":false,"campfire_upgraded":1,"win_rate":0.0,"timestamp":1613164994,"path_taken":["M","?","M","$","M","R","M","E","T","M","R","?","$","M","R","BOSS"],"items_purchased_type":["Card","Potion","Card"],"build_version":"2020-12-22","purchased_purges":0,"victory":false,"max_hp_per_floor":[64,64,64,64,64,64,64,64,64,64,64,64,64,64,64,64,64],"relic_stats":{"counters":[8,44],"CeramicFish":27,"obtain_stats":[{"CeramicFish":8,"RobotSpaceExplorer:RoboCore":0,"hubris:Towel":2,"hubris:GlazedTorus":9},{"CeramicFish":5,"RobotSpaceExplorer:RoboCore":0,"hubris:Towel":1,"hubris:GlazedTorus":5},{"CeramicFish":28,"RobotSpaceExplorer:RoboCore":0,"hubris:Towel":6,"hubris:GlazedTorus":28}]},"card_choices":[{"not_picked":["RobotSpaceExplorer:SurgingShield","RobotSpaceExplorer:Calculate"],"picked":"RobotSpaceExplorer:ImprovisedAttack","floor":1},{"not_picked":["RobotSpaceExplorer:ShockKick","RobotSpaceExplorer:LaserBurst"],"picked":"RobotSpaceExplorer:Probe","floor":3},{"not_picked":["RobotSpaceExplorer:SurgingStrike","RobotSpaceExplorer:IronShell"],"picked":"RobotSpaceExplorer:TrailblazerForm","floor":5},{"not_picked":["RobotSpaceExplorer:DoubleBlock","RobotSpaceExplorer:ScrapMissile"],"picked":"RobotSpaceExplorer:ShovelStrike","floor":7},{"not_picked":["RobotSpaceExplorer:ShockKick","RobotSpaceExplorer:TurboDodge"],"picked":"RobotSpaceExplorer:StunGrenade","floor":8},{"not_picked":["RobotSpaceExplorer:BlastShield","RobotSpaceExplorer:Counterblock"],"picked":"RobotSpaceExplorer:Probe","floor":10},{"not_picked":["RobotSpaceExplorer:Ammunition","RobotSpaceExplorer:TurboDodge"],"picked":"RobotSpaceExplorer:LuckyStrike","floor":14}],"player_experience":1117438,"relics_obtained":[{"floor":8,"key":"CeramicFish"},{"floor":9,"key":"hubris:GlazedTorus"}],"event_choices":[{"damage_healed":0,"gold_gain":0,"player_choice":"Damaged","damage_taken":9,"max_hp_gain":0,"max_hp_loss":0,"event_name":"Wheel of Change","floor":12,"gold_loss":0}],"is_beta":false,"boss_relics":[],"items_purged_floors":[],"is_endless":false,"potions_floor_spawned":[3,8,10],"killed_by":"Slime Boss","ascension_level":20}}