{"host":"oigynbtg272c19pw","time":1613138641,"event":{"mods":["BaseMod","Colored Map","Minty Spire (QoL Compilation)","Relic Stats","Slay the Relics Exporter","StSLib"],"gold_per_floor":[109,109,109,109,128,128,146,146,193,193,220,230,278,305,305,384,384,395,106,120,120,45,45,45],"floor_reached":23,"playtime":882,"items_purged":["Strike_P"],"score":494,"play_id":"373fca66-ed0f-4fe0-bb29-5784dd7fb105","local_time":"20210212150401","is_ascension_mode":true,"campfire_choices":[{"data":"FearNoEvil","floor":6.0,"key":"SMITH"},{"data":"Vengeance","floor":8.0,"key":"SMITH"},{"data":"Eruption","floor":10.0,"key":"SMITH"},{"data":"DeceiveReality","floor":15.0,"key":"SMITH"}],"circlet_count":0,"master_deck":["AscendersBane","Strike_P+1","Strike_P+1","Defend_P+1","Defend_P+1","Defend_P+1","Defend_P+1","Eruption+1","Vigilance","BowlingBash+1","FearNoEvil+1","Vengeance+1","Establishment","Wireheading","DeceiveReality+1","SpiritShield","Wallop","Wallop","FlyingSleeves"],"relics":["PureWater","Du-Vu Doll","Centennial Puzzle","Pantograph","Orichalcum","Question Card","Cursed Key","Bag of Marbles"],"acts_visited":["Exordium","TheCity"],"potions_floor_usage":[],"damage_taken":[{"damage":7.0,"enemies":"2 Louse","floor":1.0,"turns":3.0},{"damage":0.0,"enemies":"Small Slimes","floor":5.0,"turns":3.0},{"damage":0.0,"enemies":"Jaw Worm","floor":7.0,"turns":3.0},{"damage":0.0,"enemies":"3 Sentries","floor":11.0,"turns":4.0},{"damage":2.0,"enemies":"Exordium Wildlife","floor":12.0,"turns":2.0},{"damage":0.0,"enemies":"Gremlin Nob","floor":14.0,"turns":2.0},{"damage":21.0,"enemies":"Slime Boss","floor":16.0,"turns":8.0},{"damage":8.0,"enemies":"3 Byrds","floor":18.0,"turns":4.0},{"damage":0.0,"enemies":"Chosen","floor":20.0,"turns":3.0},{"damage":20,"enemies":"Book of Stabbing","floor":23,"turns":5}],"seed_played":"5533148875946842769","potions_obtained":[{"floor":1.0,"key":"FairyPotion"},{"floor":7.0,"key":"AttackPotion"},{"floor":11.0,"key":"SkillPotion"},{"floor":14.0,"key":"BlessingOfTheForge"},{"floor":20.0,"key":"Fire Potion"}],"is_trial":false,"path_per_floor":["M","?","?","?","M","R","M","R","T","R","E","M","T","E","R","B",null,"M","$","M","?","?","E"],"character_chosen":"WATCHER","items_purchased":["Wallop","Bag of Marbles"],"campfire_rested":0,"item_purchase_floors":[19,19],"current_hp_per_floor":[54,54,54,34,34,34,34,34,34,34,34,32,32,32,32,36,60,52,52,52,52,52,32,32],"gold":45,"neow_bonus":"ONE_RARE_RELIC","is_daily":false,"chose_seed":false,"campfire_upgraded":4,"win_rate":0.0,"timestamp":1613138641,"path_taken":["M","?","?","?","M","R","?","R","T","R","E","M","?","E","R","BOSS","M","$","M","?","?","E"],"items_purchased_type":["Card","Relic"],"build_version":"2020-12-13","purchased_purges":1,"victory":false,"max_hp_per_floor":[68,68,68,68,68,68,68,68,68,68,68,68,68,68,68,68,68,68,68,68,68,68,68,68],"relic_stats":{"Centennial Puzzle":[12],"counters":[10,37],"Pantograph":25,"Orichalcum":[24],"Question Card":3,"Cursed Key":0,"obtain_stats":[{"Du-Vu Doll":0,"Centennial Puzzle":9,"Pantograph":11,"Bag of Marbles":19,"PureWater":0,"Orichalcum":13,"Question Card":14,"Cursed Key":17},{"Du-Vu Doll":0,"Centennial Puzzle":3,"Pantograph":4,"Bag of Marbles":8,"PureWater":0,"Orichalcum":5,"Question Card":6,"Cursed Key":7},{"Du-Vu Doll":0,"Centennial Puzzle":9,"Pantograph":13,"Bag of Marbles":29,"PureWater":0,"Orichalcum":15,"Question Card":17,"Cursed Key":25}]},"card_choices":[{"not_picked":["FlyingSleeves","CrushJoints"],"picked":"BowlingBash","floor":1.0},{"not_picked":["LikeWater","ReachHeaven"],"picked":"FearNoEvil","floor":5.0},{"not_picked":["BowlingBash","EmptyBody"],"picked":"Vengeance","floor":7.0},{"not_picked":["ClearTheMind","Study"],"picked":"Establishment","floor":11.0},{"not_picked":["ThirdEye","FearNoEvil"],"picked":"Wireheading","floor":12.0},{"not_picked":["Evaluate","EmptyBody"],"picked":"DeceiveReality","floor":14.0},{"not_picked":["Vault","LessonLearned","Blasphemy"],"picked":"SpiritShield","floor":16.0},{"not_picked":["JustLucky","Halt","Protect"],"picked":"Wallop","floor":18.0},{"not_picked":["ThirdEye","WheelKick","Wish"],"picked":"FlyingSleeves","floor":20.0}],"player_experience":1586165,"relics_obtained":[{"floor":9.0,"key":"Centennial Puzzle"},{"floor":11.0,"key":"Pantograph"},{"floor":13.0,"key":"Orichalcum"},{"floor":14.0,"key":"Question Card"}],"event_choices":[{"cards_removed":["Injury"],"damage_healed":0.0,"max_hp_gain":0.0,"max_hp_loss":0.0,"gold_gain":0.0,"event_name":"Living Wall","player_choice":"Forget","floor":2.0,"gold_loss":0.0,"damage_taken":0.0},{"damage_healed":0.0,"max_hp_gain":0.0,"max_hp_loss":0.0,"gold_gain":0.0,"event_name":"Liars Game","player_choice":"Ignored","floor":3.0,"gold_loss":0.0,"damage_taken":0.0},{"damage_healed":0.0,"max_hp_gain":0.0,"max_hp_loss":0.0,"gold_gain":0.0,"event_name":"Shining Light","player_choice":"Entered Light","floor":4.0,"gold_loss":0.0,"damage_taken":20.0,"cards_upgraded":["Strike_P","BowlingBash"]},{"damage_healed":0.0,"max_hp_gain":0.0,"max_hp_loss":0.0,"gold_gain":0.0,"event_name":"Back to Basics","player_choice":"Simplicity","floor":21.0,"gold_loss":0.0,"damage_taken":0.0,"cards_upgraded":["Strike_P","Strike_P","Defend_P","Defend_P","Defend_P","Defend_P"]},{"cards_removed":["Strike_P"],"damage_healed":0.0,"max_hp_gain":0.0,"max_hp_loss":0.0,"gold_gain":0.0,"event_name":"Beggar","player_choice":"Gave Gold","floor":22.0,"gold_loss":75.0,"damage_taken":0.0}],"is_beta":false,"boss_relics":[{"not_picked":["Coffee Dripper","Fusion Hammer"],"picked":"Cursed Key"}],"items_purged_floors":[19],"is_endless":false,"potions_floor_spawned":[1,7,11,12,14,20],"killed_by":"Book of Stabbing","ascension_level":20}}