{"host":"c97twqu0op5dg8i4","time":1613116582,"event":{"mods":["AchievementEnabler","BaseMod","Colored Map","Minty Spire (QoL Compilation)","Permanent Neow"],"gold_per_floor":[18,18,18,18,18,18,43,43,43,74,91,108,122,47,47,47,143,143,154,154,170,70,85,85,112,112,112,112,146,146,157,177,177,275,275,287,304,352,82,82,116,116,66,182,205,205,205,205],"floor_reached":47,"language":"ENG","playtime":931,"items_purged":["Strike_P","Defend_P","Defend_P","Writhe"],"score":911,"play_id":"9d6205ea-44f3-41f2-a87f-168ac857b6ac","local_time":"20210212025622","is_ascension_mode":true,"campfire_choices":[{"data":"Vigilance","floor":6,"key":"SMITH"},{"floor":8,"key":"REST"},{"floor":15,"key":"REST"},{"data":"BattleHymn","floor":16,"key":"SMITH"},{"floor":24,"key":"REST"},{"floor":26,"key":"REST"},{"floor":28,"key":"REST"},{"floor":30,"key":"REST"},{"floor":33,"key":"REST"},{"floor":42,"key":"REST"}],"circlet_count":0,"master_deck":["AscendersBane","Defend_P","Eruption+1","Vigilance+1","BattleHymn+1","BattleHymn+1","Parasite"],"relics":["PureWater","Strawberry","Torii","SlaversCollar","Toxic Egg 2","Letter Opener","Singing Bowl","Empty Cage","Prayer Wheel","Anchor","MealTicket","Akabeko"],"acts_visited":["Exordium","TheCity","TheBeyond"],"potions_floor_usage":[25,25,37],"damage_taken":[{"damage":4,"enemies":"2 Louse","floor":1,"turns":4},{"damage":32,"enemies":"Gremlin Nob","floor":7,"turns":3},{"damage":40,"enemies":"Lagavulin","floor":10,"turns":3},{"damage":0,"enemies":"Small Slimes","floor":11,"turns":2},{"damage":0,"enemies":"Cultist","floor":12,"turns":2},{"damage":2,"enemies":"Exordium Thugs","floor":13,"turns":3},{"damage":27,"enemies":"Hexaghost","floor":17,"turns":7},{"damage":0,"enemies":"3 Byrds","floor":19,"turns":1},{"damage":1,"enemies":"Chosen","floor":21,"turns":3},{"damage":27,"enemies":"Snecko","floor":23,"turns":4},{"damage":41,"enemies":"Gremlin Leader","floor":25,"turns":5},{"damage":43,"enemies":"Slavers","floor":29,"turns":6},{"damage":9,"enemies":"Snake Plant","floor":31,"turns":3},{"damage":0,"enemies":"Chosen and Byrds","floor":32,"turns":1},{"damage":0,"enemies":"Automaton","floor":34,"turns":1},{"damage":7,"enemies":"Orb Walker","floor":36,"turns":3},{"damage":22,"enemies":"3 Shapes","floor":37,"turns":4},{"damage":39,"enemies":"2 Orb Walkers","floor":38,"turns":3},{"damage":33,"enemies":"Giant Head","floor":41,"turns":6},{"damage":0,"enemies":"Jaw Worm Horde","floor":44,"turns":1},{"damage":86,"enemies":"Writhing Mass","floor":47,"turns":4}],"seed_played":"-5899662855738226325","potions_obtained":[{"floor":7,"key":"SkillPotion"},{"floor":11,"key":"BlessingOfTheForge"},{"floor":17,"key":"Explosive Potion"},{"floor":25,"key":"Energy Potion"},{"floor":31,"key":"Dexterity Potion"},{"floor":37,"key":"Fire Potion"}],"is_trial":false,"path_per_floor":["M","?","?","?","$","R","E","R","T","E","M","M","M","$","R","R","B",null,"M","?","M","$","M","R","E","R","T","R","E","R","M","M","R","B",null,"M","M","?","$","?","E","R","$","M","T","?","M"],"character_chosen":"WATCHER","items_purchased":["Anchor"],"campfire_rested":8,"item_purchase_floors":[39],"current_hp_per_floor":[61,61,66,66,66,66,41,66,66,26,26,26,24,24,49,49,22,69,69,69,68,68,41,66,25,50,50,75,34,59,52,54,81,83,90,85,65,28,28,53,22,52,67,71,71,71,0,0],"gold":205,"neow_bonus":"REMOVE_TWO","is_daily":false,"chose_seed":false,"campfire_upgraded":2,"win_rate":0.0,"timestamp":1613116582,"path_taken":["M","?","?","?","$","R","E","R","T","E","M","?","M","$","R","R","BOSS","M","?","?","$","M","R","E","R","T","R","E","R","M","M","R","BOSS","M","M","?","$","?","E","R","?","?","T","?","?"],"items_purchased_type":["Relic"],"build_version":"2020-12-22","purchased_purges":4,"victory":false,"max_hp_per_floor":[72,72,77,77,77,77,84,84,84,84,84,84,84,84,84,84,84,84,84,84,84,84,84,84,84,84,84,84,86,86,88,90,90,92,92,94,96,98,98,98,100,100,100,104,104,104,104,104],"card_choices":[{"not_picked":["Halt","Evaluate"],"picked":"BattleHymn","floor":1},{"not_picked":["Protect","FollowUp","Evaluate"],"picked":"SKIP","floor":7},{"not_picked":["SignatureMove","Evaluate"],"picked":"BattleHymn","floor":10},{"not_picked":["LikeWater","Protect","EmptyMind"],"picked":"SKIP","floor":11},{"not_picked":["WreathOfFlame","Halt","WaveOfTheHand"],"picked":"SKIP","floor":12},{"not_picked":["PathToVictory","Blasphemy","FlurryOfBlows"],"picked":"SKIP","floor":13},{"not_picked":["ThirdEye","CrushJoints","SandsOfTime+1"],"picked":"SKIP","floor":19},{"not_picked":["Fasting2+1","Consecrate+1","ClearTheMind+1"],"picked":"SKIP","floor":21},{"not_picked":["EmptyBody","CrushJoints","Consecrate+1"],"picked":"SKIP","floor":23},{"not_picked":["Worship+1","EmptyFist","Wish+1"],"picked":"SKIP","floor":25},{"not_picked":["FollowUp+1","Crescendo+1","CarveReality"],"picked":"Singing Bowl","floor":29},{"not_picked":["FlurryOfBlows+1","WindmillStrike+1","FlyingSleeves"],"picked":"Singing Bowl","floor":31},{"not_picked":["BowlingBash","ThirdEye+1","FollowUp"],"picked":"Singing Bowl","floor":32},{"not_picked":["Scrawl+1","ConjureBlade+1","DeusExMachina+1"],"picked":"Singing Bowl","floor":34},{"not_picked":["InnerPeace+1","ReachHeaven+1","LikeWater"],"picked":"Singing Bowl","floor":36},{"not_picked":["ClearTheMind+1","FlyingSleeves","WheelKick"],"picked":"Singing Bowl","floor":37},{"not_picked":["ThirdEye+1","BowlingBash","Tantrum"],"picked":"Singing Bowl","floor":38},{"not_picked":["Adaptation","SignatureMove+1","Meditate+1"],"picked":"Singing Bowl","floor":41},{"not_picked":["Indignation+1","SandsOfTime","BowlingBash"],"picked":"Singing Bowl","floor":44},{"not_picked":["Vengeance+1","MasterReality","EmptyFist+1"],"picked":"Singing Bowl","floor":44}],"player_experience":390510,"relics_obtained":[{"floor":7,"key":"Strawberry"},{"floor":10,"key":"Torii"},{"floor":25,"key":"Toxic Egg 2"},{"floor":27,"key":"Letter Opener"},{"floor":29,"key":"Singing Bowl"},{"floor":38,"key":"Prayer Wheel"},{"floor":41,"key":"MealTicket"},{"floor":45,"key":"Akabeko"}],"event_choices":[{"damage_healed":0,"gold_gain":0,"player_choice":"Grow","damage_taken":0,"max_hp_gain":0,"max_hp_loss":0,"event_name":"Living Wall","floor":2,"gold_loss":0,"cards_upgraded":["BattleHymn"]},{"damage_healed":0,"gold_gain":0,"player_choice":"Donut","damage_taken":0,"max_hp_gain":5,"max_hp_loss":0,"event_name":"Big Fish","floor":3,"gold_loss":0},{"damage_healed":0,"gold_gain":0,"player_choice":"Forge","damage_taken":0,"max_hp_gain":0,"max_hp_loss":0,"event_name":"Accursed Blacksmith","floor":4,"gold_loss":0,"cards_upgraded":["Eruption"]},{"damage_healed":0,"gold_gain":0,"player_choice":"0 cards matched","damage_taken":0,"max_hp_gain":0,"max_hp_loss":0,"event_name":"Match and Keep!","floor":20,"gold_loss":0,"cards_obtained":[]},{"damage_healed":0,"gold_gain":0,"player_choice":"Fight","damage_taken":0,"max_hp_gain":0,"max_hp_loss":0,"event_name":"Mysterious Sphere","floor":38,"gold_loss":0},{"damage_healed":25,"gold_gain":0,"player_choice":"Writhe","damage_taken":0,"max_hp_gain":0,"max_hp_loss":0,"event_name":"Winding Halls","floor":40,"gold_loss":0,"cards_obtained":["Writhe"]},{"damage_healed":0,"gold_gain":0,"player_choice":"0 cards matched","damage_taken":0,"max_hp_gain":0,"max_hp_loss":0,"event_name":"Match and Keep!","floor":46,"gold_loss":0,"cards_obtained":[]}],"is_beta":false,"boss_relics":[{"not_picked":["HolyWater","Cursed Key"],"picked":"SlaversCollar"},{"not_picked":["VioletLotus","Tiny House"],"picked":"Empty Cage"}],"items_purged_floors":[14,22,39,43],"is_endless":false,"potions_floor_spawned":[7,11,17,23,25,31,34,37],"killed_by":"Writhing Mass","ascension_level":10}}