{"host":"wrdw6zkxuilnr6rg","time":1612703835,"event":{"mods":["BaseMod","Bestiary","Colored Powertips","Highlight Path","Minty Spire (QoL Compilation)","Quick Restart","Relic Stats","StSLib"],"gold_per_floor":[113,127,20,38,38,38,66,66,66,95,95,110,110,126,126,204,204,224,203,217,87,100,100,129,129,129,145,177,17,17,30,30,109,109,119,138,153,73,98,98,98,98,98,98,148,161,174,199,199,199,199],"floor_reached":50,"language":"ENG","playtime":1946,"items_purged":["Regret"],"score":1044,"play_id":"6ce97091-aa12-4238-9be2-a91574ceece4","local_time":"20210207161715","is_ascension_mode":true,"campfire_choices":[{"data":"Bash","floor":6,"key":"SMITH"},{"data":"Fire Breathing","floor":11,"key":"SMITH"},{"data":"Intimidate","floor":13,"key":"SMITH"},{"data":"Uppercut","floor":15,"key":"SMITH"},{"data":"Dual Wield","floor":23,"key":"SMITH"},{"floor":25,"key":"REST"},{"data":"Inflame","floor":30,"key":"SMITH"},{"floor":32,"key":"REST"},{"floor":40,"key":"REST"},{"data":"Dark Embrace","floor":42,"key":"SMITH"},{"floor":44,"key":"REST"},{"floor":49,"key":"REST"}],"circlet_count":0,"master_deck":["AscendersBane","Strike_R","Strike_R","Strike_R","Strike_R","Strike_R","Defend_R","Defend_R","Defend_R","Defend_R","Bash+1","Wild Strike","Evolve","Wild Strike","Fire Breathing+1","Impervious","Intimidate+1","Uppercut+1","Exhume","Inflame+1","Pommel Strike+1","Dual Wield+1","Corruption","Pummel","Wild Strike","Power Through","Shrug It Off","Flame Barrier","Reaper","Fire Breathing+1","Dark Embrace+1","Flame Barrier","Inflame","Disarm"],"relics":["Black Blood","Bronze Scales","Matryoshka","Red Skull","Akabeko","White Beast Statue","Tiny Chest","Mark of Pain","Kunai","Potion Belt","Anchor","Bottled Flame","Gambling Chip","Meat on the Bone","Gremlin Horn","Regal Pillow"],"acts_visited":["Exordium","TheCity","TheBeyond"],"potions_floor_usage":[10,19,20,21,24,24,27,28,30,30,33,37,37,39,46,46,48,48,48],"damage_taken":[{"damage":1,"enemies":"Small Slimes","floor":1,"turns":4},{"damage":1,"enemies":"Cultist","floor":2,"turns":3},{"damage":10,"enemies":"2 Louse","floor":4,"turns":2},{"damage":25,"enemies":"3 Sentries","floor":7,"turns":5},{"damage":20,"enemies":"Lagavulin","floor":10,"turns":4},{"damage":10,"enemies":"Looter","floor":12,"turns":3},{"damage":11,"enemies":"Exordium Thugs","floor":14,"turns":4},{"damage":18,"enemies":"Hexaghost","floor":16,"turns":6},{"damage":12,"enemies":"Chosen","floor":18,"turns":5},{"damage":17,"enemies":"2 Thieves","floor":19,"turns":4},{"damage":22,"enemies":"Snecko","floor":20,"turns":4},{"damage":1,"enemies":"Chosen and Byrds","floor":22,"turns":3},{"damage":15,"enemies":"Book of Stabbing","floor":24,"turns":4},{"damage":14,"enemies":"3 Cultists","floor":27,"turns":4},{"damage":40,"enemies":"Slavers","floor":28,"turns":4},{"damage":18,"enemies":"Sentry and Sphere","floor":31,"turns":4},{"damage":53,"enemies":"Collector","floor":33,"turns":7},{"damage":20,"enemies":"3 Shapes","floor":35,"turns":6},{"damage":6,"enemies":"Orb Walker","floor":36,"turns":3},{"damage":58,"enemies":"Transient","floor":37,"turns":6},{"damage":28,"enemies":"Mind Bloom Boss Battle","floor":39,"turns":6},{"damage":14,"enemies":"Jaw Worm Horde","floor":46,"turns":4},{"damage":28,"enemies":"Writhing Mass","floor":47,"turns":6},{"damage":40,"enemies":"Reptomancer","floor":48,"turns":6},{"damage":112,"enemies":"Donu and Deca","floor":50,"turns":7}],"seed_played":"-1437687380293833898","potions_obtained":[{"floor":8,"key":"FearPotion"},{"floor":8,"key":"Ancient Potion"},{"floor":10,"key":"Block Potion"},{"floor":19,"key":"ColorlessPotion"},{"floor":20,"key":"Fruit Juice"},{"floor":22,"key":"Swift Potion"},{"floor":24,"key":"Fire Potion"},{"floor":27,"key":"GamblersBrew"},{"floor":28,"key":"SpeedPotion"},{"floor":31,"key":"PowerPotion"},{"floor":33,"key":"BlessingOfTheForge"},{"floor":35,"key":"Swift Potion"},{"floor":36,"key":"SkillPotion"},{"floor":37,"key":"BlessingOfTheForge"},{"floor":39,"key":"Explosive Potion"},{"floor":46,"key":"DuplicationPotion"},{"floor":47,"key":"AttackPotion"},{"floor":48,"key":"Ancient Potion"}],"is_trial":false,"path_per_floor":["M","M","$","M","?","R","E","?","T","E","R","M","R","M","R","B",null,"M","M","M","$","M","R","E","R","T","M","E","$","R","M","R","B",null,"M","M","M","$","?","R","T","R","T","R","?","M","M","E","R","B"],"character_chosen":"IRONCLAD","items_purchased":["Wild Strike","Fire Breathing","Block Potion","BloodPotion","Shrug It Off","BloodPotion","Flame Barrier"],"campfire_rested":5,"item_purchase_floors":[3,3,21,29,29,29,38],"current_hp_per_floor":[73,75,75,71,71,71,52,52,52,38,38,34,34,29,29,17,61,55,44,28,33,38,38,29,53,53,45,11,11,43,31,55,8,62,71,77,31,31,15,39,39,39,39,63,63,66,62,58,80,0,0],"gold":199,"neow_bonus":"RANDOM_COMMON_RELIC","is_daily":false,"chose_seed":false,"campfire_upgraded":7,"win_rate":0.0,"timestamp":1612703835,"path_taken":["M","M","$","M","?","R","E","?","T","E","R","M","R","M","R","BOSS","M","M","M","$","?","R","E","R","T","M","E","?","R","M","R","BOSS","M","M","M","$","?","R","?","R","T","R","?","M","M","E","R","BOSS"],"items_purchased_type":["Card","Card","Potion","Potion","Card","Potion","Card"],"build_version":"2020-12-22","purchased_purges":1,"victory":false,"max_hp_per_floor":[75,75,75,75,75,75,75,75,75,75,75,75,75,75,75,75,75,75,75,75,80,80,80,80,80,80,80,80,80,80,80,80,80,80,80,80,80,80,80,80,80,80,80,80,80,80,80,80,80,80,80],"relic_stats":{"Regal Pillow":0,"Gremlin Horn":[9,9],"counters":[25,114],"Bronze Scales":[337],"Gambling Chip":[8],"Black Blood":183,"Tiny Chest":1,"Kunai":[20],"obtain_stats":[{"Potion Belt":26,"Regal Pillow":48,"Gremlin Horn":43,"Black Blood":34,"Burning Blood":0,"Akabeko":9,"White Beast Statue":9,"Anchor":26,"Bottled Flame":28,"Matryoshka":5,"Bronze Scales":0,"Gambling Chip":39,"Tiny Chest":10,"Mark of Pain":17,"Kunai":24,"Red Skull":7,"Meat on the Bone":41},{"Potion Belt":13,"Regal Pillow":24,"Gremlin Horn":21,"Black Blood":17,"Burning Blood":0,"Akabeko":4,"White Beast Statue":4,"Anchor":13,"Bottled Flame":15,"Matryoshka":3,"Bronze Scales":0,"Gambling Chip":21,"Tiny Chest":5,"Mark of Pain":8,"Kunai":13,"Red Skull":4,"Meat on the Bone":21},{"Potion Belt":51,"Regal Pillow":107,"Gremlin Horn":91,"Black Blood":70,"Burning Blood":0,"Akabeko":14,"White Beast Statue":14,"Anchor":51,"Bottled Flame":59,"Matryoshka":9,"Bronze Scales":0,"Gambling Chip":91,"Tiny Chest":18,"Mark of Pain":31,"Kunai":51,"Red Skull":14,"Meat on the Bone":91}],"Meat on the Bone":24},"card_choices":[{"not_picked":["Sever Soul","Heavy Blade"],"picked":"Wild Strike","floor":1},{"not_picked":["Body Slam","Warcry"],"picked":"Evolve","floor":2},{"not_picked":["Wild Strike","Twin Strike"],"picked":"Impervious","floor":4},{"not_picked":["Whirlwind","Seeing Red","Hemokinesis"],"picked":"SKIP","floor":7},{"not_picked":["Thunderclap","Pommel Strike"],"picked":"Intimidate","floor":10},{"not_picked":["Clash","Clothesline"],"picked":"Uppercut","floor":14},{"not_picked":["Brutality","Bludgeon"],"picked":"Exhume","floor":16},{"not_picked":["Heavy Blade","Body Slam"],"picked":"Inflame","floor":18},{"not_picked":["Thunderclap+1","Cleave"],"picked":"Pommel Strike+1","floor":19},{"not_picked":["Shrug It Off","Warcry"],"picked":"Dual Wield","floor":20},{"not_picked":["Shockwave","Shrug It Off"],"picked":"Corruption","floor":22},{"not_picked":["Carnage","Feed"],"picked":"Pummel","floor":24},{"not_picked":["Evolve","Cleave"],"picked":"Wild Strike","floor":27},{"not_picked":["Warcry","Thunderclap"],"picked":"Power Through","floor":28},{"not_picked":["Perfected Strike","Ghostly Armor"],"picked":"Flame Barrier","floor":31},{"not_picked":["Feed","Barricade"],"picked":"Reaper","floor":33},{"not_picked":["Clothesline","Clash","Anger"],"picked":"SKIP","floor":35},{"not_picked":["Rampage","Twin Strike+1"],"picked":"Fire Breathing+1","floor":36},{"not_picked":["Intimidate","True Grit+1"],"picked":"Dark Embrace","floor":37},{"not_picked":["Burning Pact+1","Intimidate"],"picked":"Inflame","floor":46},{"not_picked":["Anger","Warcry"],"picked":"Disarm","floor":48}],"player_experience":1414035,"relics_obtained":[{"floor":7,"key":"Red Skull"},{"floor":9,"key":"Akabeko"},{"floor":9,"key":"White Beast Statue"},{"floor":10,"key":"Tiny Chest"},{"floor":24,"key":"Kunai"},{"floor":26,"key":"Potion Belt"},{"floor":26,"key":"Anchor"},{"floor":28,"key":"Bottled Flame"},{"floor":39,"key":"Gambling Chip"},{"floor":41,"key":"Meat on the Bone"},{"floor":43,"key":"Gremlin Horn"},{"floor":48,"key":"Regal Pillow"}],"event_choices":[{"damage_healed":0,"gold_gain":0,"player_choice":"Box","damage_taken":0,"relics_obtained":["Matryoshka"],"max_hp_gain":0,"max_hp_loss":0,"event_name":"Big Fish","floor":5,"gold_loss":0,"cards_obtained":["Regret"]},{"damage_healed":0,"gold_gain":0,"player_choice":"Got Potions","damage_taken":0,"max_hp_gain":0,"max_hp_loss":0,"event_name":"Lab","floor":8,"gold_loss":0},{"damage_healed":0,"gold_gain":0,"player_choice":"Fight","damage_taken":0,"max_hp_gain":0,"max_hp_loss":0,"event_name":"MindBloom","floor":39,"gold_loss":0},{"damage_healed":0,"gold_gain":50,"player_choice":"Pray","damage_taken":0,"max_hp_gain":0,"max_hp_loss":0,"event_name":"Golden Shrine","floor":45,"gold_loss":0}],"is_beta":false,"boss_relics":[{"not_picked":["Coffee Dripper","Black Star"],"picked":"Mark of Pain"},{"not_picked":["Runic Cube","Runic Dome"],"picked":"Black Blood"}],"items_purged_floors":[21],"is_endless":false,"potions_floor_spawned":[10,12,14,16,18,19,20,22,24,27,28,31,33,35,36,37,39,46,47,48],"killed_by":"Donu and Deca","ascension_level":20}}