{"host":"13o02hya6v6rzuva","time":1613119197,"event":{"mods":["BaseMod","Minty Spire (QoL Compilation)","Relic Stats"],"gold_per_floor":[110,171,171,171,194,194,227,227,227,267,27,27,27,27,27,146,146,165,165,190,150,165,165,205,205,205,205,52,70,111,124,124,248,248,263,3,368,386,386,386,164,164,164,164,126,159,159,159],"floor_reached":47,"language":"ENG","playtime":1119,"items_purged":[],"score":894,"play_id":"daa07013-ce5a-4855-90ab-1e45afde1e04","local_time":"20210212093957","is_ascension_mode":true,"campfire_choices":[{"data":"Bash","floor":6,"key":"SMITH"},{"floor":8,"key":"REST"},{"data":"1","floor":15,"key":"LIFT"},{"data":"2","floor":23,"key":"LIFT"},{"floor":25,"key":"REST"},{"data":"3","floor":27,"key":"LIFT"},{"floor":32,"key":"RECALL"},{"floor":40,"key":"REST"},{"floor":42,"key":"REST"}],"circlet_count":0,"master_deck":["AscendersBane","Strike_R+1","Strike_R+1","Strike_R+1","Strike_R+1","Strike_R+1","Defend_R+1","Defend_R+1","Defend_R+1","Defend_R+1","Bash+1","Brutality","Uppercut+1","Anger","Rupture+1","Cleave","Immolate","Whirlwind","Limit Break","Flame Barrier","Power Through+1","Shrug It Off+1","Impervious+1","True Grit","Fire Breathing","Sadistic Nature","True Grit+1","Fire Breathing","Shockwave"],"relics":["Burning Blood","Golden Idol","PreservedInsect","Pen Nib","Paper Frog","Red Skull","Girya","Runic Pyramid","Omamori","Mercury Hourglass","Boot","Self Forming Clay","Runic Cube","Old Coin","Happy Flower","War Paint","Bag of Preparation"],"acts_visited":["Exordium","TheCity","TheBeyond"],"potions_floor_usage":[7,30,30,37,37,46,46],"damage_taken":[{"damage":6,"enemies":"Small Slimes","floor":1,"turns":3},{"damage":3,"enemies":"2 Louse","floor":5,"turns":3},{"damage":22,"enemies":"Gremlin Nob","floor":7,"turns":4},{"damage":33,"enemies":"Lagavulin","floor":10,"turns":5},{"damage":3,"enemies":"Slime Boss","floor":16,"turns":4},{"damage":4,"enemies":"Chosen","floor":18,"turns":3},{"damage":17,"enemies":"Spheric Guardian","floor":20,"turns":5},{"damage":24,"enemies":"Snake Plant","floor":22,"turns":4},{"damage":20,"enemies":"Slavers","floor":24,"turns":2},{"damage":12,"enemies":"Centurion and Healer","floor":29,"turns":4},{"damage":16,"enemies":"Book of Stabbing","floor":30,"turns":4},{"damage":2,"enemies":"Snecko","floor":31,"turns":3},{"damage":49,"enemies":"Champ","floor":33,"turns":9},{"damage":0,"enemies":"Orb Walker","floor":35,"turns":4},{"damage":45,"enemies":"2 Orb Walkers","floor":37,"turns":4},{"damage":12,"enemies":"3 Darklings","floor":38,"turns":3},{"damage":83,"enemies":"Giant Head","floor":46,"turns":9},{"damage":31,"enemies":"Writhing Mass","floor":47,"turns":3}],"seed_played":"-4475746087751129176","potions_obtained":[{"floor":5,"key":"SteroidPotion"},{"floor":10,"key":"Regen Potion"},{"floor":16,"key":"Energy Potion"},{"floor":30,"key":"PowerPotion"},{"floor":33,"key":"FearPotion"},{"floor":35,"key":"Weak Potion"},{"floor":37,"key":"Fire Potion"}],"is_trial":false,"path_per_floor":["M","?","?","?","M","R","E","R","T","E","$","?","T","$","R","B",null,"M","?","M","?","M","R","E","R","T","R","$","M","E","M","R","B",null,"M","$","?","M","?","R","$","R","T","?","$","E","M"],"character_chosen":"IRONCLAD","items_purchased":["Red Skull","Rupture","Cleave","Boot","Fire Breathing","Sadistic Nature","Happy Flower","Regen Potion","Fire Breathing"],"campfire_rested":4,"item_purchase_floors":[11,11,11,28,36,36,41,41,45],"current_hp_per_floor":[72,72,52,52,55,55,39,63,63,36,36,36,36,36,36,39,70,72,72,61,61,43,43,29,53,53,53,53,47,49,53,53,10,63,69,69,30,24,24,48,48,72,72,77,77,13,0,0],"gold":159,"neow_bonus":"ONE_RANDOM_RARE_CARD","is_daily":false,"chose_seed":false,"campfire_upgraded":1,"win_rate":0.0,"timestamp":1613119197,"path_taken":["M","?","?","?","M","R","E","R","T","E","$","?","?","?","R","BOSS","M","?","M","?","M","R","E","R","T","R","$","M","E","M","R","BOSS","M","$","?","M","?","R","$","R","T","?","$","E","M"],"items_purchased_type":["Relic","Card","Card","Relic","Card","Card","Relic","Potion","Card"],"build_version":"2020-12-22","purchased_purges":0,"victory":false,"max_hp_per_floor":[80,80,80,80,80,80,80,80,80,80,80,80,80,80,80,80,80,80,80,80,80,80,80,80,80,80,80,80,80,80,80,80,80,80,80,80,80,80,80,80,80,80,80,80,80,80,80,80],"relic_stats":{"Happy Flower":[4],"counters":[18,76],"Golden Idol":131,"Self Forming Clay":[90],"PreservedInsect":242,"Pen Nib":[9],"Bag of Preparation":[2],"War Paint":["Shrug It Off","Impervious"],"Boot":[0],"Burning Blood":102,"Mercury Hourglass":[126],"obtain_stats":[{"Girya":12,"Happy Flower":41,"Golden Idol":3,"Self Forming Clay":30,"PreservedInsect":7,"Pen Nib":9,"Omamori":24,"Bag of Preparation":46,"War Paint":43,"Boot":28,"Burning Blood":0,"Mercury Hourglass":26,"Old Coin":37,"Red Skull":11,"Paper Frog":10,"Runic Pyramid":17,"Runic Cube":34},{"Girya":4,"Happy Flower":16,"Golden Idol":1,"Self Forming Clay":11,"PreservedInsect":3,"Pen Nib":3,"Omamori":9,"Bag of Preparation":17,"War Paint":16,"Boot":9,"Burning Blood":0,"Mercury Hourglass":9,"Old Coin":15,"Red Skull":4,"Paper Frog":4,"Runic Pyramid":5,"Runic Cube":13},{"Girya":15,"Happy Flower":64,"Golden Idol":3,"Self Forming Clay":41,"PreservedInsect":10,"Pen Nib":10,"Omamori":33,"Bag of Preparation":73,"War Paint":64,"Boot":33,"Burning Blood":0,"Mercury Hourglass":33,"Old Coin":61,"Red Skull":15,"Paper Frog":15,"Runic Pyramid":19,"Runic Cube":53}],"Runic Cube":[13]},"card_choices":[{"not_picked":["Body Slam","Clothesline"],"picked":"Uppercut","floor":1},{"not_picked":["Clothesline","Twin Strike"],"picked":"Iron Wave","floor":5},{"not_picked":["Warcry","Body Slam"],"picked":"Anger","floor":7},{"not_picked":["True Grit","Clothesline","Havoc"],"picked":"SKIP","floor":10},{"not_picked":["Juggernaut","Berserk"],"picked":"Immolate","floor":16},{"not_picked":["Pommel Strike","Shrug It Off"],"picked":"Whirlwind","floor":18},{"not_picked":["Power Through","Cleave+1","Flex"],"picked":"SKIP","floor":20},{"not_picked":["Whirlwind","Armaments"],"picked":"Inflame","floor":22},{"not_picked":["Uppercut","Thunderclap"],"picked":"Limit Break","floor":24},{"not_picked":["Body Slam","Dropkick"],"picked":"Flame Barrier","floor":29},{"not_picked":["Seeing Red","Perfected Strike"],"picked":"Power Through+1","floor":30},{"not_picked":["Bludgeon","Entrench"],"picked":"Shrug It Off","floor":31},{"not_picked":["Brutality","Offering"],"picked":"Impervious","floor":33},{"not_picked":["Burning Pact","Armaments"],"picked":"True Grit","floor":35},{"not_picked":["Rampage+1","Sword Boomerang"],"picked":"True Grit+1","floor":38},{"not_picked":["Warcry","Flex"],"picked":"Shockwave","floor":46}],"player_experience":1218167,"relics_obtained":[{"floor":7,"key":"PreservedInsect"},{"floor":9,"key":"Pen Nib"},{"floor":10,"key":"Paper Frog"},{"floor":24,"key":"Omamori"},{"floor":26,"key":"Mercury Hourglass"},{"floor":30,"key":"Self Forming Clay"},{"floor":37,"key":"Old Coin"},{"floor":43,"key":"War Paint"},{"floor":46,"key":"Bag of Preparation"}],"event_choices":[{"damage_healed":0,"gold_gain":61,"player_choice":"Gained Gold","damage_taken":0,"max_hp_gain":0,"max_hp_loss":0,"event_name":"Golden Wing","floor":2,"gold_loss":0},{"damage_healed":0,"gold_gain":0,"player_choice":"Take Damage","damage_taken":20,"relics_obtained":["Golden Idol"],"max_hp_gain":0,"max_hp_loss":0,"event_name":"Golden Idol","floor":3,"gold_loss":0},{"damage_healed":0,"gold_gain":0,"player_choice":"Grow","damage_taken":0,"max_hp_gain":0,"max_hp_loss":0,"event_name":"Living Wall","floor":4,"gold_loss":0,"cards_upgraded":["Uppercut"]},{"damage_healed":0,"gold_gain":0,"player_choice":"Searched \u00271\u0027 times","damage_taken":0,"relics_obtained":["Girya"],"max_hp_gain":0,"max_hp_loss":0,"event_name":"Dead Adventurer","floor":12,"gold_loss":0},{"damage_healed":0,"gold_gain":0,"player_choice":"Simplicity","damage_taken":0,"max_hp_gain":0,"max_hp_loss":0,"event_name":"Back to Basics","floor":19,"gold_loss":0,"cards_upgraded":["Strike_R","Strike_R","Strike_R","Strike_R","Strike_R","Defend_R","Defend_R","Defend_R","Defend_R"]},{"damage_healed":0,"gold_gain":0,"player_choice":"Upgrade","damage_taken":0,"max_hp_gain":0,"max_hp_loss":0,"event_name":"Designer","floor":21,"gold_loss":40,"cards_upgraded":["Rupture"]},{"damage_healed":0,"gold_gain":0,"player_choice":"Fight","damage_taken":0,"max_hp_gain":0,"max_hp_loss":0,"event_name":"Mysterious Sphere","floor":37,"gold_loss":0},{"cards_removed":["Inflame"],"damage_healed":0,"gold_gain":0,"player_choice":"Removed Power","damage_taken":0,"max_hp_gain":0,"max_hp_loss":0,"event_name":"Falling","floor":39,"gold_loss":0},{"cards_removed":["Iron Wave"],"damage_healed":5,"gold_gain":0,"player_choice":"Offered Common","damage_taken":0,"max_hp_gain":0,"max_hp_loss":0,"event_name":"Bonfire Elementals","floor":44,"gold_loss":0},{"cards_removed":["Iron Wave"],"damage_healed":5,"gold_gain":0,"player_choice":"Offered Special","damage_taken":0,"max_hp_gain":0,"max_hp_loss":0,"event_name":"Bonfire Elementals","floor":44,"gold_loss":0}],"is_beta":false,"boss_relics":[{"not_picked":["SlaversCollar","Runic Dome"],"picked":"Runic Pyramid"},{"not_picked":["Tiny House","SacredBark"],"picked":"Runic Cube"}],"items_purged_floors":[],"is_endless":false,"potions_floor_spawned":[5,10,16,18,20,30,33,35,37],"killed_by":"Writhing Mass","ascension_level":12}}