{"host":"smn2tb46ysgs1sad","time":1613096556,"event":{"mods":["AchievementEnabler","Aspiration","BaseMod","Colored Powertips","Downfall","Hermit","Minty Spire (QoL Compilation)","Replay The Spire","StSLib","The Cursed","The Disciple","The Hierophant"],"gold_per_floor":[0,10,10,0,16,26,26,37,71,89,89,102,102,129,145,242,242,242,255,267,267,286,296,323,340,40,40,40,40,25,25,39,140,140,140,159,204,82,101,128,155,155,155,155,169,169,169,19,38,38,38,38,38,38],"floor_reached":52,"language":"ENG","playtime":2865,"items_purged":["Injury"],"score":744,"play_id":"eae7d9bd-d7bb-482d-8ae4-594ce5841899","local_time":"20210211182236","is_ascension_mode":false,"campfire_choices":[{"data":"Slimebound:Split","floor":1.0,"key":"SMITH"},{"data":"Slimebound:MinionMaster","floor":11.0,"key":"SMITH"},{"floor":18,"key":"RECALL"},{"data":"Slimebound:PressTheAttack","floor":26,"key":"SMITH"},{"data":"Slimebound:Equalize","floor":28,"key":"SMITH"},{"data":"Slimebound:LevelUp","floor":35,"key":"SMITH"},{"data":"Slimebound:SlimeBarrage","floor":44,"key":"SMITH"},{"data":"Slimebound:LevelUp","floor":47,"key":"SMITH"}],"circlet_count":0,"master_deck":["Slimebound:Tackle","Slimebound:Defend_Slimebound","Slimebound:Defend_Slimebound","Slimebound:Defend_Slimebound","Slimebound:Split+1","Slimebound:CorrosiveSpit","Slimebound:MinionMaster+1","Slimebound:SplitLeeching","Slimebound:GoopSpray+1","Slimebound:GoopSpray+1","Slimebound:Equalize+1","Slimebound:SplitMire+1","Slimebound:SplitAcid+1","Slimebound:SplitMire+1","Slimebound:SplitAcid+1","Slimebound:SplitBruiser+1","Slimebound:RallyTheTroops+1","Slimebound:PressTheAttack+1","Bite","Bite","Bite","Bite","Bite","Slimebound:SlimeSpikes+1","Decay","Slimebound:SlimeSpikes+1","Slimebound:LevelUp+1","Slimebound:MinionMaster","Slimebound:GoopSpray+1","Slimebound:Equalize+1","Slimebound:SlimeBarrage+1","Slimebound:LevelUp+1","Slimebound:Repurpose+1","SwitchThreat","Slimebound:Repurpose+1","Slimebound:SplitBruiser+1"],"relics":["Slimebound:AbsorbEndCombatUpgraded","Toxic Egg 2","Guardian:PocketSentry","Juzu Bracelet","Anchor","Onion Ring","Cursed Key","downfall:HeartBlessingRed","downfall:HeartBlessingGreen","downfall:HeartBlessingBlue","aspiration:AnachronicSnailShell","Thread and Needle","aspiration:ChemicalBlood","Blood Vial"],"acts_visited":["Exordium","TheCity","TheBeyond","TheEnding"],"potions_floor_usage":[33,37,38,38,50,50,50,50,50,50,52,52,52,52],"damage_taken":[{"damage":3.0,"enemies":"Small Slimes","floor":2.0,"turns":3.0},{"damage":4.0,"enemies":"downfall:FleeingMerchant","floor":4.0,"turns":4.0},{"damage":2.0,"enemies":"Jaw Worm","floor":5.0,"turns":4.0},{"damage":0.0,"enemies":"Cultist","floor":6.0,"turns":3.0},{"damage":2.0,"enemies":"2 Fungi Beasts","floor":8.0,"turns":2.0},{"damage":9.0,"enemies":"3 Sentries","floor":9.0,"turns":5.0},{"damage":17.0,"enemies":"Gremlin Gang","floor":10.0,"turns":3.0},{"damage":10.0,"enemies":"3 Louse","floor":12.0,"turns":2.0},{"damage":10.0,"enemies":"Gremlin Nob","floor":14.0,"turns":3.0},{"damage":0.0,"enemies":"Red Slaver","floor":15.0,"turns":3.0},{"damage":0.0,"enemies":"SI_SHIV_ARCHETYPE","floor":16.0,"turns":5.0},{"damage":2,"enemies":"Spheric Guardian","floor":19,"turns":3},{"damage":2,"enemies":"Centurion and Healer","floor":20,"turns":4},{"damage":22,"enemies":"Snecko","floor":22,"turns":4},{"damage":6,"enemies":"Shelled Parasite and Fungi","floor":23,"turns":4},{"damage":0,"enemies":"Chosen and Byrds","floor":25,"turns":3},{"damage":0,"enemies":"downfall:FleeingMerchant","floor":30,"turns":4},{"damage":0,"enemies":"Sentry and Sphere","floor":32,"turns":3},{"damage":22,"enemies":"WA_ARCHETYPE_CALM","floor":33,"turns":7},{"damage":8,"enemies":"3 Shapes","floor":36,"turns":3},{"damage":20,"enemies":"2 Orb Walkers","floor":37,"turns":5},{"damage":0,"enemies":"downfall:FleeingMerchant","floor":38,"turns":4},{"damage":13,"enemies":"3 Darklings","floor":39,"turns":5},{"damage":3,"enemies":"Nemesis","floor":40,"turns":7},{"damage":0,"enemies":"Maw","floor":45,"turns":7},{"damage":9,"enemies":"Writhing Mass","floor":49,"turns":5},{"damage":87,"enemies":"DF_ARCHETYPE_ORBS","floor":50,"turns":9},{"damage":116,"enemies":"downfall:CharBossMerchant","floor":52,"turns":8}],"seed_played":"-6619685226694154227","potions_obtained":[{"floor":5.0,"key":"FearPotion"},{"floor":6.0,"key":"bronze:BurnAndBuffPotion"},{"floor":9.0,"key":"EssenceOfSteel"},{"floor":12.0,"key":"Slimebound:SlimedPotion"},{"floor":33,"key":"Block Potion"},{"floor":39,"key":"bronze:BurnAndBuffPotion"},{"floor":49,"key":"SkillPotion"}],"is_trial":false,"path_per_floor":["R","M","?","$","M","M","T","M","E","M","R","M","?","E","M","B",null,"R","M","M","?","M","M","T","M","R","?","R","?","$","?","M","B",null,"R","M","?","$","M","E","T","?","?","R","M","?","R","?","M","B",null,"E"],"character_chosen":"SLIMEBOUND","items_purchased":["Slimebound:LevelUp","Thread and Needle"],"campfire_rested":0,"item_purchase_floors":[38,38],"current_hp_per_floor":[65,64,64,60,62,65,65,65,62,58,58,52,27,29,39,51,65,65,65,65,45,23,39,39,45,55,55,55,46,60,60,60,45,60,60,57,47,60,60,60,60,60,60,60,60,60,60,70,70,17,70,0,0,0],"gold":38,"neow_bonus":"THREE_RARE_CARDS","is_daily":false,"chose_seed":false,"campfire_upgraded":7,"win_rate":0.0,"timestamp":1613096556,"path_taken":["R","M","?","$","M","M","T","M","E","M","R","M","?","E","M","BOSS","R","M","M","?","M","M","T","M","R","?","R","?","$","?","M","BOSS","R","M","?","$","M","E","T","?","?","R","M","?","R","?","M","BOSS","E"],"items_purchased_type":["Card","Relic"],"build_version":"2020-12-22","purchased_purges":1,"victory":false,"max_hp_per_floor":[65,65,65,65,65,65,65,65,65,65,65,65,65,65,65,65,65,65,65,65,45,45,45,45,45,55,55,55,60,60,60,60,60,60,60,60,60,60,60,60,60,60,60,60,60,60,60,70,70,70,70,75,75,75],"card_choices":[{"not_picked":["Slimebound:SlimeSlap","Slimebound:Overexert"],"picked":"Slimebound:MinionMaster","floor":0.0},{"not_picked":["Slimebound:GoopTackle","Slimebound:FormOfPuddle"],"picked":"Slimebound:SplitLeeching","floor":2.0},{"not_picked":["Slimebound:ProtectTheBoss","Slimebound:TongueLash"],"picked":"Slimebound:GoopSpray+1","floor":4.0},{"not_picked":["Slimebound:ViciousTackle","Slimebound:FinishingTackle"],"picked":"Slimebound:GoopSpray+1","floor":5.0},{"not_picked":["Slimebound:RollThrough","Slimebound:Nibble"],"picked":"Slimebound:Equalize","floor":6.0},{"not_picked":["Slimebound:TongueLash","Slimebound:DisruptingSlam"],"picked":"Slimebound:SplitMire+1","floor":8.0},{"not_picked":["Slimebound:ItLooksTasty","Slimebound:GoopTackle"],"picked":"Slimebound:SplitAcid+1","floor":9.0},{"not_picked":["Slimebound:Schlurp+1","Slimebound:SamplingLick+1"],"picked":"Slimebound:SplitMire+1","floor":10.0},{"not_picked":["Slimebound:RainOfGoop+1","Slimebound:FormOfPuddle+1","Slimebound:LeechingTouch"],"picked":"SKIP","floor":12.0},{"not_picked":["Slimebound:SplitLeeching+1","Slimebound:TongueLash"],"picked":"Slimebound:SplitAcid+1","floor":14.0},{"not_picked":["Slimebound:PressTheAttack","Slimebound:HauntingLick+1"],"picked":"Slimebound:SplitBruiser+1","floor":15.0},{"not_picked":["Slimebound:DouseInSlime+1","Slimebound:DuplicatedForm"],"picked":"Slimebound:RallyTheTroops","floor":16.0},{"not_picked":["Slimebound:LeechingTouch","Slimebound:FinishingTackle","Slimebound:ComboTackle"],"picked":"SKIP","floor":19},{"not_picked":["Slimebound:MegaLick+1","Slimebound:SplitLeeching+1"],"picked":"Slimebound:PressTheAttack","floor":20},{"not_picked":["Slimebound:GrowthPunch","Slimebound:FormOfPuddle+1","Slimebound:SamplingLick+1"],"picked":"SKIP","floor":22},{"not_picked":["Slimebound:ComboTackle","Slimebound:LeechEnergy"],"picked":"Slimebound:SlimeSpikes+1","floor":23},{"not_picked":["Slimebound:PressTheAttack","Slimebound:Chomp"],"picked":"Slimebound:SlimeSpikes+1","floor":25},{"not_picked":["Slimebound:LeechingTouch","Slimebound:SlimeSpikes+1"],"picked":"Slimebound:LevelUp","floor":30},{"not_picked":["Slimebound:ProtectTheBoss","Slimebound:Dissolve+1","Slimebound:SplitBruiser+1"],"picked":"SKIP","floor":32},{"not_picked":["Slimebound:OneTwoCombo","Slimebound:PrepareCrush+1"],"picked":"Slimebound:MinionMaster","floor":33},{"not_picked":["Slimebound:LeechEnergy+1","Slimebound:AcidTongue"],"picked":"Slimebound:GoopSpray+1","floor":36},{"not_picked":["Slimebound:LeechEnergy","Slimebound:LivingWall+1"],"picked":"Slimebound:Equalize+1","floor":37},{"not_picked":["Slimebound:Prepare+1","Slimebound:RejuvenatingLick+1"],"picked":"Slimebound:SlimeBarrage","floor":38},{"not_picked":["Slimebound:SplitLeeching+1","Slimebound:FlameTackle","Slimebound:SplitMire+1"],"picked":"SKIP","floor":39},{"not_picked":["Slimebound:ForwardTackle","Slimebound:SlimeTap+1"],"picked":"Slimebound:Repurpose+1","floor":40},{"not_picked":["Slimebound:SlimeSpikes+1","Slimebound:FormOfPuddle+1","Slimebound:ItLooksTasty"],"picked":"SKIP","floor":45},{"not_picked":["Slimebound:DouseInSlime+1","Slimebound:SplitAcid+1"],"picked":"Slimebound:SplitBruiser+1","floor":49}],"player_experience":183749,"relics_obtained":[{"floor":7.0,"key":"Guardian:PocketSentry"},{"floor":9.0,"key":"Juzu Bracelet"},{"floor":14.0,"key":"Onion Ring"},{"floor":37,"key":"aspiration:AnachronicSnailShell"},{"floor":40,"key":"aspiration:ChemicalBlood"},{"floor":41,"key":"Blood Vial"}],"event_choices":[{"damage_healed":0.0,"max_hp_gain":0.0,"max_hp_loss":0.0,"gold_gain":0.0,"event_name":"Scrap Ooze","player_choice":"Success","floor":13.0,"gold_loss":0.0,"damage_taken":25.0,"relics_obtained":["Anchor"]},{"damage_healed":0,"gold_gain":0,"player_choice":"Became a vampire","damage_taken":0,"max_hp_gain":0,"max_hp_loss":20,"event_name":"Vampires","floor":21,"gold_loss":0,"cards_obtained":["Bite","Bite","Bite","Bite","Bite"]},{"damage_healed":0,"gold_gain":0,"player_choice":"Forge","damage_taken":0,"max_hp_gain":0,"max_hp_loss":0,"event_name":"Accursed Blacksmith","floor":27,"gold_loss":0,"cards_upgraded":["Slimebound:RallyTheTroops"]},{"damage_healed":0,"gold_gain":0,"player_choice":"Ignored","damage_taken":0,"max_hp_gain":0,"max_hp_loss":0,"event_name":"NoteForYourself","floor":31,"gold_loss":0},{"damage_healed":0,"gold_gain":0,"player_choice":"Fight","damage_taken":0,"max_hp_gain":0,"max_hp_loss":0,"event_name":"Mysterious Sphere","floor":37,"gold_loss":0},{"cards_removed":["Slimebound:Defend_Slimebound"],"damage_healed":0,"gold_gain":0,"player_choice":"Removed Skill","damage_taken":0,"max_hp_gain":0,"max_hp_loss":0,"event_name":"Falling","floor":42,"gold_loss":0}],"is_beta":false,"boss_relics":[{"not_picked":["Velvet Choker","SlaversCollar"],"picked":"Cursed Key"},{"not_picked":["aspiration:DefectSkillbook","Snecko Eye"],"picked":"Slimebound:AbsorbEndCombatUpgraded"}],"items_purged_floors":[38],"is_endless":false,"potions_floor_spawned":[5,6,9,12,14,19,20,23,33,36,39,40,49],"killed_by":"downfall:CharBossMerchant","ascension_level":0}}