{"host":"tr12w2fixbnujl15","time":1613152492,"event":{"mods":["100% Spire Juice","2.2 Compatiblity","A Penny For Your Troubles","BaseMod","Better Skull","Better Vampires","BetterRewards","CapriCore","Clockwork Mod","Colored Powertips","Evolution","Gremlin Skip","Hermit","Hubris","Infinite Spire","JesterMod","Kalas","KinomotoSakuraMod(????)","Koishi","Mad Scientist","Magitek Elite","Mathematician","Minty Spire (QoL Compilation)","Permanent Neow","Quick Restart","Reimu??????","Relic Filter","Remilia_Scarlet Moed?????·?????3.3.5","Replay The Spire","Shop Mod","StSLib","SuperFastMode","The Accelerator","The Bug Knight","The Construct","The Cursed","The Hayseed","The Hierophant","The Immortal","The Mystic","The Necromancer","The Runesmith","The Sage","The Senshi","The Servant 0.9.4","The Spell Scribe","The Vixen","TheFirefly","TheSwordswoman","TheVelvet","Transform Curses","WarShipGirlsR/????R mod","Yakumo Yukari mod","[IsaacMod]????"],"gold_per_floor":[116,116,166,183,202,202,213,213,259,291,61,76,103,119,119,216,216,227,227,239,239,251,251,251,191,214,214,184,222,222,222,222],"floor_reached":31,"language":"ENG","playtime":1396,"items_purged":[],"score":260,"play_id":"b933eea7-f54b-4a28-b9c6-a7eaaa22e09b","local_time":"20210212125452","is_ascension_mode":false,"campfire_choices":[{"data":"rmod:supportaircraftcarrier","floor":6,"key":"SMITH"},{"floor":8,"key":"REST"},{"floor":15,"key":"REST"},{"data":"rmod:secretscript","floor":23,"key":"SMITH"},{"floor":27,"key":"RECALL"},{"data":"rmod:advancebysurprise","floor":30,"key":"SMITH"}],"circlet_count":0,"master_deck":["rmod:diamondstrike","rmod:diamondstrike+1","rmod:diamondstrike","rmod:diamondstrike","rmod:defend","rmod:defend","rmod:defend","rmod:defend","rmod:basicallowance","rmod:maingunfire+1","rmod:supportaircraftcarrier+1","rmod:windflower","rmod:fletcherpendant+1","rmod:lonelyqueen","rmod:ammunitionsupply","rmod:luckystar","rmod:expedition","rmod:generalist","rmod:openingtorpedo","rmod:secretscript+1","rmod:ring+1","infinitespire:FutureSight","rmod:firesupport+1","rmod:luckystar","rmod:firesupport","rmod:capitalist","rmod:goodsister","rmod:desperatesituation","rmod:advancebysurprise+1"],"relics":["rmod:firstchargereward","EVO:Axolotl","HushsDoor","BelialBook","hubris:Zylophone","DoctorsRemote","Strawberry","Boot","Whetstone","SteamSale","MerchantsRug","Pet Ghost","SlaversCollar","Lee\u0027s Waffle","hubris:GrandSneckoEye"],"acts_visited":["Exordium","TheCity"],"potions_floor_usage":[29],"damage_taken":[{"damage":0,"enemies":"Small Slimes","floor":1,"turns":3},{"damage":22,"enemies":"Hiden Room Battle","floor":3,"turns":3},{"damage":0,"enemies":"Cultist","floor":4,"turns":2},{"damage":0,"enemies":"Jaw Worm","floor":5,"turns":2},{"damage":5,"enemies":"2 Fungi Beasts","floor":7,"turns":4},{"damage":9,"enemies":"Gremlin Nob","floor":10,"turns":3},{"damage":12,"enemies":"Blue Slaver","floor":12,"turns":4},{"damage":8,"enemies":"Gremlin Gang","floor":14,"turns":5},{"damage":3,"enemies":"Slime Boss","floor":16,"turns":6},{"damage":10,"enemies":"3 Byrds","floor":18,"turns":6},{"damage":14,"enemies":"Spheric Guardian","floor":20,"turns":4},{"damage":8,"enemies":"Chosen and Byrds","floor":22,"turns":4},{"damage":13,"enemies":"Sentry and Sphere","floor":29,"turns":4},{"damage":99999999,"enemies":"Snake Plant","floor":31,"turns":1}],"seed_played":"6231379121295482900","potions_obtained":[{"floor":5,"key":"GamblersBrew"},{"floor":14,"key":"SpeedPotion"},{"floor":16,"key":"SneckoOil"},{"floor":20,"key":"Weak Potion"}],"is_trial":false,"path_per_floor":["M","T","?","M","M","R","M","R","T","E","$","M","T","M","R","B",null,"M","AVR","M","?","M","R","?","?","T","R","?","M","R","M"],"character_chosen":"PRAEFECT","items_purchased":["SteamSale","MerchantsRug","rmod:expedition"],"campfire_rested":2,"item_purchase_floors":[11,11,11],"current_hp_per_floor":[75,75,60,60,60,60,55,79,79,70,70,58,58,50,74,71,82,72,89,75,75,67,67,67,67,67,67,67,54,54,0,0],"gold":222,"neow_bonus":"RANDOM_EVENT","is_daily":false,"chose_seed":false,"campfire_upgraded":3,"win_rate":0.0,"timestamp":1613152492,"path_taken":["M","?","?","M","M","R","M","R","T","E","$","M","?","M","R","BOSS","M","AVR","M","?","M","R","?","?","T","R","?","M","R","M"],"items_purchased_type":["Relic","Relic","Card"],"build_version":"2020-12-22","purchased_purges":0,"victory":false,"max_hp_per_floor":[75,75,82,82,82,82,82,82,82,82,82,82,82,82,82,82,82,82,89,89,89,89,89,89,89,89,89,89,89,89,89,89],"card_choices":[{"not_picked":[],"picked":"Bomb","floor":0},{"not_picked":["Bomb","rmod:fuelsupply"],"picked":"rmod:supportaircraftcarrier","floor":1},{"not_picked":["rmod:fletcherpendant","rmod:combined"],"picked":"rmod:windflower","floor":3},{"not_picked":["Bomb","rmod:firesupport"],"picked":"rmod:fletcherpendant","floor":4},{"not_picked":["rmod:generalist","Bomb"],"picked":"rmod:lonelyqueen","floor":5},{"not_picked":["rmod:combined","rmod:aviationdawn"],"picked":"rmod:ammunitionsupply","floor":7},{"not_picked":["rmod:ammunitionsupply","rmod:unsinkable"],"picked":"rmod:luckystar","floor":10},{"not_picked":["Bomb","rmod:salvage"],"picked":"rmod:generalist","floor":12},{"not_picked":["rmod:diamondstrike","rmod:overbreakdown"],"picked":"rmod:openingtorpedo","floor":14},{"not_picked":["rmod:windflower","rmod:desperatesituation"],"picked":"rmod:secretscript","floor":16},{"not_picked":["rmod:unsinkable","rmod:garrisonisland+1"],"picked":"rmod:ring+1","floor":18},{"not_picked":["rmod:robin+1","rmod:fuelsupply"],"picked":"rmod:firesupport+1","floor":20},{"not_picked":["rmod:generalist+1","rmod:robin+1"],"picked":"rmod:luckystar","floor":22},{"not_picked":[],"picked":"rmod:firesupport","floor":28},{"not_picked":[],"picked":"rmod:capitalist","floor":28},{"not_picked":[],"picked":"rmod:goodsister","floor":28},{"not_picked":[],"picked":"rmod:desperatesituation","floor":28},{"not_picked":["rmod:victimresponsibility","rmod:steelsupply"],"picked":"rmod:advancebysurprise","floor":29}],"player_experience":104523,"relics_obtained":[{"floor":2,"key":"hubris:Zylophone"},{"floor":3,"key":"DoctorsRemote"},{"floor":3,"key":"Strawberry"},{"floor":9,"key":"Boot"},{"floor":10,"key":"Whetstone"},{"floor":13,"key":"Pet Ghost"}],"event_choices":[{"damage_healed":0,"gold_gain":0,"player_choice":"Fight","damage_taken":0,"max_hp_gain":0,"max_hp_loss":0,"event_name":"HidenRoomEvent","floor":3,"gold_loss":0},{"damage_healed":0,"gold_gain":0,"player_choice":"Ignored","damage_taken":0,"max_hp_gain":0,"max_hp_loss":0,"event_name":"Beggar","floor":21,"gold_loss":0}],"is_beta":false,"boss_relics":[{"not_picked":["Replay:Ancient Bell","Busted Crown"],"picked":"SlaversCollar"},{"not_picked":[]}],"items_purged_floors":[],"is_endless":false,"potions_floor_spawned":[5,14,16,20],"killed_by":"Snake Plant","ascension_level":0}}