{"host":"mo324zvkdr1xwprd","time":1613145211,"event":{"mods":["BaseMod","Better Note","BetterRewards","Hermit","Highlight Path","Hubris","Minty Spire (QoL Compilation)","Quick Restart","Rare Cards Sparkle","Shop Mod","StSLib","The Cursed","The Hierophant"],"gold_per_floor":[113,113,133,153,167,192,192,192,192,217,227,227,246,263,263,358,358,378,293,293,307,317,317,343,361,361,361,396,411,443,443,443,538,538,557,517,533,544,562,590,590,590,590,117,147,163,20,48,48,48,48,48,10,39,39],"floor_reached":56,"language":"ENG","playtime":3765,"items_purged":["Adrenaline+1","Pain"],"score":2816,"play_id":"0fec5d7d-0237-4699-9e2e-2e07c7ad0a10","local_time":"20210212155331","is_ascension_mode":true,"campfire_choices":[{"data":"1","floor":7.0,"key":"LIFT"},{"data":"2","floor":12.0,"key":"LIFT"},{"data":"3","floor":15.0,"key":"LIFT"},{"floor":23.0,"key":"RECALL"},{"data":"hubris:DuctTapeCard","floor":27.0,"key":"SMITH"},{"data":"After Image","floor":32.0,"key":"SMITH"},{"data":"Phantasmal Killer","floor":42.0,"key":"SMITH"},{"data":"After Image","floor":49.0,"key":"SMITH"},{"data":"Caltrops","floor":52.0,"key":"SMITH"}],"circlet_count":0,"master_deck":["AscendersBane","Strike_G","Strike_G","Strike_G+1","Strike_G","Strike_G","Defend_G","Defend_G","Defend_G","Defend_G","Survivor","Neutralize","Blade Dance","Panacea","Flying Knee","Swift Strike","Masterful Stab","Flying Knee","Slice","Footwork","Leg Sweep","Phantasmal Killer+1","Dagger Spray+1","Footwork","Dagger Spray","Leg Sweep","After Image+1","Sucker Punch+1","PiercingWail","Dagger Throw","Blade Dance+1","Deflect","Cloak And Dagger","Dagger Throw","Adrenaline+1","Cloak And Dagger+1","Blade Dance+1","Outmaneuver+1","Blade Dance+1","Outmaneuver+1","Bouncing Flask","Caltrops+1","Flying Knee","Dagger Spray","Dash","Backflip","After Image+1","Quick Slash+1","Predator","hubris:DuctTapeCard","Flying Knee+1"],"relics":["Ring of the Snake","Lantern","hubris:Zylophone","MealTicket","Lizard Tail","Incense Burner","Girya","hubris:Icosahedron","Shuriken","hubris:AncientText","hubris:Backtick","Ice Cream","hubris:Reverence","hubris:DuctTape","hubris:MysteriousPyramids","hubris:Potato","Nunchaku","Runic Pyramid","CaptainsWheel","WarpedTongs","hubris:PeanutButter","Oddly Smooth Stone","Ancient Tea Set","Whetstone","Vajra"],"acts_visited":["Exordium","TheCity","TheBeyond","TheEnding"],"potions_floor_usage":[55,55],"damage_taken":[{"damage":0.0,"enemies":"Small Slimes","floor":1.0,"turns":2.0},{"damage":0.0,"enemies":"2 Louse","floor":3.0,"turns":2.0},{"damage":0.0,"enemies":"Cultist","floor":4.0,"turns":2.0},{"damage":2.0,"enemies":"Exordium Thugs","floor":5.0,"turns":4.0},{"damage":1.0,"enemies":"Gremlin Nob","floor":6.0,"turns":4.0},{"damage":3.0,"enemies":"3 Sentries","floor":10.0,"turns":3.0},{"damage":0.0,"enemies":"2 Fungi Beasts","floor":11.0,"turns":1.0},{"damage":0.0,"enemies":"Gremlin Gang","floor":13.0,"turns":4.0},{"damage":0.0,"enemies":"Large Slime","floor":14.0,"turns":3.0},{"damage":0.0,"enemies":"Slime Boss","floor":16.0,"turns":4.0},{"damage":0.0,"enemies":"2 Thieves","floor":18.0,"turns":2.0},{"damage":4.0,"enemies":"Chosen","floor":21.0,"turns":2.0},{"damage":0.0,"enemies":"Snake Plant","floor":22.0,"turns":4.0},{"damage":8.0,"enemies":"Slavers","floor":24.0,"turns":4.0},{"damage":0.0,"enemies":"Shelled Parasite and Fungi","floor":25.0,"turns":3.0},{"damage":0.0,"enemies":"Gremlin Leader","floor":28.0,"turns":3.0},{"damage":0.0,"enemies":"Centurion and Healer","floor":29.0,"turns":3.0},{"damage":0.0,"enemies":"Slavers","floor":30.0,"turns":2.0},{"damage":0.0,"enemies":"Champ","floor":33.0,"turns":6.0},{"damage":0.0,"enemies":"3 Darklings","floor":35.0,"turns":2.0},{"damage":0.0,"enemies":"Orb Walker","floor":37.0,"turns":2.0},{"damage":0.0,"enemies":"Jaw Worm Horde","floor":38.0,"turns":2.0},{"damage":0.0,"enemies":"Writhing Mass","floor":39.0,"turns":2.0},{"damage":0.0,"enemies":"Nemesis","floor":40.0,"turns":5.0},{"damage":0.0,"enemies":"Reptomancer","floor":45.0,"turns":2.0},{"damage":0.0,"enemies":"3 Darklings","floor":46.0,"turns":2.0},{"damage":0.0,"enemies":"Nemesis","floor":48.0,"turns":5.0},{"damage":0.0,"enemies":"Awakened One","floor":50.0,"turns":9.0},{"damage":2,"enemies":"Shield and Spear","floor":54,"turns":5},{"damage":22,"enemies":"The Heart","floor":55,"turns":7}],"seed_played":"7022012687147455771","potions_obtained":[{"floor":1.0,"key":"Energy Potion"},{"floor":3.0,"key":"LiquidMemories"},{"floor":8.0,"key":"DistilledChaos"},{"floor":11.0,"key":"LiquidMemories"},{"floor":16.0,"key":"Strength Potion"},{"floor":24.0,"key":"SkillPotion"},{"floor":25.0,"key":"Swift Potion"},{"floor":37.0,"key":"Strength Potion"},{"floor":38.0,"key":"LiquidBronze"}],"is_trial":false,"path_per_floor":["M","?","M","M","M","E","R","?","T","E","M","R","M","M","R","B",null,"M","?","?","M","M","R","E","M","T","R","E","M","E","?","R","B",null,"M","?","M","M","M","E","?","R","T","$","E","M","$","E","R","B",null,"R","$","E","B",null],"character_chosen":"THE_SILENT","items_purchased":["Lantern","Fruit Juice","Flying Knee","Swift Strike","Girya","Masterful Stab","Oddly Smooth Stone","Bouncing Flask","Caltrops","Flying Knee","Dagger Spray","After Image","Predator"],"campfire_rested":0,"item_purchase_floors":[0,0,0,0,0,0,44,44,44,44,44,47,53],"current_hp_per_floor":[26,26,75,75,73,72,72,72,72,69,69,69,69,69,69,69,74,74,74,74,70,70,70,62,62,62,62,62,62,62,62,62,62,72,72,72,72,72,72,72,72,72,72,75,75,75,75,75,75,75,75,75,75,73,51],"gold":39,"neow_bonus":"","is_daily":false,"chose_seed":false,"campfire_upgraded":5,"win_rate":0.0,"timestamp":1613145211,"path_taken":["M","?","M","M","M","E","R","?","T","E","M","R","?","M","R","BOSS","M","?","?","M","M","R","E","M","T","R","E","?","E","?","R","BOSS","M","?","M","?","M","E","?","R","T","$","E","?","?","E","R","BOSS","R","$","E","BOSS"],"items_purchased_type":["Relic","Potion","Card","Card","Relic","Card","Relic","Card","Card","Card","Card","Card","Card"],"build_version":"2020-12-22","purchased_purges":2,"victory":true,"max_hp_per_floor":[75,75,75,75,75,75,75,75,75,75,75,75,75,75,75,75,75,75,75,75,75,75,75,75,75,75,75,75,75,75,75,75,75,75,75,75,75,75,75,75,75,75,75,75,75,75,75,75,75,75,75,75,75,75,75],"card_choices":[{"not_picked":["hubris:SlightOfHand","Underhanded Strike"],"picked":"Flying Knee","floor":1.0},{"not_picked":["Dodge and Roll","Concentrate"],"picked":"Slice","floor":3.0},{"not_picked":["Cloak And Dagger","Caltrops"],"picked":"Footwork","floor":4.0},{"not_picked":["Reflex","Flying Knee"],"picked":"Leg Sweep","floor":5.0},{"not_picked":["Slice","Flying Knee"],"picked":"Phantasmal Killer","floor":6.0},{"not_picked":["Backflip","PiercingWail"],"picked":"Dagger Spray","floor":10.0},{"not_picked":["Catalyst","PiercingWail"],"picked":"Footwork","floor":11.0},{"not_picked":["Sucker Punch","PiercingWail"],"picked":"Dagger Spray","floor":13.0},{"not_picked":["hubris:Sniper","Tactician"],"picked":"Leg Sweep","floor":14.0},{"not_picked":["Malaise","Bullet Time"],"picked":"After Image","floor":16.0},{"not_picked":["Prepared","Dagger Spray"],"picked":"Sucker Punch+1","floor":18.0},{"not_picked":["Acrobatics","hubris:TrickCloak"],"picked":"PiercingWail","floor":21.0},{"not_picked":["Bane","Sucker Punch"],"picked":"Dagger Throw","floor":22.0},{"not_picked":["Flying Knee+1","Storm of Steel"],"picked":"Backstab","floor":24.0},{"not_picked":["hubris:Counter+1","Concentrate"],"picked":"Blade Dance+1","floor":25.0},{"not_picked":["Acrobatics+1","Slice"],"picked":"Deflect","floor":28.0},{"not_picked":["Deflect","Grand Finale"],"picked":"Cloak And Dagger","floor":29.0},{"not_picked":["Deflect","Crippling Poison"],"picked":"Dagger Throw","floor":30.0},{"not_picked":["Bullet Time","Burst"],"picked":"Adrenaline","floor":33.0},{"not_picked":["Flechettes+1","Acrobatics+1"],"picked":"Cloak And Dagger+1","floor":35.0},{"not_picked":["Backflip","hubris:Counter"],"picked":"Blade Dance+1","floor":37.0},{"not_picked":["Finisher+1","PiercingWail+1"],"picked":"Outmaneuver+1","floor":38.0},{"not_picked":["Poisoned Stab","Dodge and Roll"],"picked":"Blade Dance+1","floor":39.0},{"not_picked":["Calculated Gamble","Unload"],"picked":"Outmaneuver+1","floor":40.0},{"not_picked":["Bouncing Flask+1","Noxious Fumes+1"],"picked":"Dash","floor":45.0},{"not_picked":["Poisoned Stab+1","Deadly Poison+1"],"picked":"Backflip","floor":46.0},{"not_picked":["Dagger Throw","Tactician+1"],"picked":"Quick Slash+1","floor":48.0},{"not_picked":["Dagger Throw","Underhanded Strike+1"],"picked":"Flying Knee+1","floor":54}],"player_experience":630289,"relics_obtained":[{"floor":6.0,"key":"Shuriken"},{"floor":10.0,"key":"hubris:AncientText"},{"floor":24.0,"key":"hubris:DuctTape"},{"floor":26.0,"key":"hubris:MysteriousPyramids"},{"floor":28.0,"key":"hubris:Potato"},{"floor":30.0,"key":"Nunchaku"},{"floor":40.0,"key":"CaptainsWheel"},{"floor":43.0,"key":"hubris:PeanutButter"},{"floor":45.0,"key":"Ancient Tea Set"},{"floor":48.0,"key":"Whetstone"},{"floor":54,"key":"Vajra"}],"event_choices":[{"damage_healed":0.0,"max_hp_gain":0.0,"max_hp_loss":0.0,"gold_gain":0.0,"event_name":"Lab","player_choice":"Got Potions","floor":8.0,"gold_loss":0.0,"damage_taken":0.0},{"damage_healed":0.0,"max_hp_gain":0.0,"max_hp_loss":0.0,"gold_gain":0.0,"event_name":"Addict","player_choice":"Obtained Relic","floor":19.0,"gold_loss":85.0,"damage_taken":0.0,"relics_obtained":["hubris:Reverence"]},{"cards_removed":["Defend_G"],"damage_healed":0.0,"max_hp_gain":0.0,"max_hp_loss":0.0,"gold_gain":0.0,"event_name":"Wheel of Change","player_choice":"Card Removal","floor":20.0,"gold_loss":0.0,"damage_taken":0.0},{"damage_healed":0.0,"max_hp_gain":0.0,"max_hp_loss":0.0,"gold_gain":0.0,"event_name":"Vampires","player_choice":"Ignored","floor":31.0,"gold_loss":0.0,"damage_taken":0.0},{"damage_healed":0.0,"max_hp_gain":0.0,"max_hp_loss":0.0,"gold_gain":0.0,"event_name":"Designer","player_choice":"Upgrade","floor":36.0,"gold_loss":40.0,"damage_taken":0.0,"cards_upgraded":["Adrenaline"]},{"damage_healed":0.0,"max_hp_gain":0.0,"max_hp_loss":0.0,"gold_gain":0.0,"event_name":"Accursed Blacksmith","player_choice":"Rummage","floor":41.0,"gold_loss":0.0,"damage_taken":0.0,"relics_obtained":["WarpedTongs"],"cards_obtained":["Pain"]}],"is_beta":false,"boss_relics":[{"not_picked":["Philosopher\u0027s Stone","Calling Bell"],"picked":"hubris:Backtick"},{"not_picked":["hubris:Stopwatch","hubris:BlackHole"],"picked":"Runic Pyramid"}],"items_purged_floors":[0,44],"is_endless":false,"potions_floor_spawned":[1,3,5,11,13,16,22,24,25,37,38,54],"ascension_level":11}}