{"host":"ex9ev9v5sog028vn","time":1613130011,"event":{"mods":["Act Like it!","BaseMod","Block Reminder","Hallownest","Minty Spire (QoL Compilation)","Quick Restart","Relic Stats","StSLib","The Bug Knight"],"gold_per_floor":[119,132,147,147,147,174,174,207,287,317,331,256,156,184,184,259,259,272,272,291,302,318,318,349,349,349,380,46,46,46,61,61,138,138,154,314,61,1,18,52,52,78,78,90,117,117,143,58,58,58,58],"floor_reached":50,"language":"ENG","playtime":4355,"items_purged":["Strike_P","Strike_P","SashWhip"],"score":1223,"play_id":"2eed4bda-2681-4211-b124-cc22c5144c75","local_time":"20210212084011","is_ascension_mode":true,"campfire_choices":[{"data":"FlyingSleeves","floor":7.0,"key":"SMITH"},{"data":"SandsOfTime","floor":15.0,"key":"SMITH"},{"data":"EmptyMind","floor":23.0,"key":"SMITH"},{"data":"Vault","floor":25.0,"key":"SMITH"},{"data":"LikeWater","floor":30.0,"key":"SMITH"},{"data":"DeusExMachina","floor":32.0,"key":"SMITH"},{"floor":41.0,"key":"REST"},{"floor":46,"key":"REST"},{"floor":49,"key":"RECALL"}],"circlet_count":0,"master_deck":["AscendersBane","Eruption","Vigilance","FlyingSleeves+1","FollowUp","CutThroughFate","WaveOfTheHand","SandsOfTime+1","DevaForm","Wallop","Vault+1","LikeWater+1","Nirvana","BowlingBash","SandsOfTime","DeusExMachina+1","FearNoEvil","FlurryOfBlows","EmptyMind+1","CutThroughFate","CutThroughFate","FlurryOfBlows+1","LikeWater+1","CutThroughFate","Scrawl","TalkToTheHand","EmptyMind+1","Wireheading+1","Meditate","Weave","MentalFortress","LikeWater+1","Hallownest:skillKingdomsEdgeMap"],"relics":["PureWater","Hallownest:DreamNailRelic","Thread and Needle","Centennial Puzzle","White Beast Statue","Bag of Marbles","StrikeDummy","Pandora\u0027s Box","Gremlin Horn","HollowMod:StagPassRelic","GoldenEye","Medical Kit","Fusion Hammer","Hallownest:GodTamersBeastRelic","Blue Candle","Pantograph","Mummified Hand","Darkstone Periapt"],"acts_visited":["Exordium","Hallownest:Greenpath","Hallownest:CityofTears"],"potions_floor_usage":[44,50,50],"damage_taken":[{"damage":0.0,"enemies":"2_ Uuma","floor":1.0,"turns":3.0},{"damage":1.0,"enemies":"Hallownest:monsterHuskGuard","floor":2.0,"turns":4.0},{"damage":10.0,"enemies":"Hallownest:2_MossCreeps","floor":3.0,"turns":5.0},{"damage":10.0,"enemies":"Hallownest:eliteVengeflyKing","floor":6.0,"turns":8.0},{"damage":4.0,"enemies":"Hallownest:eliteMossKnight","floor":8.0,"turns":7.0},{"damage":2.0,"enemies":"Hallownest:eliteCrystalGuardian","floor":10.0,"turns":5.0},{"damage":0.0,"enemies":"Hallownest:monsterFoolEater","floor":11.0,"turns":4.0},{"damage":7.0,"enemies":"Hallownest:eliteMossKnight","floor":14.0,"turns":3.0},{"damage":7.0,"enemies":"Hallownest:BossFalseKnight","floor":16.0,"turns":7.0},{"damage":0.0,"enemies":"Hallownest:2_Mistakes","floor":18.0,"turns":4.0},{"damage":0.0,"enemies":"Hallownest:Flukemon_and_Top","floor":20.0,"turns":5.0},{"damage":7.0,"enemies":"Hallownest:monsterMisterMushroom","floor":21.0,"turns":5.0},{"damage":8.0,"enemies":"Hallownest:Warrior_and_Youth","floor":22.0,"turns":4.0},{"damage":4.0,"enemies":"Hallownest:eliteSoulWarrior","floor":24.0,"turns":4.0},{"damage":12.0,"enemies":"Hallownest:eliteWatcherKnight","floor":27.0,"turns":9.0},{"damage":9.0,"enemies":"Hallownest:eliteWatcherKnight","floor":29.0,"turns":4.0},{"damage":0.0,"enemies":"Hallownest:2_Flukemon","floor":31.0,"turns":5.0},{"damage":6.0,"enemies":"Hallownest:BossSoulMaster","floor":33.0,"turns":6.0},{"damage":2.0,"enemies":"Hallownest:2_Littles","floor":35.0,"turns":6.0},{"damage":0.0,"enemies":"Hallownest:2_Littles","floor":36.0,"turns":5.0},{"damage":22.0,"enemies":"Hallownest:2_Littles","floor":36.0,"turns":5.0},{"damage":3.0,"enemies":"Hallownest:2_Littles","floor":36.0,"turns":5.0},{"damage":0.0,"enemies":"Hallownest:2_Littles","floor":36.0,"turns":2.0},{"damage":0.0,"enemies":"Hallownest:3_Siblings","floor":39.0,"turns":5.0},{"damage":9.0,"enemies":"Hallownest:eliteCollector","floor":40.0,"turns":6.0},{"damage":0.0,"enemies":"Hallownest:StalkingDevout","floor":42.0,"turns":4.0},{"damage":0,"enemies":"Hallownest:Xero_Hu_Marmu","floor":44,"turns":5},{"damage":7,"enemies":"Hallownest:eliteHiveKnight","floor":45,"turns":6},{"damage":3,"enemies":"Hallownest:eliteCollector","floor":47,"turns":6},{"damage":83,"enemies":"Hallownest:BossHollowKnight","floor":50,"turns":6}],"seed_played":"1800920398938763396","potions_obtained":[{"floor":3.0,"key":"Explosive Potion"},{"floor":6.0,"key":"SteroidPotion"},{"floor":10.0,"key":"Ancient Potion"},{"floor":20.0,"key":"StancePotion"},{"floor":21.0,"key":"GamblersBrew"},{"floor":24.0,"key":"StancePotion"},{"floor":27.0,"key":"DuplicationPotion"},{"floor":31.0,"key":"GamblersBrew"},{"floor":33.0,"key":"Explosive Potion"},{"floor":35.0,"key":"Strength Potion"},{"floor":39.0,"key":"Dexterity Potion"},{"floor":44,"key":"Strength Potion"}],"is_trial":false,"path_per_floor":["M","M","M","?","?","E","R","E","T","E","M","$","$","E","R","B",null,"M","T","M","M","M","R","E","R","T","E","$","?","R","M","R","B",null,"M","?","$","?","M","E","R","E","T","M","E","R","E","?","R","B"],"character_chosen":"WATCHER","items_purchased":["Medical Kit","LikeWater","EmptyMind","Wireheading","StancePotion"],"campfire_rested":2,"item_purchase_floors":[28,28,37,37,37],"current_hp_per_floor":[67,66,56,56,56,61,61,57,57,55,55,55,55,48,48,41,66,66,66,66,59,51,51,47,47,47,35,35,26,26,26,26,20,61,59,34,34,41,41,32,56,56,56,56,49,73,70,70,70,0,0],"gold":58,"neow_bonus":"TEN_PERCENT_HP_BONUS","is_daily":false,"chose_seed":false,"campfire_upgraded":6,"win_rate":0.0,"timestamp":1613130011,"path_taken":["M","M","M","?","?","E","R","E","T","E","M","?","$","E","R","BOSS","M","?","M","M","?","R","E","R","T","E","$","?","R","M","R","BOSS","M","?","$","?","M","E","R","E","T","M","E","R","E","?","R","BOSS"],"items_purchased_type":["Relic","Card","Card","Card","Potion"],"build_version":"2020-12-22","purchased_purges":3,"victory":false,"max_hp_per_floor":[74,74,74,74,74,74,74,74,74,74,74,74,74,74,74,74,74,74,74,74,74,74,74,74,74,74,74,74,74,74,74,74,74,74,74,74,74,81,81,81,81,81,81,81,81,81,81,81,81,81,81],"relic_stats":{"Darkstone Periapt":0,"Centennial Puzzle":[51],"Gremlin Horn":[20,20],"counters":[30,153],"Mummified Hand":[28],"Blue Candle":[2],"Pantograph":11,"Pandora\u0027s Box":["LikeWater","Nirvana","BowlingBash","SandsOfTime","SashWhip","DeusExMachina"],"GoldenEye":[140],"Medical Kit":[1],"obtain_stats":[{"Darkstone Periapt":47,"Gremlin Horn":19,"Blue Candle":40,"Thread and Needle":6,"Hallownest:DreamNailRelic":5,"HollowMod:StagPassRelic":26,"GoldenEye":27,"Medical Kit":28,"Hallownest:GodTamersBeastRelic":36,"White Beast Statue":9,"Centennial Puzzle":8,"Mummified Hand":45,"Pantograph":42,"Pandora\u0027s Box":17,"Fusion Hammer":34,"Bag of Marbles":10,"PureWater":0,"StrikeDummy":14},{"Darkstone Periapt":29,"Gremlin Horn":10,"Blue Candle":25,"Thread and Needle":4,"Hallownest:DreamNailRelic":3,"HollowMod:StagPassRelic":14,"GoldenEye":15,"Medical Kit":15,"Hallownest:GodTamersBeastRelic":23,"White Beast Statue":5,"Centennial Puzzle":5,"Mummified Hand":28,"Pantograph":26,"Pandora\u0027s Box":9,"Fusion Hammer":18,"Bag of Marbles":6,"PureWater":0,"StrikeDummy":8},{"Darkstone Periapt":147,"Gremlin Horn":50,"Blue Candle":126,"Thread and Needle":20,"Hallownest:DreamNailRelic":12,"HollowMod:StagPassRelic":68,"GoldenEye":77,"Medical Kit":77,"Hallownest:GodTamersBeastRelic":115,"White Beast Statue":27,"Centennial Puzzle":27,"Mummified Hand":141,"Pantograph":130,"Pandora\u0027s Box":46,"Fusion Hammer":92,"Bag of Marbles":32,"PureWater":0,"StrikeDummy":39}]},"card_choices":[{"not_picked":["Weave","FlurryOfBlows"],"picked":"FlyingSleeves","floor":1.0},{"not_picked":["Evaluate","SashWhip"],"picked":"FollowUp","floor":2.0},{"not_picked":["Crescendo","Weave"],"picked":"CutThroughFate","floor":3.0},{"not_picked":["Alpha","PathToVictory"],"picked":"WaveOfTheHand","floor":6.0},{"not_picked":["EmptyFist","EmptyBody"],"picked":"SandsOfTime","floor":8.0},{"not_picked":["EmptyBody","CutThroughFate"],"picked":"DevaForm","floor":10.0},{"not_picked":["Study","Fasting2"],"picked":"Wallop","floor":11.0},{"not_picked":["MasterReality","DevaForm","Perseverance"],"picked":"SKIP","floor":14.0},{"not_picked":["Brilliance","Alpha"],"picked":"Vault","floor":16.0},{"not_picked":["PathToVictory","Halt"],"picked":"FearNoEvil","floor":18.0},{"not_picked":["Study","BowlingBash"],"picked":"FlurryOfBlows","floor":20.0},{"not_picked":["ForeignInfluence","EmptyFist"],"picked":"EmptyMind","floor":21.0},{"not_picked":["CarveReality","BowlingBash"],"picked":"CutThroughFate","floor":22.0},{"not_picked":["Evaluate+1","Consecrate"],"picked":"CutThroughFate","floor":24.0},{"not_picked":["Protect","Wallop"],"picked":"FlurryOfBlows+1","floor":27.0},{"not_picked":["WheelKick","EmptyFist"],"picked":"CutThroughFate","floor":31.0},{"not_picked":["SpiritShield","Blasphemy"],"picked":"Scrawl","floor":33.0},{"not_picked":["ThirdEye","Meditate"],"picked":"TalkToTheHand","floor":35.0},{"not_picked":["BowlingBash","SashWhip+1"],"picked":"Meditate","floor":39.0},{"not_picked":["EmptyFist","WaveOfTheHand","Ragnarok"],"picked":"SKIP","floor":40.0},{"not_picked":["FlyingSleeves","WindmillStrike+1"],"picked":"Weave","floor":42.0},{"not_picked":["FlurryOfBlows+1","ForeignInfluence"],"picked":"MentalFortress","floor":44},{"not_picked":["FollowUp","Prostrate"],"picked":"LikeWater+1","floor":45},{"not_picked":["Halt","Nirvana","Scrawl"],"picked":"SKIP","floor":47}],"player_experience":734068,"relics_obtained":[{"floor":6.0,"key":"Thread and Needle"},{"floor":8.0,"key":"Centennial Puzzle"},{"floor":9.0,"key":"White Beast Statue"},{"floor":10.0,"key":"Bag of Marbles"},{"floor":14.0,"key":"StrikeDummy"},{"floor":19.0,"key":"Gremlin Horn"},{"floor":26.0,"key":"HollowMod:StagPassRelic"},{"floor":27.0,"key":"GoldenEye"},{"floor":40.0,"key":"Blue Candle"},{"floor":42.0,"key":"Pantograph"},{"floor":45,"key":"Mummified Hand"},{"floor":47,"key":"Darkstone Periapt"}],"event_choices":[],"is_beta":false,"boss_relics":[{"not_picked":["Black Star","SacredBark"],"picked":"Pandora\u0027s Box"},{"not_picked":["SlaversCollar","Runic Dome"],"picked":"Fusion Hammer"}],"items_purged_floors":[12,13,28],"is_endless":false,"potions_floor_spawned":[3,6,10,11,14,16,18,20,21,22,24,27,29,31,33,35,36,36,36,36,39,40,42,44,45,47],"killed_by":"Hallownest:BossHollowKnight","ascension_level":20}}