{"host":"srukzmr51nzqg4kt","time":1613110556,"event":{"mods":["BaseMod","Downfall","Friendly Minions","Hermit","Hubris","Infinite Spire","Minty Spire (QoL Compilation)","Relic Stats","Replay The Spire","StSLib"],"gold_per_floor":[99,111,111,16,34,66,66,66,66,66,81,111,124,34,48,153,153,53,68,68,68,68,68,68,86,86,86,108,108,126,126,26,44,64,168,168,68,88,88,106,119,147,170,170,170,170,170,249,259,42,57,161,161,161,161,161,179,193,193,193,222,282,317,317,317,317,343,358,459,559,559,559,559,559,559,559,590,590,590,610,641,641,641,653,671,671,671,671],"floor_reached":86,"language":"ENG","playtime":7098,"items_purged":["downfall:Malfunctioning","Writhe","Doubt"],"score":1344,"play_id":"e96ecabc-9cb6-4336-b5ac-a65f86b211f1","local_time":"20210211231556","is_ascension_mode":false,"campfire_choices":[{"floor":1,"key":"RECALL"},{"data":"hexamod:Sear","floor":9,"key":"SMITH"},{"data":"hexamod:AdvancingGuard","floor":18,"key":"SMITH"},{"data":"hexamod:FastForward","floor":27,"key":"SMITH"},{"data":"hexamod:AdvancingGuard","floor":32,"key":"SMITH"},{"data":"Shame","floor":37,"key":"PURGE"},{"floor":44,"key":"REST"},{"data":"hexamod:ForkedFlame","floor":47,"key":"SMITH"},{"floor":54,"key":"DIG"},{"data":"hexamod:ShieldOfDarkness","floor":64,"key":"SMITH"},{"data":"hexamod:Rewind","floor":66,"key":"SMITH"},{"data":"hexamod:ForkedFlame","floor":71,"key":"SMITH"},{"data":"hexamod:UnlimitedPower","floor":79,"key":"SMITH"},{"data":"hexamod:ShieldOfDarkness","floor":83,"key":"SMITH"}],"circlet_count":0,"master_deck":["hexamod:Strike","hexamod:Strike","hexamod:Strike+1","hexamod:Strike+1","hexamod:Defend","hexamod:Defend+1","hexamod:Defend","hexamod:Defend+1","hexamod:Sear+1","hexamod:Float","hexamod:SoulSteal","hexamod:ThermalTransfer","hexamod:Firestarter","hexamod:ShieldOfDarkness+1","hexamod:AdvancingGuard+1","hexamod:Rewind+1","hexamod:SpectralAdrenaline","hexamod:DynamicBlow","hexamod:AdvancingGuard+1","hexamod:SpectralAdrenaline","hexamod:FastForward+1","hexamod:FastForward+1","hexamod:DynamicBlow+1","hexamod:ShieldOfDarkness+1","hexamod:Firestarter+1","hexamod:Rewind+1","hexamod:NightmareStrike+1","hexamod:FirstSeal","hexamod:ForkedFlame+1","hexamod:FastForward+1","hexamod:FastForward","hexamod:SwordOfDarkness","hexamod:SkipABeat+1","hexamod:Firestarter+1","hexamod:Again+1","hexamod:PhantomFireball+1","hexamod:ForkedFlame+1","hexamod:VolcanoVisage","hexamod:RadiantFlame","hexamod:BurningTouch","hexamod:UnlimitedPower+1","hexamod:ShieldOfDarkness+1","hexamod:AdvancingGuard+1","hexamod:Rewind"],"relics":["hexamod:SpiritBrand","Replay:Mystery Machine","Anchor","hexamod:IceCube","downfall:HeartBlessingBlue","hubris:Towel","hexamod:InflammatoryLetter","downfall:HeartBlessingGreen","hexamod:TheBrokenSeal","Replay:Ancient Bell","MealTicket","infinitespire:Broken Mirror","Torii","downfall:HeartBlessingRed","Vajra","hubris:ToyBattleship","Potion Belt","Bronze Scales","Durian","hubris:ScarierMask","The Courier","Matryoshka","hubris:OldNail","Replay:Grab Bag","Replay:Bronze Core","Replay:Wanted Poster","hubris:Stopwatch","ReplayTheSpireMod:Lightbulb","ReplayTheSpireMod:Shallot","Medical Kit","Replay:Towering Pillar of Hats","hubris:EvacipatedBox","downfall:RedIOU"],"acts_visited":["TheCity","TheBeyond","Exordium","TheCity"],"potions_floor_usage":[30,35,50,69,69,81,85,86,86,86],"damage_taken":[{"damage":1,"enemies":"Jaw Worm","floor":2,"turns":3},{"damage":0,"enemies":"downfall:FleeingMerchant","floor":4,"turns":4},{"damage":0,"enemies":"Small Slimes","floor":5,"turns":3},{"damage":13,"enemies":"3 Sentries","floor":6,"turns":8},{"damage":0,"enemies":"Cultist","floor":11,"turns":3},{"damage":24,"enemies":"Replay:BlueRogue","floor":12,"turns":7},{"damage":0,"enemies":"Exordium Wildlife","floor":13,"turns":4},{"damage":10,"enemies":"downfall:FleeingMerchant","floor":14,"turns":4},{"damage":0,"enemies":"Large Slime","floor":15,"turns":6},{"damage":7,"enemies":"SI_SHIV_ARCHETYPE","floor":16,"turns":12},{"damage":0,"enemies":"Shell Parasite","floor":19,"turns":5},{"damage":1,"enemies":"Spheric Guardian","floor":25,"turns":5},{"damage":19,"enemies":"Shelled Parasite and Fungi","floor":28,"turns":5},{"damage":11,"enemies":"Chosen and Byrds","floor":30,"turns":6},{"damage":0,"enemies":"Snake Plant","floor":33,"turns":4},{"damage":5,"enemies":"Shelled Parasite and Fungi","floor":34,"turns":6},{"damage":41,"enemies":"WA_ARCHETYPE_CALM","floor":35,"turns":12},{"damage":1,"enemies":"3 Darklings","floor":38,"turns":4},{"damage":0,"enemies":"3 Shapes","floor":40,"turns":5},{"damage":0,"enemies":"3 Darklings","floor":41,"turns":5},{"damage":35,"enemies":"Nightmare","floor":42,"turns":8},{"damage":0,"enemies":"Sphere and 2 Shapes","floor":49,"turns":3},{"damage":0,"enemies":"downfall:FleeingMerchant","floor":50,"turns":4},{"damage":0,"enemies":"4 Shapes","floor":51,"turns":5},{"damage":49,"enemies":"DF_ARCHETYPE_ORBS","floor":52,"turns":10},{"damage":0,"enemies":"Cultist","floor":56,"turns":1},{"damage":0,"enemies":"Small Slimes","floor":57,"turns":2},{"damage":0,"enemies":"2 Louse","floor":58,"turns":1},{"damage":2,"enemies":"Gremlin Nob","floor":61,"turns":4},{"damage":0,"enemies":"3 Sentries","floor":62,"turns":3},{"damage":0,"enemies":"3 Sentries","floor":63,"turns":3},{"damage":12,"enemies":"Lagavulin","floor":67,"turns":4},{"damage":0,"enemies":"Exordium Thugs","floor":68,"turns":2},{"damage":1,"enemies":"Slime Boss","floor":69,"turns":7},{"damage":0,"enemies":"Slavers","floor":77,"turns":3},{"damage":0,"enemies":"Spheric Guardian","floor":80,"turns":2},{"damage":34,"enemies":"Gremlin Leader","floor":81,"turns":4},{"damage":0,"enemies":"Chosen and Byrds","floor":84,"turns":3},{"damage":0,"enemies":"Snecko","floor":85,"turns":4},{"damage":55,"enemies":"Collector","floor":86,"turns":3}],"seed_played":"-1517477355810864738","potions_obtained":[{"floor":5,"key":"Elixir"},{"floor":6,"key":"sneckomod:MuddlingPotion"},{"floor":11,"key":"Reflective Coating"},{"floor":19,"key":"Weak Potion"},{"floor":28,"key":"Regen Potion"},{"floor":30,"key":"SmokeBomb"},{"floor":34,"key":"Flashbang"},{"floor":35,"key":"FearPotion"},{"floor":42,"key":"hexamod:SoulburnPotion"},{"floor":48,"key":"champ:CounterPotion"},{"floor":49,"key":"SkillPotion"},{"floor":52,"key":"Explosive Potion"},{"floor":61,"key":"hexamod:SoulburnPotion"},{"floor":69,"key":"Elixir"},{"floor":84,"key":"sneckomod:MuddlingPotion"},{"floor":85,"key":"hexamod:EctoCoolerPotion"}],"is_trial":false,"path_per_floor":["R","M","?","$","M","E","T","?","R","?","M","E","M","$","M","B",null,"R","M","?","?","PTL","PTL","AVR","M","T","R","M","?","M","?","R","M","M","B",null,"R","M","AVR","M","M","NM","T","R","?","?","R","?","M","$","M","B",null,"R","?","M","M","M","?","T","E","?","E","R","?","R","E","M","B",null,"R","?","?","$","?","$","E","AVR","R","M","E","?","R","M","M","B"],"character_chosen":"THE_SPIRIT","items_purchased":["hexamod:FirstSeal","Bronze Scales","Durian","ReplayTheSpireMod:Shallot","Medical Kit","Replay:Towering Pillar of Hats","hubris:EvacipatedBox"],"campfire_rested":1,"item_purchase_floors":[4,50,50,74,74,74,74],"current_hp_per_floor":[77,76,76,76,76,70,70,70,70,67,67,47,54,51,58,58,77,87,87,81,81,81,81,81,87,87,87,75,75,71,71,71,78,80,67,102,102,102,102,102,102,74,74,102,102,102,102,102,102,107,107,65,107,107,107,107,107,107,107,107,105,105,105,105,105,105,100,107,107,107,107,107,107,42,42,57,57,57,57,57,42,42,42,49,49,0,0,0],"gold":671,"neow_bonus":"TEN_PERCENT_HP_BONUS","is_daily":false,"chose_seed":false,"campfire_upgraded":10,"win_rate":0.0,"timestamp":1613110556,"path_taken":["R","M","?","$","M","E","T","?","R","?","M","E","M","$","M","BOSS","R","M","?","?","PTL","PTL","AVR","M","T","R","?","?","M","?","R","M","M","BOSS","R","M","AVR","M","M","NM","T","R","?","?","R","?","M","$","M","BOSS","R","?","M","M","M","?","T","?","?","E","R","?","R","E","M","BOSS","R","?","?","?","?","$","E","AVR","R","M","E","?","R","M","M","BOSS"],"items_purchased_type":["Card","Relic","Relic","Relic","Relic","Relic","Relic"],"build_version":"2020-12-22","purchased_purges":3,"victory":false,"max_hp_per_floor":[77,77,77,77,77,77,77,77,77,77,77,77,77,77,77,77,77,87,87,92,92,92,92,92,92,92,92,92,92,92,92,92,92,92,102,102,102,102,102,102,102,102,102,102,102,102,102,102,102,107,107,107,107,107,107,107,107,107,107,107,107,107,107,107,107,107,107,107,107,107,107,107,107,107,107,107,107,107,107,107,107,107,107,107,107,107,107,107],"relic_stats":{"Torii":17,"counters":[40,187],"Bronze Scales":[93],"MealTicket":15,"Medical Kit":[0],"obtain_stats":[{"Torii":36,"Vajra":42,"downfall:HeartBlessingGreen":32,"Replay:Mystery Machine":6,"hubris:EvacipatedBox":74,"Replay:Wanted Poster":70,"downfall:BrokenWingStatue":55,"Matryoshka":60,"downfall:HeartBlessingBlue":18,"Replay:Bronze Core":70,"hubris:Stopwatch":70,"hubris:ScarierMask":53,"MealTicket":36,"downfall:RedIOU":75,"hexamod:SpiritBrand":0,"Potion Belt":48,"downfall:HeartBlessingRed":37,"Replay:Towering Pillar of Hats":74,"Replay:Grab Bag":70,"hexamod:TheBrokenSeal":35,"hexamod:InflammatoryLetter":26,"The Courier":54,"Replay:Ancient Bell":36,"hubris:Towel":21,"Medical Kit":74,"Anchor":12,"ReplayTheSpireMod:Shallot":74,"infinitespire:Broken Mirror":36,"Bronze Scales":50,"hubris:TenFootPole":10,"hubris:ToyBattleship":43,"Durian":50,"ReplayTheSpireMod:Lightbulb":72,"hexamod:IceCube":17,"hubris:OldNail":62},{"Torii":17,"Vajra":21,"downfall:HeartBlessingGreen":14,"Replay:Mystery Machine":4,"hubris:EvacipatedBox":34,"Replay:Wanted Poster":34,"downfall:BrokenWingStatue":25,"Matryoshka":28,"downfall:HeartBlessingBlue":10,"Replay:Bronze Core":34,"hubris:Stopwatch":34,"hubris:ScarierMask":25,"MealTicket":17,"downfall:RedIOU":34,"hexamod:SpiritBrand":0,"Potion Belt":21,"downfall:HeartBlessingRed":17,"Replay:Towering Pillar of Hats":34,"Replay:Grab Bag":34,"hexamod:TheBrokenSeal":17,"hexamod:InflammatoryLetter":12,"The Courier":25,"Replay:Ancient Bell":17,"hubris:Towel":11,"Medical Kit":34,"Anchor":6,"ReplayTheSpireMod:Shallot":34,"infinitespire:Broken Mirror":17,"Bronze Scales":23,"hubris:TenFootPole":4,"hubris:ToyBattleship":21,"Durian":23,"ReplayTheSpireMod:Lightbulb":34,"hexamod:IceCube":10,"hubris:OldNail":29},{"Torii":97,"Vajra":119,"downfall:HeartBlessingGreen":75,"Replay:Mystery Machine":18,"hubris:EvacipatedBox":168,"Replay:Wanted Poster":168,"downfall:BrokenWingStatue":141,"Matryoshka":145,"downfall:HeartBlessingBlue":54,"Replay:Bronze Core":168,"hubris:Stopwatch":168,"hubris:ScarierMask":141,"MealTicket":97,"downfall:RedIOU":168,"hexamod:SpiritBrand":0,"Potion Belt":119,"downfall:HeartBlessingRed":97,"Replay:Towering Pillar of Hats":168,"Replay:Grab Bag":168,"hexamod:TheBrokenSeal":90,"hexamod:InflammatoryLetter":64,"The Courier":141,"Replay:Ancient Bell":97,"hubris:Towel":59,"Medical Kit":168,"Anchor":28,"ReplayTheSpireMod:Shallot":168,"infinitespire:Broken Mirror":97,"Bronze Scales":126,"hubris:TenFootPole":18,"hubris:ToyBattleship":119,"Durian":126,"ReplayTheSpireMod:Lightbulb":168,"hexamod:IceCube":54,"hubris:OldNail":149}]},"card_choices":[{"not_picked":["hexamod:RadiantFlame","hexamod:HeatShield"],"picked":"hexamod:SoulSteal","floor":2},{"not_picked":["hexamod:HeatShield","hexamod:HeatCrush"],"picked":"hexamod:ThermalTransfer","floor":4},{"not_picked":["hexamod:GhostShield","hexamod:HeatCrush"],"picked":"hexamod:Firestarter","floor":5},{"not_picked":["hexamod:Haunt","hexamod:BurningTouch"],"picked":"hexamod:ShieldOfDarkness","floor":6},{"not_picked":["hexamod:ShieldOfDarkness","hexamod:DynamicBlow"],"picked":"hexamod:AdvancingGuard","floor":11},{"not_picked":["hexamod:HeatMetal","hexamod:RetreatToShadows"],"picked":"hexamod:Rewind","floor":12},{"not_picked":["hexamod:ShieldOfDarkness","hexamod:Rewind"],"picked":"hexamod:SpectralAdrenaline","floor":13},{"not_picked":["hexamod:Haunt","hexamod:Incineration"],"picked":"hexamod:DynamicBlow","floor":14},{"not_picked":["hexamod:StepThrough","hexamod:InspiringFlames"],"picked":"hexamod:AdvancingGuard","floor":15},{"not_picked":["hexamod:VolcanoVisage","hexamod:SixthSeal"],"picked":"hexamod:FifthSeal","floor":16},{"not_picked":["hexamod:FourthSeal","hexamod:ThirdSeal"],"picked":"hexamod:SecondSeal","floor":19},{"not_picked":["hexamod:ThermalTransfer","hexamod:NightmareStrike"],"picked":"hexamod:SpectralAdrenaline","floor":19},{"not_picked":["hexamod:SixthSeal","hexamod:FirstSeal"],"picked":"hexamod:ThirdSeal","floor":25},{"not_picked":["hexamod:NightmareGuise","hexamod:InspiringFlames"],"picked":"hexamod:FastForward","floor":25},{"not_picked":["hexamod:ThirdSeal","hexamod:SixthSeal"],"picked":"hexamod:FourthSeal","floor":28},{"not_picked":["hexamod:HeatMetal","hexamod:FourthSeal"],"picked":"hexamod:FastForward+1","floor":28},{"not_picked":["hexamod:ThermalTransfer","hexamod:WildfireWeapon"],"picked":"hexamod:DynamicBlow+1","floor":28},{"not_picked":["hexamod:ThirdSeal","hexamod:SecondSeal"],"picked":"hexamod:SixthSeal","floor":30},{"not_picked":["hexamod:ThermalTransfer","hexamod:RecurringNightmare"],"picked":"hexamod:ShieldOfDarkness","floor":30},{"not_picked":["hexamod:SwordOfDarkness+1","hexamod:HeatMetal"],"picked":"hexamod:Firestarter+1","floor":30},{"not_picked":["hexamod:SpectersWail+1","hexamod:InspiringFlames"],"picked":"hexamod:Rewind+1","floor":33},{"not_picked":["hexamod:RecurringNightmare","hexamod:FourthSeal"],"picked":"hexamod:NightmareStrike+1","floor":34},{"not_picked":["hexamod:ShieldOfDarkness","hexamod:BacktrackSmack+1","hexamod:SwordOfDarkness"],"picked":"SKIP","floor":34},{"not_picked":["hexamod:SecondSeal","hexamod:SixthSeal"],"picked":"hexamod:FirstSeal","floor":35},{"not_picked":["hexamod:TurnItUp","hexamod:TimeWarp"],"picked":"hexamod:ForkedFlame","floor":35},{"not_picked":["hubris:Disease","downfall:Bewildered"],"picked":"Shame","floor":36},{"not_picked":["Regret","CurseOfTheBell"],"picked":"Writhe","floor":36},{"not_picked":["Parasite","Sickly"],"picked":"Doubt","floor":36},{"not_picked":["hexamod:BurningTouch","hexamod:InspiringFlames"],"picked":"hexamod:FastForward+1","floor":38},{"not_picked":["hexamod:DynamicBlow+1","hexamod:ParanormalForm"],"picked":"hexamod:FastForward","floor":40},{"not_picked":["hexamod:Hexaguard","hexamod:Haunt+1"],"picked":"hexamod:SwordOfDarkness","floor":41},{"not_picked":["hexamod:DynamicBlow","hexamod:RadiantFlame+1"],"picked":"hexamod:SkipABeat+1","floor":42},{"not_picked":["hexamod:FourthSeal","hexamod:SpectersWail"],"picked":"hexamod:Firestarter+1","floor":48},{"not_picked":["hexamod:NightmareGuise","hexamod:Haunt+1","hexamod:Incineration+1"],"picked":"SKIP","floor":49},{"not_picked":["hexamod:SpectersWail","hexamod:FourthSeal"],"picked":"hexamod:Again+1","floor":50},{"not_picked":["hexamod:NightmareGuise+1","hexamod:DynamicBlow"],"picked":"hexamod:PhantomFireball+1","floor":51},{"not_picked":["hexamod:ParanormalForm","hexamod:FifthSeal"],"picked":"hexamod:ForkedFlame","floor":52},{"not_picked":["hexamod:PhantomCloak","hexamod:DynamicBlow","hexamod:ShieldOfDarkness"],"picked":"SKIP","floor":56},{"not_picked":["hexamod:Firestarter","hexamod:RecurringNightmare","hexamod:GhostflameInferno"],"picked":"SKIP","floor":57},{"not_picked":["hexamod:GhostflameBarrier","hexamod:Hexaguard","hexamod:ShieldOfDarkness"],"picked":"SKIP","floor":58},{"not_picked":["hexamod:TimeWarp","hexamod:ThermalTransfer"],"picked":"hexamod:VolcanoVisage","floor":61},{"not_picked":["hexamod:NightmareStrike","hexamod:GhostOfSpirePast"],"picked":"hexamod:RadiantFlame","floor":62},{"not_picked":["hexamod:ShieldOfDarkness","hexamod:SecondSeal","hexamod:GhostShield"],"picked":"SKIP","floor":63},{"not_picked":["hexamod:SwordOfDarkness","hexamod:NightmareStrike","hexamod:FastForward"],"picked":"SKIP","floor":67},{"not_picked":["hexamod:SpectersWail","hexamod:GhostShield"],"picked":"hexamod:BurningTouch","floor":68},{"not_picked":["hexamod:CatchUp","hexamod:InspiringFlames"],"picked":"hexamod:UnlimitedPower","floor":77},{"not_picked":["hexamod:PhantomFireball","hexamod:InspiringFlames","hexamod:HeatMetal"],"picked":"SKIP","floor":80},{"not_picked":["hexamod:SpectersWail","hexamod:FifthSeal"],"picked":"hexamod:ShieldOfDarkness","floor":81},{"not_picked":["hexamod:HauntingEcho","hexamod:FastForward"],"picked":"hexamod:AdvancingGuard+1","floor":84},{"not_picked":["hexamod:SpectersWail","hexamod:DynamicBlow"],"picked":"hexamod:Rewind","floor":85}],"player_experience":334305,"relics_obtained":[{"floor":6,"key":"Replay:Mystery Machine"},{"floor":12,"key":"Anchor"},{"floor":26,"key":"hexamod:InflammatoryLetter"},{"floor":42,"key":"Vajra"},{"floor":43,"key":"hubris:ToyBattleship"},{"floor":48,"key":"Potion Belt"},{"floor":54,"key":"The Courier"},{"floor":60,"key":"Matryoshka"}],"event_choices":[{"damage_healed":0,"gold_gain":0,"player_choice":"Success","damage_taken":3,"relics_obtained":["hubris:TenFootPole"],"max_hp_gain":0,"max_hp_loss":0,"event_name":"Scrap Ooze","floor":10,"gold_loss":0},{"damage_healed":0,"gold_gain":0,"player_choice":"Ignored","damage_taken":0,"max_hp_gain":0,"max_hp_loss":0,"event_name":"NoteForYourself","floor":65,"gold_loss":0}],"is_beta":false,"boss_relics":[{"not_picked":["Replay:Drink Me","Philosopher\u0027s Stone"],"picked":"hexamod:IceCube"},{"not_picked":["Coffee Dripper","hubris:TerracottaHorce"],"picked":"Replay:Ancient Bell"},{"not_picked":["Regal Pillow","Pen Nib"],"picked":"MealTicket"},{"not_picked":["InkBottle","Question Card"],"picked":"infinitespire:Broken Mirror"},{"not_picked":["Girya","Shovel"],"picked":"Torii"},{"not_picked":["Runic Dome","SlaversCollar"],"picked":"hubris:ScarierMask"},{"not_picked":["hubris:VirtuousBlindfold","hubris:CrackedHourglass"],"picked":"Replay:Grab Bag"},{"not_picked":["ReplayTheSpireMod:Onyx Gauntlets","Fusion Hammer"],"picked":"Replay:Bronze Core"},{"not_picked":["hubris:RunicObelisk","Velvet Choker"],"picked":"Replay:Wanted Poster"},{"not_picked":["hexamod:UnbrokenSoul","Astrolabe"],"picked":"hubris:Stopwatch"}],"items_purged_floors":[14,39,50],"is_endless":true,"potions_floor_spawned":[5,6,11,13,15,19,28,30,35,40,42,49,52,61,62,69,84,85],"killed_by":"Collector","ascension_level":0}}