{"host":"kzpuingyul43kz0j","time":1613155498,"event":{"mods":["2.2 Compatiblity","BaseMod","Bestiary","Better Skull","BetterRewards","Colored Map","Colored Powertips","Curses Come First","Displayed Cursed Tome","Downfall","Gold Saver","Highlight Path","Keyboard Shortcuts","Minty Spire (QoL Compilation)","Relic Stats","Remove Card Discount Mod","StSLib","Uncapped"],"gold_per_floor":[323,323,323,348,8,8,44,67,91,91,117,40,40,2,2,127,127,151,164,164,177,177,177,65,65,91,111,156,156,156],"floor_reached":29,"language":"ENG","playtime":1519,"items_purged":["Defend_P","Strike_P","Strike_P","Defend_P","Writhe","BowlingBash+1","Defend_P","Defend_P"],"score":317,"play_id":"cd6a9a23-a39e-464d-b260-fa472eba847e","local_time":"20210212194458","is_ascension_mode":false,"campfire_choices":[{"data":"BattleHymn","floor":6,"key":"SMITH"},{"data":"Vigilance","floor":10,"key":"SMITH"},{"data":"EmptyBody","floor":15,"key":"SMITH"}],"circlet_count":0,"master_deck":["Eruption+1","Vigilance+1","JustLucky","BattleHymn+1","Consecrate+1","SandsOfTime+1","SashWhip+1","EmptyBody+1","Nirvana","Brilliance+1","Halt","ClearTheMind","PathToVictory","Bite+1","Bite+1","Bite+1","Bite+1","Bite+1","Weave+1","ThirdEye","Worship"],"relics":["PureWater","Golden Idol","Molten Egg 2","hexamod:CandleOfCauterizing","Tiny Chest","Odd Mushroom","Regal Pillow","SlaversCollar","Pen Nib","Strawberry","sneckomod:BlankCard","Damaru"],"acts_visited":["Exordium","TheCity"],"potions_floor_usage":[1,7,11,16,21],"damage_taken":[{"damage":5,"enemies":"Small Slimes","floor":1,"turns":6},{"damage":8,"enemies":"Lagavulin","floor":7,"turns":6},{"damage":4,"enemies":"Jaw Worm","floor":8,"turns":2},{"damage":1,"enemies":"The Mushroom Lair","floor":11,"turns":4},{"damage":0,"enemies":"Slime Boss","floor":16,"turns":6},{"damage":14,"enemies":"Shell Parasite","floor":18,"turns":4},{"damage":0,"enemies":"Chosen","floor":19,"turns":3},{"damage":24,"enemies":"Centurion and Healer","floor":21,"turns":4},{"damage":36,"enemies":"Snecko","floor":27,"turns":5},{"damage":25,"enemies":"Slavers","floor":29,"turns":1}],"seed_played":"4119033363366859068","potions_obtained":[{"floor":0,"key":"Weak Potion"},{"floor":0,"key":"Block Potion"},{"floor":0,"key":"PowerPotion"},{"floor":11,"key":"CultistPotion"},{"floor":18,"key":"GamblersBrew"}],"is_trial":false,"path_per_floor":["M","?","?","T","$","R","E","M","T","R","?","$","?","$","R","B",null,"M","M","T","M","?","?","$","?","T","M","T","E"],"character_chosen":"WATCHER","items_purchased":["Molten Egg 2","BattleHymn","SashWhip+1","EmptyBody","Nirvana","Weave+1","ThirdEye"],"campfire_rested":0,"item_purchase_floors":[5,5,12,12,14,24,24],"current_hp_per_floor":[67,53,53,53,53,53,47,45,45,45,46,46,39,39,39,41,67,53,55,55,33,33,40,40,40,40,19,19,0,0],"gold":156,"neow_bonus":"THREE_SMALL_POTIONS","is_daily":false,"chose_seed":false,"campfire_upgraded":3,"win_rate":0.0,"timestamp":1613155498,"path_taken":["M","?","?","?","?","R","E","M","T","R","?","$","?","?","R","BOSS","M","M","?","M","?","?","$","?","T","M","?","E"],"items_purchased_type":["Relic","Card","Card","Card","Card","Card","Card"],"build_version":"2020-12-22","purchased_purges":8,"victory":false,"max_hp_per_floor":[72,72,67,67,67,67,67,67,67,67,67,67,67,67,67,67,67,67,67,67,67,67,74,74,74,74,74,74,74,74],"relic_stats":{"Regal Pillow":0,"counters":[18,73],"Golden Idol":57,"Tiny Chest":2,"Pen Nib":[2],"obtain_stats":[{"hexamod:CandleOfCauterizing":7,"Regal Pillow":13,"NeowsBlessing":0,"Golden Idol":3,"sneckomod:BlankCard":26,"Damaru":28,"Pen Nib":20,"Odd Mushroom":11,"Blood Vial":4,"SlaversCollar":17,"Dream Catcher":7,"Anchor":8,"Nunchaku":9,"Ornamental Fan":7,"Slimebound:StickyStick":12,"Strawberry":23,"Orrery":7,"Pandora\u0027s Box":17,"Molten Egg 2":5,"Tiny Chest":9,"PureWater":0},{"hexamod:CandleOfCauterizing":10,"Regal Pillow":12,"NeowsBlessing":0,"Golden Idol":9,"sneckomod:BlankCard":16,"Damaru":17,"Pen Nib":15,"Odd Mushroom":12,"Blood Vial":9,"SlaversCollar":13,"Dream Catcher":4,"Anchor":4,"Nunchaku":4,"Ornamental Fan":4,"Slimebound:StickyStick":6,"Strawberry":16,"Orrery":4,"Pandora\u0027s Box":8,"Molten Egg 2":9,"Tiny Chest":11,"PureWater":0},{"hexamod:CandleOfCauterizing":44,"Regal Pillow":50,"NeowsBlessing":0,"Golden Idol":38,"sneckomod:BlankCard":67,"Damaru":72,"Pen Nib":63,"Odd Mushroom":50,"Blood Vial":38,"SlaversCollar":56,"Dream Catcher":7,"Anchor":7,"Nunchaku":7,"Ornamental Fan":7,"Slimebound:StickyStick":19,"Strawberry":67,"Orrery":7,"Pandora\u0027s Box":32,"Molten Egg 2":38,"Tiny Chest":46,"PureWater":0}]},"card_choices":[{"not_picked":["Halt","Adaptation"],"picked":"JustLucky","floor":1},{"not_picked":["EmptyBody","EmptyFist+1"],"picked":"Consecrate+1","floor":7},{"not_picked":["LessonLearned+1","EmptyFist+1"],"picked":"SandsOfTime+1","floor":8},{"not_picked":["Wallop+1","ClearTheMind"],"picked":"BowlingBash+1","floor":11},{"not_picked":["ConjureBlade","Ragnarok+1"],"picked":"Brilliance+1","floor":16},{"not_picked":["BowlingBash+1","FlurryOfBlows+1"],"picked":"Halt","floor":18},{"not_picked":["DevaForm","CrushJoints+1"],"picked":"ClearTheMind","floor":19},{"not_picked":["Evaluate","DeceiveReality"],"picked":"PathToVictory","floor":21},{"not_picked":["Halt+1","BowlingBash+1"],"picked":"Worship","floor":27}],"player_experience":116324,"relics_obtained":[{"floor":4,"key":"Blood Vial"},{"floor":7,"key":"hexamod:CandleOfCauterizing"},{"floor":9,"key":"Tiny Chest"},{"floor":11,"key":"Odd Mushroom"},{"floor":20,"key":"Pen Nib"},{"floor":26,"key":"sneckomod:BlankCard"},{"floor":28,"key":"Damaru"}],"event_choices":[{"damage_healed":0,"gold_gain":0,"player_choice":"Entered Light","damage_taken":14,"max_hp_gain":0,"max_hp_loss":0,"event_name":"Shining Light","floor":2,"gold_loss":0,"cards_upgraded":["Eruption","Strike_P"]},{"damage_healed":0,"gold_gain":0,"player_choice":"Lose Max HP","damage_taken":0,"relics_obtained":["Golden Idol"],"max_hp_gain":0,"max_hp_loss":5,"event_name":"Golden Idol","floor":3,"gold_loss":0},{"damage_healed":0,"gold_gain":0,"player_choice":"Fought Mushrooms","damage_taken":0,"max_hp_gain":0,"max_hp_loss":0,"event_name":"Mushrooms","floor":11,"gold_loss":0},{"damage_healed":0,"gold_gain":0,"player_choice":"Success","damage_taken":7,"relics_obtained":["Regal Pillow"],"max_hp_gain":0,"max_hp_loss":0,"event_name":"Scrap Ooze","floor":13,"gold_loss":0},{"damage_healed":0,"gold_gain":0,"player_choice":"Became a vampire (Vial)","damage_taken":0,"max_hp_gain":0,"max_hp_loss":0,"event_name":"Vampires","floor":22,"relics_lost":["Blood Vial"],"gold_loss":0,"cards_obtained":["Bite","Bite","Bite","Bite","Bite"]},{"damage_healed":0,"gold_gain":0,"player_choice":"Opened","damage_taken":0,"relics_obtained":["Strawberry"],"max_hp_gain":0,"max_hp_loss":0,"event_name":"The Mausoleum","floor":23,"gold_loss":0,"cards_obtained":["Writhe"]}],"is_beta":false,"boss_relics":[{"not_picked":["Velvet Choker","Busted Crown"],"picked":"SlaversCollar"}],"items_purged_floors":[5,5,12,12,24,24,24,24],"is_endless":false,"potions_floor_spawned":[11,18],"killed_by":"Slavers","ascension_level":0}}