{"host":"qgrlfjrqk9z96gfi","time":1613099368,"event":{"mods":["BaseMod","Block Reminder","Colored Map","Custom Start","DeckTracker","Minty Spire (QoL Compilation)"],"gold_per_floor":[363,363,378,228,228,267,267,267,294,102,102,142,165,199,199,290,290,314,214,214,214,3,27,27,68,68,109,133,26,41,91,91,181,181,196,38,53,53,76,76,119,119,119,138,138,153,153,196,196,196,196],"floor_reached":50,"language":"ENG","playtime":1775,"items_purged":["Injury","Strike_G","Strike_G+1"],"score":1283,"play_id":"017ddd02-7e84-4733-90b3-b038797b386a","local_time":"20210211170928","is_ascension_mode":true,"campfire_choices":[{"data":"Dagger Spray","floor":7,"key":"SMITH"},{"data":"Poisoned Stab","floor":11,"key":"SMITH"},{"data":"Predator","floor":15,"key":"SMITH"},{"floor":24,"key":"RECALL"},{"floor":32,"key":"REST"},{"floor":40,"key":"DIG"},{"floor":42,"key":"DIG"},{"floor":45,"key":"DIG"},{"floor":49,"key":"REST"}],"circlet_count":0,"master_deck":["AscendersBane","Strike_G+1","Strike_G+1","Strike_G+1","Defend_G+1","Defend_G+1","Defend_G+1","Defend_G+1","Defend_G+1","Survivor","Neutralize","Poisoned Stab+1","Dagger Spray+1","Terror","Tools of the Trade+1","Sucker Punch","PiercingWail","Predator+1","Venomology","Die Die Die","Backstab","Blade Dance","Reflex","Well Laid Plans+1","Backflip+1","Blade Dance","Choke+1","Finisher","PiercingWail+1","Blade Dance"],"relics":["Ring of the Snake","Golden Idol","Bronze Scales","Centennial Puzzle","PreservedInsect","HornCleat","Smiling Mask","Fusion Hammer","Membership Card","Orichalcum","CaptainsWheel","SacredBark","Shovel","The Courier","Omamori","Calipers","TungstenRod","Shuriken","Sundial"],"acts_visited":["Exordium","TheCity","TheBeyond"],"potions_floor_usage":[6,12,25,27,27,28,33,35,37,39,41,44,46,48,50,50],"damage_taken":[{"damage":1,"enemies":"2 Louse","floor":1,"turns":4},{"damage":11,"enemies":"Jaw Worm","floor":3,"turns":4},{"damage":3,"enemies":"Gremlin Nob","floor":6,"turns":3},{"damage":2,"enemies":"3 Sentries","floor":12,"turns":3},{"damage":1,"enemies":"Small Slimes","floor":13,"turns":2},{"damage":0,"enemies":"Gremlin Nob","floor":14,"turns":3},{"damage":19,"enemies":"Hexaghost","floor":16,"turns":10},{"damage":0,"enemies":"3 Byrds","floor":18,"turns":2},{"damage":0,"enemies":"Chosen","floor":23,"turns":3},{"damage":2,"enemies":"Gremlin Leader","floor":25,"turns":3},{"damage":0,"enemies":"Book of Stabbing","floor":27,"turns":4},{"damage":0,"enemies":"3 Cultists","floor":28,"turns":3},{"damage":0,"enemies":"Centurion and Healer","floor":30,"turns":4},{"damage":21,"enemies":"Automaton","floor":33,"turns":8},{"damage":0,"enemies":"3 Shapes","floor":35,"turns":5},{"damage":4,"enemies":"Orb Walker","floor":37,"turns":3},{"damage":9,"enemies":"Sphere and 2 Shapes","floor":39,"turns":5},{"damage":4,"enemies":"Reptomancer","floor":41,"turns":4},{"damage":7,"enemies":"Writhing Mass","floor":44,"turns":3},{"damage":14,"enemies":"4 Shapes","floor":46,"turns":3},{"damage":0,"enemies":"Nemesis","floor":48,"turns":3},{"damage":44,"enemies":"Awakened One","floor":50,"turns":6}],"seed_played":"3614851958007036325","potions_obtained":[{"floor":1,"key":"Explosive Potion"},{"floor":3,"key":"BlessingOfTheForge"},{"floor":12,"key":"GhostInAJar"},{"floor":16,"key":"DistilledChaos"},{"floor":27,"key":"AttackPotion"},{"floor":39,"key":"DuplicationPotion"},{"floor":46,"key":"LiquidBronze"},{"floor":48,"key":"LiquidMemories"}],"is_trial":false,"path_per_floor":["M","?","M","$","?","E","R","?","T","$","R","E","M","E","R","B",null,"M","$","?","?","$","M","R","E","T","E","M","$","M","?","R","B",null,"M","$","M","?","M","R","E","R","T","M","R","M","?","E","R","B"],"character_chosen":"THE_SILENT","items_purchased":["Terror","PreservedInsect","Sucker Punch","Blade Dance","Membership Card","Well Laid Plans","CultistPotion","Shovel"],"campfire_rested":2,"item_purchase_floors":[4,10,10,19,22,22,29,36],"current_hp_per_floor":[58,63,52,52,52,49,49,49,49,49,49,47,46,46,46,27,55,55,55,55,55,55,55,55,53,53,53,53,53,53,53,64,43,59,59,59,55,55,46,46,42,42,42,35,35,21,21,21,40,0,0],"gold":196,"neow_bonus":"TWO_FIFTY_GOLD","is_daily":false,"chose_seed":false,"campfire_upgraded":3,"win_rate":0.0,"timestamp":1613099368,"path_taken":["M","?","M","$","?","E","R","?","T","$","R","E","?","E","R","BOSS","M","$","?","?","$","M","R","E","T","E","M","$","M","?","R","BOSS","M","$","M","?","M","R","E","R","T","M","R","M","?","E","R","BOSS"],"items_purchased_type":["Card","Relic","Card","Card","Relic","Card","Potion","Relic"],"build_version":"2020-12-22","purchased_purges":3,"victory":false,"max_hp_per_floor":[66,71,71,71,64,64,64,64,64,64,64,64,64,64,64,64,64,64,64,64,64,64,64,64,64,64,64,64,64,64,64,64,64,64,64,64,64,64,64,64,64,64,64,64,64,64,64,64,64,64,64],"card_choices":[{"not_picked":["Expertise","Backflip"],"picked":"Poisoned Stab","floor":1},{"not_picked":["Slice","Poisoned Stab"],"picked":"Dagger Spray","floor":3},{"not_picked":["Underhanded Strike","Quick Slash"],"picked":"Tools of the Trade","floor":6},{"not_picked":["Deflect","Poisoned Stab"],"picked":"PiercingWail","floor":12},{"not_picked":["Well Laid Plans","Prepared"],"picked":"Predator","floor":13},{"not_picked":["Cloak And Dagger","Poisoned Stab"],"picked":"Venomology","floor":14},{"not_picked":["Unload","Doppelganger"],"picked":"Die Die Die","floor":16},{"not_picked":["Acrobatics","Prepared"],"picked":"Backstab","floor":18},{"not_picked":["Bane","Sucker Punch","Flying Knee"],"picked":"SKIP","floor":23},{"not_picked":["Blade Dance","Flying Knee"],"picked":"Backflip+1","floor":25},{"not_picked":["Catalyst","Die Die Die"],"picked":"Blade Dance","floor":27},{"not_picked":["Calculated Gamble+1","Accuracy"],"picked":"Choke+1","floor":28},{"not_picked":["Dodge and Roll","Acrobatics"],"picked":"Noxious Fumes","floor":30},{"not_picked":["Flying Knee","Dagger Spray","Quick Slash+1"],"picked":"SKIP","floor":35},{"not_picked":["Cloak And Dagger","Outmaneuver","Bouncing Flask"],"picked":"SKIP","floor":37},{"not_picked":["Dagger Throw","Blur"],"picked":"Finisher","floor":39},{"not_picked":["Choke","Distraction+1"],"picked":"PiercingWail+1","floor":41},{"not_picked":["Infinite Blades","Quick Slash"],"picked":"Blade Dance","floor":44},{"not_picked":["Deadly Poison","Deflect","Dagger Throw+1"],"picked":"SKIP","floor":46},{"not_picked":["Prepared+1","Storm of Steel","Sucker Punch"],"picked":"SKIP","floor":48}],"player_experience":1129042,"relics_obtained":[{"floor":6,"key":"Bronze Scales"},{"floor":9,"key":"Centennial Puzzle"},{"floor":12,"key":"HornCleat"},{"floor":14,"key":"Smiling Mask"},{"floor":25,"key":"Orichalcum"},{"floor":27,"key":"CaptainsWheel"},{"floor":40,"key":"The Courier"},{"floor":41,"key":"Omamori"},{"floor":42,"key":"Calipers"},{"floor":43,"key":"TungstenRod"},{"floor":45,"key":"Shuriken"},{"floor":48,"key":"Sundial"}],"event_choices":[{"damage_healed":0,"gold_gain":0,"player_choice":"Donut","damage_taken":0,"max_hp_gain":5,"max_hp_loss":0,"event_name":"Big Fish","floor":2,"gold_loss":0},{"damage_healed":0,"gold_gain":0,"player_choice":"Lose Max HP","damage_taken":0,"relics_obtained":["Golden Idol"],"max_hp_gain":0,"max_hp_loss":7,"event_name":"Golden Idol","floor":5,"gold_loss":0},{"damage_healed":0,"gold_gain":0,"player_choice":"Upgraded","damage_taken":0,"max_hp_gain":0,"max_hp_loss":0,"event_name":"Upgrade Shrine","floor":8,"gold_loss":0,"cards_upgraded":["Tools of the Trade"]},{"damage_healed":0,"gold_gain":0,"player_choice":"Simplicity","damage_taken":0,"max_hp_gain":0,"max_hp_loss":0,"event_name":"Back to Basics","floor":20,"gold_loss":0,"cards_upgraded":["Strike_G","Strike_G","Strike_G","Strike_G","Defend_G","Defend_G","Defend_G","Defend_G","Defend_G"]},{"damage_healed":0,"gold_gain":0,"player_choice":"Read","damage_taken":0,"max_hp_gain":0,"max_hp_loss":0,"event_name":"The Library","floor":21,"gold_loss":0,"cards_obtained":["Reflex"]},{"damage_healed":0,"gold_gain":50,"player_choice":"Stole From Cult","damage_taken":0,"max_hp_gain":0,"max_hp_loss":0,"event_name":"Nest","floor":31,"gold_loss":0},{"cards_removed":["Noxious Fumes"],"damage_healed":0,"gold_gain":0,"player_choice":"Removed Power","damage_taken":0,"max_hp_gain":0,"max_hp_loss":0,"event_name":"Falling","floor":38,"gold_loss":0},{"damage_healed":0,"gold_gain":0,"player_choice":"Forge","damage_taken":0,"max_hp_gain":0,"max_hp_loss":0,"event_name":"Accursed Blacksmith","floor":47,"gold_loss":0,"cards_upgraded":["Well Laid Plans"]}],"is_beta":false,"boss_relics":[{"not_picked":["Runic Dome","Black Star"],"picked":"Fusion Hammer"},{"not_picked":["Runic Pyramid","Empty Cage"],"picked":"SacredBark"}],"items_purged_floors":[4,19,29],"is_endless":false,"potions_floor_spawned":[1,3,12,16,23,27,33,39,46,48],"killed_by":"Awakened One","ascension_level":20}}