{"host":"rqs2099buorjjoja","time":1613165489,"event":{"mods":["AchievementEnabler","Act Like it!","Aspiration","BaseMod","Beaked The Cultist","Colored Powertips","Downfall","Googly Eyes","Hallownest","Hermit","Hubris","Infinite Spire","Jorbs\u0027s Wanderer Trilogy","Minty Spire (QoL Compilation)","Quick Restart","Rare Cards Sparkle","Replay The Spire","StSLib","The Bug Knight","The Construct","The Disciple","The Necromancer","The Servant 0.9.4"],"gold_per_floor":[111,111,121,139,153,187,187,201,201,211,65,65,79,99,99,200,200,214,214,225,195,211,237,237,90,90,106,106,137,156,156,156,253,303,319,337,337,337,347,347,377,377,427,427,438,449,449,464,464,464,464,464,307,332,332],"floor_reached":56,"language":"ENG","playtime":7436,"items_purged":[],"score":1098,"play_id":"a0f3a075-04bd-4436-91d7-8653946ba679","local_time":"20210212163129","is_ascension_mode":false,"campfire_choices":[{"floor":7.0,"key":"RECALL"},{"data":"beaked:Foresight","floor":12.0,"key":"SMITH"},{"data":"beaked:Ceremony","floor":15.0,"key":"SMITH"},{"floor":24.0,"key":"DIG"},{"floor":28.0,"key":"DIG"},{"floor":32.0,"key":"DIG"},{"floor":40.0,"key":"DIG"},{"floor":42.0,"key":"DIG"},{"floor":44.0,"key":"DIG"},{"floor":47.0,"key":"DIG"},{"floor":49.0,"key":"DIG"},{"floor":52.0,"key":"DIG"}],"circlet_count":0,"master_deck":["beaked:Strike_Y","beaked:Strike_Y","beaked:Strike_Y","beaked:Strike_Y","beaked:Strike_Y","beaked:Strike_Y","beaked:Defend_Y","beaked:Defend_Y+1","beaked:Defend_Y","beaked:Defend_Y","beaked:Ceremony+1","beaked:Ceremony","beaked:Ceremony","beaked:Flinch","infinitespire:SevenWalls","beaked:Foresight+1","beaked:Evade","beaked:Brace","beaked:Roost","beaked:Tweet","beaked:Brace","beaked:FullHouse","beaked:BraceForImpact+1","beaked:MimicHuntress","beaked:Tweet","beaked:Foresight","ReplayTheSpireMod:RavenHex","beaked:Foresight","beaked:Windmill","beaked:Brace+1","beaked:Evade+1","beaked:Insight+1","beaked:Brace+1","beaked:Flinch+1","beaked:Foresight"],"relics":["beaked:MendingPlumage","hubris:ToyBattleship","infinitespire:Satchel","Coffee Dripper","Shovel","Eternal Feather","aspiration:FrozenJewel","infinitespire:Lucky Rock","hubris:Metronome","Smiling Mask","Blue Doll","Vajra","Tiny House","ReplayTheSpireMod:Shallot","MealTicket","infinitespire:Eraser","ReplayTheSpireMod:Lightbulb","Anchor","Molten Egg 2","Golden Egg","Sundial","Art of War","Strawberry"],"acts_visited":["Exordium","TheCity","TheBeyond","TheEnding"],"potions_floor_usage":[55,55],"damage_taken":[{"damage":12.0,"enemies":"Small Slimes","floor":1.0,"turns":4.0},{"damage":0.0,"enemies":"2 Louse","floor":3.0,"turns":2.0},{"damage":1.0,"enemies":"Cultist","floor":4.0,"turns":4.0},{"damage":7.0,"enemies":"Looter","floor":5.0,"turns":4.0},{"damage":21.0,"enemies":"Gremlin Nob","floor":6.0,"turns":5.0},{"damage":2.0,"enemies":"Blue Slaver","floor":8.0,"turns":5.0},{"damage":16.0,"enemies":"Red Slaver","floor":10.0,"turns":5.0},{"damage":0.0,"enemies":"2 Fungi Beasts","floor":13.0,"turns":4.0},{"damage":0.0,"enemies":"Exordium Thugs","floor":14.0,"turns":4.0},{"damage":18.0,"enemies":"Hexaghost","floor":16.0,"turns":9.0},{"damage":8.0,"enemies":"Spheric Guardian","floor":18.0,"turns":7.0},{"damage":17.0,"enemies":"3 Byrds","floor":20.0,"turns":7.0},{"damage":55.0,"enemies":"Cultist and Chosen","floor":22.0,"turns":9.0},{"damage":16.0,"enemies":"Replay:Snechameleon","floor":23.0,"turns":12.0},{"damage":29.0,"enemies":"Centurion and Healer","floor":27.0,"turns":5.0},{"damage":11.0,"enemies":"Gremlin Leader","floor":29.0,"turns":8.0},{"damage":1.0,"enemies":"Snecko","floor":30.0,"turns":7.0},{"damage":29.0,"enemies":"hubris:MusketHawk","floor":33.0,"turns":10.0},{"damage":4.0,"enemies":"3 Darklings","floor":35.0,"turns":8.0},{"damage":0.0,"enemies":"Orb Walker","floor":36.0,"turns":7.0},{"damage":8.0,"enemies":"Transient","floor":39.0,"turns":5.0},{"damage":50.0,"enemies":"Reptomancer","floor":41.0,"turns":8.0},{"damage":1.0,"enemies":"Maw","floor":45.0,"turns":8.0},{"damage":1.0,"enemies":"Jaw Worm Horde","floor":46.0,"turns":7.0},{"damage":2.0,"enemies":"Transient","floor":48.0,"turns":5.0},{"damage":19.0,"enemies":"Replay:Hell Engine","floor":50.0,"turns":14.0},{"damage":18.0,"enemies":"Shield and Spear","floor":54.0,"turns":11.0},{"damage":110,"enemies":"The Heart","floor":55,"turns":14}],"seed_played":"5202002876176623635","potions_obtained":[{"floor":1.0,"key":"Fire Potion"},{"floor":10.0,"key":"Dexterity Potion"},{"floor":13.0,"key":"AttackPotion"},{"floor":14.0,"key":"Explosive Potion"},{"floor":16.0,"key":"Milkshake"},{"floor":18.0,"key":"champ:CounterPotion"},{"floor":21.0,"key":"Ancient Potion"},{"floor":21.0,"key":"Reflective Coating"},{"floor":22.0,"key":"Doom Potion"},{"floor":30.0,"key":"PowerPotion"},{"floor":33.0,"key":"Strength Potion"},{"floor":34.0,"key":"LifebloodPotion"},{"floor":36.0,"key":"Weak Potion"},{"floor":46.0,"key":"Venom Potion"},{"floor":48.0,"key":"hexamod:SoulburnPotion"},{"floor":54.0,"key":"Dexterity Potion"}],"is_trial":false,"path_per_floor":["M","?","M","M","M","E","R","M","T","M","$","R","M","M","R","B",null,"M","AVR","M","?","M","E","R","$","T","M","R","E","M","?","R","B",null,"M","M","AVR","?","M","R","E","R","T","R","M","M","R","M","R","B",null,"R","$","E","B",null],"character_chosen":"BEAKED_THE_CULTIST","items_purchased":["infinitespire:Satchel","infinitespire:Lucky Rock","Art of War"],"campfire_rested":0,"item_purchase_floors":[11,25,53],"current_hp_per_floor":[49,36,41,48,53,39,39,53,53,48,48,48,53,53,53,53,53,53,53,53,53,12,43,53,53,53,42,53,53,53,53,53,52,58,58,58,58,58,57,58,44,58,58,58,58,58,58,58,58,51,58,58,58,63,22],"gold":332,"neow_bonus":"RANDOM_EVENT","is_daily":false,"chose_seed":false,"campfire_upgraded":2,"win_rate":0.0,"timestamp":1613165489,"path_taken":["M","?","M","M","M","E","R","M","T","M","$","R","M","M","R","BOSS","M","AVR","M","?","?","E","R","$","T","M","R","E","M","?","R","BOSS","M","M","AVR","?","?","R","E","R","T","R","M","M","R","M","R","BOSS","R","$","E","BOSS"],"items_purchased_type":["Relic","Relic","Relic"],"build_version":"2020-12-22","purchased_purges":0,"victory":true,"max_hp_per_floor":[53,53,53,53,53,53,53,53,53,53,53,53,53,53,53,53,53,53,53,53,53,53,53,53,53,53,53,53,53,53,53,53,53,58,58,58,58,58,58,58,58,58,58,58,58,58,58,58,58,58,58,58,58,65,65],"card_choices":[{"not_picked":["beaked:Resilience","beaked:CrazyRituals"],"picked":"beaked:Flinch","floor":1.0},{"not_picked":["ReplayTheSpireMod:??????????????????????","infinitespire:NeuralNetwork"],"picked":"infinitespire:SevenWalls","floor":2.0},{"not_picked":["beaked:Mantra","beaked:WarriorEssence"],"picked":"beaked:Foresight","floor":3.0},{"not_picked":["beaked:DigDeep","beaked:BounceBack"],"picked":"beaked:Evade","floor":4.0},{"not_picked":["beaked:Foresight","beaked:MaddeningMurmurs"],"picked":"beaked:Brace","floor":5.0},{"not_picked":["beaked:Poke","beaked:CursingBlood","beaked:BloodForTheGods"],"picked":"SKIP","floor":6.0},{"not_picked":["beaked:Redirect","beaked:Poke","beaked:SacrificialAttack"],"picked":"SKIP","floor":8.0},{"not_picked":["beaked:FeelMyPain","beaked:Devastation"],"picked":"beaked:Roost","floor":10.0},{"not_picked":["beaked:TuckingFeathers","beaked:DigDeep"],"picked":"beaked:Tweet","floor":13.0},{"not_picked":["beaked:Tradeoff","beaked:Windmill"],"picked":"beaked:Brace","floor":14.0},{"not_picked":["beaked:DarkTribute","beaked:VolatileMisfortune"],"picked":"beaked:FullHouse","floor":16.0},{"not_picked":["beaked:WarriorEssence","beaked:Cower+1"],"picked":"beaked:BraceForImpact+1","floor":18.0},{"not_picked":["beaked:Redirect","beaked:TuckingFeathers"],"picked":"beaked:MimicHuntress","floor":20.0},{"not_picked":["beaked:Cower+1","beaked:FullHouse"],"picked":"beaked:Tweet","floor":22.0},{"not_picked":["beaked:BraceForImpact","beaked:TuckingFeathers+1","beaked:Caw"],"picked":"SKIP","floor":23.0},{"not_picked":["beaked:BraceForImpact","beaked:HuntressSpirit"],"picked":"beaked:Foresight","floor":27.0},{"not_picked":["beaked:Poke","beaked:DigDeep"],"picked":"ReplayTheSpireMod:RavenHex","floor":29.0},{"not_picked":["beaked:MaddeningMurmurs","beaked:Molting"],"picked":"beaked:Foresight","floor":30.0},{"not_picked":["beaked:BloodForTheGods","beaked:SacrificialDive"],"picked":"beaked:Windmill","floor":34.0},{"not_picked":["ReplayTheSpireMod:Prepare the Ceremony+1","beaked:Tweet+1"],"picked":"beaked:Brace+1","floor":35.0},{"not_picked":["beaked:Brace","beaked:StickSmack"],"picked":"beaked:Evade+1","floor":36.0},{"not_picked":["beaked:Tradeoff","beaked:DigDeep+1"],"picked":"beaked:Insight+1","floor":39.0},{"not_picked":["beaked:MachineEssence","beaked:DigDeep+1"],"picked":"beaked:Brace+1","floor":41.0},{"not_picked":["beaked:DesperateSwing+1","beaked:Redirect"],"picked":"beaked:Flinch+1","floor":45.0},{"not_picked":["beaked:Redirect","beaked:Mantra","beaked:Negation"],"picked":"SKIP","floor":46.0},{"not_picked":["beaked:BloodForTheGods","beaked:MimicHuntress","beaked:WarriorEssence+1"],"picked":"SKIP","floor":48.0},{"not_picked":["beaked:CursingBlood","beaked:DesperateSwing+1"],"picked":"beaked:Foresight","floor":54.0}],"player_experience":255568,"relics_obtained":[{"floor":6.0,"key":"hubris:ToyBattleship"},{"floor":23.0,"key":"Eternal Feather"},{"floor":24.0,"key":"aspiration:FrozenJewel"},{"floor":26.0,"key":"hubris:Metronome"},{"floor":28.0,"key":"Smiling Mask"},{"floor":29.0,"key":"Blue Doll"},{"floor":32.0,"key":"Vajra"},{"floor":40.0,"key":"MealTicket"},{"floor":42.0,"key":"infinitespire:Eraser"},{"floor":43.0,"key":"ReplayTheSpireMod:Lightbulb"},{"floor":44.0,"key":"Anchor"},{"floor":47.0,"key":"Molten Egg 2"},{"floor":49.0,"key":"Golden Egg"},{"floor":52.0,"key":"Sundial"},{"floor":54.0,"key":"Strawberry"}],"event_choices":[{"damage_healed":0.0,"max_hp_gain":0.0,"max_hp_loss":0.0,"gold_gain":0.0,"event_name":"The Woman in Blue","player_choice":"Bought 2 Potions","floor":21.0,"gold_loss":0.0,"damage_taken":0.0},{"damage_healed":0.0,"max_hp_gain":0.0,"max_hp_loss":0.0,"gold_gain":0.0,"event_name":"Wheel of Change","player_choice":"Full Heal","floor":38.0,"gold_loss":0.0,"damage_taken":0.0}],"is_beta":false,"boss_relics":[{"not_picked":["SacredBark","ReplayTheSpireMod:DimensionalGlitch"],"picked":"Coffee Dripper"},{"not_picked":["hubris:TerracottaHorce","Honey Jar"],"picked":"Tiny House"}],"items_purged_floors":[],"is_endless":false,"potions_floor_spawned":[1,10,13,14,16,18,22,30,33,36,46,48,54],"ascension_level":0}}