{"host":"c4psiqwczhd30bq5","time":1613150073,"event":{"mods":["Act Like it!","Aspiration","BaseMod","BetterRewards","Conspire","Downfall","Hallownest","Hubris","Minty Spire (QoL Compilation)","StSLib"],"gold_per_floor":[115,135,38,48,66,66,96,96,96,107,7,7,27,53,53,157,157,169,189,189,189,189,200,227,227,227,59,78,110,128,153,153,249,249,260,260,277,291,326,326,353,29,29,49,103,128,138,42,42,42],"floor_reached":51,"language":"ENG","playtime":2995,"items_purged":[],"score":813,"play_id":"e5526ba6-5096-41e2-9e6c-34cf401d75bb","local_time":"20210212181433","is_ascension_mode":true,"campfire_choices":[{"floor":6,"key":"REST"},{"data":"Terror","floor":8,"key":"SMITH"},{"floor":15,"key":"REST"},{"floor":25,"key":"REST"},{"floor":32,"key":"REST"},{"floor":40,"key":"REST"},{"floor":49,"key":"REST"}],"circlet_count":0,"master_deck":["Strike_G","Strike_G","Strike_G","Strike_G","Strike_G","Defend_G","Defend_G","Defend_G","Defend_G","Defend_G","Survivor","Neutralize+1","Cloak And Dagger","Quick Slash","Trip","Infinite Blades","Dodge and Roll","Terror+1","Deflect","Ghostly","Bouncing Flask+1","Cloak And Dagger+1","Storm of Steel+1","Finisher","Deflect+1","Crippling Poison+1","Discovery+1","Blade Dance+1","Masterful Stab+1","Dodge and Roll+1","PiercingWail+1","Burst+1","Distraction+1","Catalyst+1","Outmaneuver+1","Slice+1","Adrenaline+1","hubris:DuctTapeCard","Parasite","Well Laid Plans+1","Cloak And Dagger+1","Slice","Dramatic Entrance"],"relics":["Ring of the Snake","Boot","Toxic Egg 2","Strawberry","hubris:Backtick","hubris:PeanutButter","aspiration:FetidBarrel","hubris:Towel","Kunai","Question Card","hubris:MedicalManual","The Specimen","WristBlade","Frozen Egg 2","Unceasing Top","Incense Burner","hubris:DuctTape","Lizard Tail","Thread and Needle"],"acts_visited":["Exordium","TheCity","TheBeyond"],"potions_floor_usage":[7,7,23,23,23,24,28,29,31,31,45,45,47,50],"damage_taken":[{"damage":0,"enemies":"Small Slimes","floor":1,"turns":4},{"damage":0,"enemies":"Jaw Worm","floor":2,"turns":5},{"damage":0,"enemies":"Cultist","floor":4,"turns":2},{"damage":18,"enemies":"Exordium Thugs","floor":5,"turns":7},{"damage":9,"enemies":"Gremlin Nob","floor":7,"turns":4},{"damage":6,"enemies":"2 Fungi Beasts","floor":10,"turns":5},{"damage":0,"enemies":"Blue Slaver","floor":13,"turns":4},{"damage":7,"enemies":"Lagavulin","floor":14,"turns":5},{"damage":6,"enemies":"The Guardian","floor":16,"turns":10},{"damage":0,"enemies":"Spheric Guardian","floor":18,"turns":5},{"damage":16,"enemies":"2 Thieves","floor":19,"turns":5},{"damage":1,"enemies":"Shelled Parasite and Fungi","floor":23,"turns":5},{"damage":4,"enemies":"Slavers","floor":24,"turns":7},{"damage":0,"enemies":"3 Cultists","floor":28,"turns":5},{"damage":13,"enemies":"Book of Stabbing","floor":29,"turns":6},{"damage":3,"enemies":"Centurion and Healer","floor":30,"turns":4},{"damage":14,"enemies":"Slavers","floor":31,"turns":6},{"damage":32,"enemies":"Automaton","floor":33,"turns":8},{"damage":0,"enemies":"Orb Walker","floor":35,"turns":3},{"damage":1,"enemies":"3 Darklings","floor":37,"turns":3},{"damage":25,"enemies":"Spire Growth","floor":38,"turns":5},{"damage":0,"enemies":"conspire:MimicChest","floor":39,"turns":5},{"damage":52,"enemies":"Reptomancer","floor":41,"turns":5},{"damage":0,"enemies":"Writhing Mass","floor":44,"turns":5},{"damage":0,"enemies":"2 Orb Walkers","floor":45,"turns":3},{"damage":21,"enemies":"Nemesis","floor":46,"turns":5},{"damage":0,"enemies":"Jaw Worm Horde","floor":47,"turns":4},{"damage":62,"enemies":"conspire:OrnateMirror","floor":50,"turns":8}],"seed_played":"-6577254993579653387","potions_obtained":[{"floor":4,"key":"hexamod:SoulburnPotion"},{"floor":5,"key":"GamblersBrew"},{"floor":10,"key":"hexamod:SoulburnPotion"},{"floor":16,"key":"LiquidBronze"},{"floor":19,"key":"EntropicBrew"},{"floor":24,"key":"AttackPotion"},{"floor":30,"key":"EssenceOfSteel"},{"floor":37,"key":"Energy Potion"},{"floor":39,"key":"Ancient Potion"},{"floor":44,"key":"DistilledChaos"},{"floor":45,"key":"DuplicationPotion"},{"floor":46,"key":"GamblersBrew"},{"floor":47,"key":"Ancient Potion"}],"is_trial":false,"path_per_floor":["M","M","$","M","M","R","E","R","T","M","?","?","M","E","R","B",null,"M","M","?","?","?","M","E","R","T","$","M","E","M","E","R","B",null,"M","?","M","M","?","R","E","$","T","M","?","E","M","$","R","B",null],"character_chosen":"THE_SILENT","items_purchased":["Trip","Discovery+1","Guardian:BlockOnCardUsePotion","Incense Burner","Cloak And Dagger+1","Dramatic Entrance"],"campfire_rested":6,"item_purchase_floors":[3,27,27,42,42,48],"current_hp_per_floor":[70,70,70,70,52,70,61,61,61,55,55,55,55,55,77,71,77,77,61,61,61,47,46,42,66,66,66,66,57,54,40,64,32,82,82,82,81,56,56,80,28,28,28,28,28,7,7,7,31,12],"gold":42,"neow_bonus":"UPGRADE_CARD","is_daily":false,"chose_seed":false,"campfire_upgraded":1,"win_rate":0.0,"timestamp":1613150073,"path_taken":["M","M","$","M","M","R","E","R","T","M","?","?","?","E","R","BOSS","M","M","?","?","?","M","E","R","T","?","M","E","M","E","R","BOSS","M","?","M","?","?","R","E","$","T","M","?","E","M","?","R","BOSS"],"items_purchased_type":["Card","Card","Potion","Relic","Card","Card"],"build_version":"2020-12-22","purchased_purges":0,"victory":true,"max_hp_per_floor":[70,70,70,70,70,70,70,70,70,70,70,70,70,77,77,77,77,77,77,77,77,82,82,82,82,82,82,82,82,82,82,82,82,82,82,82,82,82,82,82,82,82,82,82,82,82,82,82,82,82],"card_choices":[{"not_picked":["Acrobatics","Flechettes"],"picked":"Cloak And Dagger","floor":1},{"not_picked":["Riddle With Holes","Reflex"],"picked":"Quick Slash","floor":2},{"not_picked":["Concentrate","Underhanded Strike"],"picked":"Infinite Blades","floor":4},{"not_picked":["Cloak And Dagger","PiercingWail"],"picked":"Dodge and Roll","floor":5},{"not_picked":["PiercingWail","Underhanded Strike"],"picked":"Terror","floor":7},{"not_picked":["Dagger Spray","Infinite Blades"],"picked":"Deflect","floor":10},{"not_picked":["PiercingWail+1","Backflip+1"],"picked":"Bouncing Flask+1","floor":13},{"not_picked":["hubris:TrickCloak+1","Deflect+1"],"picked":"Cloak And Dagger+1","floor":14},{"not_picked":["Doppelganger+1","After Image"],"picked":"Storm of Steel+1","floor":16},{"not_picked":["Underhanded Strike","Heel Hook"],"picked":"Finisher","floor":18},{"not_picked":["Backflip+1","hubris:SlightOfHand+1"],"picked":"Cloak And Dagger+1","floor":19},{"not_picked":["Eviscerate","Flying Knee"],"picked":"Deflect+1","floor":23},{"not_picked":["Dodge and Roll+1","Wraith Form v2"],"picked":"Crippling Poison+1","floor":24},{"not_picked":["Prepared+1","Finisher","Cloak And Dagger+1"],"picked":"Blade Dance+1","floor":28},{"not_picked":["Expertise+1","Eviscerate","Calculated Gamble+1"],"picked":"Masterful Stab+1","floor":29},{"not_picked":["Bouncing Flask+1","Backflip+1","Deflect+1"],"picked":"Dodge and Roll+1","floor":30},{"not_picked":["Skewer+1","Endless Agony","Dash"],"picked":"PiercingWail+1","floor":31},{"not_picked":["Night Terror+1","Malaise+1","A Thousand Cuts"],"picked":"Burst+1","floor":33},{"not_picked":["Sucker Punch","conspire:DoublingDagger+1","Prepared+1"],"picked":"Distraction+1","floor":35},{"not_picked":["Slice+1","Heel Hook","hubris:Counter+1"],"picked":"Catalyst+1","floor":37},{"not_picked":["Poisoned Stab+1","Bouncing Flask+1","Acrobatics+1"],"picked":"Outmaneuver+1","floor":38},{"not_picked":["Burst+1","Bane","hubris:TrickCloak+1"],"picked":"Slice+1","floor":39},{"not_picked":["Catalyst+1","Outmaneuver+1","Deflect+1"],"picked":"Adrenaline+1","floor":41},{"not_picked":["hubris:SlightOfHand+1","Calculated Gamble+1","Eviscerate+1"],"picked":"Well Laid Plans+1","floor":44},{"not_picked":["Deadly Poison+1","Distraction+1","Wraith Form v2+1"],"picked":"Cloak And Dagger+1","floor":45},{"not_picked":["Quick Slash","Glass Knife","Underhanded Strike","Eviscerate+1"],"picked":"SKIP","floor":46},{"not_picked":["Bane","Cloak And Dagger+1","hubris:SlightOfHand+1"],"picked":"Slice","floor":47}],"player_experience":286704,"relics_obtained":[{"floor":7,"key":"Boot"},{"floor":14,"key":"Strawberry"},{"floor":24,"key":"Kunai"},{"floor":26,"key":"Question Card"},{"floor":29,"key":"hubris:MedicalManual"},{"floor":31,"key":"The Specimen"},{"floor":39,"key":"Frozen Egg 2"},{"floor":41,"key":"Unceasing Top"},{"floor":43,"key":"hubris:DuctTape"},{"floor":45,"key":"Lizard Tail"},{"floor":46,"key":"Thread and Needle"}],"event_choices":[{"damage_healed":0,"gold_gain":0,"player_choice":"Argue","damage_taken":0,"max_hp_gain":0,"max_hp_loss":0,"event_name":"conspire:LoneGhost","floor":11,"gold_loss":0},{"damage_healed":0,"gold_gain":0,"player_choice":"Gave Potion","damage_taken":0,"relics_obtained":["Toxic Egg 2"],"max_hp_gain":0,"max_hp_loss":0,"event_name":"WeMeetAgain","floor":12,"gold_loss":0},{"damage_healed":0,"gold_gain":0,"player_choice":"Opened","damage_taken":0,"relics_obtained":["aspiration:FetidBarrel"],"max_hp_gain":0,"max_hp_loss":0,"event_name":"The Mausoleum","floor":20,"gold_loss":0,"cards_obtained":["Writhe"]},{"damage_healed":0,"gold_gain":0,"player_choice":"Shed Blood","damage_taken":19,"max_hp_gain":5,"max_hp_loss":0,"event_name":"Forgotten Altar","floor":22,"gold_loss":0},{"cards_removed":["Writhe"],"damage_healed":0,"gold_gain":0,"player_choice":"Removed Curses","damage_taken":0,"max_hp_gain":0,"max_hp_loss":0,"event_name":"Fountain of Cleansing","floor":36,"gold_loss":0},{"damage_healed":0,"gold_gain":0,"player_choice":"Fight","damage_taken":0,"max_hp_gain":0,"max_hp_loss":0,"event_name":"Mysterious Sphere","floor":45,"gold_loss":0}],"is_beta":false,"boss_relics":[{"not_picked":["SacredBark","Tiny House"],"picked":"hubris:Backtick"},{"not_picked":["aspiration:RunicSpoon","conspire:RoyalGoblet"],"picked":"WristBlade"}],"items_purged_floors":[],"is_endless":false,"potions_floor_spawned":[4,5,10,16,19,24,30,31,37,39,44,45,46,47],"ascension_level":1}}