{"host":"j019w4cyowrad0mf","time":1613119809,"event":{"mods":["2.2 Compatiblity","Act Like it!","Arknights","BaseMod","CapriCore","Gensokyo","HololiveMod","Marisa????????","Minty Spire (QoL Compilation)","Rare Cards Sparkle","Reimu??????","StSLib","Waifu the Spire"],"gold_per_floor":[113,42,62,81,95,111,111,145,145,195,209,209,209,209],"floor_reached":13,"language":"ENG","playtime":1464,"items_purged":[],"score":87,"play_id":"26d9ce14-e2a7-45ad-8adb-7d2e428284b6","local_time":"20210212005009","is_ascension_mode":false,"campfire_choices":[{"data":"SubcavityFantasy:ReiMu","floor":12,"key":"SMITH"}],"circlet_count":0,"master_deck":["Strike_Lin:ReiMu","Strike_Lin:ReiMu","Strike_Lin:ReiMu","Strike_Lin:ReiMu","Defend_Lin:ReiMu","Defend_Lin:ReiMu","Defend_Lin:ReiMu","Defend_Lin:ReiMu","NB:ReiMu","Stagnation:ReiMu","SubcavityInstant:ReiMu","FantasyMoon:ReiMu","YinYangSange:ReiMu","SpringWay:ReiMu","RainPray2:ReiMu","Amulet:ReiMu","AirStrike:ReiMu","Pain","SubcavityFantasy:ReiMu+1","Intuition:ReiMu"],"relics":["FlyPower:ReiMu","Gensokyo:LunaticRedEyes","Lantern","HornCleat","Juzu Bracelet"],"acts_visited":["Exordium"],"potions_floor_usage":[8,13],"damage_taken":[{"damage":10,"enemies":"Gensokyo:3_Fairies","floor":1,"turns":7},{"damage":2,"enemies":"Gensokyo:2_Kodama","floor":3,"turns":6},{"damage":7,"enemies":"Gensokyo:Gryphon","floor":4,"turns":5},{"damage":0,"enemies":"Gensokyo:2_Rabbits","floor":5,"turns":3},{"damage":14,"enemies":"Gensokyo:Gryphon_and_Rabbit","floor":6,"turns":7},{"damage":25,"enemies":"Gensokyo:Cirno","floor":8,"turns":10},{"damage":13,"enemies":"Gensokyo:CorruptedTreant","floor":11,"turns":4},{"damage":15,"enemies":"Gensokyo:Aya","floor":13,"turns":8}],"seed_played":"-560715731197420949","potions_obtained":[{"floor":3,"key":"Block Potion"},{"floor":5,"key":"FairyPotion"},{"floor":6,"key":"SpeedPotion"}],"is_trial":false,"path_per_floor":["M","$","M","M","M","M","?","E","T","T","M","R","E"],"character_chosen":"REIMU","items_purchased":["YinYangSange:ReiMu"],"campfire_rested":0,"item_purchase_floors":[2],"current_hp_per_floor":[55,55,53,46,46,32,32,7,7,7,15,15,0,0],"gold":209,"neow_bonus":"THREE_CARDS","is_daily":false,"chose_seed":false,"campfire_upgraded":1,"win_rate":0.0,"timestamp":1613119809,"path_taken":["M","$","?","M","M","?","?","E","T","?","M","R","E"],"items_purchased_type":["Card"],"build_version":"2020-12-22","purchased_purges":0,"victory":false,"max_hp_per_floor":[65,65,65,65,65,65,65,65,65,65,65,65,65,65],"card_choices":[{"not_picked":["CollectionFlower2:ReiMu","DoubleButterfly:ReiMu"],"picked":"SubcavityInstant:ReiMu","floor":0},{"not_picked":["WonderfulDomain:ReiMu","SafetyPray:ReiMu"],"picked":"FantasyMoon:ReiMu","floor":1},{"not_picked":["FantasyBorder:ReiMu","SpreadBorder2:ReiMu"],"picked":"SpringWay:ReiMu","floor":3},{"not_picked":["Gathering:ReiMu","SpreadBorder2:ReiMu"],"picked":"RainPray2:ReiMu","floor":4},{"not_picked":["AlertArray:ReiMu","SpreadBorder2:ReiMu"],"picked":"Amulet:ReiMu","floor":5},{"not_picked":["SpringWay:ReiMu","OctopathSalyBorderN:ReiMu"],"picked":"AirStrike:ReiMu","floor":6},{"not_picked":["EmergencyTakeOff:ReiMu","MountainWay:ReiMu"],"picked":"SubcavityFantasy:ReiMu","floor":8},{"not_picked":["OrbThrow:ReiMu","Conquer:ReiMu"],"picked":"Intuition:ReiMu","floor":11}],"player_experience":354564,"relics_obtained":[{"floor":8,"key":"Lantern"},{"floor":9,"key":"HornCleat"},{"floor":10,"key":"Juzu Bracelet"}],"event_choices":[],"is_beta":false,"boss_relics":[],"items_purged_floors":[],"is_endless":false,"potions_floor_spawned":[3,5,6],"killed_by":"Gensokyo:Aya","ascension_level":0}}