{"host":"3hzk4hwwdropes3d","time":1613117092,"event":{"mods":["BaseMod","Downfall","Hermit","Minty Spire (QoL Compilation)","StSLib"],"gold_per_floor":[111,286,12,24,44,44,44,68,104,116,138,164,206,238,250,359,371,396,608,63,63,77,77,92,92,92,92,111,137,154,154,154,154],"floor_reached":31,"language":"ENG","playtime":1566,"items_purged":["Doubt","champ:Strike"],"score":355,"play_id":"28157d8d-2ae7-43d1-b1e1-47d700949aab","local_time":"20210212000452","is_ascension_mode":true,"campfire_choices":[{"floor":6,"key":"RECALL"},{"data":"champ:Taunt","floor":15,"key":"SMITH"},{"data":"champ:LastStand","floor":23,"key":"SMITH"},{"data":"champ:BerserkersShout","floor":25,"key":"SMITH"},{"data":"champ:RageSigil","floor":27,"key":"SMITH"}],"circlet_count":0,"master_deck":["champ:Strike","champ:Strike+1","champ:Strike","champ:Defend","champ:Defend","champ:Defend","champ:Defend","champ:Execute","champ:Taunt+1","champ:AdrenalArmor","champ:FanOfKnives","champ:AdrenalArmor","champ:PreciseThrust","champ:DeathBlow","champ:Duel","champ:RageSigil+1","champ:ShieldSigil","champ:BerserkersShout+1","champ:LastStand+1","champ:BerserkersShout+1","champ:Encircle+1","champ:FanOfKnives+1","champ:PreciseThrust"],"relics":["champ:ChampionCrown","NeowsBlessing","Lantern","MawBank","hexamod:BolsterEngine","champ:LiftRelic","Vajra","bronze:MakeshiftBattery","PreservedInsect","Ginger","Whetstone"],"acts_visited":["Exordium","TheCity"],"potions_floor_usage":[16,16,16,30,31],"damage_taken":[{"damage":0,"enemies":"Jaw Worm","floor":1,"turns":1},{"damage":0,"enemies":"Small Slimes","floor":4,"turns":1},{"damage":0,"enemies":"2 Louse","floor":5,"turns":1},{"damage":30,"enemies":"Blue Slaver","floor":8,"turns":3},{"damage":54,"enemies":"Exordium Thugs","floor":11,"turns":6},{"damage":18,"enemies":"Looter","floor":12,"turns":2},{"damage":32,"enemies":"3 Sentries","floor":13,"turns":7},{"damage":20,"enemies":"Large Slime","floor":14,"turns":4},{"damage":125,"enemies":"The Guardian","floor":16,"turns":9},{"damage":78,"enemies":"3 Byrds","floor":18,"turns":4},{"damage":64,"enemies":"Shell Parasite","floor":22,"turns":4},{"damage":77,"enemies":"Snake Plant","floor":24,"turns":3},{"damage":70,"enemies":"Snecko","floor":28,"turns":3},{"damage":62,"enemies":"Gremlin Leader","floor":29,"turns":4},{"damage":17,"enemies":"Cultist and Chosen","floor":30,"turns":3},{"damage":19,"enemies":"Slavers","floor":31,"turns":1}],"seed_played":"-7731602440262665881","potions_obtained":[{"floor":1,"key":"Energy Potion"},{"floor":11,"key":"Energy Potion"},{"floor":13,"key":"Dexterity Potion"},{"floor":24,"key":"champ:CounterPotion"},{"floor":28,"key":"champ:TechniquePotion"},{"floor":29,"key":"Slimebound:ThreeZeroPotion"}],"is_trial":false,"path_per_floor":["M","?","$","M","M","R","?","M","T","?","M","M","E","M","R","B",null,"M","?","$","?","M","R","M","R","T","R","M","E","M","E"],"character_chosen":"THE_CHAMP","items_purchased":["Lantern","champ:FanOfKnives","PreservedInsect","Ginger"],"campfire_rested":0,"item_purchase_floors":[3,3,20,20],"current_hp_per_floor":[90,90,90,90,90,90,90,90,90,90,76,68,51,51,51,51,90,82,82,82,64,60,60,48,48,48,48,48,18,18,0,0,0],"gold":154,"neow_bonus":"THREE_ENEMY_KILL","is_daily":false,"chose_seed":false,"campfire_upgraded":4,"win_rate":0.0,"timestamp":1613117092,"path_taken":["M","?","$","M","M","R","?","M","T","?","M","M","E","M","R","BOSS","M","?","?","?","M","R","M","R","T","R","M","E","?","E"],"items_purchased_type":["Relic","Card","Relic","Relic"],"build_version":"2020-12-22","purchased_purges":2,"victory":false,"max_hp_per_floor":[90,90,90,90,90,90,90,90,90,90,90,90,90,90,90,90,90,90,90,90,95,95,95,95,95,95,95,95,95,95,95,95,95],"card_choices":[{"not_picked":["champ:Parry","champ:StanceDance"],"picked":"champ:AdrenalArmor","floor":1},{"not_picked":["champ:RageSigil","champ:DefensiveShout"],"picked":"champ:AdrenalArmor","floor":4},{"not_picked":["champ:Shatter","champ:TornadoPunch"],"picked":"champ:PreciseThrust","floor":5},{"not_picked":["champ:FlashCut","champ:IronFortress"],"picked":"champ:DeathBlow","floor":8},{"not_picked":["champ:SetATrap","champ:DancingMaster"],"picked":"champ:Duel","floor":11},{"not_picked":["champ:Haymaker","champ:SkillfulDodge"],"picked":"champ:RageSigil","floor":12},{"not_picked":["champ:Circumvent","champ:PerfectedStrike"],"picked":"champ:ShieldSigil","floor":13},{"not_picked":["champ:FaceSlap","champ:Haymaker"],"picked":"champ:BerserkersShout","floor":14},{"not_picked":["champ:VampiricStrike","champ:EnchantCrown"],"picked":"champ:LastStand","floor":16},{"not_picked":["champ:Lariat","champ:CalledShot+1"],"picked":"champ:BerserkersShout+1","floor":18},{"not_picked":["champ:Circumvent+1","champ:HeartStrike"],"picked":"champ:Encircle","floor":22},{"not_picked":["champ:EnGarde","champ:ViciousMockery+1"],"picked":"champ:FanOfKnives+1","floor":24},{"not_picked":["champ:BladeFlurry+1","champ:Backstep","champ:Parry"],"picked":"SKIP","floor":28},{"not_picked":["champ:EnchantSword","champ:Backstep","champ:FlashCut"],"picked":"SKIP","floor":29},{"not_picked":["champ:BladeFlurry","champ:Haymaker"],"picked":"champ:PreciseThrust","floor":30}],"player_experience":390332,"relics_obtained":[{"floor":9,"key":"hexamod:BolsterEngine"},{"floor":13,"key":"Vajra"},{"floor":29,"key":"Whetstone"}],"event_choices":[{"damage_healed":0,"gold_gain":175,"player_choice":"AGREE","damage_taken":0,"max_hp_gain":0,"max_hp_loss":0,"event_name":"Liars Game","floor":2,"gold_loss":0,"cards_obtained":["Doubt"]},{"damage_healed":0,"gold_gain":0,"player_choice":"Searched \u00271\u0027 times","damage_taken":0,"relics_obtained":["MawBank"],"max_hp_gain":0,"max_hp_loss":0,"event_name":"Dead Adventurer","floor":7,"gold_loss":0},{"damage_healed":0,"gold_gain":200,"player_choice":"Gold","damage_taken":0,"max_hp_gain":0,"max_hp_loss":0,"event_name":"Wheel of Change","floor":19,"gold_loss":0},{"damage_healed":0,"gold_gain":0,"player_choice":"Shed Blood","damage_taken":23,"max_hp_gain":5,"max_hp_loss":0,"event_name":"Forgotten Altar","floor":21,"gold_loss":0}],"is_beta":false,"boss_relics":[{"not_picked":["Pandora\u0027s Box","Coffee Dripper"],"picked":"bronze:MakeshiftBattery"}],"items_purged_floors":[3,20],"is_endless":false,"potions_floor_spawned":[1,4,11,13,14,24,28,29],"killed_by":"Slavers","ascension_level":3}}