{"host":"ji2m2homzj81ljx9","time":1613116788,"event":{"mods":["BaseMod","Bossed Relics","Colored Map","Colored Powertips","Defuse TimeMaze Blight","Downfall","Infinite Spire","Minty Spire (QoL Compilation)","Quick Restart","Relic Stats","Remove Card Discount Mod","Replay The Spire","Shop Mod","StSLib"],"gold_per_floor":[115,115,115,46,46,46,74,74,98,98,98,108,122,168,193,193,289,289,308,326,326,73,73,73,73,90,90,90,90],"floor_reached":28,"language":"ENG","playtime":1282,"items_purged":[],"score":247,"play_id":"34af0e62-3448-45a2-8fc6-9829d7ccd1c9","local_time":"20210212095948","is_ascension_mode":false,"campfire_choices":[{"data":"Bash","floor":6,"key":"SMITH"},{"data":"Whirlwind","floor":8,"key":"SMITH"},{"data":"Shrug It Off","floor":10,"key":"SMITH"},{"data":"Entrench","floor":16,"key":"SMITH"},{"data":"Infernal Blade","floor":24,"key":"SMITH"}],"circlet_count":0,"master_deck":["Strike_R+1","Strike_R+1","Strike_R+1","Strike_R+1","Strike_R+1","Defend_R+1","Defend_R+1","Defend_R+1","Defend_R+1","Bash+1","Shrug It Off+1","Whirlwind+1","Infernal Blade+1","Entrench+1","Barricade","infinitespire:Execution"],"relics":["Burning Blood","NeowsBlessing","Nunchaku","Strawberry","ReplayFunnel","infinitespire:PuzzleCube","Replay:Wax Seal","Snack Pack","Shovel","infinitespire:Lucky Rock","MerchantsRug","Mark of Pain","Girya"],"acts_visited":["Exordium","TheCity"],"potions_floor_usage":[15,17],"damage_taken":[{"damage":0,"enemies":"2 Louse","floor":1,"turns":1},{"damage":0,"enemies":"Gremlin Nob","floor":7,"turns":1},{"damage":0,"enemies":"Small Slimes","floor":12,"turns":1},{"damage":6,"enemies":"Cultist","floor":13,"turns":3},{"damage":15,"enemies":"Lagavulin","floor":15,"turns":5},{"damage":30,"enemies":"Hexaghost","floor":17,"turns":19},{"damage":25,"enemies":"Spheric Guardian","floor":19,"turns":11},{"damage":7,"enemies":"3 Byrds","floor":20,"turns":6},{"damage":25,"enemies":"Sentry and Sphere","floor":26,"turns":6},{"damage":39,"enemies":"Nightmare","floor":28,"turns":5}],"seed_played":"-8579736506313803479","potions_obtained":[{"floor":7,"key":"Weak Potion"},{"floor":13,"key":"SteroidPotion"},{"floor":19,"key":"champ:CounterPotion"},{"floor":26,"key":"LifebloodPotion"}],"is_trial":false,"path_per_floor":["M","?","?","$","?","R","E","R","T","R","$","M","M","T","E","R","B",null,"M","M","?","$","?","R","AVR","M","T","NM"],"character_chosen":"IRONCLAD","items_purchased":["Entrench","infinitespire:Lucky Rock","MerchantsRug"],"campfire_rested":0,"item_purchase_floors":[4,22,22],"current_hp_per_floor":[80,80,64,64,80,80,80,80,87,87,87,87,87,87,78,78,54,87,68,67,67,67,50,50,50,35,35,0,0],"gold":90,"neow_bonus":"THREE_ENEMY_KILL","is_daily":false,"chose_seed":false,"campfire_upgraded":5,"win_rate":0.0,"timestamp":1613116788,"path_taken":["M","?","?","$","?","R","E","R","T","R","$","?","M","?","E","R","BOSS","M","?","?","$","?","R","AVR","M","T","NM"],"items_purchased_type":["Card","Relic","Relic"],"build_version":"2020-12-22","purchased_purges":0,"victory":false,"max_hp_per_floor":[80,80,80,80,80,80,80,80,87,87,87,87,87,87,87,87,87,87,87,87,87,87,92,92,92,92,92,92,92],"relic_stats":{"Nunchaku":[7],"Shovel":0,"counters":[10,58],"obtain_stats":[{"ReplayFunnel":14,"MerchantsRug":22,"Girya":27,"NeowsBlessing":0,"infinitespire:Lucky Rock":22,"Burning Blood":0,"Calling Bell":18,"Nunchaku":7,"Shovel":18,"Strawberry":9,"Mark of Pain":25,"Snack Pack":18,"Replay:Wax Seal":18,"infinitespire:PuzzleCube":15},{"ReplayFunnel":4,"MerchantsRug":8,"Girya":9,"NeowsBlessing":0,"infinitespire:Lucky Rock":8,"Burning Blood":0,"Calling Bell":6,"Nunchaku":2,"Shovel":6,"Strawberry":2,"Mark of Pain":8,"Snack Pack":6,"Replay:Wax Seal":6,"infinitespire:PuzzleCube":5},{"ReplayFunnel":6,"MerchantsRug":47,"Girya":53,"NeowsBlessing":0,"infinitespire:Lucky Rock":47,"Burning Blood":0,"Calling Bell":30,"Nunchaku":2,"Shovel":30,"Strawberry":2,"Mark of Pain":47,"Snack Pack":30,"Replay:Wax Seal":30,"infinitespire:PuzzleCube":11}],"Burning Blood":36},"card_choices":[{"not_picked":["Armaments","Wild Strike"],"picked":"Shrug It Off","floor":1},{"not_picked":["Shockwave","ReplayTheSpireMod:Strike From Hell"],"picked":"Whirlwind","floor":7},{"not_picked":["Pommel Strike","True Grit"],"picked":"Infernal Blade","floor":12},{"not_picked":["Havoc","Flex"],"picked":"Entrench","floor":13},{"not_picked":["Body Slam","Warcry"],"picked":"Barricade","floor":15},{"not_picked":["Dual Wield","True Grit+1","infinitespire:OneForAll"],"picked":"SKIP","floor":19},{"not_picked":["Headbutt+1","Thunderclap","True Grit"],"picked":"SKIP","floor":20},{"not_picked":["Demon Form","Hemokinesis+1","Perfected Strike"],"picked":"SKIP","floor":26}],"player_experience":1143782,"relics_obtained":[{"floor":7,"key":"Nunchaku"},{"floor":9,"key":"Strawberry"},{"floor":14,"key":"ReplayFunnel"},{"floor":15,"key":"infinitespire:PuzzleCube"},{"floor":18,"key":"Replay:Wax Seal"},{"floor":18,"key":"Snack Pack"},{"floor":18,"key":"Shovel"},{"floor":27,"key":"Girya"}],"event_choices":[{"damage_healed":0,"gold_gain":0,"player_choice":"Entered Light","damage_taken":16,"max_hp_gain":0,"max_hp_loss":0,"event_name":"Shining Light","floor":3,"gold_loss":0,"cards_upgraded":["Defend_R","Defend_R"]},{"cards_removed":["Entrench"],"damage_healed":16,"gold_gain":0,"player_choice":"Offered Uncommon","damage_taken":0,"max_hp_gain":0,"max_hp_loss":0,"event_name":"Bonfire Elementals","floor":5,"gold_loss":0},{"damage_healed":0,"gold_gain":0,"player_choice":"Simplicity","damage_taken":0,"max_hp_gain":0,"max_hp_loss":0,"event_name":"Back to Basics","floor":21,"gold_loss":0,"cards_upgraded":["Strike_R","Strike_R","Strike_R","Strike_R","Strike_R","Defend_R","Defend_R"]},{"damage_healed":0,"gold_gain":0,"player_choice":"Shed Blood","damage_taken":22,"max_hp_gain":5,"max_hp_loss":0,"event_name":"Forgotten Altar","floor":23,"gold_loss":0}],"is_beta":false,"boss_relics":[{"not_picked":["ChewingGum","bronze:MakeshiftBattery"],"picked":"Calling Bell"}],"items_purged_floors":[],"is_endless":false,"potions_floor_spawned":[7,13,19,26],"killed_by":"Nightmare","ascension_level":0}}