{"host":"5zhjtp2pgwgfdund","time":1613094605,"event":{"mods":["2.2 Compatiblity","AchievementEnabler","Act Like it!","BaseMod","Colored Map","Colored Powertips","Downfall","Gensokyo","Infinite Spire","Minty Spire (QoL Compilation)","Replay The Spire","Shop Mod","StSLib","The Bug Knight","The Jungle"],"gold_per_floor":[99,111,126,139,139,156,179,208,221,221,240,260,260,260,260,260],"floor_reached":14,"language":"ENG","playtime":1052,"items_purged":[],"score":94,"play_id":"58820865-567c-4e2c-9f08-9be2ef976977","local_time":"20210211205005","is_ascension_mode":false,"campfire_choices":[{"floor":1,"key":"RECALL"},{"floor":13,"key":"REST"}],"circlet_count":0,"master_deck":["bronze:Strike","bronze:Strike","bronze:Strike","bronze:Strike","bronze:Defend","bronze:Defend","bronze:Defend","bronze:Defend","bronze:Replicate","bronze:Goto","bronze:Iterate","bronze:WhirlingStrike","bronze:ForLoop","bronze:Flail","bronze:AlphaBuild","bronze:Backtrace","bronze:FineTuning","bronze:Branch"],"relics":["bronze:BronzeCore","ReplayTheSpireMod:TigerMarble","Pet Ghost"],"acts_visited":["Exordium"],"potions_floor_usage":[6,8,8,12,14],"damage_taken":[{"damage":1,"enemies":"Cultist","floor":2,"turns":4},{"damage":0,"enemies":"Small Slimes","floor":3,"turns":3},{"damage":0,"enemies":"2 Louse","floor":4,"turns":2},{"damage":31,"enemies":"Gremlin Gang","floor":6,"turns":6},{"damage":25,"enemies":"3 Sentries","floor":8,"turns":6},{"damage":5,"enemies":"3 Louse","floor":9,"turns":2},{"damage":8,"enemies":"Exordium Thugs","floor":11,"turns":4},{"damage":0,"enemies":"Exordium Wildlife","floor":12,"turns":1},{"damage":39,"enemies":"Lagavulin","floor":14,"turns":6}],"seed_played":"1707795206137588249","potions_obtained":[{"floor":3,"key":"champ:CounterPotion"},{"floor":4,"key":"EntropicBrew"},{"floor":5,"key":"Energy Potion"},{"floor":9,"key":"Regen Potion"},{"floor":12,"key":"Adrenaline Potion"}],"is_trial":false,"path_per_floor":["R_BF","M","M","M","?","M","T","E","M","?","M","M","R","E"],"character_chosen":"THE_AUTOMATON","items_purchased":[],"campfire_rested":1,"item_purchase_floors":[],"current_hp_per_floor":[77,76,76,76,76,45,45,20,15,15,7,7,30,0,0,0],"gold":260,"neow_bonus":"TEN_PERCENT_HP_BONUS","is_daily":false,"chose_seed":false,"campfire_upgraded":0,"win_rate":0.0,"timestamp":1613094605,"path_taken":["R_BF","M","M","?","?","?","T","E","M","?","M","M","R","E"],"items_purchased_type":[],"build_version":"2020-12-22","purchased_purges":0,"victory":false,"max_hp_per_floor":[77,77,77,77,77,77,77,77,77,77,77,77,77,77,77,77],"card_choices":[{"not_picked":["bronze:DarkDash","bronze:ItsAFeature"],"picked":"bronze:Iterate","floor":2},{"not_picked":["bronze:DelayedSlice","bronze:MaxOutput"],"picked":"bronze:WhirlingStrike","floor":3},{"not_picked":["bronze:Turbo","bronze:BitShift"],"picked":"bronze:ForLoop","floor":4},{"not_picked":["bronze:Turbo","bronze:Shield"],"picked":"bronze:Flail","floor":6},{"not_picked":["bronze:Overheat","bronze:WildBeam"],"picked":"bronze:AlphaBuild","floor":8},{"not_picked":["bronze:CloningBeam","bronze:Frontload"],"picked":"bronze:Backtrace","floor":9},{"not_picked":["bronze:Deprecate","bronze:CutThrough"],"picked":"bronze:FineTuning","floor":11},{"not_picked":["bronze:CutThrough","bronze:Overheat"],"picked":"bronze:Branch","floor":12}],"player_experience":143232,"relics_obtained":[{"floor":7,"key":"ReplayTheSpireMod:TigerMarble"},{"floor":8,"key":"Pet Ghost"}],"event_choices":[{"damage_healed":0,"gold_gain":0,"player_choice":"Got Potions","damage_taken":0,"max_hp_gain":0,"max_hp_loss":0,"event_name":"Lab","floor":5,"gold_loss":0}],"is_beta":false,"boss_relics":[],"items_purged_floors":[],"is_endless":false,"potions_floor_spawned":[3,4,9,12],"killed_by":"Lagavulin","ascension_level":0}}