{"host":"2qv44oxt58ptq59r","time":1613161309,"event":{"mods":["AchievementEnabler","BaseMod","Colored Powertips","Highlight Path","Minty Spire (QoL Compilation)","Permanent Neow","StSLib"],"gold_per_floor":[115,115,132,132,145,145,178,178,178,212,20,50,50,65,65,166,166,181,181,181,181,6,6,18,18,18],"floor_reached":25,"language":"ENG","playtime":2751,"items_purged":["Strike_R"],"score":279,"play_id":"ea87803b-3541-48b3-b0dc-34600b750c79","local_time":"20210212202149","is_ascension_mode":true,"campfire_choices":[{"data":"Bash","floor":6.0,"key":"SMITH"},{"floor":8.0,"key":"REST"},{"data":"Shockwave","floor":13.0,"key":"SMITH"},{"floor":15.0,"key":"REST"},{"data":"Demon Form","floor":23.0,"key":"SMITH"}],"circlet_count":0,"master_deck":["Strike_R","Strike_R","Strike_R","Strike_R","Defend_R","Defend_R","Defend_R","Defend_R","Bash+1","Panacea","Cleave","Shockwave+1","Clothesline","Demon Form+1"],"relics":["Burning Blood","The Courier","Shuriken","Blue Candle","Kunai","Mercury Hourglass","Busted Crown","MutagenicStrength","Potion Belt"],"acts_visited":["Exordium","TheCity"],"potions_floor_usage":[],"damage_taken":[{"damage":13.0,"enemies":"Jaw Worm","floor":1.0,"turns":5.0},{"damage":7.0,"enemies":"2 Louse","floor":3.0,"turns":4.0},{"damage":3.0,"enemies":"Small Slimes","floor":5.0,"turns":3.0},{"damage":50.0,"enemies":"3 Sentries","floor":7.0,"turns":11.0},{"damage":15.0,"enemies":"Gremlin Nob","floor":10.0,"turns":4.0},{"damage":12.0,"enemies":"Looter","floor":14.0,"turns":4.0},{"damage":43.0,"enemies":"The Guardian","floor":16.0,"turns":11.0},{"damage":12.0,"enemies":"Chosen","floor":18.0,"turns":4.0},{"damage":15.0,"enemies":"3 Byrds","floor":24.0,"turns":4.0},{"damage":43,"enemies":"Masked Bandits","floor":25,"turns":3}],"seed_played":"2175484465543987016","potions_obtained":[{"floor":1.0,"key":"Block Potion"},{"floor":14.0,"key":"LiquidMemories"}],"is_trial":false,"path_per_floor":["M","?","M","?","M","R","E","R","T","E","$","?","R","M","R","B",null,"M","?","?","?","$","R","M","?"],"character_chosen":"IRONCLAD","items_purchased":["Kunai","Potion Belt"],"campfire_rested":2,"item_purchase_floors":[11,22],"current_hp_per_floor":[65,65,64,69,72,72,28,53,53,44,44,44,44,38,63,26,70,64,64,64,48,48,48,39,0,0],"gold":18,"neow_bonus":"RANDOM_COLORLESS","is_daily":false,"chose_seed":false,"campfire_upgraded":3,"win_rate":0.0,"timestamp":1613161309,"path_taken":["M","?","M","?","M","R","E","R","T","E","$","?","R","?","R","BOSS","M","?","?","?","$","R","M","?"],"items_purchased_type":["Relic","Relic"],"build_version":"2020-12-22","purchased_purges":1,"victory":false,"max_hp_per_floor":[80,80,80,85,85,85,85,85,85,85,85,85,85,85,85,85,85,85,85,85,90,90,90,90,90,90],"card_choices":[{"not_picked":["Forethought","Finesse"],"picked":"Panacea","floor":0.0},{"not_picked":["Iron Wave","Twin Strike","Dual Wield"],"picked":"SKIP","floor":1.0},{"not_picked":["Entrench","Disarm"],"picked":"Cleave","floor":3.0},{"not_picked":["Clash","Body Slam","Iron Wave"],"picked":"SKIP","floor":5.0},{"not_picked":["Burning Pact","Power Through"],"picked":"Shockwave","floor":7.0},{"not_picked":["Havoc","Twin Strike","Cleave"],"picked":"SKIP","floor":10.0},{"not_picked":["True Grit","Searing Blow"],"picked":"Clothesline","floor":14.0},{"not_picked":["Impervious","Fiend Fire"],"picked":"Demon Form","floor":16.0},{"not_picked":["Body Slam"],"picked":"SKIP","floor":18.0},{"not_picked":["Flex"],"picked":"SKIP","floor":24.0}],"player_experience":5700304,"relics_obtained":[{"floor":7.0,"key":"The Courier"},{"floor":9.0,"key":"Shuriken"},{"floor":10.0,"key":"Blue Candle"}],"event_choices":[{"damage_healed":0.0,"max_hp_gain":0.0,"max_hp_loss":0.0,"gold_gain":0.0,"event_name":"Golden Wing","player_choice":"Ignored","floor":2.0,"gold_loss":0.0,"damage_taken":0.0},{"damage_healed":0.0,"max_hp_gain":5.0,"max_hp_loss":0.0,"gold_gain":0.0,"event_name":"Big Fish","player_choice":"Donut","floor":4.0,"gold_loss":0.0,"damage_taken":0.0},{"damage_healed":0.0,"max_hp_gain":0.0,"max_hp_loss":0.0,"gold_gain":30.0,"event_name":"Dead Adventurer","player_choice":"Searched \u00272\u0027 times","floor":12.0,"gold_loss":0.0,"damage_taken":0.0,"relics_obtained":["Mercury Hourglass"]},{"damage_healed":0.0,"max_hp_gain":0.0,"max_hp_loss":0.0,"gold_gain":0.0,"event_name":"Drug Dealer","player_choice":"Inject Mutagens","floor":19.0,"gold_loss":0.0,"damage_taken":0.0,"relics_obtained":["MutagenicStrength"]},{"damage_healed":0.0,"max_hp_gain":0.0,"max_hp_loss":0.0,"gold_gain":0.0,"event_name":"Ghosts","player_choice":"Ignored","floor":20.0,"gold_loss":0.0,"damage_taken":0.0},{"damage_healed":0.0,"max_hp_gain":5.0,"max_hp_loss":0.0,"gold_gain":0.0,"event_name":"Forgotten Altar","player_choice":"Shed Blood","floor":21.0,"gold_loss":0.0,"damage_taken":21.0},{"damage_healed":0,"gold_gain":0,"player_choice":"Fought Bandits","damage_taken":0,"max_hp_gain":0,"max_hp_loss":0,"event_name":"Masked Bandits","floor":25,"gold_loss":0}],"is_beta":false,"boss_relics":[{"not_picked":["Philosopher\u0027s Stone","Sozu"],"picked":"Busted Crown"}],"items_purged_floors":[22],"is_endless":false,"potions_floor_spawned":[1,14],"killed_by":"Masked Bandits","ascension_level":7}}