{"host":"h3bjzarqa4lxinkd","time":1613107891,"event":{"mods":["AchievementEnabler","BaseMod","Better Silent Start","Challenge The Spire","Custom Start","Minty Spire (QoL Compilation)","Permanent Neow","Quick Restart","Shop Mod","StSLib","egg","everything is the same but u backflip on backflip","slay the spire mod where everything is the same but ironclad has a cowboy hat"],"gold_per_floor":[109,34,34,34,55,86,86,47,47,47,68,68,109,125,125,250,250,270,285,285,185,185,185,60,60,84,108,123,137,155,80,80,208,208,227,227,27,27,43,81,99,99,99,99,124,124,149,172,172,172,172,172,23,57,57,57],"floor_reached":55,"language":"ENG","playtime":3789,"items_purged":["Strike_G","Dash","Slice","Distraction"],"score":840,"play_id":"0ae5a1d1-eebe-4234-a8c5-3560d7ffeebd","local_time":"20210212003131","is_ascension_mode":true,"campfire_choices":[{"floor":7.0,"key":"REST"},{"floor":10.0,"key":"REST"},{"floor":15.0,"key":"REST"},{"floor":23.0,"key":"REST"},{"floor":32.0,"key":"REST"},{"data":"Night Terror","floor":42.0,"key":"SMITH"},{"data":"Catalyst","floor":44.0,"key":"SMITH"},{"data":"Catalyst","floor":46.0,"key":"SMITH"},{"floor":49.0,"key":"RECALL"},{"data":"Ghostly","floor":52.0,"key":"SMITH"}],"circlet_count":0,"master_deck":["Survivor","Neutralize","Venomology+1","Deadly Poison","Deadly Poison+1","Noxious Fumes","Cloak And Dagger","After Image","Die Die Die","Prepared","Catalyst+1","Ghostly","Ghostly","Ghostly+1","Ghostly","Ghostly+1","Deadly Poison","Catalyst+1","Night Terror+1","Crippling Poison","Venomology+1","Blade Dance+1"],"relics":["Ring of the Snake","Golden Idol","Darkstone Periapt","CaptainsWheel","Pandora\u0027s Box","Nilry\u0027s Codex","War Paint","Busted Crown","Blood Vial","Question Card","Cauldron","Akabeko"],"acts_visited":["TheBeyond","TheEnding"],"potions_floor_usage":[55,55,55],"damage_taken":[{"damage":1.0,"enemies":"Cultist","floor":1.0,"turns":5.0},{"damage":0.0,"enemies":"Small Slimes","floor":5.0,"turns":4.0},{"damage":20.0,"enemies":"Lagavulin","floor":6.0,"turns":5.0},{"damage":0.0,"enemies":"2 Louse","floor":11.0,"turns":2.0},{"damage":57.0,"enemies":"3 Sentries","floor":13.0,"turns":9.0},{"damage":19.0,"enemies":"Large Slime","floor":14.0,"turns":6.0},{"damage":26.0,"enemies":"The Guardian","floor":16.0,"turns":9.0},{"damage":0.0,"enemies":"Shell Parasite","floor":18.0,"turns":4.0},{"damage":0.0,"enemies":"Chosen","floor":19.0,"turns":4.0},{"damage":3.0,"enemies":"3 Cultists","floor":27.0,"turns":4.0},{"damage":3.0,"enemies":"Chosen and Byrds","floor":28.0,"turns":7.0},{"damage":19.0,"enemies":"Centurion and Healer","floor":29.0,"turns":8.0},{"damage":1.0,"enemies":"3 Cultists","floor":30.0,"turns":7.0},{"damage":3.0,"enemies":"Collector","floor":33.0,"turns":7.0},{"damage":2.0,"enemies":"3 Shapes","floor":35.0,"turns":6.0},{"damage":0.0,"enemies":"3 Darklings","floor":38.0,"turns":1.0},{"damage":0.0,"enemies":"Maw","floor":39.0,"turns":6.0},{"damage":1.0,"enemies":"Giant Head","floor":40.0,"turns":5.0},{"damage":1.0,"enemies":"Transient","floor":41.0,"turns":4.0},{"damage":6.0,"enemies":"3 Darklings","floor":45.0,"turns":6.0},{"damage":0.0,"enemies":"Maw","floor":47.0,"turns":6.0},{"damage":2.0,"enemies":"Sphere and 2 Shapes","floor":48.0,"turns":5.0},{"damage":12.0,"enemies":"Awakened One","floor":50.0,"turns":12.0},{"damage":0.0,"enemies":"Shield and Spear","floor":54.0,"turns":8.0},{"damage":51,"enemies":"The Heart","floor":55,"turns":11}],"seed_played":"-4886460440658299226","potions_obtained":[{"floor":5.0,"key":"SteroidPotion"},{"floor":11.0,"key":"Regen Potion"},{"floor":13.0,"key":"PowerPotion"},{"floor":16.0,"key":"BlessingOfTheForge"},{"floor":18.0,"key":"PowerPotion"},{"floor":19.0,"key":"ColorlessPotion"},{"floor":29.0,"key":"Swift Potion"},{"floor":40.0,"key":"Ancient Potion"},{"floor":41.0,"key":"SkillPotion"},{"floor":47.0,"key":"Swift Potion"},{"floor":53.0,"key":"AttackPotion"},{"floor":53.0,"key":"Ancient Potion"},{"floor":53.0,"key":"CunningPotion"}],"is_trial":false,"path_per_floor":["M","$","?","?","M","E","R","$","T","R","M","$","E","M","R","B",null,"M","M","?","$","?","R","$","$","T","M","M","M","M","?","R","B",null,"M","?","$","M","M","E","M","R","T","R","M","R","M","M","R","B",null,"R","$","E","B"],"character_chosen":"THE_SILENT","items_purchased":["Noxious Fumes","BlessingOfTheForge","Cauldron"],"campfire_rested":5,"item_purchase_floors":[8,37,53],"current_hp_per_floor":[69,69,52,52,52,32,53,53,53,70,70,70,13,8,29,3,70,70,70,35,35,19,29,29,29,29,26,23,4,3,3,13,10,35,33,33,33,33,33,32,33,33,33,33,29,29,31,31,31,21,35,35,35,35,0,0],"gold":57,"neow_bonus":"ONE_RANDOM_RARE_CARD","is_daily":false,"chose_seed":false,"campfire_upgraded":4,"win_rate":0.0,"timestamp":1613107891,"path_taken":["M","?","?","?","?","E","R","$","T","R","M","$","E","M","R","BOSS","M","M","?","$","?","R","?","$","T","M","M","M","M","?","R","BOSS","M","?","$","M","M","E","M","R","T","R","M","R","M","M","R","BOSS","R","$","E","BOSS"],"items_purchased_type":["Card","Potion","Relic"],"build_version":"2020-12-22","purchased_purges":4,"victory":false,"max_hp_per_floor":[70,70,70,70,70,70,70,70,70,70,70,70,70,70,70,70,70,70,70,35,35,35,35,35,35,35,35,35,35,35,35,35,35,35,35,35,35,35,35,35,35,35,35,35,35,35,35,35,35,35,35,35,35,35,35,35],"card_choices":[{"not_picked":["Underhanded Strike","Flying Knee"],"picked":"Deadly Poison","floor":1.0},{"not_picked":["Dagger Spray","Underhanded Strike","Setup"],"picked":"SKIP","floor":5.0},{"not_picked":["Poisoned Stab","Acrobatics"],"picked":"Deadly Poison","floor":6.0},{"not_picked":["Outmaneuver","Bane","Backflip"],"picked":"SKIP","floor":11.0},{"not_picked":["Phantasmal Killer","Eviscerate","Prepared"],"picked":"SKIP","floor":13.0},{"not_picked":["Distraction","Finisher","Cloak And Dagger"],"picked":"SKIP","floor":14.0},{"not_picked":["Glass Knife","Adrenaline"],"picked":"Envenom","floor":16.0},{"not_picked":["All Out Attack+1","Endless Agony","Sucker Punch"],"picked":"SKIP","floor":18.0},{"not_picked":["Dagger Spray","Deflect"],"picked":"Catalyst","floor":19.0},{"not_picked":["Setup","Deflect+1"],"picked":"Deadly Poison","floor":27.0},{"not_picked":["Outmaneuver","Acrobatics"],"picked":"Catalyst","floor":28.0},{"not_picked":["Calculated Gamble","Deadly Poison+1"],"picked":"Night Terror","floor":29.0},{"not_picked":["Terror","Outmaneuver+1"],"picked":"Crippling Poison","floor":30.0},{"not_picked":["Envenom","Bullet Time"],"picked":"Venomology","floor":33.0},{"not_picked":["Outmaneuver"],"picked":"SKIP","floor":35.0},{"not_picked":["Heel Hook+1"],"picked":"SKIP","floor":39.0},{"not_picked":["Quick Slash+1"],"picked":"SKIP","floor":40.0},{"not_picked":["Dagger Spray"],"picked":"SKIP","floor":41.0},{"not_picked":["Dodge and Roll+1","Caltrops+1"],"picked":"SKIP","floor":45.0},{"not_picked":["Acrobatics+1"],"picked":"Blade Dance+1","floor":47.0},{"not_picked":["Dagger Spray","Cloak And Dagger+1"],"picked":"SKIP","floor":48.0},{"not_picked":["Skewer","Poisoned Stab+1"],"picked":"SKIP","floor":54.0}],"player_experience":204842,"relics_obtained":[{"floor":6.0,"key":"Darkstone Periapt"},{"floor":13.0,"key":"CaptainsWheel"},{"floor":22.0,"key":"Nilry\u0027s Codex"},{"floor":26.0,"key":"War Paint"},{"floor":40.0,"key":"Blood Vial"},{"floor":43.0,"key":"Question Card"},{"floor":54.0,"key":"Akabeko"}],"event_choices":[{"damage_healed":0.0,"max_hp_gain":0.0,"max_hp_loss":0.0,"gold_gain":0.0,"event_name":"Golden Idol","player_choice":"Take Damage","floor":3.0,"gold_loss":0.0,"damage_taken":17.0,"relics_obtained":["Golden Idol"]},{"damage_healed":0.0,"max_hp_gain":0.0,"max_hp_loss":0.0,"gold_gain":0.0,"event_name":"Upgrade Shrine","player_choice":"Upgraded","floor":4.0,"gold_loss":0.0,"damage_taken":0.0,"cards_upgraded":["Venomology"]},{"damage_healed":0.0,"max_hp_gain":0.0,"max_hp_loss":35.0,"gold_gain":0.0,"event_name":"Ghosts","player_choice":"Became a Ghost","floor":20.0,"gold_loss":0.0,"damage_taken":0.0,"cards_obtained":["Ghostly","Ghostly","Ghostly","Ghostly","Ghostly"]},{"damage_healed":0.0,"max_hp_gain":0.0,"max_hp_loss":0.0,"gold_gain":0.0,"event_name":"Cursed Tome","player_choice":"Obtained Book","floor":22.0,"gold_loss":0.0,"damage_taken":16.0},{"cards_removed":["Envenom"],"damage_healed":0.0,"max_hp_gain":0.0,"max_hp_loss":0.0,"gold_gain":0.0,"event_name":"Beggar","player_choice":"Gave Gold","floor":31.0,"gold_loss":75.0,"damage_taken":0.0},{"damage_healed":0.0,"max_hp_gain":0.0,"max_hp_loss":0.0,"gold_gain":0.0,"event_name":"Upgrade Shrine","player_choice":"Upgraded","floor":36.0,"gold_loss":0.0,"damage_taken":0.0,"cards_upgraded":["Venomology"]}],"is_beta":false,"boss_relics":[{"not_picked":["Ectoplasm","Ring of the Serpent"],"picked":"Pandora\u0027s Box"},{"not_picked":["HoveringKite","Tiny House"],"picked":"Busted Crown"}],"items_purged_floors":[2,21,24,37],"is_endless":false,"potions_floor_spawned":[5,11,13,16,18,19,28,29,38,40,41,47],"killed_by":"The Heart","ascension_level":3}}