{"host":"9v3x998ddbx8o276","time":1613168064,"event":{"mods":["AchievementEnabler","BaseMod","Colored Map","Colored Powertips","Highlight Path","Minty Spire (QoL Compilation)","Quick Restart","Rare Cards Sparkle"],"gold_per_floor":[112,112,128,144,42,42,67,85,111,111,58,58,70,100,100,178,178,193,228,239,1,20,20,37,70,96,126,126,140,140,160,160,233,233,251,265,265,265],"floor_reached":37,"language":"ENG","playtime":2125,"items_purged":["Strike_R"],"score":892,"play_id":"a50b238e-5999-4757-86b1-e26cbf86157b","local_time":"20210213084424","is_ascension_mode":true,"campfire_choices":[{"data":"Bash","floor":6.0,"key":"SMITH"},{"floor":10.0,"key":"REST"},{"floor":12.0,"key":"REST"},{"data":"Discovery","floor":15.0,"key":"SMITH"},{"floor":23.0,"key":"REST"},{"floor":28.0,"key":"REST"},{"floor":32.0,"key":"REST"}],"circlet_count":0,"master_deck":["AscendersBane","Strike_R","Strike_R+1","Strike_R+1","Defend_R+1","Defend_R","Defend_R+1","Defend_R","Bash+1","Whirlwind","Pommel Strike","Anger","Discovery+1","Demon Form","Ghostly Armor","Sword Boomerang","Shrug It Off","Fiend Fire","Pommel Strike+1","Battle Trance","Apotheosis","Feel No Pain","Demon Form","Entrench","Second Wind","Reaper","Body Slam+1"],"relics":["Burning Blood","Whetstone","Juzu Bracelet","War Paint","Smiling Mask","Snecko Eye","Red Mask","Mummified Hand","Tiny Chest","PreservedInsect","SlaversCollar"],"acts_visited":["Exordium","TheCity","TheBeyond"],"potions_floor_usage":[37],"damage_taken":[{"damage":3.0,"enemies":"2 Louse","floor":1.0,"turns":2.0},{"damage":13.0,"enemies":"Small Slimes","floor":3.0,"turns":3.0},{"damage":1.0,"enemies":"Cultist","floor":4.0,"turns":3.0},{"damage":32.0,"enemies":"Gremlin Nob","floor":7.0,"turns":4.0},{"damage":23.0,"enemies":"3 Louse","floor":8.0,"turns":3.0},{"damage":0.0,"enemies":"Exordium Wildlife","floor":13.0,"turns":3.0},{"damage":21.0,"enemies":"3 Sentries","floor":14.0,"turns":7.0},{"damage":15.0,"enemies":"The Guardian","floor":16.0,"turns":9.0},{"damage":13.0,"enemies":"3 Byrds","floor":18.0,"turns":5.0},{"damage":24.0,"enemies":"Masked Bandits","floor":19.0,"turns":3.0},{"damage":11.0,"enemies":"2 Thieves","floor":20.0,"turns":3.0},{"damage":2.0,"enemies":"Snecko","floor":22.0,"turns":3.0},{"damage":24.0,"enemies":"Centurion and Healer","floor":24.0,"turns":4.0},{"damage":32.0,"enemies":"Gremlin Leader","floor":25.0,"turns":4.0},{"damage":4.0,"enemies":"Slavers","floor":27.0,"turns":3.0},{"damage":51.0,"enemies":"Cultist and Chosen","floor":29.0,"turns":7.0},{"damage":26.0,"enemies":"Snake Plant","floor":31.0,"turns":4.0},{"damage":25.0,"enemies":"Collector","floor":33.0,"turns":7.0},{"damage":10,"enemies":"3 Shapes","floor":35,"turns":3},{"damage":15,"enemies":"3 Darklings","floor":36,"turns":5},{"damage":53,"enemies":"Transient","floor":37,"turns":6}],"seed_played":"7314873499833408518","potions_obtained":[{"floor":7.0,"key":"FairyPotion"},{"floor":16.0,"key":"ColorlessPotion"},{"floor":24.0,"key":"LiquidBronze"},{"floor":25.0,"key":"Block Potion"},{"floor":27.0,"key":"BloodPotion"},{"floor":33.0,"key":"LiquidBronze"},{"floor":36,"key":"AttackPotion"}],"is_trial":false,"path_per_floor":["M","?","M","M","$","R","E","M","T","R","$","R","M","E","R","B",null,"M","?","M","$","M","R","M","E","T","E","R","M","?","M","R","B",null,"M","M","M"],"character_chosen":"IRONCLAD","items_purchased":["Discovery","Fire Potion","Apotheosis"],"campfire_rested":5,"item_purchase_floors":[5,11,21],"current_hp_per_floor":[71,64,57,62,62,62,36,19,19,41,41,63,69,54,54,45,68,61,43,38,38,42,64,46,20,20,22,44,14,14,18,40,21,62,58,61,12,12],"gold":265,"neow_bonus":"RANDOM_COMMON_RELIC","is_daily":false,"chose_seed":false,"campfire_upgraded":2,"win_rate":0.0,"timestamp":1613168064,"path_taken":["M","?","M","M","$","R","E","M","T","R","$","R","M","E","R","BOSS","M","?","M","$","M","R","M","E","T","E","R","M","?","M","R","BOSS","M","M","M"],"items_purchased_type":["Card","Potion","Card"],"build_version":"2020-12-22","purchased_purges":1,"victory":false,"max_hp_per_floor":[75,75,75,75,75,75,75,75,75,75,75,75,75,75,75,75,75,75,75,75,75,75,75,75,75,75,75,75,75,75,75,75,75,75,75,75,75,75],"card_choices":[{"not_picked":["Wild Strike","Flex"],"picked":"Whirlwind","floor":1.0},{"not_picked":["Thunderclap","Sword Boomerang"],"picked":"Pommel Strike","floor":3.0},{"not_picked":["Warcry","Wild Strike"],"picked":"Anger","floor":4.0},{"not_picked":["Rage","Bloodletting"],"picked":"Demon Form","floor":7.0},{"not_picked":["Flex","Feel No Pain"],"picked":"Ghostly Armor","floor":8.0},{"not_picked":["Warcry","Perfected Strike"],"picked":"Sword Boomerang","floor":13.0},{"not_picked":["Clothesline","Body Slam"],"picked":"Shrug It Off","floor":14.0},{"not_picked":["Juggernaut","Exhume"],"picked":"Fiend Fire","floor":16.0},{"not_picked":["Inflame","Perfected Strike+1","Clothesline"],"picked":"SKIP","floor":18.0},{"not_picked":["Clash","Sword Boomerang"],"picked":"Pommel Strike+1","floor":19.0},{"not_picked":["Power Through","Clothesline"],"picked":"Battle Trance","floor":20.0},{"not_picked":["Cleave","Rampage","Sever Soul"],"picked":"SKIP","floor":22.0},{"not_picked":["Searing Blow","Headbutt","Thunderclap"],"picked":"SKIP","floor":24.0},{"not_picked":["Whirlwind","True Grit"],"picked":"Feel No Pain","floor":25.0},{"not_picked":["Blood for Blood","Cleave"],"picked":"Demon Form","floor":27.0},{"not_picked":["Heavy Blade","Flex"],"picked":"Entrench","floor":29.0},{"not_picked":["Clothesline","Warcry"],"picked":"Second Wind","floor":31.0},{"not_picked":["Feed","Exhume"],"picked":"Reaper","floor":33.0},{"not_picked":["Shrug It Off","Sword Boomerang"],"picked":"Body Slam+1","floor":35},{"not_picked":["Anger","Wild Strike","Body Slam+1"],"picked":"SKIP","floor":36}],"player_experience":2241603,"relics_obtained":[{"floor":7.0,"key":"Juzu Bracelet"},{"floor":9.0,"key":"War Paint"},{"floor":14.0,"key":"Smiling Mask"},{"floor":19.0,"key":"Red Mask"},{"floor":25.0,"key":"Mummified Hand"},{"floor":26.0,"key":"Tiny Chest"},{"floor":27.0,"key":"PreservedInsect"}],"event_choices":[{"cards_removed":["Strike_R"],"damage_healed":0.0,"max_hp_gain":0.0,"max_hp_loss":0.0,"gold_gain":0.0,"event_name":"Golden Wing","player_choice":"Card Removal","floor":2.0,"gold_loss":0.0,"damage_taken":7.0},{"damage_healed":0.0,"max_hp_gain":0.0,"max_hp_loss":0.0,"gold_gain":0.0,"event_name":"Masked Bandits","player_choice":"Fought Bandits","floor":19.0,"gold_loss":0.0,"damage_taken":0.0},{"damage_healed":0.0,"max_hp_gain":0.0,"max_hp_loss":0.0,"gold_gain":0.0,"event_name":"Ghosts","player_choice":"Ignored","floor":30.0,"gold_loss":0.0,"damage_taken":0.0}],"is_beta":false,"boss_relics":[{"not_picked":["Runic Pyramid","Runic Cube"],"picked":"Snecko Eye"},{"not_picked":["Tiny House","SacredBark"],"picked":"SlaversCollar"}],"items_purged_floors":[21],"is_endless":false,"potions_floor_spawned":[7,14,16,24,25,27,33,36],"killed_by":"Transient","ascension_level":20}}