{"host":"pi8b3ffzwvxqztac","time":1613103218,"event":{"mods":["BaseMod","Colored Map","Custom Start","Downfall","Minty Spire (QoL Compilation)","StSLib"],"gold_per_floor":[99,118,129,147,163,181,204,4,31,16,16,41,54,68,81,152,152,52,62,81,93,108,108,108,140,140,158,68,111,111,111,134,216,216,216,226,245,230,230,242,266,266,296,316,329,273,282,282,292,292,292,323,159,159,159,159,159,159],"floor_reached":56,"language":"ENG","playtime":5138,"items_purged":["Parasite"],"score":1390,"play_id":"566cfc28-2b0c-4e5a-a182-5b7631c3dbc0","local_time":"20210212171338","is_ascension_mode":true,"campfire_choices":[{"floor":1.0,"key":"RECALL"},{"data":"Slimebound:CorrosiveSpit","floor":8.0,"key":"SMITH"},{"data":"Slimebound:Split","floor":18.0,"key":"SMITH"},{"data":"Slimebound:SamplingLick","floor":26.0,"key":"SMITH"},{"data":"Slimebound:Repurpose","floor":30.0,"key":"SMITH"},{"data":"Slimebound:MegaLick","floor":35.0,"key":"SMITH"},{"data":"Slimebound:MassRepurpose","floor":42.0,"key":"SMITH"},{"floor":54.0,"key":"REST"}],"circlet_count":0,"master_deck":["AscendersBane","Slimebound:Strike_Slimebound","Slimebound:Strike_Slimebound+1","Slimebound:Defend_Slimebound","Slimebound:Defend_Slimebound","Slimebound:Defend_Slimebound","Slimebound:Defend_Slimebound","Slimebound:Split+1","Slimebound:CorrosiveSpit+1","Slimebound:SplitLeeching","Slimebound:Recollect","Slimebound:SplitAcid","Slimebound:GoopSpray","Slimebound:SplitBruiser","Slimebound:SamplingLick+1","Slimebound:SlimeSpikes","Slimebound:SplitLeeching","Slimebound:Recycling","Slimebound:Recollect","Slimebound:Repurpose+1","Slimebound:SplitMire","Slimebound:Teamwork","Slimebound:Recollect","Slimebound:GoopSpray","Slimebound:MegaLick+1","Slimebound:Darklings","Slimebound:MassRepurpose+1","Slimebound:PressTheAttack+1","Slimebound:SplitMire","Slimebound:DisruptingSlam+1","expansioncontent:LastStand"],"relics":["Slimebound:AbsorbEndCombat","downfall:HeartBlessingRed","downfall:HeartBlessingBlue","hexamod:BolsterEngine","expansioncontent:StudyCardRelic","downfall:HeartBlessingGreen","Oddly Smooth Stone","Bag of Preparation","CeramicFish","GremlinMask","Busted Crown","Juzu Bracelet","Shovel","Slimebound:SlimedSkullRelic","Incense Burner","Whetstone"],"acts_visited":["Exordium","TheCity","TheBeyond","TheEnding"],"potions_floor_usage":[56],"damage_taken":[{"damage":3.0,"enemies":"Small Slimes","floor":2.0,"turns":6.0},{"damage":0.0,"enemies":"2 Louse","floor":3.0,"turns":3.0},{"damage":0.0,"enemies":"Cultist","floor":4.0,"turns":4.0},{"damage":23.0,"enemies":"Exordium Thugs","floor":5.0,"turns":9.0},{"damage":0.0,"enemies":"Large Slime","floor":6.0,"turns":5.0},{"damage":58.0,"enemies":"Gremlin Nob","floor":9.0,"turns":5.0},{"damage":0.0,"enemies":"downfall:FleeingMerchant","floor":10.0,"turns":4.0},{"damage":8.0,"enemies":"Lots of Slimes","floor":13.0,"turns":3.0},{"damage":0.0,"enemies":"2 Fungi Beasts","floor":14.0,"turns":3.0},{"damage":7.0,"enemies":"Large Slime","floor":15.0,"turns":7.0},{"damage":16.0,"enemies":"DF_ARCHETYPE_STREAMLINE","floor":16.0,"turns":14.0},{"damage":9.0,"enemies":"Shell Parasite","floor":19.0,"turns":5.0},{"damage":1.0,"enemies":"Sentry and Sphere","floor":20.0,"turns":4.0},{"damage":26.0,"enemies":"Shelled Parasite and Fungi","floor":21.0,"turns":5.0},{"damage":0.0,"enemies":"3 Cultists","floor":22.0,"turns":4.0},{"damage":6.0,"enemies":"Slavers","floor":25.0,"turns":4.0},{"damage":0.0,"enemies":"Snecko","floor":27.0,"turns":5.0},{"damage":0.0,"enemies":"downfall:FleeingMerchant","floor":28.0,"turns":4.0},{"damage":21.0,"enemies":"Gremlin Leader","floor":29.0,"turns":8.0},{"damage":0.0,"enemies":"Snake Plant","floor":32.0,"turns":4.0},{"damage":7.0,"enemies":"WA_ARCHETYPE_CALM","floor":33.0,"turns":9.0},{"damage":0.0,"enemies":"3 Darklings","floor":36.0,"turns":2.0},{"damage":0.0,"enemies":"Orb Walker","floor":37.0,"turns":3.0},{"damage":9.0,"enemies":"downfall:FleeingMerchant","floor":38.0,"turns":4.0},{"damage":0.0,"enemies":"Spire Growth","floor":40.0,"turns":4.0},{"damage":7.0,"enemies":"Reptomancer","floor":43.0,"turns":7.0},{"damage":0.0,"enemies":"Jaw Worm Horde","floor":44.0,"turns":2.0},{"damage":0.0,"enemies":"Transient","floor":45.0,"turns":6.0},{"damage":0.0,"enemies":"downfall:FleeingMerchant","floor":46.0,"turns":3.0},{"damage":3.0,"enemies":"4 Shapes","floor":49.0,"turns":4.0},{"damage":6.0,"enemies":"IC_BLOCK_ARCHETYPE","floor":50.0,"turns":9.0},{"damage":51.0,"enemies":"downfall:CharBossMerchant","floor":52.0,"turns":8.0},{"damage":15.0,"enemies":"downfall:NeowBoss","floor":55.0,"turns":19.0},{"damage":43,"enemies":"downfall:NeowBossFinal","floor":56,"turns":8}],"seed_played":"1011749851113440311","potions_obtained":[{"floor":2.0,"key":"Swift Potion"},{"floor":5.0,"key":"Explosive Potion"},{"floor":6.0,"key":"Swift Potion"},{"floor":9.0,"key":"Slimebound:SlimyTonguePotion"},{"floor":12.0,"key":"downfall:CursedFountainPotion"},{"floor":19.0,"key":"SpeedPotion"},{"floor":21.0,"key":"EssenceOfSteel"},{"floor":25.0,"key":"BlessingOfTheForge"},{"floor":29.0,"key":"GamblersBrew"},{"floor":32.0,"key":"Fire Potion"},{"floor":45.0,"key":"GamblersBrew"},{"floor":49.0,"key":"FearPotion"},{"floor":52.0,"key":"PowerPotion"}],"is_trial":false,"path_per_floor":["R","M","M","M","M","M","T","R","E","$","?","?","M","M","M","B",null,"R","M","M","M","M","?","T","E","R","M","$","E","R","?","M","B",null,"R","M","M","$","?","M","T","R","E","M","M","$","?","?","M","B",null,"E","$","R","B","B"],"character_chosen":"SLIMEBOUND","items_purchased":["Slimebound:SlimedSkullRelic","Slimebound:DisruptingSlam","Whetstone"],"campfire_rested":1,"item_purchase_floors":[46,46,53],"current_hp_per_floor":[53,58,58,59,44,52,52,62,12,18,35,35,31,35,32,24,58,58,57,60,42,50,50,50,52,52,54,58,45,45,45,47,48,62,62,66,66,61,61,66,66,66,64,66,66,66,66,66,66,66,66,19,19,38,31,0,0,0],"gold":159,"neow_bonus":"REMOVE_CARD","is_daily":false,"chose_seed":false,"campfire_upgraded":6,"win_rate":0.0,"timestamp":1613103218,"path_taken":["R","M","M","M","M","M","T","R","E","$","?","?","M","?","M","BOSS","R","M","M","M","M","?","T","E","R","M","$","E","R","?","M","BOSS","R","M","M","?","?","?","T","R","E","M","M","$","?","?","M","BOSS","E","$","R","BOSS","BOSS"],"items_purchased_type":["Relic","Card","Relic"],"build_version":"2020-12-22","purchased_purges":1,"victory":false,"max_hp_per_floor":[59,59,59,59,59,59,59,69,69,69,69,69,69,69,69,69,69,69,69,69,69,69,69,69,69,69,69,66,66,66,66,66,66,66,66,66,66,66,66,66,66,66,66,66,66,66,66,66,66,66,66,66,66,66,66,66,66,66],"card_choices":[{"not_picked":["Slimebound:LeadByExample","Slimebound:Schlurp"],"picked":"Slimebound:SplitLeeching","floor":2.0},{"not_picked":["Slimebound:SplitBruiser","Slimebound:MegaLick"],"picked":"Slimebound:Recollect","floor":3.0},{"not_picked":["Slimebound:RollThrough","Slimebound:Prepare","Slimebound:LeechingTouch"],"picked":"SKIP","floor":4.0},{"not_picked":["Slimebound:PressTheAttack","Slimebound:SlimeTap"],"picked":"Slimebound:SplitAcid","floor":5.0},{"not_picked":["Slimebound:SplitBruiser","Slimebound:BestDefense"],"picked":"Slimebound:GoopSpray","floor":6.0},{"not_picked":["Slimebound:ItLooksTasty","Slimebound:WasteNot"],"picked":"Slimebound:SplitBruiser","floor":9.0},{"not_picked":["Slimebound:SplitAcid","Slimebound:SlimeTap"],"picked":"Slimebound:SamplingLick","floor":10.0},{"not_picked":["Slimebound:BestDefense","Slimebound:ForwardTackle"],"picked":"Slimebound:SlimeSpikes","floor":13.0},{"not_picked":["Slimebound:BestDefense","Slimebound:FinishingTackle","Slimebound:Prepare"],"picked":"SKIP","floor":14.0},{"not_picked":["Slimebound:HauntingLick","Slimebound:Prepare"],"picked":"Slimebound:SplitLeeching","floor":15.0},{"not_picked":["Slimebound:FirmFortitude","Slimebound:Overexert"],"picked":"Slimebound:Recycling","floor":16.0},{"not_picked":["Slimebound:PressTheAttack","Slimebound:HauntingLick"],"picked":"Slimebound:Recollect","floor":19.0},{"not_picked":["Slimebound:GoopTackle","Slimebound:Dissolve"],"picked":"Slimebound:Repurpose","floor":20.0},{"not_picked":["Slimebound:ComboTackle","Slimebound:LeechingTouch","Slimebound:LeechEnergy"],"picked":"SKIP","floor":21.0},{"not_picked":["Slimebound:LeechingTouch","Slimebound:SplitBruiser+1"],"picked":"Slimebound:SplitMire","floor":22.0},{"not_picked":["Slimebound:LeechingTouch","Slimebound:Equalize"],"picked":"Slimebound:Teamwork","floor":25.0},{"not_picked":["Slimebound:ComboTackle","Slimebound:RejuvenatingLick"],"picked":"Slimebound:Recollect","floor":27.0},{"not_picked":["Slimebound:HauntingLick","Slimebound:LeechEnergy+1"],"picked":"Slimebound:GoopSpray","floor":28.0},{"not_picked":["Slimebound:SpikyOuterGoop","Slimebound:Prepare"],"picked":"Slimebound:MegaLick","floor":29.0},{"not_picked":["Slimebound:FinishingTackle","Slimebound:Nibble"],"picked":"Slimebound:Darklings","floor":32.0},{"not_picked":["Slimebound:OozeBath","Slimebound:Darklings"],"picked":"Slimebound:MassRepurpose","floor":33.0},{"not_picked":["Slimebound:HauntingLick"],"picked":"SKIP","floor":36.0},{"not_picked":["Slimebound:PressTheAttack+1"],"picked":"SKIP","floor":37.0},{"not_picked":[],"picked":"Slimebound:PressTheAttack+1","floor":37.0},{"not_picked":["Slimebound:DivideAndConquer"],"picked":"SKIP","floor":38.0},{"not_picked":["Slimebound:ViciousTackle"],"picked":"SKIP","floor":40.0},{"not_picked":["Slimebound:Schlurp"],"picked":"SKIP","floor":43.0},{"not_picked":[],"picked":"Slimebound:SplitMire","floor":44.0},{"not_picked":["Slimebound:MegaLick"],"picked":"SKIP","floor":45.0},{"not_picked":["Slimebound:SamplingLick"],"picked":"SKIP","floor":46.0},{"not_picked":["expansioncontent:YouAreMine","expansioncontent:GuardianWhirl"],"picked":"expansioncontent:LastStand","floor":47.0},{"not_picked":["Slimebound:PressTheAttack"],"picked":"SKIP","floor":49.0},{"not_picked":["Slimebound:PressTheAttack"],"picked":"SKIP","floor":52.0}],"player_experience":766990,"relics_obtained":[{"floor":9.0,"key":"hexamod:BolsterEngine"},{"floor":24.0,"key":"Oddly Smooth Stone"},{"floor":25.0,"key":"Bag of Preparation"},{"floor":29.0,"key":"CeramicFish"},{"floor":41.0,"key":"Juzu Bracelet"},{"floor":43.0,"key":"Shovel"},{"floor":52.0,"key":"Incense Burner"}],"event_choices":[{"damage_healed":17.0,"max_hp_gain":0.0,"max_hp_loss":0.0,"gold_gain":0.0,"event_name":"Mushrooms","player_choice":"Healed and dodged fight","floor":11.0,"gold_loss":0.0,"damage_taken":0.0,"cards_obtained":["Parasite"]},{"damage_healed":0.0,"max_hp_gain":0.0,"max_hp_loss":0.0,"gold_gain":0.0,"event_name":"FaceTrader","player_choice":"Trade","floor":31.0,"gold_loss":0.0,"damage_taken":0.0,"relics_obtained":["GremlinMask"]},{"cards_removed":["Slimebound:Strike_Slimebound"],"damage_healed":0.0,"max_hp_gain":0.0,"max_hp_loss":0.0,"gold_gain":0.0,"event_name":"Falling","player_choice":"Removed Attack","floor":48.0,"gold_loss":0.0,"damage_taken":0.0}],"is_beta":false,"boss_relics":[{"not_picked":["Cursed Key","Astrolabe"],"picked":"expansioncontent:StudyCardRelic"},{"not_picked":["Fusion Hammer","Black Star"],"picked":"Busted Crown"}],"items_purged_floors":[28],"is_endless":false,"potions_floor_spawned":[2,5,6,9,14,19,21,25,29,32,33,36,45,49,52],"killed_by":"downfall:NeowBossFinal","ascension_level":19}}