{"host":"Bilverbakes","time":1613166890,"event":{"mods":["2.2 Compatiblity","AchievementEnabler","BaseMod","Bestiary","Colored Map","Minty Spire (QoL Compilation)","Relic Stats","StSLib","ojb\u0027s Info Mod"],"gold_per_floor":[219,237,249,24,34,64,64,93,120,136,136,169,169,185,185,256,256,268,188,188,207,226,258,258,289,313,332,365,198,198,227,227,305,305,323,377,387,406,406,406,440,456,480,497,1,1,1,26,26,26,26,26,26,5,40,40],"floor_reached":57,"language":"ENG","playtime":4888,"items_purged":["Strike_G"],"score":3395,"play_id":"f894dda1-9aad-434b-8892-3d0d2707bed2","local_time":"20210212155450","is_ascension_mode":true,"campfire_choices":[{"data":"Glass Knife","floor":7.0,"key":"SMITH"},{"data":"Finisher","floor":13.0,"key":"SMITH"},{"data":"Terror","floor":15.0,"key":"SMITH"},{"floor":24.0,"key":"RECALL"},{"floor":30.0,"key":"DIG"},{"floor":32.0,"key":"DIG"},{"floor":40.0,"key":"DIG"},{"floor":46.0,"key":"DIG"},{"floor":49.0,"key":"DIG"},{"floor":53,"key":"DIG"}],"circlet_count":0,"master_deck":["AscendersBane","Strike_G+1","Strike_G+1","Strike_G+1","Strike_G+1","Defend_G+1","Defend_G+1","Defend_G+1","Defend_G+1","Defend_G+1","Survivor","Neutralize","Blade Dance","Blade Dance","Dagger Spray","Glass Knife+1","Finisher+1","Prepared+1","Reflex","Terror+1","Storm of Steel+1","Footwork","Backstab","Flying Knee+1","Blade Dance+1","Finisher","Reflex","PiercingWail+1","Bandage Up","Flash of Steel","Calculated Gamble+1","Infinite Blades+1","Endless Agony","Accuracy"],"relics":["Ring of the Snake","Anchor","Snake Skull","Ancient Tea Set","Dream Catcher","Dead Branch","Fusion Hammer","TungstenRod","Shovel","Strawberry","Vajra","Membership Card","The Courier","Singing Bowl","War Paint","WristBlade","StoneCalendar","Blue Candle","Nunchaku","Bottled Flame","Ninja Scroll","Pear","Bag of Marbles","Ornamental Fan","Lantern","Smiling Mask","Gremlin Horn","Mummified Hand"],"acts_visited":["Exordium","TheCity","TheBeyond","TheEnding"],"potions_floor_usage":[51,56,56],"damage_taken":[{"damage":4.0,"enemies":"Cultist","floor":1.0,"turns":6.0},{"damage":4.0,"enemies":"Small Slimes","floor":2.0,"turns":4.0},{"damage":0.0,"enemies":"2 Louse","floor":3.0,"turns":4.0},{"damage":0.0,"enemies":"Large Slime","floor":5.0,"turns":4.0},{"damage":0.0,"enemies":"Gremlin Nob","floor":6.0,"turns":1.0},{"damage":0.0,"enemies":"Lagavulin","floor":8.0,"turns":2.0},{"damage":0.0,"enemies":"2 Fungi Beasts","floor":10.0,"turns":2.0},{"damage":12.0,"enemies":"3 Sentries","floor":12.0,"turns":7.0},{"damage":0.0,"enemies":"Exordium Wildlife","floor":14.0,"turns":1.0},{"damage":26.0,"enemies":"The Guardian","floor":16.0,"turns":8.0},{"damage":0.0,"enemies":"2 Thieves","floor":18.0,"turns":2.0},{"damage":0.0,"enemies":"Spheric Guardian","floor":21.0,"turns":3.0},{"damage":0.0,"enemies":"Centurion and Healer","floor":22.0,"turns":3.0},{"damage":4.0,"enemies":"Book of Stabbing","floor":23.0,"turns":2.0},{"damage":0.0,"enemies":"Slavers","floor":25.0,"turns":4.0},{"damage":0.0,"enemies":"Chosen and Byrds","floor":27.0,"turns":3.0},{"damage":0.0,"enemies":"Book of Stabbing","floor":28.0,"turns":2.0},{"damage":0.0,"enemies":"Gremlin Leader","floor":31.0,"turns":1.0},{"damage":14.0,"enemies":"Collector","floor":33.0,"turns":3.0},{"damage":0.0,"enemies":"3 Darklings","floor":35.0,"turns":2.0},{"damage":0.0,"enemies":"2 Orb Walkers","floor":36.0,"turns":2.0},{"damage":0.0,"enemies":"3 Shapes","floor":37.0,"turns":7.0},{"damage":0.0,"enemies":"Spire Growth","floor":38.0,"turns":2.0},{"damage":20.0,"enemies":"Nemesis","floor":41.0,"turns":5.0},{"damage":1.0,"enemies":"Writhing Mass","floor":42.0,"turns":6.0},{"damage":0.0,"enemies":"Transient","floor":44.0,"turns":6.0},{"damage":0.0,"enemies":"Giant Head","floor":48.0,"turns":1.0},{"damage":0,"enemies":"Awakened One","floor":50,"turns":2},{"damage":0,"enemies":"Time Eater","floor":51,"turns":1},{"damage":0,"enemies":"Shield and Spear","floor":55,"turns":3},{"damage":91,"enemies":"The Heart","floor":56,"turns":6}],"seed_played":"9154071708449955554","potions_obtained":[{"floor":3.0,"key":"SteroidPotion"},{"floor":5.0,"key":"GamblersBrew"},{"floor":6.0,"key":"CunningPotion"},{"floor":12.0,"key":"BlessingOfTheForge"},{"floor":14.0,"key":"Swift Potion"},{"floor":21.0,"key":"Strength Potion"},{"floor":22.0,"key":"SteroidPotion"},{"floor":25.0,"key":"Ancient Potion"},{"floor":31.0,"key":"DuplicationPotion"},{"floor":38.0,"key":"EntropicBrew"},{"floor":41.0,"key":"BlessingOfTheForge"}],"is_trial":false,"path_per_floor":["M","M","M","$","M","E","R","E","T","M","?","E","R","M","R","B",null,"M","$","?","M","M","E","R","E","T","M","E","$","R","E","R","B",null,"M","?","M","M","?","R","E","M","T","M","$","R","$","E","R","B","B",null,"R","$","E","B",null],"character_chosen":"THE_SILENT","items_purchased":["Glass Knife","Finisher","Backstab","Membership Card","Bottled Flame","Ninja Scroll","Pear","Bag of Marbles","Ornamental Fan","Endless Agony","Swift Potion"],"campfire_rested":0,"item_purchase_floors":[4,4,19,29,45,45,45,45,45,45,54],"current_hp_per_floor":[55,51,51,51,51,51,51,51,51,51,51,39,39,39,39,13,53,53,53,53,53,53,49,49,49,56,56,56,56,56,58,58,46,69,71,73,75,75,68,68,56,59,59,65,75,75,75,77,77,81,81,95,95,95,99,12],"gold":40,"neow_bonus":"HUNDRED_GOLD","is_daily":false,"chose_seed":false,"campfire_upgraded":3,"win_rate":0.0,"timestamp":1613166890,"path_taken":["M","M","?","$","M","E","R","E","T","?","?","E","R","M","R","BOSS","M","?","?","M","M","E","R","E","T","M","E","$","R","E","R","BOSS","M","?","M","M","?","R","E","M","T","M","$","R","?","E","R","BOSS","BOSS","R","$","E","BOSS"],"items_purchased_type":["Card","Card","Card","Relic","Relic","Relic","Relic","Relic","Relic","Card","Potion"],"build_version":"2020-12-18","purchased_purges":1,"victory":true,"max_hp_per_floor":[66,66,66,66,66,66,66,66,66,66,66,66,66,66,66,66,66,66,66,66,66,66,66,66,66,73,73,73,73,73,75,75,77,77,79,81,83,83,85,85,85,85,85,87,97,97,97,99,99,99,99,99,99,99,99,99],"relic_stats":{"Singing Bowl":16,"Gremlin Horn":[4,4],"counters":[31,105],"Dead Branch":[300],"Blue Candle":[3],"StoneCalendar":[18],"Snake Skull":[29],"War Paint":["Storm of Steel","Prepared"],"Smiling Mask":0,"Dream Catcher":0,"Nunchaku":[17],"Shovel":6,"Ornamental Fan":[140],"Mummified Hand":[7],"obtain_stats":[{"Lantern":46,"Singing Bowl":31,"Gremlin Horn":49,"Vajra":28,"StoneCalendar":36,"Snake Skull":8,"Ancient Tea Set":9,"Smiling Mask":48,"Dream Catcher":11,"Nunchaku":41,"Shovel":25,"WristBlade":34,"Ninja Scroll":45,"Mummified Hand":55,"Strawberry":26,"Fusion Hammer":17,"Ring of the Snake":0,"Pear":45,"Dead Branch":12,"Blue Candle":40,"The Courier":30,"War Paint":32,"Anchor":6,"Bottled Flame":45,"Ornamental Fan":45,"Bag of Marbles":45,"Membership Card":29,"TungstenRod":23},{"Lantern":26,"Singing Bowl":18,"Gremlin Horn":27,"Vajra":17,"StoneCalendar":21,"Snake Skull":6,"Ancient Tea Set":6,"Smiling Mask":27,"Dream Catcher":7,"Nunchaku":24,"Shovel":15,"WristBlade":19,"Ninja Scroll":26,"Mummified Hand":30,"Strawberry":15,"Fusion Hammer":10,"Ring of the Snake":0,"Pear":26,"Dead Branch":8,"Blue Candle":23,"The Courier":17,"War Paint":18,"Anchor":5,"Bottled Flame":26,"Ornamental Fan":26,"Bag of Marbles":26,"Membership Card":17,"TungstenRod":14},{"Lantern":92,"Singing Bowl":59,"Gremlin Horn":93,"Vajra":58,"StoneCalendar":66,"Snake Skull":21,"Ancient Tea Set":21,"Smiling Mask":93,"Dream Catcher":23,"Nunchaku":80,"Shovel":53,"WristBlade":62,"Ninja Scroll":92,"Mummified Hand":99,"Strawberry":53,"Fusion Hammer":39,"Ring of the Snake":0,"Pear":92,"Dead Branch":30,"Blue Candle":75,"The Courier":58,"War Paint":59,"Anchor":19,"Bottled Flame":92,"Ornamental Fan":92,"Bag of Marbles":92,"Membership Card":58,"TungstenRod":49}],"TungstenRod":50,"Ring of the Snake":[62]},"card_choices":[{"not_picked":["Cloak And Dagger","Underhanded Strike"],"picked":"Blade Dance","floor":1.0},{"not_picked":["Outmaneuver","Sucker Punch"],"picked":"Blade Dance","floor":2.0},{"not_picked":["Deadly Poison","Cloak And Dagger"],"picked":"Dagger Spray","floor":3.0},{"not_picked":["Noxious Fumes","Corpse Explosion","Catalyst"],"picked":"SKIP","floor":5.0},{"not_picked":["Deadly Poison","Distraction"],"picked":"Prepared","floor":6.0},{"not_picked":["Sucker Punch","Acrobatics"],"picked":"Reflex","floor":8.0},{"not_picked":["Finisher","Acrobatics"],"picked":"Terror","floor":10.0},{"not_picked":["Noxious Fumes","Well Laid Plans","Riddle With Holes"],"picked":"SKIP","floor":12.0},{"not_picked":["Deflect","All Out Attack","Outmaneuver"],"picked":"SKIP","floor":14.0},{"not_picked":["Night Terror","Glass Knife"],"picked":"Storm of Steel","floor":16.0},{"not_picked":["Quick Slash","Escape Plan"],"picked":"Footwork","floor":18.0},{"not_picked":["PiercingWail","Predator","Crippling Poison"],"picked":"SKIP","floor":21.0},{"not_picked":["Cloak And Dagger","Flying Knee","Bouncing Flask"],"picked":"SKIP","floor":22.0},{"not_picked":["Bane","Terror"],"picked":"Flying Knee+1","floor":23.0},{"not_picked":["Slice","Deadly Poison"],"picked":"Blade Dance+1","floor":25.0},{"not_picked":["Underhanded Strike","Outmaneuver"],"picked":"Finisher","floor":27.0},{"not_picked":["Slice","Blade Dance"],"picked":"Reflex","floor":28.0},{"not_picked":["Backflip","Heel Hook","Terror"],"picked":"Singing Bowl","floor":31.0},{"not_picked":["Glass Knife","Die Die Die","Grand Finale"],"picked":"Singing Bowl","floor":33.0},{"not_picked":["Sucker Punch","Escape Plan","Bane"],"picked":"Singing Bowl","floor":35.0},{"not_picked":["Flechettes","Quick Slash","Distraction"],"picked":"Singing Bowl","floor":36.0},{"not_picked":["All Out Attack","Crippling Poison","Acrobatics"],"picked":"Singing Bowl","floor":37.0},{"not_picked":["Caltrops+1","Masterful Stab"],"picked":"PiercingWail+1","floor":38.0},{"not_picked":["Discovery","HandOfGreed"],"picked":"Bandage Up","floor":39.0},{"not_picked":["Swift Strike","Mayhem"],"picked":"Flash of Steel","floor":39.0},{"not_picked":["Metamorphosis","Sadistic Nature","PanicButton"],"picked":"Singing Bowl","floor":39.0},{"not_picked":["Prepared+1","Deflect"],"picked":"Calculated Gamble+1","floor":41.0},{"not_picked":["Sucker Punch+1","Tactician+1"],"picked":"Infinite Blades+1","floor":42.0},{"not_picked":["Skewer","Poisoned Stab+1","Sucker Punch+1"],"picked":"Singing Bowl","floor":44.0},{"not_picked":["A Thousand Cuts","Footwork","Crippling Poison"],"picked":"Singing Bowl","floor":48.0},{"not_picked":["Crippling Poison","Outmaneuver"],"picked":"Accuracy","floor":55}],"player_experience":943012,"relics_obtained":[{"floor":6.0,"key":"Anchor"},{"floor":8.0,"key":"Snake Skull"},{"floor":9.0,"key":"Ancient Tea Set"},{"floor":12.0,"key":"Dead Branch"},{"floor":23.0,"key":"TungstenRod"},{"floor":25.0,"key":"Shovel"},{"floor":26.0,"key":"Strawberry"},{"floor":28.0,"key":"Vajra"},{"floor":30.0,"key":"The Courier"},{"floor":31.0,"key":"Singing Bowl"},{"floor":32.0,"key":"War Paint"},{"floor":36.0,"key":"StoneCalendar"},{"floor":40.0,"key":"Blue Candle"},{"floor":41.0,"key":"Nunchaku"},{"floor":46.0,"key":"Lantern"},{"floor":48.0,"key":"Smiling Mask"},{"floor":49.0,"key":"Gremlin Horn"},{"floor":55,"key":"Mummified Hand"}],"event_choices":[{"damage_healed":0.0,"max_hp_gain":0.0,"max_hp_loss":0.0,"gold_gain":0.0,"event_name":"WeMeetAgain","player_choice":"Gave Potion","floor":11.0,"gold_loss":0.0,"damage_taken":0.0,"relics_obtained":["Dream Catcher"]},{"damage_healed":0.0,"max_hp_gain":0.0,"max_hp_loss":0.0,"gold_gain":0.0,"event_name":"Back to Basics","player_choice":"Simplicity","floor":20.0,"gold_loss":0.0,"damage_taken":0.0,"cards_upgraded":["Strike_G","Strike_G","Strike_G","Strike_G","Defend_G","Defend_G","Defend_G","Defend_G","Defend_G"]},{"damage_healed":0.0,"max_hp_gain":0.0,"max_hp_loss":0.0,"gold_gain":0.0,"event_name":"Mysterious Sphere","player_choice":"Fight","floor":36.0,"gold_loss":0.0,"damage_taken":0.0},{"damage_healed":0.0,"max_hp_gain":0.0,"max_hp_loss":0.0,"gold_gain":0.0,"event_name":"SensoryStone","player_choice":"Memory 3","floor":39.0,"gold_loss":0.0,"damage_taken":10.0}],"is_beta":true,"boss_relics":[{"not_picked":["SacredBark","Sozu"],"picked":"Fusion Hammer"},{"not_picked":["Astrolabe","Busted Crown"],"picked":"WristBlade"}],"items_purged_floors":[4],"is_endless":false,"potions_floor_spawned":[3,5,6,12,14,16,21,22,25,31,38,41,42,48],"ascension_level":20}}