{"host":"7u8vekii4cye2mt9","time":1613165449,"event":{"mods":["BaseMod","Better Altar","Better Note","Better Sensory Stone","Better Skull","Downfall","Hermit","Minty Spire (QoL Compilation)","Shop Mod","StSLib","The Animator","The Servant 0.9.4","Transform Curses"],"gold_per_floor":[99,119,130,130,147,173,173,189,208,208,241,141,157,67,79,182,182,82,98,118,118,131,131,131,131,131,148,176,196,96,126,138,234,234,234,248,248,77,88,103,103,103,103,11,38,51,63,74,92,92,92,120,20,20,20,20,20,20],"floor_reached":56,"language":"POL","playtime":4474,"items_purged":["Slimebound:Strike_Slimebound","Slimebound:Strike_Slimebound"],"score":785,"play_id":"6fb56e0a-ddb9-4fb3-adfa-fe32d1f99501","local_time":"20210212223049","is_ascension_mode":false,"campfire_choices":[{"data":"Slimebound:Split","floor":1,"key":"SMITH"},{"data":"Slimebound:Grow","floor":10,"key":"SMITH"},{"floor":12,"key":"RECALL"},{"data":"Slimebound:FinishingTackle","floor":18,"key":"SMITH"},{"data":"Slimebound:Gluttony","floor":30,"key":"SMITH"},{"data":"Slimebound:OozeBath","floor":35,"key":"SMITH"},{"data":"Slimebound:TongueLash","floor":43,"key":"SMITH"},{"floor":54,"key":"REST"}],"circlet_count":0,"master_deck":["Slimebound:Tackle","Slimebound:Defend_Slimebound","Slimebound:Defend_Slimebound","Slimebound:Defend_Slimebound","Slimebound:Defend_Slimebound","Slimebound:Split+1","Slimebound:CorrosiveSpit","Slimebound:FinishingTackle+1","Slimebound:Equalize","Slimebound:GoopSpray","Slimebound:Grow+1","Slimebound:Dissolve","Slimebound:GoopSpray","Slimebound:ItLooksTasty","Slimebound:RollThrough+1","Slimebound:GoopTackle","Mind Blast+1","Thinking Ahead","Flash of Steel","Slimebound:Gluttony+1","Slimebound:GoopSpray","Slimebound:ComboTackle+1","Slimebound:OozeBath+1","Slimebound:DisruptingSlam+1","Slimebound:TongueLash+1","Slimebound:LeadByExample","Sadistic Nature","Slimebound:LeadByExample","Slimebound:RejuvenatingLick","Slimebound:RallyTheTroops","Slimebound:Schlurp","Slimebound:LivingWall+1"],"relics":["Slimebound:AbsorbEndCombat","Shuriken","Lantern","Bird Faced Urn","downfall:HeartBlessingGreen","Sozu","downfall:HeartBlessingRed","Letter Opener","Bottled Lightning","downfall:HeartBlessingBlue","Dead Branch","Black Star","Toolbox","Incense Burner","Kunai","Omamori","White Beast Statue","Strawberry","Vajra"],"acts_visited":["Exordium","TheCity","TheBeyond","TheEnding"],"potions_floor_usage":[13,50,50,50],"damage_taken":[{"damage":4,"enemies":"Small Slimes","floor":2,"turns":5},{"damage":9,"enemies":"Cultist","floor":3,"turns":3},{"damage":3,"enemies":"Jaw Worm","floor":5,"turns":4},{"damage":26,"enemies":"Gremlin Nob","floor":6,"turns":4},{"damage":4,"enemies":"Exordium Wildlife","floor":8,"turns":5},{"damage":6,"enemies":"Large Slime","floor":9,"turns":7},{"damage":7,"enemies":"Lagavulin","floor":11,"turns":7},{"damage":11,"enemies":"Blue Slaver","floor":13,"turns":4},{"damage":0,"enemies":"downfall:FleeingMerchant","floor":14,"turns":4},{"damage":3,"enemies":"3 Louse","floor":15,"turns":3},{"damage":12,"enemies":"IC_STATUS_ARCHETYPE","floor":16,"turns":7},{"damage":0,"enemies":"Spheric Guardian","floor":19,"turns":3},{"damage":8,"enemies":"Sentry and Sphere","floor":20,"turns":5},{"damage":15,"enemies":"Shelled Parasite and Fungi","floor":22,"turns":5},{"damage":17,"enemies":"Cultist and Chosen","floor":27,"turns":4},{"damage":18,"enemies":"Gremlin Leader","floor":28,"turns":5},{"damage":0,"enemies":"Snake Plant","floor":29,"turns":3},{"damage":24,"enemies":"Book of Stabbing","floor":31,"turns":4},{"damage":0,"enemies":"Shelled Parasite and Fungi","floor":32,"turns":2},{"damage":54,"enemies":"DF_ARCHETYPE_CLAW","floor":33,"turns":7},{"damage":0,"enemies":"3 Shapes","floor":36,"turns":2},{"damage":3,"enemies":"downfall:FleeingMerchant","floor":38,"turns":4},{"damage":0,"enemies":"Orb Walker","floor":39,"turns":2},{"damage":19,"enemies":"Maw","floor":40,"turns":5},{"damage":0,"enemies":"downfall:FleeingMerchant","floor":44,"turns":3},{"damage":13,"enemies":"Nemesis","floor":45,"turns":5},{"damage":7,"enemies":"Writhing Mass","floor":46,"turns":4},{"damage":5,"enemies":"Transient","floor":47,"turns":5},{"damage":0,"enemies":"Sphere and 2 Shapes","floor":48,"turns":3},{"damage":7,"enemies":"4 Shapes","floor":49,"turns":2},{"damage":55,"enemies":"WA_ARCHETYPE_DIVINITY","floor":50,"turns":5},{"damage":68,"enemies":"downfall:CharBossMerchant","floor":52,"turns":8},{"damage":5,"enemies":"downfall:NeowBoss","floor":55,"turns":15},{"damage":139,"enemies":"downfall:NeowBossFinal","floor":56,"turns":8}],"seed_played":"-3013273038658592753","potions_obtained":[{"floor":4,"key":"sneckomod:MuddlingPotion"},{"floor":4,"key":"Slimebound:ThreeZeroPotion"},{"floor":4,"key":"Strength Potion"},{"floor":13,"key":"Fruit Juice"},{"floor":15,"key":"hexamod:SoulburnPotion"}],"is_trial":false,"path_per_floor":["R","M","M","?","M","E","T","M","M","R","E","R","M","$","M","B",null,"R","M","M","?","M","?","T","?","T","M","E","M","R","E","M","B",null,"R","M","?","?","M","M","T","?","R","$","E","M","M","M","M","B",null,"E","$","R","B","B"],"character_chosen":"SLIMEBOUND","items_purchased":["Toolbox","Kunai","Sadistic Nature"],"campfire_rested":1,"item_purchase_floors":[38,44,44],"current_hp_per_floor":[71,71,66,66,71,51,51,63,69,69,71,71,67,76,76,68,76,76,76,75,75,70,70,70,70,70,71,66,74,84,80,86,47,86,86,86,86,85,86,74,74,74,74,86,86,86,81,86,83,35,86,34,34,61,90,0,0,0],"gold":20,"neow_bonus":"TEN_PERCENT_HP_BONUS","is_daily":false,"chose_seed":false,"campfire_upgraded":6,"win_rate":0.0,"timestamp":1613165449,"path_taken":["R","M","M","?","M","E","T","M","?","R","E","R","M","$","M","BOSS","R","M","M","?","?","?","T","?","?","M","E","?","R","E","M","BOSS","R","M","?","?","M","M","T","?","R","$","E","M","M","M","M","BOSS","E","$","R","BOSS","BOSS"],"items_purchased_type":["Relic","Relic","Card"],"build_version":"2020-12-22","purchased_purges":2,"victory":false,"max_hp_per_floor":[71,71,71,71,71,71,71,71,71,71,71,71,76,76,76,76,76,76,76,76,76,76,76,76,76,76,76,76,76,86,86,86,86,86,86,86,86,86,86,86,86,86,86,86,86,86,86,86,86,86,86,93,93,93,93,93,93,93],"card_choices":[{"not_picked":["Slimebound:Prepare","Slimebound:SpikyOuterGoop"],"picked":"Slimebound:FinishingTackle","floor":2},{"not_picked":["Slimebound:SlimeBrawl","Slimebound:Prepare"],"picked":"Slimebound:Equalize","floor":3},{"not_picked":["Slimebound:Equalize","Slimebound:PressTheAttack","Slimebound:Chomp"],"picked":"SKIP","floor":5},{"not_picked":["Slimebound:Prepare","Slimebound:SamplingLick"],"picked":"Slimebound:GoopSpray","floor":6},{"not_picked":["Slimebound:ForwardTackle","Slimebound:Prepare","Slimebound:SlimeBrawl"],"picked":"SKIP","floor":8},{"not_picked":["Slimebound:GoopTackle","Slimebound:RejuvenatingLick"],"picked":"Slimebound:Grow","floor":9},{"not_picked":["Slimebound:FinishingTackle","Slimebound:SplitMire"],"picked":"Slimebound:Dissolve","floor":11},{"not_picked":["Slimebound:PrepareCrush","Slimebound:SamplingLick"],"picked":"Slimebound:GoopSpray","floor":13},{"not_picked":["Slimebound:SlimeSpikes","Slimebound:FinishingTackle"],"picked":"Slimebound:ItLooksTasty","floor":14},{"not_picked":["Slimebound:ComboTackle","Slimebound:PressTheAttack","Slimebound:SpikyOuterGoop"],"picked":"SKIP","floor":15},{"not_picked":["Slimebound:SplitLeeching","Slimebound:Prepare"],"picked":"Slimebound:RollThrough+1","floor":19},{"not_picked":["Slimebound:FlameTackle","Slimebound:SplitBruiser+1"],"picked":"Slimebound:GoopTackle","floor":20},{"not_picked":["Slimebound:PressTheAttack","Slimebound:ViciousTackle+1"],"picked":"Slimebound:GrowthPunch","floor":22},{"not_picked":["Madness","Magnetism"],"picked":"Thinking Ahead","floor":25},{"not_picked":["Transmutation","Impatience"],"picked":"Flash of Steel","floor":25},{"not_picked":["Slimebound:GoopTackle+1","Slimebound:LeechingTouch+1","Slimebound:SplitAcid"],"picked":"SKIP","floor":27},{"not_picked":["Slimebound:SplitMire+1","Slimebound:SplitLeeching"],"picked":"Slimebound:Gluttony","floor":28},{"not_picked":["Slimebound:GrowthPunch","Slimebound:HauntingLick"],"picked":"Slimebound:GoopSpray","floor":29},{"not_picked":["Slimebound:GoopTackle+1","Slimebound:PrepareCrush","Slimebound:SplitLeeching"],"picked":"SKIP","floor":31},{"not_picked":["Slimebound:FormOfPuddle","Slimebound:LivingWall"],"picked":"Slimebound:ComboTackle+1","floor":32},{"not_picked":["Slimebound:WasteNot","Slimebound:Overexert"],"picked":"Slimebound:OozeBath","floor":33},{"not_picked":["Slimebound:GoopTackle+1","Slimebound:SplitMire"],"picked":"Slimebound:DisruptingSlam+1","floor":36},{"not_picked":["Slimebound:Dissolve+1","Slimebound:LeechingTouch+1"],"picked":"Slimebound:TongueLash","floor":38},{"not_picked":["Slimebound:BestDefense+1","Slimebound:FinishingTackle","Slimebound:LivingWall"],"picked":"SKIP","floor":39},{"not_picked":["Slimebound:ViciousTackle","Slimebound:SplitMire+1","Slimebound:ComboTackle+1"],"picked":"SKIP","floor":40},{"not_picked":["Slimebound:Schlurp","Slimebound:SplitMire+1"],"picked":"Slimebound:LeadByExample","floor":44},{"not_picked":["Slimebound:Nibble","Slimebound:GoopSpray"],"picked":"Slimebound:LeadByExample","floor":45},{"not_picked":["Slimebound:LevelUp+1","Slimebound:PressTheAttack"],"picked":"Slimebound:RejuvenatingLick","floor":46},{"not_picked":["Slimebound:SlimeSpikes","Slimebound:GoopSpray"],"picked":"Slimebound:RallyTheTroops","floor":47},{"not_picked":["Slimebound:SplitMire","Slimebound:SplitAcid+1","Slimebound:GrowthPunch+1"],"picked":"SKIP","floor":48},{"not_picked":["Slimebound:GrowthPunch","Slimebound:SplitBruiser"],"picked":"Slimebound:Schlurp","floor":49},{"not_picked":["Slimebound:SlimeTap+1","Slimebound:ViciousTackle"],"picked":"Slimebound:LivingWall+1","floor":52}],"player_experience":512318,"relics_obtained":[{"floor":6,"key":"Shuriken"},{"floor":7,"key":"Lantern"},{"floor":11,"key":"Bird Faced Urn"},{"floor":26,"key":"Letter Opener"},{"floor":28,"key":"Bottled Lightning"},{"floor":31,"key":"Dead Branch"},{"floor":41,"key":"Incense Burner"},{"floor":45,"key":"Omamori"},{"floor":45,"key":"White Beast Statue"},{"floor":52,"key":"Strawberry"},{"floor":52,"key":"Vajra"}],"event_choices":[{"damage_healed":0,"gold_gain":0,"player_choice":"Got Potions","damage_taken":0,"max_hp_gain":0,"max_hp_loss":0,"event_name":"Lab","floor":4,"gold_loss":0},{"cards_removed":["Slimebound:GoopSpray"],"damage_healed":0,"gold_gain":0,"player_choice":"Take \u0026 Give","damage_taken":0,"max_hp_gain":0,"max_hp_loss":0,"event_name":"betterNote:BetterNote","floor":21,"gold_loss":0,"cards_obtained":["Mind Blast"]},{"damage_healed":0,"gold_gain":2,"player_choice":"1","damage_taken":0,"max_hp_gain":0,"max_hp_loss":0,"event_name":"betterStone:BetterStone","floor":25,"gold_loss":0},{"cards_removed":["Slimebound:GrowthPunch"],"damage_healed":0,"gold_gain":0,"player_choice":"Removed Attack","damage_taken":0,"max_hp_gain":0,"max_hp_loss":0,"event_name":"Falling","floor":37,"gold_loss":0}],"is_beta":false,"boss_relics":[{"not_picked":["Empty Cage","Cursed Key"],"picked":"Sozu"},{"not_picked":["Tiny House","Coffee Dripper"],"picked":"Black Star"}],"items_purged_floors":[14,53],"is_endless":false,"potions_floor_spawned":[8,9,11,13,15,19,22,28,32,40,46,47,48,49,52],"killed_by":"downfall:NeowBossFinal","ascension_level":0}}