{"host":"n2havra2dgtcizuw","time":1613115565,"event":{"mods":["100% Spire Juice","ATMod(阿瑾Mod)","Bard","BaseMod","Downfall","Marisa（F雨　魔理沙）","Minty Spire (QoL Compilation)","Permanent Neow","Reliquary","Remilia（蕾米莉亚）","Replay The Spire","RumiaBox-露米娅的神秘盒子","StSLib","TestMod","The Alterego","The Animator","The Servant 0.9.4","[IsaacMod]以撒尖塔"],"gold_per_floor":[117,181,281,281,292,324,424,450,450,480,541,50,50,141,141,318,318,354,129,153,153,203,203,262,324,324,366,366,519,610,665,665,892,892,987,987,1165,1310,586,711,711,767,790,832,873,986,986,495,495,520],"floor_reached":51,"language":"ZHS","playtime":4652,"items_purged":["Amnesia","Voices","Crescendo"],"score":1174,"play_id":"3644516c-bdb9-4382-9797-a60e698e5462","local_time":"20210212153925","is_ascension_mode":true,"campfire_choices":[{"data":"AT_EssenceShift","floor":13,"key":"SMITH"},{"data":"DoctorFetus","floor":15,"key":"SMITH"},{"data":"Ragnarok","floor":23,"key":"SMITH"},{"data":"CarveReality","floor":28,"key":"SMITH"},{"data":"AT_OneInchPunch","floor":32,"key":"SMITH"},{"data":"Blasphemy","floor":41,"key":"SMITH"},{"data":"Indignation","floor":47,"key":"SMITH"},{"data":"CrushJoints","floor":49,"key":"SMITH"}],"circlet_count":0,"master_deck":["Defend_P","Defend_P","Defend_P","Eruption","Vigilance","DoctorFetus+1","AT_EssenceShift+1","Ragnarok+1","Weave+1","CarveReality+1","SashWhip","Replay:AllIn","BowlingBash","DeusExMachina","DevaForm","Consecrate","Sanctity","testmod-Provocation","FlurryOfBlows","LessonLearned","SandsOfTime","MasterReality","AT_OneInchPunch+1","CarveReality+1","CarveReality+1","FlurryOfBlows+1","Indignation+1","AT_OneInchPunch+1","Adaptation","Weave+1","AT_ChampionKick","WindmillStrike","Wallop","Replay:Vibes+1","AT_EssenceShift+1","Flash of Steel","Establishment","Blasphemy+1","FlyingSleeves+1","AT_IrregularMenstruation","CrushJoints+1","ReplayTheSpireMod:Doomed","FlyingSleeves+1","BowlingBash+1","Replay:BluntJabs","Replay:BluntJabs"],"relics":["PureWater","testmod-TestBox","HushsDoor","AT_ATBox","Orichalcum","testmod-D_4","PunchingBag","Chameleon Ring","AT_EbonyIvory","Dead Branch","AT_GreenNoBalance","AT_MibuBalloonWealth","Lantern","Pantograph","Coffee Dripper","Pen Nib","Shuriken","reliquary:Knoch","Question Card","Baka2","Kintsugi","CatCart","AntiCross","DollysMirror","AnarchistCookbook","Happy Flower","Dream Catcher","testmod-Alchemist"],"acts_visited":["Exordium","TheCity","TheBeyond"],"potions_floor_usage":[8,11,37,42],"damage_taken":[{"damage":2,"enemies":"Jaw Worm","floor":1,"turns":4},{"damage":18,"enemies":"2 Louse","floor":5,"turns":3},{"damage":0,"enemies":"Replay:BlueRogue","floor":6,"turns":3},{"damage":2,"enemies":"3 Sentries","floor":8,"turns":3},{"damage":0,"enemies":"Gremlin Nob","floor":10,"turns":1},{"damage":1,"enemies":"Small Slimes","floor":11,"turns":2},{"damage":0,"enemies":"3 Louse","floor":14,"turns":1},{"damage":0,"enemies":"Slime Boss","floor":16,"turns":4},{"damage":0,"enemies":"Shell Parasite","floor":18,"turns":2},{"damage":0,"enemies":"Chosen","floor":20,"turns":2},{"damage":14,"enemies":"Book of Stabbing","floor":24,"turns":3},{"damage":0,"enemies":"Centurion and Healer","floor":25,"turns":2},{"damage":0,"enemies":"Snecko","floor":27,"turns":3},{"damage":16,"enemies":"Gremlin Leader","floor":29,"turns":5},{"damage":1,"enemies":"3 Cultists","floor":30,"turns":4},{"damage":0,"enemies":"Replay:Snechameleon","floor":31,"turns":3},{"damage":5,"enemies":"Collector","floor":33,"turns":4},{"damage":48,"enemies":"3 Shapes","floor":35,"turns":2},{"damage":0,"enemies":"Orin","floor":37,"turns":5},{"damage":6,"enemies":"3 Darklings","floor":38,"turns":1},{"damage":0,"enemies":"Reptomancer","floor":40,"turns":3},{"damage":38,"enemies":"R_Hoarder","floor":42,"turns":5},{"damage":2,"enemies":"Writhing Mass","floor":44,"turns":1},{"damage":1,"enemies":"Maw","floor":45,"turns":3},{"damage":10,"enemies":"4 Shapes","floor":46,"turns":2},{"damage":61,"enemies":"Time Eater","floor":50,"turns":4}],"seed_played":"-1932150806619970866","potions_obtained":[{"floor":2,"key":"Milkshake"},{"floor":6,"key":"Energy Potion"},{"floor":8,"key":"StancePotion"},{"floor":10,"key":"SteroidPotion"},{"floor":14,"key":"Reflective Coating"},{"floor":24,"key":"SpeedPotion"},{"floor":30,"key":"PowerPotion"},{"floor":38,"key":"Block Potion"},{"floor":45,"key":"Swift Potion"},{"floor":46,"key":"PowerPotion"}],"is_trial":false,"path_per_floor":["M","?","?","?","M","E","?","E","T","E","M","$","R","M","R","B",null,"M","$","M","?","?","R","E","M","T","M","R","E","M","E","R","B",null,"M","?","?","M","$","E","R","E","T","M","M","M","R","$","R","B",null],"character_chosen":"WATCHER","items_purchased":["testmod-Provocation","Lantern","Pantograph","Establishment","MasterReality","AT_OneInchPunch","AntiCross","DollysMirror","Flash of Steel","Establishment","testmod-Alchemist","Replay:BluntJabs","SteroidPotion"],"campfire_rested":0,"item_purchase_floors":[12,12,12,17,19,19,39,39,39,39,48,48,48],"current_hp_per_floor":[70,70,70,70,52,52,52,50,50,51,50,50,50,51,51,76,98,49,49,49,29,29,29,1,51,51,40,40,41,40,40,40,60,109,85,85,88,82,82,82,82,44,44,42,42,32,32,32,32,5],"gold":520,"neow_bonus":"RANDOM_COMMON_RELIC","is_daily":false,"chose_seed":false,"campfire_upgraded":8,"win_rate":0.0,"timestamp":1613115565,"path_taken":["M","?","?","?","?","E","?","E","T","E","M","$","R","M","R","BOSS","M","$","M","?","?","R","E","M","T","M","R","E","?","E","R","BOSS","M","?","?","M","$","E","R","E","T","?","M","M","R","?","R","BOSS"],"items_purchased_type":["Card","Relic","Relic","Card","Card","Card","Relic","Relic","Card","Card","Relic","Card","Potion"],"build_version":"2020-12-22","purchased_purges":3,"victory":true,"max_hp_per_floor":[72,72,72,72,102,102,102,102,102,102,102,102,102,102,102,102,98,98,98,98,103,103,103,103,103,103,114,114,114,114,114,114,114,109,109,109,112,112,112,112,112,112,112,112,112,112,112,112,112,112],"card_choices":[{"not_picked":[],"picked":"DoctorFetus","floor":0},{"not_picked":["BattleHymn","CrushJoints"],"picked":"Ragnarok","floor":1},{"not_picked":["Replay:AtTheReady","Bomb"],"picked":"Weave","floor":2},{"not_picked":["ForeignInfluence","Prostrate"],"picked":"CarveReality","floor":3},{"not_picked":["EmptyBody","CrushJoints"],"picked":"SashWhip","floor":5},{"not_picked":["Crescendo","Meditate"],"picked":"Replay:AllIn","floor":6},{"not_picked":["Perseverance","EmptyMind"],"picked":"Crescendo","floor":7},{"not_picked":["Pray","InnerPeace"],"picked":"BowlingBash","floor":8},{"not_picked":["Replay:ManipulateFuture","ThirdEye"],"picked":"Bomb","floor":10},{"not_picked":["AT_SoftenMuscles","Prostrate"],"picked":"DeusExMachina","floor":10},{"not_picked":["Protect","Replay:BluntJabs"],"picked":"DevaForm","floor":10},{"not_picked":["EmptyBody","JustLucky"],"picked":"Consecrate","floor":10},{"not_picked":["Replay:AtTheReady","AT_DivineConfetti"],"picked":"Sanctity","floor":11},{"not_picked":["Crescendo","Wireheading"],"picked":"FlurryOfBlows","floor":14},{"not_picked":["Ragnarok","SpiritShield"],"picked":"LessonLearned","floor":16},{"not_picked":["EmptyMind+1","Prostrate"],"picked":"SandsOfTime","floor":18},{"not_picked":["InnerPeace","Evaluate"],"picked":"CarveReality","floor":20},{"not_picked":["Halt+1","Protect"],"picked":"FlurryOfBlows","floor":24},{"not_picked":["BattleHymn","FlyingSleeves"],"picked":"Indignation","floor":25},{"not_picked":["Prostrate","ThirdEye"],"picked":"AT_OneInchPunch+1","floor":27},{"not_picked":["ClearTheMind","AT_RealFormLess","WreathOfFlame"],"picked":"SKIP","floor":29},{"not_picked":["ClearTheMind+1","Replay:Hum"],"picked":"Adaptation","floor":30},{"not_picked":["ClearTheMind","SpiritShield"],"picked":"Weave+1","floor":31},{"not_picked":["AT_RealColorLess","Blasphemy","Vault"],"picked":"AT_ChampionKick","floor":33},{"not_picked":["ReachHeaven","Halt","Indignation+1"],"picked":"WindmillStrike","floor":35},{"not_picked":["ReachHeaven+1","EmptyFist","SashWhip"],"picked":"Wallop","floor":37},{"not_picked":["BattleHymn","Perseverance","ClearTheMind+1"],"picked":"Replay:Vibes+1","floor":38},{"not_picked":["Wallop","Evaluate","Sanctity"],"picked":"Blasphemy","floor":40},{"not_picked":["FlurryOfBlows","FearNoEvil+1","FollowUp+1"],"picked":"FlyingSleeves+1","floor":42},{"not_picked":["Indignation+1","ThirdEye+1","Replay:ManipulateFuture+1"],"picked":"CrushJoints","floor":44},{"not_picked":["CutThroughFate","ThirdEye","Replay:ManipulateFuture+1","Indignation+1"],"picked":"SKIP","floor":45},{"not_picked":["Wallop+1","Halt","MasterReality"],"picked":"FlyingSleeves+1","floor":46},{"not_picked":["Crescendo+1","PathToVictory+1","WaveOfTheHand+1"],"picked":"BowlingBash+1","floor":46},{"not_picked":["LikeWater","FollowUp+1","Prostrate+1"],"picked":"Replay:BluntJabs","floor":46},{"not_picked":["Crescendo+1","EmptyMind+1","ThirdEye+1","Replay:Hum+1"],"picked":"SKIP","floor":46}],"player_experience":743343,"relics_obtained":[{"floor":1,"key":"Baka"},{"floor":2,"key":"Chameleon Ring"},{"floor":6,"key":"AT_EbonyIvory"},{"floor":8,"key":"Dead Branch"},{"floor":9,"key":"AT_SilverBalance"},{"floor":10,"key":"AT_MibuBalloonWealth"},{"floor":24,"key":"Pen Nib"},{"floor":25,"key":"Shuriken"},{"floor":29,"key":"reliquary:Knoch"},{"floor":31,"key":"Question Card"},{"floor":33,"key":"Baka2"},{"floor":37,"key":"CatCart"},{"floor":40,"key":"AnarchistCookbook"},{"floor":42,"key":"Happy Flower"},{"floor":43,"key":"Dream Catcher"}],"event_choices":[{"cards_removed":["ReplayTheSpireMod:Splinters"],"damage_healed":0,"gold_gain":0,"player_choice":"Forget","damage_taken":0,"max_hp_gain":0,"max_hp_loss":0,"event_name":"Living Wall","floor":4,"gold_loss":0},{"damage_healed":0,"gold_gain":0,"player_choice":"Shed Blood","damage_taken":25,"max_hp_gain":5,"max_hp_loss":0,"event_name":"Forgotten Altar","floor":21,"gold_loss":0},{"damage_healed":0,"gold_gain":100,"player_choice":"Bet on Murderer","damage_taken":0,"max_hp_gain":0,"max_hp_loss":0,"event_name":"The Joust","floor":22,"gold_loss":50},{"damage_healed":0,"gold_gain":0,"player_choice":"Ignored","damage_taken":0,"max_hp_gain":0,"max_hp_loss":0,"event_name":"给自己的盒子","floor":36,"gold_loss":0},{"damage_healed":0,"gold_gain":0,"player_choice":"Fight","damage_taken":0,"max_hp_gain":0,"max_hp_loss":0,"event_name":"OrinTheCat","floor":37,"gold_loss":0}],"is_beta":false,"boss_relics":[{"not_picked":["ChewingGum","testmod-KeyOfTheVoid"],"picked":"Coffee Dripper"},{"not_picked":[]},{"not_picked":["Replay:Grab Bag","reliquary:WritOfMandamus"],"picked":"Kintsugi"},{"not_picked":[]}],"items_purged_floors":[34,39,48],"is_endless":false,"potions_floor_spawned":[6,8,10,14,18,24,25,27,30,38,45,46],"ascension_level":2}}