{"host":"1vy6j31128f61x2z","time":1613093796,"event":{"mods":["AchievementEnabler","BaseMod","Colored Powertips","Minty Spire (QoL Compilation)","Permanent Neow"],"gold_per_floor":[115,125,300,375,386,386,414,462,462,737,753,753,220,246,246,349,349,367,367,26,26,44,70,70,104,127,127,54,54,68,68,68,68,68],"floor_reached":33,"language":"ENG","playtime":1792,"items_purged":["Regret"],"score":347,"play_id":"b595e264-e5d1-4d58-99bf-72aa3f2ae79d","local_time":"20210211203636","is_ascension_mode":true,"campfire_choices":[{"data":"Zap","floor":6,"key":"SMITH"},{"floor":12,"key":"REST"},{"data":"Loop","floor":15,"key":"SMITH"},{"data":"Biased Cognition","floor":24,"key":"SMITH"},{"floor":27,"key":"REST"},{"floor":32,"key":"REST"}],"circlet_count":0,"master_deck":["Strike_B","Strike_B","Strike_B","Strike_B","Defend_B","Defend_B","Defend_B+1","Defend_B","Zap+1","Dualcast+1","Compile Driver","Cold Snap","Doubt","Steam Power","Beam Cell","BootSequence+1","Biased Cognition+1","White Noise+1","Loop+1","Multi-Cast+1","Hologram+1","Apotheosis+1","Redo+1","Double Energy+1","Coolheaded+1","Seek+1","Glacier+1"],"relics":["Cracked Core","War Paint","Akabeko","Art of War","Toxic Egg 2","Cables","Mango","Nuclear Battery","Pantograph","Lantern","Mummified Hand","Bag of Marbles","Blue Candle","Boot","Bottled Lightning","Enchiridion"],"acts_visited":["Exordium","TheCity"],"potions_floor_usage":[14,33],"damage_taken":[{"damage":0,"enemies":"Jaw Worm","floor":1,"turns":3},{"damage":0,"enemies":"2 Louse","floor":2,"turns":1},{"damage":0,"enemies":"Cultist","floor":5,"turns":3},{"damage":22,"enemies":"3 Sentries","floor":7,"turns":14},{"damage":18,"enemies":"Exordium Thugs","floor":11,"turns":4},{"damage":3,"enemies":"Lagavulin","floor":14,"turns":6},{"damage":5,"enemies":"Slime Boss","floor":16,"turns":8},{"damage":0,"enemies":"Spheric Guardian","floor":18,"turns":2},{"damage":4,"enemies":"2 Thieves","floor":22,"turns":4},{"damage":59,"enemies":"Gremlin Leader","floor":23,"turns":10},{"damage":14,"enemies":"Book of Stabbing","floor":25,"turns":3},{"damage":0,"enemies":"Cultist and Chosen","floor":30,"turns":2},{"damage":102,"enemies":"Automaton","floor":33,"turns":14}],"seed_played":"-8702631060266092074","potions_obtained":[{"floor":11,"key":"Block Potion"},{"floor":16,"key":"EssenceOfSteel"},{"floor":18,"key":"Dexterity Potion"},{"floor":23,"key":"FairyPotion"},{"floor":25,"key":"PotionOfCapacity"}],"is_trial":false,"path_per_floor":["M","M","?","?","M","R","E","T","T","?","M","R","$","E","R","B",null,"M","T","$","T","M","E","R","E","T","R","$","T","M","?","R","B"],"character_chosen":"DEFECT","items_purchased":["Cables","Biased Cognition","White Noise+1","Apotheosis+1","Lantern","Seek+1"],"campfire_rested":3,"item_purchase_floors":[13,13,13,20,20,28],"current_hp_per_floor":[75,75,75,64,64,64,42,42,42,42,24,46,46,57,57,52,89,89,89,89,89,85,26,26,12,12,38,38,38,38,22,48,0,0],"gold":68,"neow_bonus":"RANDOM_COMMON_RELIC","is_daily":false,"chose_seed":false,"campfire_upgraded":3,"win_rate":0.0,"timestamp":1613093796,"path_taken":["M","M","?","?","M","R","E","?","T","?","M","R","$","E","R","BOSS","M","?","$","?","M","E","R","E","T","R","$","?","M","?","R","BOSS"],"items_purchased_type":["Relic","Card","Card","Card","Relic","Card"],"build_version":"2020-12-22","purchased_purges":1,"victory":false,"max_hp_per_floor":[75,75,75,75,75,75,75,75,75,75,75,75,75,89,89,89,89,89,89,89,89,89,89,89,89,89,89,89,89,89,89,89,89,89],"card_choices":[{"not_picked":["Stack","Streamline"],"picked":"Compile Driver","floor":1},{"not_picked":["Compile Driver","Leap"],"picked":"Cold Snap","floor":2},{"not_picked":["Turbo","Coolheaded"],"picked":"Steam Power","floor":5},{"not_picked":["Force Field","Ball Lightning"],"picked":"Beam Cell","floor":7},{"not_picked":["Reprogram+1","Stack+1"],"picked":"BootSequence+1","floor":11},{"not_picked":["Chill+1","Cold Snap"],"picked":"Loop","floor":14},{"not_picked":["Machine Learning","Rainbow+1"],"picked":"Multi-Cast+1","floor":16},{"not_picked":["Barrage","Go for the Eyes"],"picked":"Hologram+1","floor":18},{"not_picked":["Genetic Algorithm+1","Leap+1"],"picked":"Redo+1","floor":22},{"not_picked":["Leap+1","Turbo+1"],"picked":"Double Energy+1","floor":23},{"not_picked":["Compile Driver","Sweeping Beam"],"picked":"Coolheaded+1","floor":25},{"not_picked":["Reprogram+1","Turbo+1"],"picked":"Glacier+1","floor":30}],"player_experience":62183,"relics_obtained":[{"floor":7,"key":"Akabeko"},{"floor":8,"key":"Art of War"},{"floor":9,"key":"Toxic Egg 2"},{"floor":14,"key":"Mango"},{"floor":19,"key":"Pantograph"},{"floor":21,"key":"Mummified Hand"},{"floor":23,"key":"Bag of Marbles"},{"floor":25,"key":"Blue Candle"},{"floor":26,"key":"Boot"},{"floor":29,"key":"Bottled Lightning"},{"floor":31,"key":"Enchiridion"}],"event_choices":[{"damage_healed":0,"gold_gain":175,"player_choice":"AGREE","damage_taken":0,"max_hp_gain":0,"max_hp_loss":0,"event_name":"Liars Game","floor":3,"gold_loss":0,"cards_obtained":["Doubt"]},{"damage_healed":0,"gold_gain":75,"player_choice":"Gather Gold","damage_taken":11,"max_hp_gain":0,"max_hp_loss":0,"event_name":"World of Goop","floor":4,"gold_loss":0},{"damage_healed":0,"gold_gain":275,"player_choice":"Desecrate","damage_taken":0,"max_hp_gain":0,"max_hp_loss":0,"event_name":"Golden Shrine","floor":10,"gold_loss":0,"cards_obtained":["Regret"]},{"damage_healed":0,"gold_gain":0,"player_choice":"Obtained Book","damage_taken":16,"max_hp_gain":0,"max_hp_loss":0,"event_name":"Cursed Tome","floor":31,"gold_loss":0}],"is_beta":false,"boss_relics":[{"not_picked":["Runic Dome","Ectoplasm"],"picked":"Nuclear Battery"}],"items_purged_floors":[13],"is_endless":false,"potions_floor_spawned":[11,16,18,23,25],"killed_by":"Automaton","ascension_level":4}}