{"host":"bf5upntvbdompq33","time":1613148387,"event":{"mods":["BaseMod","Colored Map","Colored Powertips","Curses Come First","Minty Spire (QoL Compilation)","StSLib","The Dragon Tamer","The Hierophant","The Marked","The Mystic","The Servant 0.9.4"],"gold_per_floor":[119,131,131,56,56,87,87,87,114,114,146,46,46,46,46],"floor_reached":14,"language":"ENG","playtime":359,"items_purged":["Strike_R","Strike_R"],"score":163,"play_id":"7d925e0e-dc6c-4dfc-b0a7-5b65eb5d71a6","local_time":"20210212094627","is_ascension_mode":true,"campfire_choices":[{"data":"Entrench","floor":7,"key":"SMITH"},{"data":"Uppercut","floor":10,"key":"SMITH"},{"data":"Pommel Strike","floor":13,"key":"SMITH"}],"circlet_count":0,"master_deck":["AscendersBane","Strike_R","Strike_R","Strike_R","Defend_R","Defend_R","Defend_R","Defend_R","Bash","Clothesline","Uppercut+1","Entrench+1","Pommel Strike+1"],"relics":["Burning Blood","NeowsBlessing","Boot","Bag of Marbles","Anchor"],"acts_visited":["Exordium"],"potions_floor_usage":[],"damage_taken":[{"damage":0,"enemies":"Small Slimes","floor":1,"turns":1},{"damage":0,"enemies":"Cultist","floor":2,"turns":1},{"damage":0,"enemies":"Jaw Worm","floor":5,"turns":1},{"damage":70,"enemies":"3 Sentries","floor":6,"turns":11},{"damage":18,"enemies":"Gremlin Nob","floor":11,"turns":4},{"damage":27,"enemies":"3 Sentries","floor":14,"turns":4}],"seed_played":"-3857927768190049526","potions_obtained":[{"floor":11,"key":"ElixirPotion"}],"is_trial":false,"path_per_floor":["M","M","?","$","M","E","R","?","T","R","E","$","R","E"],"character_chosen":"IRONCLAD","items_purchased":[],"campfire_rested":0,"item_purchase_floors":[],"current_hp_per_floor":[74,75,75,75,75,11,11,36,36,36,24,24,24,0,0],"gold":46,"neow_bonus":"THREE_ENEMY_KILL","is_daily":false,"chose_seed":false,"campfire_upgraded":3,"win_rate":0.0,"timestamp":1613148387,"path_taken":["M","M","?","$","?","E","R","?","T","R","E","$","R","E"],"items_purchased_type":[],"build_version":"2020-12-22","purchased_purges":2,"victory":false,"max_hp_per_floor":[75,75,75,75,75,75,75,75,75,75,75,75,75,75,75],"card_choices":[{"not_picked":["Thunderclap","Headbutt"],"picked":"Clothesline","floor":1},{"not_picked":["Shrug It Off","Body Slam"],"picked":"Uppercut","floor":2},{"not_picked":["Metallicize","Shrug It Off","Evolve"],"picked":"SKIP","floor":5},{"not_picked":["Rupture","Combust"],"picked":"Entrench","floor":6},{"not_picked":["Brutality","Thunderclap"],"picked":"Pommel Strike","floor":11}],"player_experience":1559970,"relics_obtained":[{"floor":6,"key":"Boot"},{"floor":9,"key":"Bag of Marbles"},{"floor":11,"key":"Anchor"}],"event_choices":[{"damage_healed":0,"gold_gain":0,"player_choice":"Bought 0 Potions","damage_taken":0,"max_hp_gain":0,"max_hp_loss":0,"event_name":"The Woman in Blue","floor":3,"gold_loss":0},{"damage_healed":25,"gold_gain":0,"player_choice":"Banana","damage_taken":0,"max_hp_gain":0,"max_hp_loss":0,"event_name":"Big Fish","floor":8,"gold_loss":0}],"is_beta":false,"boss_relics":[],"items_purged_floors":[4,12],"is_endless":false,"potions_floor_spawned":[5,11],"killed_by":"3 Sentries","ascension_level":14}}