{"host":"uv5ws9rdk87e8i5k","time":1613109373,"event":{"mods":["AchievementEnabler","BaseMod","Colored Map","Minty Spire (QoL Compilation)","Permanent Neow","Quick Restart","StSLib","SuperFastMode","The Necromancer"],"gold_per_floor":[119,119,136,154,154,193,193,234,259,274,314,330,354,370,370,501,501,522,522,542,542,559,559,559],"floor_reached":23,"language":"ENG","playtime":454,"items_purged":[],"score":344,"play_id":"6c51ada7-dc89-4c77-983e-f780c473afea","local_time":"20210211235613","is_ascension_mode":true,"campfire_choices":[{"floor":15.0,"key":"REST"}],"circlet_count":0,"master_deck":["AscendersBane","Strike_R","Strike_R","Strike_R","Strike_R","Strike_R","Defend_R","Defend_R","Defend_R","Defend_R","Bash","Demon Form+1","Havoc","Havoc","Pommel Strike","Pommel Strike","Burning Pact","Immolate","Immolate","Heavy Blade","Immolate","Battle Trance","Feed","Shockwave","Shrug It Off"],"relics":["Burning Blood","Bloody Idol","Omamori","Nunchaku","Tiny Chest","Frozen Egg 2","Cursed Key"],"acts_visited":["Exordium","TheCity"],"potions_floor_usage":[20],"damage_taken":[{"damage":0.0,"enemies":"Small Slimes","floor":1.0,"turns":3.0},{"damage":11.0,"enemies":"Cultist","floor":3.0,"turns":4.0},{"damage":3.0,"enemies":"2 Louse","floor":4.0,"turns":3.0},{"damage":36.0,"enemies":"Gremlin Nob","floor":6.0,"turns":4.0},{"damage":30.0,"enemies":"Lagavulin","floor":8.0,"turns":7.0},{"damage":7.0,"enemies":"Looter","floor":10.0,"turns":3.0},{"damage":25.0,"enemies":"3 Sentries","floor":11.0,"turns":5.0},{"damage":0.0,"enemies":"2 Fungi Beasts","floor":12.0,"turns":2.0},{"damage":0.0,"enemies":"3 Louse","floor":13.0,"turns":1.0},{"damage":6.0,"enemies":"Blue Slaver","floor":14.0,"turns":3.0},{"damage":33.0,"enemies":"Slime Boss","floor":16.0,"turns":7.0},{"damage":8.0,"enemies":"3 Byrds","floor":18.0,"turns":3.0},{"damage":0,"enemies":"Spheric Guardian","floor":20,"turns":2},{"damage":13,"enemies":"Snecko","floor":22,"turns":3},{"damage":57,"enemies":"Book of Stabbing","floor":23,"turns":4}],"seed_played":"-683899847559287089","potions_obtained":[{"floor":4.0,"key":"Strength Potion"},{"floor":6.0,"key":"SkillPotion"},{"floor":8.0,"key":"PowerPotion"},{"floor":13.0,"key":"Strength Potion"},{"floor":14.0,"key":"HeartOfIron"},{"floor":16.0,"key":"DistilledChaos"}],"is_trial":false,"path_per_floor":["M","?","M","M","?","E","?","E","T","M","E","M","M","M","R","B",null,"M","?","M","?","M","E"],"character_chosen":"IRONCLAD","items_purchased":[],"campfire_rested":1,"item_purchase_floors":[],"current_hp_per_floor":[72,72,67,70,67,37,53,29,29,28,9,15,21,21,41,14,54,52,52,58,58,56,0,0],"gold":559,"neow_bonus":"THREE_RARE_CARDS","is_daily":false,"chose_seed":false,"campfire_upgraded":0,"win_rate":0.0,"timestamp":1613109373,"path_taken":["M","?","?","M","?","E","?","E","T","M","E","M","M","M","R","BOSS","M","?","?","?","M","E"],"items_purchased_type":[],"build_version":"2020-12-22","purchased_purges":0,"victory":false,"max_hp_per_floor":[72,72,72,72,67,67,67,67,67,67,67,67,67,67,67,67,67,67,67,67,67,67,67,67],"card_choices":[{"not_picked":["Reaper","Fiend Fire"],"picked":"Demon Form","floor":0.0},{"not_picked":["Thunderclap","Heavy Blade"],"picked":"Havoc","floor":1.0},{"not_picked":["Rage","Clothesline"],"picked":"Havoc","floor":3.0},{"not_picked":["Dark Embrace","Perfected Strike"],"picked":"Pommel Strike","floor":4.0},{"not_picked":["Flex","Thunderclap"],"picked":"Pommel Strike","floor":6.0},{"not_picked":["Infernal Blade","Combust"],"picked":"Burning Pact","floor":8.0},{"not_picked":["Bloodletting","Armaments"],"picked":"Immolate","floor":10.0},{"not_picked":["Warcry","Body Slam"],"picked":"Immolate","floor":11.0},{"not_picked":["Reckless Charge","Burning Pact","Dark Embrace+1"],"picked":"SKIP","floor":12.0},{"not_picked":["Thunderclap","Second Wind","Entrench"],"picked":"SKIP","floor":13.0},{"not_picked":["Flame Barrier","Twin Strike"],"picked":"Heavy Blade","floor":14.0},{"not_picked":["Bludgeon","Brutality+1"],"picked":"Immolate","floor":16.0},{"not_picked":["Evolve+1","Iron Wave","Armaments"],"picked":"SKIP","floor":18.0},{"not_picked":["Perfected Strike","Evolve+1"],"picked":"Shockwave","floor":20},{"not_picked":["Bloodletting","Armaments"],"picked":"Shrug It Off","floor":22}],"player_experience":154275,"relics_obtained":[{"floor":6.0,"key":"Omamori"},{"floor":8.0,"key":"Nunchaku"},{"floor":9.0,"key":"Tiny Chest"},{"floor":11.0,"key":"Frozen Egg 2"}],"event_choices":[{"damage_healed":0.0,"max_hp_gain":0.0,"max_hp_loss":0.0,"gold_gain":0.0,"event_name":"Upgrade Shrine","player_choice":"Upgraded","floor":2.0,"gold_loss":0.0,"damage_taken":0.0,"cards_upgraded":["Demon Form"]},{"damage_healed":0.0,"max_hp_gain":0.0,"max_hp_loss":5.0,"gold_gain":0.0,"event_name":"Golden Idol","player_choice":"Lose Max HP","floor":5.0,"gold_loss":0.0,"damage_taken":0.0,"relics_obtained":["Golden Idol"]},{"damage_healed":16.0,"max_hp_gain":0.0,"max_hp_loss":0.0,"gold_gain":0.0,"event_name":"Mushrooms","player_choice":"Healed and dodged fight","floor":7.0,"gold_loss":0.0,"damage_taken":0.0,"cards_obtained":["Parasite"]},{"damage_healed":0,"gold_gain":0,"player_choice":"2 cards matched","damage_taken":0,"max_hp_gain":0,"max_hp_loss":0,"event_name":"Match and Keep!","floor":19,"gold_loss":0,"cards_obtained":["Battle Trance","Feed"]},{"damage_healed":0,"gold_gain":0,"player_choice":"Gave Idol","damage_taken":0,"relics_obtained":["Bloody Idol"],"max_hp_gain":0,"max_hp_loss":0,"event_name":"Forgotten Altar","floor":21,"relics_lost":["Golden Idol"],"gold_loss":0}],"is_beta":false,"boss_relics":[{"not_picked":["Busted Crown","Calling Bell"],"picked":"Cursed Key"}],"items_purged_floors":[],"is_endless":false,"potions_floor_spawned":[4,6,8,13,14,16],"killed_by":"Book of Stabbing","ascension_level":12}}