{"host":"wwt1zra1toemgy1w","time":1613098772,"event":{"mods":["BaseMod","Lobotomy","Minty Spire (QoL Compilation)","StSLib"],"gold_per_floor":[212,212,137,152,168,168,168,168,168,197,212,223,99,118,118,221,221,221],"floor_reached":17,"language":"ENG","playtime":1387,"items_purged":["Defend_B","Strike_B"],"score":157,"play_id":"0a482fbd-deda-41c4-b8e6-d3bb8be7b4d6","local_time":"20210211185932","is_ascension_mode":false,"campfire_choices":[{"data":"Dualcast","floor":6,"key":"SMITH"},{"floor":8,"key":"REST"},{"floor":15,"key":"REST"}],"circlet_count":0,"master_deck":["Strike_B","Strike_B","Defend_B","Zap","Dualcast+1","Compile Driver","Rip and Tear","FTL","Scrape","Conserve Battery","Beam Cell","Coolheaded","Redo","Electrodynamics"],"relics":["Cracked Core","Toy Ornithopter","White Beast Statue","Potion Belt","Empty Cage"],"acts_visited":["Exordium","TheCity"],"potions_floor_usage":[12],"damage_taken":[{"damage":2,"enemies":"Small Slimes","floor":1,"turns":3},{"damage":0,"enemies":"2 Louse","floor":4,"turns":2},{"damage":0,"enemies":"Cultist","floor":5,"turns":2},{"damage":11,"enemies":"Gremlin Nob","floor":10,"turns":3},{"damage":0,"enemies":"Large Slime","floor":11,"turns":2},{"damage":4,"enemies":"Exordium Wildlife","floor":12,"turns":2},{"damage":6,"enemies":"3 Louse","floor":14,"turns":3},{"damage":51,"enemies":"Hexaghost","floor":16,"turns":9}],"seed_played":"9082034445660384782","potions_obtained":[{"floor":10,"key":"Dexterity Potion"},{"floor":11,"key":"Energy Potion"},{"floor":12,"key":"Swift Potion"},{"floor":14,"key":"PotionOfCapacity"},{"floor":16,"key":"FearPotion"}],"is_trial":false,"path_per_floor":["M","?","$","M","M","R","?","R","T","E","M","M","$","M","R","B",null],"character_chosen":"DEFECT","items_purchased":["Coolheaded"],"campfire_rested":2,"item_purchase_floors":[13],"current_hp_per_floor":[73,66,66,66,66,66,59,75,75,64,64,65,65,59,75,24,75,75],"gold":221,"neow_bonus":"HUNDRED_GOLD","is_daily":false,"chose_seed":false,"campfire_upgraded":1,"win_rate":0.0,"timestamp":1613098772,"path_taken":["M","?","$","M","M","R","?","R","T","E","M","M","$","M","R","BOSS"],"items_purchased_type":["Card"],"build_version":"2020-12-22","purchased_purges":2,"victory":false,"max_hp_per_floor":[75,75,75,75,75,75,75,75,75,75,75,75,75,75,75,75,75,75],"card_choices":[{"not_picked":["Barrage","Chaos"],"picked":"Compile Driver","floor":1},{"not_picked":["Glacier","Storm"],"picked":"Rip and Tear","floor":4},{"not_picked":["Lockon","Heatsinks"],"picked":"FTL","floor":5},{"not_picked":["Electrodynamics","Rainbow"],"picked":"Scrape","floor":10},{"not_picked":["Coolheaded","Skim"],"picked":"Conserve Battery","floor":11},{"not_picked":["Compile Driver","Cold Snap"],"picked":"Beam Cell","floor":12},{"not_picked":["Beam Cell","Reinforced Body"],"picked":"Redo","floor":14},{"not_picked":["Rainbow","Multi-Cast"],"picked":"Electrodynamics","floor":16}],"player_experience":1574,"relics_obtained":[{"floor":9,"key":"White Beast Statue"},{"floor":10,"key":"Potion Belt"}],"event_choices":[{"cards_removed":["Strike_B"],"damage_healed":0,"gold_gain":0,"player_choice":"Card Removal","damage_taken":7,"max_hp_gain":0,"max_hp_loss":0,"event_name":"Golden Wing","floor":2,"gold_loss":0},{"damage_healed":0,"gold_gain":0,"player_choice":"Success","damage_taken":7,"relics_obtained":["Toy Ornithopter"],"max_hp_gain":0,"max_hp_loss":0,"event_name":"Scrap Ooze","floor":7,"gold_loss":0}],"is_beta":false,"boss_relics":[{"not_picked":["Sozu","FrozenCore"],"picked":"Empty Cage"}],"items_purged_floors":[3,13],"is_endless":false,"potions_floor_spawned":[10,11,12,14,16],"ascension_level":0}}