{"host":"dctolzh6htjtakpc","time":1613145400,"event":{"mods":["2.2 Compatiblity","AchievementEnabler","AlwaysNeverKeys","BaseMod","Block Reminder","DeckTracker","Defuse TimeMaze Blight","Minty Spire (QoL Compilation)","Permanent Neow","Quick Restart","Slay-I","StSLib","SuperFastMode"],"gold_per_floor":[115,130,147,72,72,103,103,103,103,103,119,146,166,177,177,177,177],"floor_reached":16,"language":"ENG","playtime":645,"items_purged":["Strike_G"],"score":185,"play_id":"e3357f01-484b-4035-b6c5-5b88fc85f271","local_time":"20210212105640","is_ascension_mode":true,"campfire_choices":[{"floor":7.0,"key":"REST"},{"floor":15,"key":"REST"}],"circlet_count":0,"master_deck":["AscendersBane","Strike_G","Strike_G","Strike_G","Strike_G","Defend_G","Defend_G+1","Defend_G","Defend_G","Defend_G","Survivor","Neutralize+1","Backflip","Sucker Punch","Skewer","Leg Sweep","Escape Plan"],"relics":["Black Star","Singing Bowl","Ice Cream","Akabeko","Toy Ornithopter","Letter Opener","TungstenRod"],"acts_visited":["Exordium"],"potions_floor_usage":[14,16],"damage_taken":[{"damage":1.0,"enemies":"Cultist","floor":1.0,"turns":4.0},{"damage":1.0,"enemies":"Small Slimes","floor":2.0,"turns":4.0},{"damage":7.0,"enemies":"2 Louse","floor":3.0,"turns":3.0},{"damage":43.0,"enemies":"3 Sentries","floor":6.0,"turns":14.0},{"damage":1.0,"enemies":"2 Fungi Beasts","floor":11.0,"turns":4.0},{"damage":10,"enemies":"Gremlin Nob","floor":12,"turns":4},{"damage":0,"enemies":"Exordium Thugs","floor":13,"turns":4},{"damage":4,"enemies":"Gremlin Gang","floor":14,"turns":4},{"damage":37,"enemies":"Hexaghost","floor":16,"turns":14}],"seed_played":"-5306089413946871436","potions_obtained":[{"floor":1.0,"key":"GhostInAJar"},{"floor":12,"key":"Explosive Potion"},{"floor":14,"key":"SteroidPotion"}],"is_trial":false,"path_per_floor":["M","M","M","$","?","E","R","?","T","?","M","E","M","M","R","B"],"character_chosen":"THE_SILENT","items_purchased":[],"campfire_rested":2,"item_purchase_floors":[],"current_hp_per_floor":[62,61,54,54,47,6,27,13,13,13,12,4,4,5,27,0,0],"gold":177,"neow_bonus":"BOSS_RELIC","is_daily":false,"chose_seed":false,"campfire_upgraded":0,"win_rate":0.0,"timestamp":1613145400,"path_taken":["M","M","?","?","?","E","R","?","T","?","M","E","M","M","R","BOSS"],"items_purchased_type":[],"build_version":"2020-12-22","purchased_purges":1,"victory":false,"max_hp_per_floor":[70,70,70,70,70,72,72,72,72,72,72,74,74,74,74,74,74],"card_choices":[{"not_picked":["Terror","Choke"],"picked":"Backflip","floor":1.0},{"not_picked":["Underhanded Strike","PiercingWail","Flechettes"],"picked":"SKIP","floor":2.0},{"not_picked":["Slice","Prepared"],"picked":"Sucker Punch","floor":3.0},{"not_picked":["Riddle With Holes","Terror","Acrobatics"],"picked":"Singing Bowl","floor":6.0},{"not_picked":["Dagger Spray","Outmaneuver"],"picked":"Skewer","floor":11.0},{"not_picked":["Phantasmal Killer","Quick Slash","Endless Agony"],"picked":"Singing Bowl","floor":12},{"not_picked":["All Out Attack","Acrobatics"],"picked":"Leg Sweep","floor":13},{"not_picked":["Dagger Spray","Quick Slash"],"picked":"Escape Plan","floor":14}],"player_experience":521548,"relics_obtained":[{"floor":6.0,"key":"Ice Cream"},{"floor":6.0,"key":"Akabeko"},{"floor":9.0,"key":"Toy Ornithopter"},{"floor":12,"key":"Letter Opener"},{"floor":12,"key":"TungstenRod"}],"event_choices":[{"damage_healed":0.0,"max_hp_gain":0.0,"max_hp_loss":0.0,"gold_gain":0.0,"event_name":"Scrap Ooze","player_choice":"Success","floor":5.0,"gold_loss":0.0,"damage_taken":7.0,"relics_obtained":["Singing Bowl"]},{"damage_healed":0.0,"max_hp_gain":0.0,"max_hp_loss":0.0,"gold_gain":0.0,"event_name":"Shining Light","player_choice":"Entered Light","floor":8.0,"gold_loss":0.0,"damage_taken":14.0,"cards_upgraded":["Defend_G","Neutralize"]},{"damage_healed":0.0,"max_hp_gain":0.0,"max_hp_loss":0.0,"gold_gain":0.0,"event_name":"The Woman in Blue","player_choice":"Bought 0 Potions","floor":10.0,"gold_loss":0.0,"damage_taken":0.0}],"is_beta":false,"boss_relics":[],"items_purged_floors":[4],"is_endless":false,"potions_floor_spawned":[1,12,13,14],"killed_by":"Hexaghost","ascension_level":13}}