{"host":"3zmssa4s99zhxek5","time":1613108440,"event":{"mods":["AchievementEnabler","BaseMod","Minty Spire (QoL Compilation)","Permanent Neow","Relic Stats"],"gold_per_floor":[110,26,44,55,65,93,93,52,130,130,130,171,189,230,230,329,329,354,354,373,353,33,77,77,92,118,159,182,217,258,272,272,368,368,392,5,5,26,42,81,81,117,165,204,219,238,253,277,277,277,277],"floor_reached":50,"language":"KOR","playtime":2733,"items_purged":["Defend_R","Defend_R"],"score":1428,"play_id":"0e94e75a-82d3-47ad-848d-a7bbe62973cd","local_time":"20210212144040","is_ascension_mode":true,"campfire_choices":[{"data":"Bash","floor":7,"key":"SMITH"},{"data":"Clothesline","floor":15,"key":"SMITH"},{"floor":24,"key":"REST"},{"floor":32,"key":"REST"},{"data":"Evolve","floor":41,"key":"SMITH"},{"data":"Fire Breathing","floor":49,"key":"SMITH"}],"circlet_count":0,"master_deck":["AscendersBane","Strike_R","Strike_R","Strike_R","Strike_R","Strike_R+1","Defend_R","Defend_R","Bash+1","Ghostly Armor","Clothesline+1","Immolate","Power Through","Immolate+1","Metallicize","Spot Weakness+1","Shrug It Off+1","Fiend Fire","Ghostly Armor+1","Evolve+1","True Grit+1","Shrug It Off+1","Finesse+1","Thunderclap+1","Whirlwind+1","Spot Weakness+1","Feel No Pain","Dark Embrace","True Grit+1","Fiend Fire","Feel No Pain","Clothesline+1","Fire Breathing+1","Juggernaut","Flame Barrier+1","Flame Barrier+1","Power Through+1","Shrug It Off+1"],"relics":["Runic Dome","Thread and Needle","Bag of Marbles","Toxic Egg 2","Golden Idol","Singing Bowl","Shuriken","Philosopher\u0027s Stone","Nilry\u0027s Codex","Regal Pillow","Vajra","Akabeko","Pear","Red Mask","Coffee Dripper","Bottled Flame","Nunchaku","Meat on the Bone","Bag of Preparation","Sundial"],"acts_visited":["TheCity","TheBeyond"],"potions_floor_usage":[10,33,44,50,50],"damage_taken":[{"damage":7,"enemies":"Small Slimes","floor":1,"turns":3},{"damage":0,"enemies":"Cultist","floor":3,"turns":5},{"damage":3,"enemies":"Jaw Worm","floor":4,"turns":3},{"damage":0,"enemies":"3 Louse","floor":5,"turns":1},{"damage":2,"enemies":"Gremlin Nob","floor":6,"turns":4},{"damage":0,"enemies":"3 Sentries","floor":12,"turns":1},{"damage":0,"enemies":"Looter","floor":13,"turns":2},{"damage":8,"enemies":"Lagavulin","floor":14,"turns":5},{"damage":13,"enemies":"Hexaghost","floor":16,"turns":7},{"damage":2,"enemies":"Shell Parasite","floor":18,"turns":4},{"damage":3,"enemies":"2 Thieves","floor":20,"turns":2},{"damage":0,"enemies":"Slavers","floor":23,"turns":2},{"damage":6,"enemies":"Cultist and Chosen","floor":25,"turns":4},{"damage":27,"enemies":"Gremlin Leader","floor":27,"turns":6},{"damage":0,"enemies":"Centurion and Healer","floor":28,"turns":5},{"damage":21,"enemies":"Slavers","floor":29,"turns":4},{"damage":0,"enemies":"Masked Bandits","floor":30,"turns":1},{"damage":11,"enemies":"Shelled Parasite and Fungi","floor":31,"turns":3},{"damage":5,"enemies":"Champ","floor":33,"turns":9},{"damage":0,"enemies":"Orb Walker","floor":35,"turns":3},{"damage":9,"enemies":"3 Shapes","floor":38,"turns":1},{"damage":0,"enemies":"Jaw Worm Horde","floor":39,"turns":1},{"damage":14,"enemies":"Nemesis","floor":40,"turns":3},{"damage":0,"enemies":"Reptomancer","floor":42,"turns":3},{"damage":49,"enemies":"Giant Head","floor":44,"turns":7},{"damage":17,"enemies":"Writhing Mass","floor":45,"turns":2},{"damage":3,"enemies":"Maw","floor":46,"turns":7},{"damage":0,"enemies":"3 Darklings","floor":47,"turns":1},{"damage":0,"enemies":"Jaw Worm Horde","floor":48,"turns":1},{"damage":66,"enemies":"Awakened One","floor":50,"turns":7}],"seed_played":"-3885208205918190533","potions_obtained":[{"floor":3,"key":"BloodPotion"},{"floor":4,"key":"LiquidBronze"},{"floor":14,"key":"DistilledChaos"},{"floor":16,"key":"FearPotion"},{"floor":21,"key":"CultistPotion"},{"floor":29,"key":"DistilledChaos"},{"floor":33,"key":"Ancient Potion"},{"floor":35,"key":"AttackPotion"},{"floor":44,"key":"Strength Potion"},{"floor":47,"key":"DuplicationPotion"}],"is_trial":false,"path_per_floor":["M","?","M","M","M","E","R","$","T","?","?","E","M","E","R","B",null,"M","?","M","?","$","E","R","M","T","E","M","E","?","M","R","B",null,"M","$","?","M","M","E","R","E","T","E","M","M","M","M","R","B"],"character_chosen":"IRONCLAD","items_purchased":["Metallicize","Evolve","True Grit+1","Shrug It Off+1","Finesse+1","Bottled Flame"],"campfire_rested":2,"item_purchase_floors":[8,22,22,22,22,36],"current_hp_per_floor":[61,61,61,58,58,56,56,56,56,68,48,50,50,42,42,29,60,60,39,36,36,36,36,72,66,66,39,39,28,28,19,59,54,77,79,79,79,70,72,58,58,58,58,21,16,27,39,51,51,0,0],"gold":277,"neow_bonus":"BOSS_RELIC","is_daily":false,"chose_seed":false,"campfire_upgraded":4,"win_rate":0.0,"timestamp":1613108440,"path_taken":["M","?","?","M","M","E","R","$","T","?","?","E","M","E","R","BOSS","M","?","M","?","$","E","R","M","T","E","?","E","?","M","R","BOSS","M","$","?","M","M","E","R","E","T","E","M","?","M","M","R","BOSS"],"items_purchased_type":["Card","Card","Card","Card","Card","Relic"],"build_version":"2020-12-22","purchased_purges":2,"victory":false,"max_hp_per_floor":[75,75,75,75,75,75,75,75,75,68,68,70,70,70,70,70,70,72,72,72,72,72,72,72,72,72,72,72,82,82,84,84,84,84,86,86,86,86,88,88,88,88,88,88,88,90,90,90,90,90,90],"relic_stats":{"Regal Pillow":30,"Nunchaku":[3],"Singing Bowl":12,"counters":[30,107],"Golden Idol":161,"Shuriken":[10],"Sundial":[0],"Bag of Preparation":[12],"obtain_stats":[{"Regal Pillow":23,"Pear":29,"Singing Bowl":12,"Golden Idol":10,"Nilry\u0027s Codex":19,"Vajra":26,"Thread and Needle":2,"Bag of Preparation":43,"Burning Blood":0,"Akabeko":27,"Runic Dome":0,"Bottled Flame":36,"Nunchaku":40,"Shuriken":14,"Sundial":44,"Philosopher\u0027s Stone":17,"Bag of Marbles":6,"Red Mask":30,"Coffee Dripper":34,"Toxic Egg 2":9,"Meat on the Bone":42},{"Regal Pillow":12,"Pear":16,"Singing Bowl":6,"Golden Idol":5,"Nilry\u0027s Codex":10,"Vajra":13,"Thread and Needle":1,"Bag of Preparation":24,"Burning Blood":0,"Akabeko":14,"Runic Dome":0,"Bottled Flame":20,"Nunchaku":23,"Shuriken":8,"Sundial":25,"Philosopher\u0027s Stone":9,"Bag of Marbles":5,"Red Mask":17,"Coffee Dripper":19,"Toxic Egg 2":5,"Meat on the Bone":24},{"Regal Pillow":39,"Pear":58,"Singing Bowl":17,"Golden Idol":16,"Nilry\u0027s Codex":35,"Vajra":43,"Thread and Needle":3,"Bag of Preparation":82,"Burning Blood":0,"Akabeko":49,"Runic Dome":0,"Bottled Flame":74,"Nunchaku":79,"Shuriken":24,"Sundial":89,"Philosopher\u0027s Stone":31,"Bag of Marbles":16,"Red Mask":59,"Coffee Dripper":71,"Toxic Egg 2":16,"Meat on the Bone":82}],"Meat on the Bone":60},"card_choices":[{"not_picked":["Anger","Reckless Charge"],"picked":"Ghostly Armor","floor":1},{"not_picked":["Clash","Flex"],"picked":"Clothesline","floor":3},{"not_picked":["Flex","Clash"],"picked":"Immolate","floor":4},{"not_picked":["Body Slam","Headbutt"],"picked":"Power Through","floor":5},{"not_picked":["Shrug It Off","Havoc"],"picked":"Immolate","floor":6},{"not_picked":["Reckless Charge","Havoc+1","Clash"],"picked":"Singing Bowl","floor":12},{"not_picked":["Wild Strike","Clash"],"picked":"Spot Weakness+1","floor":13},{"not_picked":["Berserk","Dark Embrace"],"picked":"Shrug It Off+1","floor":14},{"not_picked":["Double Tap+1","Limit Break+1"],"picked":"Fiend Fire","floor":16},{"not_picked":["Wild Strike","Infernal Blade+1","Body Slam"],"picked":"Singing Bowl","floor":18},{"not_picked":["Heavy Blade","Spot Weakness+1"],"picked":"Ghostly Armor+1","floor":20},{"not_picked":["Anger+1","Searing Blow"],"picked":"Thunderclap+1","floor":23},{"not_picked":["Heavy Blade","Flex+1"],"picked":"Whirlwind+1","floor":25},{"not_picked":["Blood for Blood","Seeing Red+1"],"picked":"Spot Weakness+1","floor":27},{"not_picked":["Perfected Strike","Dark Embrace"],"picked":"Feel No Pain","floor":28},{"not_picked":["Pummel","Headbutt+1"],"picked":"Dark Embrace","floor":29},{"not_picked":["Heavy Blade","Thunderclap"],"picked":"True Grit+1","floor":30},{"not_picked":["Sword Boomerang","Twin Strike","Flex+1"],"picked":"Singing Bowl","floor":31},{"not_picked":["Reaper","Corruption"],"picked":"Fiend Fire","floor":33},{"not_picked":["Cleave","Headbutt","Anger"],"picked":"Singing Bowl","floor":35},{"not_picked":["Clash","Armaments+1"],"picked":"Clothesline+1","floor":38},{"not_picked":["Pommel Strike","Heavy Blade","Cleave+1"],"picked":"Singing Bowl","floor":39},{"not_picked":["Entrench+1","Clash+1"],"picked":"Fire Breathing","floor":40},{"not_picked":["Shockwave+1","Body Slam+1"],"picked":"Juggernaut","floor":42},{"not_picked":["Clothesline","Clash"],"picked":"Flame Barrier+1","floor":44},{"not_picked":["Clothesline+1","Evolve"],"picked":"Flame Barrier+1","floor":45},{"not_picked":["Flex+1","Seeing Red+1","Pummel+1"],"picked":"Singing Bowl","floor":46},{"not_picked":["Anger","Dual Wield+1"],"picked":"Power Through+1","floor":47},{"not_picked":["Body Slam","Rampage"],"picked":"Shrug It Off+1","floor":48}],"player_experience":1605426,"relics_obtained":[{"floor":6,"key":"Bag of Marbles"},{"floor":9,"key":"Toxic Egg 2"},{"floor":12,"key":"Singing Bowl"},{"floor":14,"key":"Shuriken"},{"floor":19,"key":"Nilry\u0027s Codex"},{"floor":23,"key":"Regal Pillow"},{"floor":26,"key":"Vajra"},{"floor":27,"key":"Akabeko"},{"floor":29,"key":"Pear"},{"floor":30,"key":"Red Mask"},{"floor":40,"key":"Nunchaku"},{"floor":42,"key":"Meat on the Bone"},{"floor":43,"key":"Bag of Preparation"},{"floor":44,"key":"Sundial"}],"event_choices":[{"damage_healed":0,"gold_gain":0,"player_choice":"Paid Gold","damage_taken":0,"relics_obtained":["Thread and Needle"],"max_hp_gain":0,"max_hp_loss":0,"event_name":"WeMeetAgain","floor":2,"gold_loss":84},{"damage_healed":0,"gold_gain":0,"player_choice":"Lose Max HP","damage_taken":0,"relics_obtained":["Golden Idol"],"max_hp_gain":0,"max_hp_loss":7,"event_name":"Golden Idol","floor":10,"gold_loss":0},{"damage_healed":0,"gold_gain":0,"player_choice":"Entered Light","damage_taken":20,"max_hp_gain":0,"max_hp_loss":0,"event_name":"Shining Light","floor":11,"gold_loss":0,"cards_upgraded":["Strike_R","Immolate"]},{"damage_healed":0,"gold_gain":0,"player_choice":"Obtained Book","damage_taken":21,"max_hp_gain":0,"max_hp_loss":0,"event_name":"Cursed Tome","floor":19,"gold_loss":0},{"damage_healed":0,"gold_gain":0,"player_choice":"Bought 1 Potion","damage_taken":0,"max_hp_gain":0,"max_hp_loss":0,"event_name":"The Woman in Blue","floor":21,"gold_loss":0},{"damage_healed":0,"gold_gain":0,"player_choice":"Fought Bandits","damage_taken":0,"max_hp_gain":0,"max_hp_loss":0,"event_name":"Masked Bandits","floor":30,"gold_loss":0},{"damage_healed":0,"gold_gain":0,"player_choice":"Copied","damage_taken":0,"max_hp_gain":0,"max_hp_loss":0,"event_name":"Duplicator","floor":37,"gold_loss":0,"cards_obtained":["Feel No Pain"]}],"is_beta":false,"boss_relics":[{"not_picked":["Empty Cage","Calling Bell"],"picked":"Philosopher\u0027s Stone"},{"not_picked":["Snecko Eye","SacredBark"],"picked":"Coffee Dripper"}],"items_purged_floors":[22,36],"is_endless":false,"potions_floor_spawned":[3,4,14,16,25,27,29,30,33,35,38,42,44,46,47],"killed_by":"Awakened One","ascension_level":20}}