{"host":"v9duy90nce28uent","time":1613151390,"event":{"mods":["BaseMod","Colored Map","Colored Powertips","Conspire","Downfall","Hermit","Highlight Path","Infinite Spire","Minty Spire (QoL Compilation)","Replay The Spire","StSLib","The Cursed","The Disciple","The Hierophant"],"gold_per_floor":[113,128,128,128,147,147,180,180,180,196,196,69,79,107,107,107,107],"floor_reached":16,"language":"ENG","playtime":1585,"items_purged":[],"score":102,"play_id":"dca1412a-4c50-4bae-b314-7c8c5c15d1e6","local_time":"20210212123630","is_ascension_mode":false,"campfire_choices":[{"data":"SecondHand","floor":6,"key":"SMITH"},{"data":"Strike_Br","floor":15,"key":"PURGE"}],"circlet_count":0,"master_deck":["Strike_Br","Strike_Br","Strike_Br","Defend_Br","Defend_Br","Defend_Br","SecondHand+1","PatternShift","Clumsy","Fragmentalize","Allegro","SlimeSpray","LockedAnchor","SecondHand","LockedMawBank","LockedThread","PrimeTime"],"relics":["Chronometer","NeowsBlessing","downfall:ExtraCursedKey","infinitespire:Lychee Nut"],"acts_visited":["Exordium"],"potions_floor_usage":[16],"damage_taken":[{"damage":0,"enemies":"Jaw Worm","floor":1,"turns":1},{"damage":0,"enemies":"conspire:RoseBush","floor":2,"turns":1},{"damage":0,"enemies":"2 Louse","floor":5,"turns":1},{"damage":33,"enemies":"Gremlin Nob","floor":7,"turns":5},{"damage":6,"enemies":"conspire:2 RoseBushes","floor":10,"turns":6},{"damage":0,"enemies":"3 Louse","floor":13,"turns":1},{"damage":19,"enemies":"Gremlin Gang","floor":14,"turns":5},{"damage":32,"enemies":"The Guardian","floor":16,"turns":8}],"seed_played":"2258050380045523314","potions_obtained":[{"floor":2,"key":"PowerPotion"},{"floor":10,"key":"Languid Potion"},{"floor":14,"key":"BlessingOfTheForge"}],"is_trial":false,"path_per_floor":["M","M","?","?","M","R","E","?","T","M","?","$","M","M","R_BF","B"],"character_chosen":"CHRONO_CLASS","items_purchased":["LockedThread","PrimeTime"],"campfire_rested":0,"item_purchase_floors":[12,12],"current_hp_per_floor":[65,65,70,70,70,70,37,37,37,37,37,37,37,24,24,0,0],"gold":107,"neow_bonus":"THREE_ENEMY_KILL","is_daily":false,"chose_seed":false,"campfire_upgraded":1,"win_rate":0.0,"timestamp":1613151390,"path_taken":["M","M","?","?","M","R","E","?","T","?","?","$","M","?","R_BF","BOSS"],"items_purchased_type":["Card","Card"],"build_version":"2020-12-22","purchased_purges":0,"victory":false,"max_hp_per_floor":[65,65,70,70,70,70,52,52,52,52,52,52,52,52,52,52,52],"card_choices":[{"not_picked":["HandsUpC","ReapSow"],"picked":"Tempo","floor":1},{"not_picked":["BiteCommand","VestedLegacy","Parity"],"picked":"SKIP","floor":2},{"not_picked":["BiteCommand","LockedAnchor","FormalWear"],"picked":"SKIP","floor":5},{"not_picked":["LockedBlood","Tempo"],"picked":"SlimeSpray","floor":7},{"not_picked":["TiringSlam","HandsUpB"],"picked":"LockedAnchor","floor":10},{"not_picked":["Chronoelasticity","HandsUpC","Goo"],"picked":"SKIP","floor":13},{"not_picked":["Recurrance","Engulf","HandsUpC"],"picked":"SKIP","floor":14}],"player_experience":72826,"relics_obtained":[{"floor":7,"key":"infinitespire:Lychee Nut"}],"event_choices":[{"cards_removed":["Defend_Br"],"damage_healed":0,"gold_gain":0,"player_choice":"Forget","damage_taken":0,"max_hp_gain":0,"max_hp_loss":0,"event_name":"Living Wall","floor":8,"gold_loss":0},{"damage_healed":0,"gold_gain":0,"player_choice":"2 cards matched","damage_taken":0,"max_hp_gain":0,"max_hp_loss":0,"event_name":"Match and Keep!","floor":11,"gold_loss":0,"cards_obtained":["SecondHand","LockedMawBank"]}],"is_beta":false,"boss_relics":[],"items_purged_floors":[],"is_endless":false,"potions_floor_spawned":[2,10,14],"killed_by":"The Guardian","ascension_level":0}}