{"host":"kh6fvhxn285ncg0o","time":1613168173,"event":{"mods":["Act Like it!","BaseMod","Colored Map","Friendly Minions","Keyboard Shortcuts","Minty Spire (QoL Compilation)","Quick Restart","Relic Stats","StSLib","SuperFastMode","UnlockEverythingMod"],"gold_per_floor":[112,387,62,75,94,94,112,147,193,193,209,234,234,253,253,325,325,339,264,277,277,277,277,309,309,309,319,351,361,391,407,407,407,407],"floor_reached":33,"language":"KOR","playtime":771,"items_purged":["Regret"],"score":834,"play_id":"7ffb7f66-b743-4281-8cf6-f75392a7a7bf","local_time":"20210213071613","is_ascension_mode":true,"campfire_choices":[{"data":"Bludgeon","floor":6,"key":"SMITH"},{"floor":10,"key":"REST"},{"data":"Fire Breathing","floor":13,"key":"SMITH"},{"data":"Battle Trance","floor":15,"key":"SMITH"},{"data":"Immolate","floor":23,"key":"SMITH"},{"data":"Rage","floor":25,"key":"SMITH"},{"floor":32,"key":"REST"}],"circlet_count":0,"master_deck":["AscendersBane","Bash","Reckless Charge","Limit Break","Battle Trance+1","Reaper","Blood for Blood","Warcry","Perfected Strike","Bludgeon+1","Sentinel","Fire Breathing+1","Dark Embrace","Immolate+1","Rage+1","Evolve","Shrug It Off","Feel No Pain","Combust"],"relics":["Pandora\u0027s Box","TungstenRod","Ornamental Fan","Pen Nib","Toy Ornithopter","Runic Dome","Paper Frog","Bird Faced Urn","Vajra"],"acts_visited":["Exordium","TheCity"],"potions_floor_usage":[12,16,24,28,30,30],"damage_taken":[{"damage":12,"enemies":"Jaw Worm","floor":1,"turns":3},{"damage":1,"enemies":"Cultist","floor":4,"turns":2},{"damage":10,"enemies":"2 Louse","floor":5,"turns":3},{"damage":18,"enemies":"Large Slime","floor":7,"turns":4},{"damage":32,"enemies":"3 Sentries","floor":8,"turns":4},{"damage":24,"enemies":"Gremlin Gang","floor":11,"turns":4},{"damage":0,"enemies":"Lagavulin","floor":12,"turns":3},{"damage":0,"enemies":"Looter","floor":14,"turns":1},{"damage":7,"enemies":"Slime Boss","floor":16,"turns":4},{"damage":7,"enemies":"Spheric Guardian","floor":18,"turns":3},{"damage":9,"enemies":"3 Byrds","floor":20,"turns":4},{"damage":28,"enemies":"Slavers","floor":24,"turns":2},{"damage":0,"enemies":"Cultist and Chosen","floor":27,"turns":3},{"damage":0,"enemies":"Gremlin Leader","floor":28,"turns":3},{"damage":9,"enemies":"Snake Plant","floor":29,"turns":2},{"damage":48,"enemies":"Book of Stabbing","floor":30,"turns":4},{"damage":0,"enemies":"3 Cultists","floor":31,"turns":4},{"damage":62,"enemies":"Collector","floor":33,"turns":5}],"seed_played":"-3174925715173159784","potions_obtained":[{"floor":4,"key":"LiquidMemories"},{"floor":7,"key":"FearPotion"},{"floor":11,"key":"Fruit Juice"},{"floor":12,"key":"SteroidPotion"},{"floor":16,"key":"FairyPotion"},{"floor":20,"key":"DuplicationPotion"},{"floor":24,"key":"Swift Potion"},{"floor":27,"key":"SteroidPotion"},{"floor":29,"key":"Fire Potion"}],"is_trial":false,"path_per_floor":["M","?","$","M","M","R","M","E","T","R","M","E","R","M","R","B",null,"M","$","M","?","?","R","E","R","T","M","E","M","E","M","R","B"],"character_chosen":"IRONCLAD","items_purchased":["TungstenRod"],"campfire_rested":2,"item_purchase_floors":[3],"current_hp_per_floor":[62,62,62,61,51,51,39,19,19,41,25,25,25,25,25,28,67,60,60,51,51,51,51,28,28,28,32,37,30,3,21,45,0,0],"gold":407,"neow_bonus":"BOSS_RELIC","is_daily":false,"chose_seed":false,"campfire_upgraded":5,"win_rate":0.0,"timestamp":1613168173,"path_taken":["M","?","$","M","?","R","M","E","T","R","M","E","R","M","R","BOSS","M","$","M","?","?","R","E","R","T","?","E","M","E","M","R","BOSS"],"items_purchased_type":["Relic"],"build_version":"2020-12-22","purchased_purges":1,"victory":false,"max_hp_per_floor":[75,75,75,75,75,75,75,75,75,75,75,75,75,75,75,80,80,80,80,80,80,80,80,80,80,80,80,80,80,80,80,80,80,80],"relic_stats":{"counters":[18,58],"Ornamental Fan":[16],"Bird Faced Urn":[22],"Pandora\u0027s Box":["Reckless Charge","Limit Break","Battle Trance","Reaper","Blood for Blood","Warcry","Perfected Strike","Bludgeon","Sentinel"],"Pen Nib":[5],"obtain_stats":[{"Runic Dome":17,"Ornamental Fan":8,"Bird Faced Urn":28,"Vajra":30,"Pandora\u0027s Box":0,"Pen Nib":9,"Burning Blood":0,"TungstenRod":3,"Toy Ornithopter":12,"Paper Frog":24},{"Runic Dome":9,"Ornamental Fan":5,"Bird Faced Urn":14,"Vajra":16,"Pandora\u0027s Box":0,"Pen Nib":5,"Burning Blood":0,"TungstenRod":1,"Toy Ornithopter":7,"Paper Frog":12},{"Runic Dome":28,"Ornamental Fan":16,"Bird Faced Urn":43,"Vajra":49,"Pandora\u0027s Box":0,"Pen Nib":16,"Burning Blood":0,"TungstenRod":3,"Toy Ornithopter":23,"Paper Frog":37}],"TungstenRod":47,"Toy Ornithopter":25},"card_choices":[{"not_picked":["Ghostly Armor","Seeing Red"],"picked":"Fire Breathing","floor":4},{"not_picked":["Flame Barrier","Armaments"],"picked":"Dark Embrace","floor":7},{"not_picked":["Hemokinesis","Headbutt","Battle Trance"],"picked":"SKIP","floor":8},{"not_picked":["Pummel","Body Slam","Entrench"],"picked":"SKIP","floor":11},{"not_picked":["Anger","Pommel Strike","Sword Boomerang"],"picked":"SKIP","floor":12},{"not_picked":["Clash","Uppercut","Perfected Strike"],"picked":"SKIP","floor":14},{"not_picked":["Bludgeon","Barricade"],"picked":"Immolate","floor":16},{"not_picked":["Twin Strike","Sever Soul"],"picked":"Rage","floor":18},{"not_picked":["Rage","Thunderclap"],"picked":"Evolve","floor":20},{"not_picked":["Demon Form","Uppercut","Twin Strike"],"picked":"SKIP","floor":24},{"not_picked":["Havoc+1","Flex","Clothesline+1"],"picked":"SKIP","floor":27},{"not_picked":["Anger","Dual Wield"],"picked":"Shrug It Off","floor":28},{"not_picked":["Rage","Infernal Blade","Clothesline"],"picked":"SKIP","floor":29},{"not_picked":["Spot Weakness","Wild Strike"],"picked":"Feel No Pain","floor":30},{"not_picked":["Sword Boomerang","Twin Strike"],"picked":"Combust","floor":31}],"player_experience":1375768,"relics_obtained":[{"floor":8,"key":"Ornamental Fan"},{"floor":9,"key":"Pen Nib"},{"floor":12,"key":"Toy Ornithopter"},{"floor":24,"key":"Paper Frog"},{"floor":28,"key":"Bird Faced Urn"},{"floor":30,"key":"Vajra"}],"event_choices":[{"damage_healed":0,"gold_gain":275,"player_choice":"Desecrate","damage_taken":0,"max_hp_gain":0,"max_hp_loss":0,"event_name":"Golden Shrine","floor":2,"gold_loss":0,"cards_obtained":["Regret"]},{"damage_healed":0,"gold_gain":0,"player_choice":"Ignored","damage_taken":0,"max_hp_gain":0,"max_hp_loss":0,"event_name":"Vampires","floor":21,"gold_loss":0},{"damage_healed":0,"gold_gain":0,"player_choice":"Got Potions","damage_taken":0,"max_hp_gain":0,"max_hp_loss":0,"event_name":"Lab","floor":22,"gold_loss":0}],"is_beta":false,"boss_relics":[{"not_picked":["Coffee Dripper","Black Star"],"picked":"Runic Dome"}],"items_purged_floors":[19],"is_endless":false,"potions_floor_spawned":[4,7,11,12,16,20,24,27,29],"killed_by":"Collector","ascension_level":20}}