{"host":"s2ap0bnrs90y0f0j","time":1613172498,"event":{"mods":["BaseMod","Minty Spire (QoL Compilation)","Robot Space Explorer","StSLib","TheBandit"],"gold_per_floor":[113,127,52,132,82,82,109,125,150,161,190,205,205,216,216,318,318,329,329,54,54,64,64,0,0,27,27,27,42,75,92,92,197,197,216,216,216,231,191,191,222,232,232,258,82,82,82,82,82,82],"floor_reached":51,"language":"ENG","playtime":3989,"items_purged":["RobotSpaceExplorer:Defend","RobotSpaceExplorer:Strike"],"score":779,"play_id":"63d97f97-59aa-482e-a2db-adcd8a8282e4","local_time":"20210212182818","is_ascension_mode":true,"campfire_choices":[{"data":"RobotSpaceExplorer:Fix","floor":6,"key":"SMITH"},{"data":"RobotSpaceExplorer:Pulsar","floor":13,"key":"SMITH"},{"data":"RobotSpaceExplorer:Pulsar","floor":15,"key":"SMITH"},{"data":"RobotSpaceExplorer:Blaster","floor":23,"key":"SMITH"},{"data":"RobotSpaceExplorer:MiniLasers","floor":25,"key":"SMITH"},{"data":"RobotSpaceExplorer:Defend","floor":27,"key":"SMITH"},{"floor":32,"key":"REST"},{"data":"RobotSpaceExplorer:Comet","floor":40,"key":"SMITH"},{"data":"RobotSpaceExplorer:MiniBoosters","floor":46,"key":"SMITH"},{"data":"RobotSpaceExplorer:Scanner","floor":49,"key":"SMITH"}],"circlet_count":0,"master_deck":["RobotSpaceExplorer:Strike+1","RobotSpaceExplorer:Defend+1","RobotSpaceExplorer:Defend+1","RobotSpaceExplorer:Scan+1","RobotSpaceExplorer:MiniLasers+1","RobotSpaceExplorer:Fix+1","RobotSpaceExplorer:Pulsar+1","RobotSpaceExplorer:Pulsar+1","RobotSpaceExplorer:Blaster+1","RobotSpaceExplorer:FreezeRay","RobotSpaceExplorer:FreezeRay","RobotSpaceExplorer:Smokescreen","RobotSpaceExplorer:Comet+1","RobotSpaceExplorer:FranticSearch+1","RobotSpaceExplorer:StarLightning+1","RobotSpaceExplorer:StunGrenade+1","RobotSpaceExplorer:ScrapToss","RobotSpaceExplorer:Scanner+1","RobotSpaceExplorer:MiniBoosters+1"],"relics":["RobotSpaceExplorer:RoboCore","Mercury Hourglass","Anchor","RobotSpaceExplorer:ClockworkSextant","War Paint","Runic Pyramid","Mummified Hand","Nunchaku","Boot","RobotSpaceExplorer:SearchSpecs","Prayer Wheel","Whetstone","Thread and Needle","Du-Vu Doll"],"acts_visited":["Exordium","TheCity","TheBeyond"],"potions_floor_usage":[19,35,42,50,50],"damage_taken":[{"damage":1,"enemies":"Cultist","floor":1,"turns":3},{"damage":1,"enemies":"Small Slimes","floor":2,"turns":5},{"damage":20,"enemies":"Gremlin Nob","floor":7,"turns":4},{"damage":0,"enemies":"2 Louse","floor":8,"turns":2},{"damage":4,"enemies":"Lots of Slimes","floor":10,"turns":3},{"damage":11,"enemies":"Lagavulin","floor":11,"turns":9},{"damage":0,"enemies":"3 Louse","floor":12,"turns":4},{"damage":5,"enemies":"Blue Slaver","floor":14,"turns":3},{"damage":48,"enemies":"Hexaghost","floor":16,"turns":11},{"damage":0,"enemies":"Shell Parasite","floor":18,"turns":6},{"damage":0,"enemies":"3 Byrds","floor":19,"turns":2},{"damage":21,"enemies":"Snecko","floor":22,"turns":7},{"damage":1,"enemies":"Centurion and Healer","floor":29,"turns":6},{"damage":35,"enemies":"Book of Stabbing","floor":30,"turns":6},{"damage":0,"enemies":"Cultist and Chosen","floor":31,"turns":5},{"damage":16,"enemies":"Champ","floor":33,"turns":9},{"damage":18,"enemies":"3 Darklings","floor":35,"turns":4},{"damage":2,"enemies":"Orb Walker","floor":38,"turns":4},{"damage":14,"enemies":"Reptomancer","floor":41,"turns":5},{"damage":9,"enemies":"Transient","floor":42,"turns":5},{"damage":0,"enemies":"Nemesis","floor":44,"turns":6},{"damage":14,"enemies":"Time Eater","floor":50,"turns":11}],"seed_played":"-8332672569343304207","potions_obtained":[{"floor":7,"key":"SmokeBomb"},{"floor":8,"key":"FearPotion"},{"floor":22,"key":"Dexterity Potion"},{"floor":29,"key":"SpeedPotion"},{"floor":30,"key":"AttackPotion"},{"floor":35,"key":"EntropicBrew"},{"floor":42,"key":"AttackPotion"}],"is_trial":false,"path_per_floor":["M","M","$","T","?","R","E","M","T","M","E","M","R","M","R","B",null,"M","M","$","?","M","R","?","R","T","R","?","M","E","M","R","B",null,"M","T","?","M","$","R","E","M","T","E","$","R","?","?","R","B",null],"character_chosen":"RobotSpaceExplorer","items_purchased":["Mummified Hand","RobotSpaceExplorer:FreezeRay","RobotSpaceExplorer:ScrapToss","RobotSpaceExplorer:MiniBoosters"],"campfire_rested":1,"item_purchase_floors":[20,20,39,45],"current_hp_per_floor":[81,80,80,80,80,80,62,68,68,70,65,71,71,72,72,30,82,82,82,82,82,67,67,67,67,67,67,67,72,43,49,73,63,82,64,64,64,68,68,68,60,57,57,63,63,63,63,63,63,55],"gold":82,"neow_bonus":"TEN_PERCENT_HP_BONUS","is_daily":false,"chose_seed":false,"campfire_upgraded":9,"win_rate":0.0,"timestamp":1613172498,"path_taken":["M","M","$","?","?","R","E","M","T","M","E","M","R","M","R","BOSS","M","M","$","?","?","R","?","R","T","R","?","M","E","M","R","BOSS","M","?","?","?","$","R","E","M","T","E","$","R","?","?","R","BOSS"],"items_purchased_type":["Relic","Card","Card","Card"],"build_version":"2020-12-22","purchased_purges":2,"victory":true,"max_hp_per_floor":[82,82,82,82,82,82,82,82,82,82,82,82,82,82,82,82,82,82,82,82,82,82,82,82,82,82,82,82,82,82,82,82,82,82,82,82,82,82,82,82,82,82,82,82,82,82,82,82,82,82],"card_choices":[{"not_picked":["RobotSpaceExplorer:ShockKick","RobotSpaceExplorer:SurgingStrike","RobotSpaceExplorer:Calculate"],"picked":"SKIP","floor":1},{"not_picked":["RobotSpaceExplorer:SlimeMissile","RobotSpaceExplorer:MakeshiftVolley"],"picked":"RobotSpaceExplorer:Fix","floor":2},{"not_picked":["RobotSpaceExplorer:MetalStrike","RobotSpaceExplorer:PowerCollector"],"picked":"RobotSpaceExplorer:Pulsar","floor":7},{"not_picked":["RobotSpaceExplorer:Calculate","RobotSpaceExplorer:SurgingShield"],"picked":"RobotSpaceExplorer:Pulsar","floor":8},{"not_picked":["RobotSpaceExplorer:ScrapToss","RobotSpaceExplorer:GearShield","RobotSpaceExplorer:ImprovisedAttack"],"picked":"SKIP","floor":10},{"not_picked":["RobotSpaceExplorer:GlueShot","RobotSpaceExplorer:ShovelStrike","RobotSpaceExplorer:FrostMissile"],"picked":"SKIP","floor":11},{"not_picked":["RobotSpaceExplorer:LuckyStrike","RobotSpaceExplorer:Arsenal","RobotSpaceExplorer:Electropulse"],"picked":"SKIP","floor":12},{"not_picked":["RobotSpaceExplorer:SwiftStep","RobotSpaceExplorer:ImprovisedAttack","RobotSpaceExplorer:FranticSearch"],"picked":"SKIP","floor":14},{"not_picked":["RobotSpaceExplorer:Autoloader","RobotSpaceExplorer:Multitool"],"picked":"RobotSpaceExplorer:Blaster","floor":16},{"not_picked":["RobotSpaceExplorer:Counterblock","RobotSpaceExplorer:Ammunition+1","RobotSpaceExplorer:DoubleBlock+1"],"picked":"SKIP","floor":18},{"not_picked":["RobotSpaceExplorer:ScrapMissile","RobotSpaceExplorer:ShovelStrike","RobotSpaceExplorer:FranticSearch"],"picked":"SKIP","floor":22},{"not_picked":["RobotSpaceExplorer:Probe","RobotSpaceExplorer:ShovelStrike","RobotSpaceExplorer:SurgingStrike"],"picked":"SKIP","floor":29},{"not_picked":["RobotSpaceExplorer:FranticSearch","RobotSpaceExplorer:TrailblazerForm"],"picked":"RobotSpaceExplorer:Smokescreen","floor":30},{"not_picked":["RobotSpaceExplorer:ImprovisedAttack","RobotSpaceExplorer:SurgingStrike","RobotSpaceExplorer:SwiftStep"],"picked":"SKIP","floor":31},{"not_picked":["RobotSpaceExplorer:Exploration","RobotSpaceExplorer:Accelerator"],"picked":"RobotSpaceExplorer:Comet","floor":33},{"not_picked":["RobotSpaceExplorer:PlasmaMissile+1","RobotSpaceExplorer:LuckyStrike+1"],"picked":"RobotSpaceExplorer:FranticSearch+1","floor":35},{"not_picked":["RobotSpaceExplorer:Probe","RobotSpaceExplorer:Electropulse"],"picked":"RobotSpaceExplorer:StarLightning+1","floor":38},{"not_picked":["RobotSpaceExplorer:MiniDrones+1","RobotSpaceExplorer:MetalStrike+1"],"picked":"RobotSpaceExplorer:StunGrenade","floor":38},{"not_picked":["RobotSpaceExplorer:Probe","RobotSpaceExplorer:SlimeMissile","RobotSpaceExplorer:Electropulse"],"picked":"SKIP","floor":41},{"not_picked":["RobotSpaceExplorer:MetalStrike+1","RobotSpaceExplorer:Ammunition+1"],"picked":"RobotSpaceExplorer:Scanner","floor":42},{"not_picked":["RobotSpaceExplorer:ShockKick","RobotSpaceExplorer:SwiftStep","RobotSpaceExplorer:SurgingShield+1"],"picked":"SKIP","floor":42},{"not_picked":["RobotSpaceExplorer:Fix+1","RobotSpaceExplorer:ToxicBomb","RobotSpaceExplorer:ChargingLaser"],"picked":"SKIP","floor":44}],"player_experience":538256,"relics_obtained":[{"floor":4,"key":"Mercury Hourglass"},{"floor":7,"key":"Anchor"},{"floor":9,"key":"RobotSpaceExplorer:ClockworkSextant"},{"floor":11,"key":"War Paint"},{"floor":26,"key":"Nunchaku"},{"floor":30,"key":"Boot"},{"floor":36,"key":"Prayer Wheel"},{"floor":41,"key":"Whetstone"},{"floor":43,"key":"Thread and Needle"},{"floor":44,"key":"Du-Vu Doll"}],"event_choices":[{"cards_removed":["RobotSpaceExplorer:Strike"],"damage_healed":0,"gold_gain":0,"player_choice":"Card Removal","damage_taken":0,"max_hp_gain":0,"max_hp_loss":0,"event_name":"The Cleric","floor":5,"gold_loss":50},{"damage_healed":0,"gold_gain":0,"player_choice":"Copied","damage_taken":0,"max_hp_gain":0,"max_hp_loss":0,"event_name":"Duplicator","floor":21,"gold_loss":0,"cards_obtained":["RobotSpaceExplorer:FreezeRay"]},{"damage_healed":0,"gold_gain":0,"player_choice":"Paid Fearfully","damage_taken":0,"max_hp_gain":0,"max_hp_loss":0,"event_name":"Masked Bandits","floor":24,"gold_loss":64},{"cards_removed":["RobotSpaceExplorer:Defend"],"damage_healed":0,"gold_gain":0,"player_choice":"Purged","damage_taken":0,"max_hp_gain":0,"max_hp_loss":0,"event_name":"Purifier","floor":28,"gold_loss":0},{"damage_healed":0,"gold_gain":0,"player_choice":"Got Potions","damage_taken":0,"max_hp_gain":0,"max_hp_loss":0,"event_name":"Lab","floor":37,"gold_loss":0},{"damage_healed":0,"gold_gain":0,"player_choice":"Memory 1","damage_taken":0,"max_hp_gain":0,"max_hp_loss":0,"event_name":"SensoryStone","floor":47,"gold_loss":0},{"cards_removed":["RobotSpaceExplorer:Strike"],"damage_healed":0,"gold_gain":0,"player_choice":"Offered Basic","damage_taken":0,"max_hp_gain":0,"max_hp_loss":0,"event_name":"Bonfire Elementals","floor":48,"gold_loss":0}],"is_beta":false,"boss_relics":[{"not_picked":["Calling Bell","Fusion Hammer"],"picked":"Runic Pyramid"},{"not_picked":["Sozu","Busted Crown"],"picked":"RobotSpaceExplorer:SearchSpecs"}],"items_purged_floors":[3,45],"is_endless":false,"potions_floor_spawned":[7,8,19,22,29,30,35,42,44],"ascension_level":2}}