{"host":"orwsrz1cc0wttjjy","time":1613135996,"event":{"mods":["100% Spire Juice","2.2 Compatiblity","AchievementEnabler","Act Like it!","Arknights","Astrologer","BaseMod","Better Altar","Better Match","Better Skull","Better Third Choice","BetterRewards","CapriCore","ChefMod","Colored Map","Colored Powertips","Conspire","DeckTracker","Friendly Minions","Halation","Hermit","Hubris","Infinite Spire","Mimic Mod","Minty Spire (QoL Compilation)","MostiFishMod","Permanent Neow","Puzzle Mod","Relic Sorter","Relic Stats","Robot Space Explorer","Shop Mod","Spicy Shops","Spire Arcade","StSLib","Td1madao Mod","The Accelerator","The Animator","The Cursed","The Gatherer","The Hierophant","The Marked","The Poker Player","The Runesmith","Treasure Hunter","everything is the same but u backflip on backflip"],"gold_per_floor":[238,249,265,265,265,265,300,310,336,371,386,386,404,54,54,150,150,165,165,165,6,6,19,19,19,19,33,33,44,44,64,64,168,168,188,202,252,252,252,452,467,482,582,582],"floor_reached":43,"language":"KOR","playtime":2583,"items_purged":[],"score":455,"play_id":"00013b2b-a60d-4c99-ad4f-7f55ac4524f7","local_time":"20210212221956","is_ascension_mode":false,"campfire_choices":[{"floor":6.0,"key":"REST"},{"floor":12.0,"key":"REST"},{"data":"ats:Ignite","floor":15.0,"key":"SMITH"},{"floor":25.0,"key":"REST"},{"floor":28.0,"key":"REST"},{"floor":30.0,"key":"REST"},{"data":"ats:Mental Burst","floor":32,"key":"SMITH"},{"data":"ats:Roar Of Ursus","floor":40,"key":"SMITH"}],"circlet_count":0,"master_deck":["ats:Strike C+1","ats:Strike S","ats:Strike V+1","ats:Armor Crushing Shot","ats:Defend","ats:Defend","ats:Emotion Absorption","ats:Absolute Focus","ats:Very Hot Blade","ats:Ignite+1","conspire:PoisonWeapons+1","TH:DeckOfManyThings","ats:Revitalization","ats:Very Hot Blade","TH:DeckOfManyThings","ats:Mental Burst+1","ats:Chain Hook","ats:Poison Spread","ats:Curse Doll","TH:DeckOfManyThings","ats:Roar Of Ursus+1","ats:Phantom+1","ats:Guardian Obelisk+1","ats:Healing Strengthening+1","ats:Curse Doll+1","ats:Ignite","ats:Song Of Battle","ats:Steam Pump","ats:Sunburst","ats:Counter Healing Mode+1","ats:Echo Reverb+1","ats:Cat Scratch+1","ats:Part Time Job","hubris:Greed","ats:Shell Defense+1","ats:Poison Spread+1","ats:Very Hot Blade+1"],"relics":["ats:Sanity","hubris:Icosahedron","DaveBox","Nunchaku","JellyFishMachine","SynthV:TestCard","Bag of Preparation","hubris:Towel","ats:Originium","ats:Berate","hubris:MobiusCoin","hubris:64BitClover","Happy Flower","Bloody Idol","MerchantsRug","hubris:MysteriousPyramids","Lantern","NightmareShop","DaCapo"],"acts_visited":["Exordium","TheCity","TheBeyond"],"potions_floor_usage":[],"damage_taken":[{"damage":2.0,"enemies":"Small Slimes","floor":1.0,"turns":4.0},{"damage":0.0,"enemies":"2 Louse","floor":2.0,"turns":3.0},{"damage":1.0,"enemies":"Jaw Worm","floor":3.0,"turns":4.0},{"damage":10.0,"enemies":"Gremlin Nob","floor":7.0,"turns":3.0},{"damage":3.0,"enemies":"Red Slaver","floor":8.0,"turns":4.0},{"damage":24.0,"enemies":"conspire:MimicChest","floor":10.0,"turns":3.0},{"damage":0.0,"enemies":"Blue Slaver","floor":11.0,"turns":1.0},{"damage":0.0,"enemies":"Large Slime","floor":13.0,"turns":4.0},{"damage":26.0,"enemies":"Slime Boss","floor":16.0,"turns":5.0},{"damage":30.0,"enemies":"Spheric Guardian","floor":18.0,"turns":4.0},{"damage":21.0,"enemies":"3 Byrds","floor":23.0,"turns":4.0},{"damage":32.0,"enemies":"3 Cultists","floor":27.0,"turns":5.0},{"damage":36.0,"enemies":"Shelled Parasite and Fungi","floor":29.0,"turns":5.0},{"damage":27,"enemies":"Sentry and Sphere","floor":31,"turns":5},{"damage":34,"enemies":"hubris:MusketHawk","floor":33,"turns":6},{"damage":31,"enemies":"3 Shapes","floor":35,"turns":3},{"damage":28,"enemies":"Orb Walker","floor":36,"turns":4},{"damage":45,"enemies":"Mind Bloom Boss Battle","floor":37,"turns":10},{"damage":11,"enemies":"Sphere and 2 Shapes","floor":41,"turns":4},{"damage":53,"enemies":"Transient","floor":42,"turns":5},{"damage":24,"enemies":"4 Shapes","floor":43,"turns":4}],"seed_played":"-1468694558669623451","potions_obtained":[{"floor":2.0,"key":"Explosive Potion"},{"floor":7.0,"key":"ats:Burn Small Potion"},{"floor":10.0,"key":"ats:Burn Big Potion"},{"floor":29.0,"key":"SteroidPotion"},{"floor":31,"key":"SteroidPotion"},{"floor":35,"key":"ats:Burn Big Potion"},{"floor":36,"key":"ats:Burn Small Potion"}],"is_trial":false,"path_per_floor":["M","M","M","?","?","R","E","M","T","?","M","R","M","$","R","B",null,"M","?","?","$","?","M","$","R","T","M","R","M","R","M","R","B",null,"M","M","?","?","?","R","M","M","MIM"],"character_chosen":"DOCTOR_CLASS","items_purchased":["hubris:64BitClover","Happy Flower","ats:Curse Doll","MerchantsRug","ats:Ignite"],"campfire_rested":5,"item_purchase_floors":[14,14,14,21,21],"current_hp_per_floor":[70,70,69,42,42,63,53,53,53,31,33,54,59,59,59,33,72,46,10,10,20,20,16,16,37,37,19,40,43,64,45,45,18,72,48,31,18,63,63,63,63,17,0,0],"gold":582,"neow_bonus":"RANDOM_COMMON_RELIC","is_daily":false,"chose_seed":false,"campfire_upgraded":3,"win_rate":0.0,"timestamp":1613135996,"path_taken":["M","M","M","?","?","R","E","M","T","?","M","R","?","?","R","BOSS","M","?","?","$","?","M","?","R","T","M","R","M","R","?","R","BOSS","M","M","?","?","?","R","M","M","MIM"],"items_purchased_type":["Relic","Relic","Card","Relic","Card"],"build_version":"2020-12-22","purchased_purges":0,"victory":false,"max_hp_per_floor":[72,72,72,72,72,72,72,72,72,72,72,72,72,72,72,72,72,72,72,72,72,72,72,72,72,72,72,72,72,72,72,72,72,72,72,72,72,63,63,63,63,63,63,63],"relic_stats":{"Nunchaku":[20],"Happy Flower":[21],"counters":[21,90],"Bloody Idol":85,"Bag of Preparation":[37],"obtain_stats":[{"hubris:MobiusCoin":10,"MerchantsRug":21,"Lantern":33,"DaveBox":0,"Happy Flower":14,"JellyFishMachine":0,"hubris:64BitClover":14,"Astrolabe":17,"Bag of Preparation":4,"Whetstone":9,"hubris:Towel":5,"hubris:MysteriousPyramids":26,"Nunchaku":0,"SynthV:TestCard":1,"hubris:Icosahedron":22,"ats:Originium":7,"NightmareShop":34,"ats:Berate":7,"Bloody Idol":19,"DaCapo":37,"ats:Sanity":0},{"hubris:MobiusCoin":6,"MerchantsRug":10,"Lantern":15,"DaveBox":0,"Happy Flower":8,"JellyFishMachine":0,"hubris:64BitClover":8,"Astrolabe":9,"Bag of Preparation":3,"Whetstone":5,"hubris:Towel":3,"hubris:MysteriousPyramids":11,"Nunchaku":0,"SynthV:TestCard":1,"hubris:Icosahedron":10,"ats:Originium":4,"NightmareShop":15,"ats:Berate":4,"Bloody Idol":10,"DaCapo":18,"ats:Sanity":0},{"hubris:MobiusCoin":21,"MerchantsRug":35,"Lantern":60,"DaveBox":0,"Happy Flower":26,"JellyFishMachine":0,"hubris:64BitClover":26,"Astrolabe":31,"Bag of Preparation":11,"Whetstone":18,"hubris:Towel":11,"hubris:MysteriousPyramids":39,"Nunchaku":0,"SynthV:TestCard":4,"hubris:Icosahedron":35,"ats:Originium":14,"NightmareShop":60,"ats:Berate":14,"Bloody Idol":35,"DaCapo":77,"ats:Sanity":0}]},"card_choices":[{"not_picked":["ats:Assault Order","ats:Revitalization"],"picked":"ats:Absolute Focus","floor":1.0},{"not_picked":["ats:Shell Defense","ats:Leaping Hammer","ats:Apocalypse","ats:Absolute Focus"],"picked":"ats:Very Hot Blade","floor":2.0},{"not_picked":["ats:Apocalypse","ats:Serious Mode","ats:Guard Mode","ats:Cat Scratch"],"picked":"ats:Ignite","floor":3.0},{"not_picked":["TH:BikiniMail","TH:ArmorSpikes","TH:CursedSword"],"picked":"TH:DeckOfManyThings","floor":7.0},{"not_picked":["ats:Healing Strengthening","ats:Beaten Up","ats:Flexible Camouflage","ats:Directed Diagnosis"],"picked":"ats:Revitalization","floor":7.0},{"not_picked":["ats:Guard Mode","ats:Spore Proliferation","ats:Hammer On","ats:Composite Medical Shells"],"picked":"ats:Very Hot Blade","floor":8.0},{"not_picked":["TH:ElvenBoots","TH:CursedSword","TH:Mimic"],"picked":"TH:DeckOfManyThings","floor":9.0},{"not_picked":["ats:Consecutive Shot Auto","ats:Song Of Battle","ats:Dogmatic Field","ats:Poison Spread"],"picked":"ats:Mental Burst","floor":10.0},{"not_picked":["ats:Cat Scratch","ats:Closed Bolt Burst Fire","ats:Defend Order","ats:Curse Doll"],"picked":"ats:Chain Hook","floor":11.0},{"not_picked":["ats:Assault Order","ats:Dogmatic Field","ats:Rapid Magazine","ats:Flexible Camouflage"],"picked":"ats:Poison Spread","floor":13.0},{"not_picked":["TH:ElvenBoots","TH:Mimic","TH:ArmorSpikes"],"picked":"TH:DeckOfManyThings","floor":16.0},{"not_picked":["ats:True Silver Slash","ats:Nebulous Foxfire","ats:Durian","ats:Soul Rend"],"picked":"ats:Roar Of Ursus","floor":16.0},{"not_picked":["ats:Spore Proliferation","ats:Guardian Obelisk","ats:Shadow Raid","ats:Red Shift+1"],"picked":"ats:Curse Doll+1","floor":18.0},{"not_picked":["ats:Flexible Camouflage","ats:Very Hot Blade","ats:Consecutive Shot Auto","ats:Leaping Hammer+1"],"picked":"ats:Song Of Battle","floor":23.0},{"not_picked":["TH:BikiniMail","TH:ElvenBoots","TH:TreasureMap","TH:CopperCoins"],"picked":"SKIP","floor":26.0},{"not_picked":["ats:Guardian Obelisk","ats:Flame Of Heaven","ats:Closed Bolt Burst Fire","ats:Rapid Magazine+1"],"picked":"ats:Steam Pump","floor":27.0},{"not_picked":["ats:Steam Pump+1","ats:Guard Mode+1","ats:Closed Bolt Burst Fire","ats:Assault Order"],"picked":"ats:Sunburst","floor":29.0},{"not_picked":["ats:Powerful Strike","ats:Flame Of Heaven","ats:Very Hot Blade","ats:Spore Proliferation"],"picked":"ats:Counter Healing Mode+1","floor":31},{"not_picked":["ats:Rat Pack","ats:Dogmatic Field","ats:Nebulous Foxfire","ats:Durian"],"picked":"ats:Echo Reverb","floor":33},{"not_picked":["ats:Curse Doll","ats:Red Shift+1","ats:Consecutive Shot Auto+1","ats:Flame Of Heaven+1"],"picked":"ats:Cat Scratch+1","floor":35},{"not_picked":["ats:Roar Of Ursus","ats:Closed Bolt Burst Fire","ats:Hammer On+1","ats:Guard Mode"],"picked":"ats:Part Time Job","floor":36},{"not_picked":["ats:Fractured Body","ats:Curse Doll","ats:Poison Spread","ats:Part Time Job"],"picked":"ats:Shell Defense+1","floor":37},{"not_picked":["ats:Revitalization","ats:Explosion Area Strengthen","ats:Hammer On","ats:Consecutive Shot Auto"],"picked":"ats:Poison Spread+1","floor":41},{"not_picked":["ats:Hammer On","ats:Explosion Area Strengthen+1","ats:Revitalization","ats:Powerful Strike"],"picked":"ats:Very Hot Blade+1","floor":42}],"player_experience":330693,"relics_obtained":[{"floor":1.0,"key":"SynthV:TestCard"},{"floor":7.0,"key":"ats:Originium"},{"floor":7.0,"key":"ats:Berate"},{"floor":9.0,"key":"Whetstone"},{"floor":10.0,"key":"hubris:MobiusCoin"},{"floor":26.0,"key":"hubris:MysteriousPyramids"},{"floor":33,"key":"Lantern"},{"floor":37,"key":"DaCapo"}],"event_choices":[{"damage_healed":0.0,"max_hp_gain":46.0,"max_hp_loss":10.0,"gold_gain":0.0,"event_name":"betterAltar:BetterAltar","player_choice":" Idol ","floor":19.0,"potions_obtained":[],"relics_lost":[],"gold_loss":0.0,"damage_taken":36.0,"relics_obtained":["Bloody Idol"]},{"damage_healed":0.0,"max_hp_gain":0.0,"max_hp_loss":0.0,"gold_gain":0.0,"event_name":"conspire:Investor","player_choice":"Leave","floor":20.0,"gold_loss":0.0,"damage_taken":0.0},{"damage_healed":0,"gold_gain":0,"player_choice":"Fight","damage_taken":0,"max_hp_gain":0,"max_hp_loss":0,"event_name":"MindBloom","floor":37,"gold_loss":0},{"damage_healed":63,"gold_gain":0,"player_choice":"Heal","damage_taken":0,"max_hp_gain":0,"max_hp_loss":9,"event_name":"The Moai Head","floor":38,"gold_loss":0}],"is_beta":false,"boss_relics":[{"not_picked":["hubris:RunicObelisk","Coffee Dripper"],"picked":"Astrolabe"},{"not_picked":["Runic Pyramid","halation:PinkAlligatorPlush"],"picked":"NightmareShop"}],"items_purged_floors":[],"is_endless":false,"potions_floor_spawned":[2,7,10,29,31,35,36,41],"killed_by":"4 Shapes","ascension_level":0}}