{"host":"7gd7wzntdunlhduv","time":1613159600,"event":{"mods":["Aspiration","BaseMod","BetterRewards","Colored Powertips","Conspire","DeckTracker","Halation","Hubris","Minty Spire (QoL Compilation)","Quick Restart","StSLib","SuperFastMode","Trackpad"],"gold_per_floor":[117,127,127,127,143,170,170,181,181,196,196,196],"floor_reached":11,"language":"ENG","playtime":382,"items_purged":[],"score":75,"play_id":"6a86a818-1544-4846-85b9-bc5f4a1f6898","local_time":"20210212195320","is_ascension_mode":false,"campfire_choices":[{"floor":7,"key":"REST"}],"circlet_count":0,"master_deck":["Strike_R","Strike_R","Strike_R","Strike_R","Defend_R","Defend_R","Defend_R","Defend_R","Bash","Iron Wave","Sword Boomerang","Perfected Strike","Havoc","Heavy Blade"],"relics":["Burning Blood","aspiration:Nostalgia","PureWater","hubris:Towel","trackpad:GuardianSpirit","hubris:MysteriousPyramids"],"acts_visited":["Exordium"],"potions_floor_usage":[6],"damage_taken":[{"damage":12,"enemies":"Cultist","floor":1,"turns":5},{"damage":11,"enemies":"Jaw Worm","floor":2,"turns":3},{"damage":1,"enemies":"2 Louse","floor":5,"turns":3},{"damage":32,"enemies":"Lagavulin","floor":6,"turns":6},{"damage":18,"enemies":"Large Slime","floor":8,"turns":10},{"damage":10,"enemies":"Looter","floor":10,"turns":3},{"damage":0,"enemies":"3 Sentries","floor":11,"turns":1}],"seed_played":"-5511752397816626550","potions_obtained":[{"floor":2,"key":"SkillPotion"}],"is_trial":false,"path_per_floor":["M","M","?","?","M","E","R","M","T","M","E"],"character_chosen":"IRONCLAD","items_purchased":[],"campfire_rested":1,"item_purchase_floors":[],"current_hp_per_floor":[74,69,69,69,74,48,72,60,60,56,56,56],"gold":196,"neow_bonus":"NOSTALGIA","is_daily":false,"chose_seed":false,"campfire_upgraded":0,"win_rate":0.0,"timestamp":1613159600,"path_taken":["M","?","?","?","M","E","R","M","T","M","E"],"items_purchased_type":[],"build_version":"2020-12-22","purchased_purges":0,"victory":false,"max_hp_per_floor":[80,80,80,80,80,80,80,80,80,80,80,80],"card_choices":[{"not_picked":["Iron Wave","Flame Barrier","Clothesline"],"picked":"SKIP","floor":1},{"not_picked":["Twin Strike","Evolve"],"picked":"Iron Wave","floor":2},{"not_picked":["Carnage","Twin Strike"],"picked":"Perfected Strike","floor":5},{"not_picked":["Body Slam","Anger"],"picked":"Havoc","floor":6},{"not_picked":["Warcry","Shrug It Off"],"picked":"Heavy Blade","floor":8},{"not_picked":["Headbutt","Power Through","Wild Strike"],"picked":"SKIP","floor":10}],"player_experience":345871,"relics_obtained":[{"floor":6,"key":"trackpad:GuardianSpirit"},{"floor":9,"key":"hubris:MysteriousPyramids"}],"event_choices":[{"damage_healed":0,"gold_gain":0,"cards_transformed":["Strike_R"],"player_choice":"Change","damage_taken":0,"max_hp_gain":0,"max_hp_loss":0,"event_name":"Living Wall","floor":4,"gold_loss":0,"cards_obtained":["Sword Boomerang"]}],"is_beta":false,"boss_relics":[],"items_purged_floors":[],"is_endless":false,"potions_floor_spawned":[2,10],"killed_by":"3 Sentries","ascension_level":0}}