{"host":"8rgpnls124hwjv5t","time":1613164602,"event":{"mods":["BaseMod","Colored Map","Colored Powertips","DeckTracker","Highlight Path","Minty Spire (QoL Compilation)","Permanent Neow","Quick Restart","Relic Stats","Shop Mod","StSLib"],"gold_per_floor":[115,135,149,164,164,164,208,208,235,235,278,303,353,387,387,475,538,558,558,189,459,487,487,525,542,542,542,559,578,599,234,234,320,320,335,619,643,277,58,58,84,103,129,146,171,2,2,19,19,19],"floor_reached":51,"language":"ENG","playtime":2847,"items_purged":["Steam Power","Regret"],"score":1414,"play_id":"e435c2f1-65d4-4586-a7b0-bbab2e666144","local_time":"20210212161642","is_ascension_mode":true,"campfire_choices":[{"data":"Ball Lightning","floor":6,"key":"SMITH"},{"data":"Defragment","floor":8,"key":"SMITH"},{"data":"Leap","floor":10,"key":"SMITH"},{"data":"Rainbow","floor":15,"key":"SMITH"},{"floor":23,"key":"REST"},{"floor":27,"key":"REST"},{"data":"Defragment","floor":32,"key":"SMITH"},{"data":"Capacitor","floor":40,"key":"SMITH"},{"floor":47,"key":"REST"},{"floor":49,"key":"REST"}],"circlet_count":0,"master_deck":["AscendersBane","Zap","Dualcast","Auto Shields","Ball Lightning+1","Leap+1","Auto Shields","Defragment+1","Rainbow+1","Cold Snap","Ball Lightning","Biased Cognition+1","Static Discharge","Chaos","Multi-Cast","Darkness","White Noise","Cold Snap+1","Defragment+1","Heatsinks+1","Core Surge+1","Bandage Up","Electrodynamics","Creative AI","Capacitor+1"],"relics":["Cracked Core","Pocketwatch","CeramicFish","Pen Nib","Juzu Bracelet","Odd Mushroom","Pandora\u0027s Box","Membership Card","Lizard Tail","Red Mask","Dead Branch","Letter Opener","Oddly Smooth Stone","DataDisk","Lee\u0027s Waffle","Velvet Choker","Torii","Medical Kit","Whetstone","Singing Bowl","Turnip","Toy Ornithopter","Akabeko","Bronze Scales","Regal Pillow"],"acts_visited":["Exordium","TheCity","TheBeyond"],"potions_floor_usage":[7,14,16,16,22,33,33,42,45,45,50],"damage_taken":[{"damage":0,"enemies":"Cultist","floor":1,"turns":3},{"damage":0,"enemies":"Jaw Worm","floor":2,"turns":4},{"damage":0,"enemies":"Small Slimes","floor":3,"turns":3},{"damage":3,"enemies":"Exordium Thugs","floor":4,"turns":5},{"damage":0,"enemies":"3 Sentries","floor":7,"turns":5},{"damage":7,"enemies":"Lagavulin","floor":11,"turns":6},{"damage":0,"enemies":"2 Fungi Beasts","floor":12,"turns":3},{"damage":2,"enemies":"The Mushroom Lair","floor":14,"turns":3},{"damage":10,"enemies":"Slime Boss","floor":16,"turns":8},{"damage":0,"enemies":"Chosen","floor":18,"turns":4},{"damage":10,"enemies":"Masked Bandits","floor":22,"turns":4},{"damage":14,"enemies":"Slavers","floor":24,"turns":6},{"damage":11,"enemies":"2 Thieves","floor":25,"turns":3},{"damage":4,"enemies":"Shelled Parasite and Fungi","floor":28,"turns":5},{"damage":10,"enemies":"Sentry and Sphere","floor":29,"turns":6},{"damage":0,"enemies":"Snake Plant","floor":30,"turns":4},{"damage":12,"enemies":"Collector","floor":33,"turns":8},{"damage":13,"enemies":"Orb Walker","floor":35,"turns":4},{"damage":0,"enemies":"3 Shapes","floor":37,"turns":1},{"damage":20,"enemies":"Giant Head","floor":41,"turns":8},{"damage":2,"enemies":"Writhing Mass","floor":42,"turns":6},{"damage":6,"enemies":"Transient","floor":44,"turns":6},{"damage":47,"enemies":"Reptomancer","floor":45,"turns":4},{"damage":6,"enemies":"Maw","floor":48,"turns":8},{"damage":18,"enemies":"Time Eater","floor":50,"turns":10}],"seed_played":"-1183021070487784634","potions_obtained":[{"floor":1,"key":"ColorlessPotion"},{"floor":3,"key":"Explosive Potion"},{"floor":11,"key":"Fire Potion"},{"floor":14,"key":"LiquidBronze"},{"floor":28,"key":"Dexterity Potion"},{"floor":29,"key":"LiquidMemories"},{"floor":35,"key":"Dexterity Potion"},{"floor":42,"key":"SneckoOil"},{"floor":45,"key":"LiquidBronze"}],"is_trial":false,"path_per_floor":["M","M","M","M","?","R","E","R","T","R","E","M","?","?","R","B",null,"M","?","$","?","?","R","E","M","T","R","M","M","M","$","R","B",null,"M","?","M","$","$","R","E","M","T","M","E","$","R","M","R","B",null],"character_chosen":"DEFECT","items_purchased":["Membership Card","Defragment","Lizard Tail","FocusPotion","Oddly Smooth Stone","DataDisk","Lee\u0027s Waffle","Bandage Up","FocusPotion","Capacitor","Torii","Medical Kit","Block Potion","Whetstone","Singing Bowl","Bronze Scales","Regal Pillow"],"campfire_rested":4,"item_purchase_floors":[20,20,20,20,31,31,31,31,31,38,38,38,38,39,39,46,46],"current_hp_per_floor":[64,64,64,61,54,54,54,54,54,54,47,47,41,39,39,29,55,55,55,55,28,18,37,23,12,12,31,27,17,17,71,71,59,68,55,55,55,55,55,55,41,45,45,45,14,14,52,52,81,72],"gold":19,"neow_bonus":"ONE_RARE_RELIC","is_daily":false,"chose_seed":false,"campfire_upgraded":6,"win_rate":0.0,"timestamp":1613164602,"path_taken":["M","M","M","M","?","R","E","R","T","R","E","M","?","?","R","BOSS","M","?","?","?","?","R","E","M","T","R","M","M","M","$","R","BOSS","M","?","M","?","$","R","E","M","T","M","E","$","R","M","R","BOSS"],"items_purchased_type":["Relic","Card","Relic","Potion","Relic","Relic","Relic","Card","Potion","Card","Relic","Relic","Potion","Relic","Relic","Relic","Relic"],"build_version":"2020-12-22","purchased_purges":2,"victory":true,"max_hp_per_floor":[64,64,64,64,64,64,64,64,64,64,64,64,64,64,64,64,64,64,64,64,64,64,64,64,64,64,64,64,64,64,71,71,71,71,71,71,71,71,71,71,73,75,75,77,79,79,79,81,81,81],"relic_stats":{"Lee\u0027s Waffle":54,"Regal Pillow":20,"Torii":1,"Singing Bowl":10,"counters":[25,127],"CeramicFish":180,"Dead Branch":[36],"Pen Nib":[10],"Juzu Bracelet":2,"Letter Opener":[30],"Whetstone":["Core Surge","Cold Snap"],"Medical Kit":[0],"Lizard Tail":0,"Bronze Scales":[66],"Pandora\u0027s Box":["Static Discharge","Steam Power","Chaos","Multi-Cast","Darkness","White Noise","Cold Snap"],"Turnip":[5],"obtain_stats":[{"Regal Pillow":46,"Torii":38,"Singing Bowl":39,"CeramicFish":7,"Juzu Bracelet":11,"Whetstone":39,"Lizard Tail":20,"Red Mask":22,"Cracked Core":0,"Lee\u0027s Waffle":31,"Dead Branch":24,"Oddly Smooth Stone":31,"Velvet Choker":34,"Pen Nib":9,"Letter Opener":26,"Odd Mushroom":14,"Medical Kit":38,"Akabeko":45,"DataDisk":31,"Bronze Scales":46,"Pandora\u0027s Box":17,"Turnip":41,"Membership Card":20,"Toy Ornithopter":43,"Pocketwatch":0},{"Regal Pillow":23,"Torii":19,"Singing Bowl":19,"CeramicFish":5,"Juzu Bracelet":6,"Whetstone":19,"Lizard Tail":10,"Red Mask":11,"Cracked Core":0,"Lee\u0027s Waffle":16,"Dead Branch":12,"Oddly Smooth Stone":16,"Velvet Choker":17,"Pen Nib":5,"Letter Opener":13,"Odd Mushroom":8,"Medical Kit":19,"Akabeko":23,"DataDisk":16,"Bronze Scales":23,"Pandora\u0027s Box":9,"Turnip":20,"Membership Card":10,"Toy Ornithopter":21,"Pocketwatch":0},{"Regal Pillow":109,"Torii":85,"Singing Bowl":85,"CeramicFish":20,"Juzu Bracelet":26,"Whetstone":85,"Lizard Tail":44,"Red Mask":48,"Cracked Core":0,"Lee\u0027s Waffle":72,"Dead Branch":54,"Oddly Smooth Stone":72,"Velvet Choker":80,"Pen Nib":20,"Letter Opener":57,"Odd Mushroom":32,"Medical Kit":85,"Akabeko":109,"DataDisk":72,"Bronze Scales":109,"Pandora\u0027s Box":40,"Turnip":93,"Membership Card":44,"Toy Ornithopter":99,"Pocketwatch":0}],"Toy Ornithopter":15,"Pocketwatch":[245]},"card_choices":[{"not_picked":["Aggregate","Chill"],"picked":"Auto Shields","floor":1},{"not_picked":["Beam Cell","Barrage"],"picked":"Ball Lightning","floor":2},{"not_picked":["BootSequence","Rebound"],"picked":"Leap","floor":3},{"not_picked":["Beam Cell","Turbo"],"picked":"Auto Shields","floor":4},{"not_picked":["Coolheaded","Leap"],"picked":"Defragment","floor":7},{"not_picked":["Streamline","Rebound"],"picked":"Rainbow","floor":11},{"not_picked":["Beam Cell","Ball Lightning"],"picked":"Cold Snap","floor":12},{"not_picked":["Compile Driver","Reprogram"],"picked":"Ball Lightning","floor":14},{"not_picked":["Reboot","Multi-Cast"],"picked":"Biased Cognition","floor":16},{"not_picked":["Redo","Beam Cell","Sweeping Beam+1"],"picked":"SKIP","floor":18},{"not_picked":["Conserve Battery","Gash"],"picked":"Heatsinks+1","floor":24},{"not_picked":["BootSequence","Compile Driver","Scrape"],"picked":"SKIP","floor":25},{"not_picked":["Stack","Double Energy","Conserve Battery"],"picked":"SKIP","floor":28},{"not_picked":["Chill","Compile Driver","Static Discharge"],"picked":"SKIP","floor":29},{"not_picked":["Go for the Eyes","Chaos"],"picked":"Core Surge","floor":30},{"not_picked":["Echo Form","Amplify"],"picked":"Electrodynamics","floor":33},{"not_picked":["Ball Lightning","Go for the Eyes","Sweeping Beam+1"],"picked":"SKIP","floor":35},{"not_picked":["Darkness","Steam"],"picked":"Creative AI","floor":37},{"not_picked":["Gash","Rebound","Go for the Eyes"],"picked":"Singing Bowl","floor":41},{"not_picked":["Gash","Stack","FTL"],"picked":"Singing Bowl","floor":42},{"not_picked":["Cold Snap","Sweeping Beam+1","Storm"],"picked":"Singing Bowl","floor":44},{"not_picked":["Genetic Algorithm","Conserve Battery","Redo+1"],"picked":"Singing Bowl","floor":45},{"not_picked":["Turbo","Steam+1","Sweeping Beam"],"picked":"Singing Bowl","floor":48}],"player_experience":585880,"relics_obtained":[{"floor":7,"key":"CeramicFish"},{"floor":9,"key":"Pen Nib"},{"floor":11,"key":"Juzu Bracelet"},{"floor":14,"key":"Odd Mushroom"},{"floor":22,"key":"Red Mask"},{"floor":24,"key":"Dead Branch"},{"floor":26,"key":"Letter Opener"},{"floor":41,"key":"Turnip"},{"floor":43,"key":"Toy Ornithopter"},{"floor":45,"key":"Akabeko"}],"event_choices":[{"cards_removed":["Defend_B"],"damage_healed":0,"gold_gain":0,"player_choice":"Card Removal","damage_taken":7,"max_hp_gain":0,"max_hp_loss":0,"event_name":"Golden Wing","floor":5,"gold_loss":0},{"damage_healed":0,"gold_gain":50,"player_choice":"Touch","damage_taken":6,"max_hp_gain":0,"max_hp_loss":0,"event_name":"FaceTrader","floor":13,"gold_loss":0},{"damage_healed":0,"gold_gain":0,"player_choice":"Fought Mushrooms","damage_taken":0,"max_hp_gain":0,"max_hp_loss":0,"event_name":"Mushrooms","floor":14,"gold_loss":0},{"damage_healed":0,"gold_gain":0,"player_choice":"Forge","damage_taken":0,"max_hp_gain":0,"max_hp_loss":0,"event_name":"Accursed Blacksmith","floor":19,"gold_loss":0,"cards_upgraded":["Biased Cognition"]},{"damage_healed":0,"gold_gain":270,"player_choice":"GOLD GOLD GOLD ","damage_taken":27,"max_hp_gain":0,"max_hp_loss":0,"event_name":"Knowing Skull","floor":21,"potions_obtained":[],"gold_loss":0,"cards_obtained":[]},{"damage_healed":0,"gold_gain":0,"player_choice":"Fought Bandits","damage_taken":0,"max_hp_gain":0,"max_hp_loss":0,"event_name":"Masked Bandits","floor":22,"gold_loss":0},{"damage_healed":0,"gold_gain":275,"player_choice":"Desecrate","damage_taken":0,"max_hp_gain":0,"max_hp_loss":0,"event_name":"Golden Shrine","floor":36,"gold_loss":0,"cards_obtained":["Regret"]}],"is_beta":false,"boss_relics":[{"not_picked":["SlaversCollar","Fusion Hammer"],"picked":"Pandora\u0027s Box"},{"not_picked":["FrozenCore","Calling Bell"],"picked":"Velvet Choker"}],"items_purged_floors":[31,38],"is_endless":false,"potions_floor_spawned":[1,3,11,14,28,29,35,42,45],"ascension_level":17}}