{"host":"rtw1tnr74gozsrw1","time":1613172688,"event":{"mods":["BaseMod","Colored Map","Colored Powertips","Highlight Path","Infinite Spire","Minty Spire (QoL Compilation)","StSLib","The Jungle"],"gold_per_floor":[118,43,43,59,70,70,70,70,97,124,74,74,88,102,102,202,202,175,36,135,152,152,152,185,185,267,284,312,326,251,268,268,268,268],"floor_reached":33,"language":"ENG","playtime":1367,"items_purged":["Strike_R","Strike_R","Defend_R"],"score":357,"play_id":"0e2f2e3f-ad34-4503-a5ed-1ac92e5952db","local_time":"20210213003128","is_ascension_mode":true,"campfire_choices":[{"data":"Ghostly Armor","floor":6,"key":"SMITH"},{"data":"Bash","floor":8,"key":"SMITH"},{"data":"Defend_R","floor":12,"key":"SMITH"},{"floor":15,"key":"REST"},{"data":"Barricade","floor":23,"key":"SMITH"},{"data":"Metallicize","floor":25,"key":"SMITH"},{"data":"Rampage","floor":32,"key":"SMITH"}],"circlet_count":0,"master_deck":["Defend_R+1","Defend_R","Bash+1","Ghostly Armor+1","Shrug It Off+1","Rampage+1","Barricade+1","Metallicize+1","Warcry+1"],"relics":["Burning Blood","NeowsBlessing","Lantern","Potion Belt","Empty Cage","infinitespire:WardingShard","Bronze Scales"],"acts_visited":["Exordium","TheCity"],"potions_floor_usage":[18,28,33,33],"damage_taken":[{"damage":0,"enemies":"Jaw Worm","floor":1,"turns":1},{"damage":0,"enemies":"Small Slimes","floor":4,"turns":1},{"damage":0,"enemies":"2 Louse","floor":5,"turns":1},{"damage":29,"enemies":"3 Sentries","floor":10,"turns":14},{"damage":22,"enemies":"Large Slime","floor":13,"turns":9},{"damage":4,"enemies":"2 Fungi Beasts","floor":14,"turns":4},{"damage":47,"enemies":"The Guardian","floor":16,"turns":12},{"damage":15,"enemies":"2 Thieves","floor":18,"turns":5},{"damage":0,"enemies":"Spheric Guardian","floor":21,"turns":10},{"damage":0,"enemies":"Nightmare","floor":24,"turns":15},{"damage":4,"enemies":"Snake Plant","floor":27,"turns":7},{"damage":15,"enemies":"Book of Stabbing","floor":28,"turns":9},{"damage":0,"enemies":"Cultist and Chosen","floor":29,"turns":9},{"damage":6,"enemies":"Shelled Parasite and Fungi","floor":31,"turns":7},{"damage":81,"enemies":"Automaton","floor":33,"turns":18}],"seed_played":"8842752413974187282","potions_obtained":[{"floor":4,"key":"LiquidMemories"},{"floor":10,"key":"Dexterity Potion"},{"floor":14,"key":"Weak Potion"},{"floor":31,"key":"DuplicationPotion"}],"is_trial":false,"path_per_floor":["M","$","?","M","M","R","?","R","T","E","?","R","M","M","R","B",null,"M","$","?","M","AVR","R","NM","R","T","M","E","M","?","M","R","B"],"character_chosen":"IRONCLAD","items_purchased":["Metallicize"],"campfire_rested":1,"item_purchase_floors":[19],"current_hp_per_floor":[80,80,80,80,80,80,80,80,80,57,57,57,41,43,67,26,80,71,71,71,77,77,77,80,80,80,80,71,77,77,77,77,0,0],"gold":268,"neow_bonus":"THREE_ENEMY_KILL","is_daily":false,"chose_seed":false,"campfire_upgraded":6,"win_rate":0.0,"timestamp":1613172688,"path_taken":["M","$","?","M","M","R","?","R","T","E","?","R","M","M","R","BOSS","M","$","?","M","AVR","R","NM","R","T","M","E","M","?","M","R","BOSS"],"items_purchased_type":["Card"],"build_version":"2020-12-22","purchased_purges":3,"victory":false,"max_hp_per_floor":[80,80,80,80,80,80,80,80,80,80,80,80,80,80,80,80,80,80,80,80,80,80,80,80,80,80,80,80,80,80,80,80,80,80],"card_choices":[{"not_picked":["Twin Strike","Iron Wave"],"picked":"Ghostly Armor","floor":1},{"not_picked":["Anger","Twin Strike"],"picked":"Shrug It Off","floor":4},{"not_picked":["infinitespire:OneForAll","Anger","Twin Strike"],"picked":"SKIP","floor":5},{"not_picked":["Cleave","Impervious","Clash"],"picked":"SKIP","floor":10},{"not_picked":["Havoc","Perfected Strike"],"picked":"Rampage","floor":13},{"not_picked":["Pommel Strike","Heavy Blade","Blood for Blood"],"picked":"SKIP","floor":14},{"not_picked":["Demon Form","Offering"],"picked":"Barricade","floor":16},{"not_picked":["Twin Strike+1","Sword Boomerang","Heavy Blade+1"],"picked":"SKIP","floor":18},{"not_picked":["Headbutt","Uppercut+1"],"picked":"Warcry+1","floor":21},{"not_picked":["Warcry+1","Clash+1","Heavy Blade"],"picked":"SKIP","floor":24},{"not_picked":["Power Through","Pummel","Battle Trance"],"picked":"SKIP","floor":27},{"not_picked":["Perfected Strike","True Grit","Warcry"],"picked":"SKIP","floor":28},{"not_picked":["Wild Strike","Whirlwind","Sentinel"],"picked":"SKIP","floor":29},{"not_picked":["Flame Barrier","Battle Trance","Cleave+1"],"picked":"SKIP","floor":31}],"player_experience":146467,"relics_obtained":[{"floor":9,"key":"Lantern"},{"floor":10,"key":"Potion Belt"},{"floor":24,"key":"infinitespire:WardingShard"},{"floor":28,"key":"Bronze Scales"}],"event_choices":[{"damage_healed":0,"gold_gain":0,"player_choice":"Fled","damage_taken":0,"max_hp_gain":0,"max_hp_loss":0,"event_name":"Scrap Ooze","floor":3,"gold_loss":0},{"cards_removed":["Strike_R"],"damage_healed":0,"gold_gain":0,"player_choice":"Card Removal","damage_taken":0,"max_hp_gain":0,"max_hp_loss":0,"event_name":"The Cleric","floor":11,"gold_loss":50},{"damage_healed":0,"gold_gain":99,"player_choice":"Stole From Cult","damage_taken":0,"max_hp_gain":0,"max_hp_loss":0,"event_name":"Nest","floor":20,"gold_loss":0},{"cards_removed":["Defend_R"],"damage_healed":0,"gold_gain":0,"player_choice":"Gave Gold","damage_taken":0,"max_hp_gain":0,"max_hp_loss":0,"event_name":"Beggar","floor":30,"gold_loss":75}],"is_beta":false,"boss_relics":[{"not_picked":["infinitespire:Burning Sword","Busted Crown"],"picked":"Empty Cage"}],"items_purged_floors":[2,19,22],"is_endless":false,"potions_floor_spawned":[4,10,14,31],"killed_by":"Automaton","ascension_level":3}}