{"host":"nb31x7fxbzv78wxi","time":1613104031,"event":{"mods":["BaseMod","Hermit","Infinite Spire","Marisa????????","Minty Spire (QoL Compilation)","Random Character Button","StSLib","The Administrix","The Construct","The Disciple"],"gold_per_floor":[115,139,139,149,174,174,199,218,288,288,288,317,335,371,371,502,502,525,538,558,47,75,111,140,140,167,167,192,213,213,67,67,190,190,215,240,245,245],"floor_reached":37,"language":"ENG","playtime":4042,"items_purged":["Injury"],"score":424,"play_id":"11e473e1-8ca2-4dc5-81a3-90dd5738bb40","local_time":"20210211202711","is_ascension_mode":false,"campfire_choices":[{"data":"hermit:Snapshot","floor":6,"key":"SMITH"},{"data":"hermit:Glare","floor":10,"key":"SMITH"},{"data":"hermit:Snipe","floor":15,"key":"SMITH"},{"data":"hermit:FatalDesire","floor":25,"key":"SMITH"},{"data":"hermit:Combo","floor":32,"key":"SMITH"}],"circlet_count":0,"master_deck":["hermit:Defend_Hermit","hermit:Defend_Hermit","hermit:Defend_Hermit","hermit:Defend_Hermit","hermit:Snapshot+1","hermit:Covet","hermit:Scavenge","hermit:FlashPowder","hermit:GhostlyPresence","hermit:Glare+1","hermit:Horror","hermit:Snipe+1","hermit:FatalDesire+1","hermit:Headshot","hermit:Reprieve","hermit:PistolWhip+1","hermit:Grudge","hermit:Ricochet","hermit:CursedWeapon","hermit:FromBeyond","hermit:Combo+1","hermit:EyeOfTheStorm","hermit:Malice","Bite","Bite","Bite","Bite","Bite","hermit:Deadeye","hermit:BigShot+1","hermit:FinalCanter","hermit:LowProfile+1"],"relics":["hermit:Momento","infinitespire:WardingShard","Golden Idol","Oddly Smooth Stone","Coffee Dripper","Toolbox","Ginger","Orichalcum","Membership Card","Black Star"],"acts_visited":["Exordium","TheCity","TheBeyond"],"potions_floor_usage":[7,14,19,23],"damage_taken":[{"damage":4,"enemies":"Cultist","floor":1,"turns":4},{"damage":0,"enemies":"2 Louse","floor":2,"turns":3},{"damage":0,"enemies":"Small Slimes","floor":4,"turns":3},{"damage":0,"enemies":"Blue Slaver","floor":5,"turns":6},{"damage":0,"enemies":"3 Louse","floor":7,"turns":4},{"damage":0,"enemies":"2 Fungi Beasts","floor":8,"turns":4},{"damage":2,"enemies":"Red Slaver","floor":12,"turns":6},{"damage":7,"enemies":"Exordium Thugs","floor":13,"turns":5},{"damage":11,"enemies":"Gremlin Nob","floor":14,"turns":4},{"damage":38,"enemies":"The Guardian","floor":16,"turns":10},{"damage":4,"enemies":"Shell Parasite","floor":18,"turns":5},{"damage":0,"enemies":"Spheric Guardian","floor":19,"turns":1},{"damage":9,"enemies":"Centurion and Healer","floor":20,"turns":5},{"damage":32,"enemies":"Shelled Parasite and Fungi","floor":22,"turns":5},{"damage":21,"enemies":"Gremlin Leader","floor":23,"turns":6},{"damage":19,"enemies":"Snake Plant","floor":24,"turns":4},{"damage":6,"enemies":"Centurion and Healer","floor":28,"turns":4},{"damage":1,"enemies":"Shelled Parasite and Fungi","floor":29,"turns":6},{"damage":51,"enemies":"Champ","floor":33,"turns":10},{"damage":15,"enemies":"3 Darklings","floor":35,"turns":3},{"damage":17,"enemies":"Orb Walker","floor":36,"turns":5},{"damage":59,"enemies":"Orin","floor":37,"turns":6}],"seed_played":"-311694191647051067","potions_obtained":[{"floor":1,"key":"Fruit Juice"},{"floor":5,"key":"PowerPotion"},{"floor":7,"key":"DuplicationPotion"},{"floor":16,"key":"DuplicationPotion"},{"floor":20,"key":"Weak Potion"},{"floor":22,"key":"BlessingOfTheForge"},{"floor":24,"key":"LiquidBronze"}],"is_trial":false,"path_per_floor":["M","M","?","M","M","R","M","M","T","R","?","M","M","E","R","B",null,"M","M","M","$","M","E","M","R","T","?","M","M","?","$","R","B",null,"M","M","?"],"character_chosen":"HERMIT","items_purchased":["hermit:CursedWeapon","Toolbox","hermit:FromBeyond","hermit:Combo","Membership Card"],"campfire_rested":0,"item_purchase_floors":[21,21,21,21,31],"current_hp_per_floor":[78,78,78,78,78,78,83,83,83,83,83,81,74,63,63,25,87,86,86,77,77,49,28,9,9,9,9,9,28,48,48,48,19,60,47,42,0,0],"gold":245,"neow_bonus":"TEN_PERCENT_HP_BONUS","is_daily":false,"chose_seed":false,"campfire_upgraded":5,"win_rate":0.0,"timestamp":1613104031,"path_taken":["M","M","?","M","M","R","?","M","T","R","?","M","M","E","R","BOSS","M","M","M","$","M","E","M","R","T","?","M","M","?","$","R","BOSS","M","M","?"],"items_purchased_type":["Card","Relic","Card","Card","Relic"],"build_version":"2020-12-22","purchased_purges":1,"victory":false,"max_hp_per_floor":[82,82,82,82,82,82,87,87,87,87,87,87,87,87,87,87,87,87,87,87,87,87,87,87,87,87,60,60,60,60,60,60,60,60,60,60,60,60],"card_choices":[{"not_picked":["hermit:Desperado","hermit:Glare"],"picked":"hermit:Scavenge","floor":1},{"not_picked":["hermit:NoHoldsBarred","hermit:Roulette"],"picked":"hermit:FlashPowder","floor":2},{"not_picked":["hermit:Manifest","hermit:LowProfile"],"picked":"hermit:GhostlyPresence","floor":4},{"not_picked":["hermit:LuckOfTheDraw","hermit:Misfire"],"picked":"hermit:Glare","floor":5},{"not_picked":["hermit:Misfire","hermit:BodyArmor","hermit:HoleUp"],"picked":"SKIP","floor":7},{"not_picked":["hermit:Desperado","hermit:ItchyTrigger"],"picked":"hermit:Horror","floor":8},{"not_picked":["hermit:ShadowCloak","hermit:Horror"],"picked":"hermit:Snipe","floor":12},{"not_picked":["hermit:Coalescence","hermit:HoleUp"],"picked":"hermit:FatalDesire","floor":13},{"not_picked":["hermit:Brawl","hermit:BodyArmor"],"picked":"hermit:Headshot","floor":14},{"not_picked":["hermit:Purgatory","hermit:RoundhouseKick"],"picked":"hermit:Reprieve","floor":16},{"not_picked":["hermit:SprayPray","hermit:TrackingShot"],"picked":"hermit:PistolWhip+1","floor":18},{"not_picked":["hermit:Determination","hermit:Coalescence+1"],"picked":"hermit:Grudge","floor":19},{"not_picked":["hermit:Roulette","hermit:Headshot"],"picked":"hermit:Ricochet","floor":20},{"not_picked":["hermit:CursedWeapon+1","hermit:FullyLoaded+1"],"picked":"hermit:EyeOfTheStorm","floor":22},{"not_picked":["hermit:Quickdraw","hermit:Roulette"],"picked":"hermit:Malice","floor":23},{"not_picked":["hermit:CursedWeapon","hermit:HighNoon","hermit:Snipe"],"picked":"SKIP","floor":24},{"not_picked":["hermit:WideOpen","hermit:Vantage"],"picked":"hermit:Deadeye","floor":28},{"not_picked":["hermit:PistolWhip+1","hermit:LowProfile"],"picked":"hermit:BigShot+1","floor":29},{"not_picked":["hermit:Roughhouse","hermit:Magnum"],"picked":"hermit:FinalCanter","floor":33},{"not_picked":["hermit:TrackingShot+1","hermit:Horror"],"picked":"hermit:LowProfile+1","floor":35},{"not_picked":["hermit:TrackingShot+1","hermit:GhostlyPresence","hermit:CalledShot"],"picked":"SKIP","floor":36}],"player_experience":723247,"relics_obtained":[{"floor":9,"key":"infinitespire:WardingShard"},{"floor":14,"key":"Oddly Smooth Stone"},{"floor":23,"key":"Ginger"},{"floor":26,"key":"Orichalcum"}],"event_choices":[{"damage_healed":0,"gold_gain":0,"player_choice":"Ignored","damage_taken":0,"max_hp_gain":0,"max_hp_loss":0,"event_name":"NoteForYourself","floor":3,"gold_loss":0},{"damage_healed":0,"gold_gain":0,"player_choice":"Take Wound","damage_taken":0,"relics_obtained":["Golden Idol"],"max_hp_gain":0,"max_hp_loss":0,"event_name":"Golden Idol","floor":11,"gold_loss":0,"cards_obtained":["Injury"]},{"damage_healed":0,"gold_gain":0,"player_choice":"Became a vampire","damage_taken":0,"max_hp_gain":0,"max_hp_loss":27,"event_name":"Vampires","floor":27,"gold_loss":0,"cards_obtained":["Bite","Bite","Bite","Bite","Bite"]},{"damage_healed":20,"gold_gain":0,"player_choice":"Heal","damage_taken":0,"max_hp_gain":0,"max_hp_loss":0,"event_name":"The Library","floor":30,"gold_loss":0},{"damage_healed":0,"gold_gain":0,"player_choice":"Fight","damage_taken":0,"max_hp_gain":0,"max_hp_loss":0,"event_name":"OrinTheCat","floor":37,"gold_loss":0}],"is_beta":false,"boss_relics":[{"not_picked":["Philosopher\u0027s Stone","Sozu"],"picked":"Coffee Dripper"},{"not_picked":["construct:ClawGrip","Runic Pyramid"],"picked":"Black Star"}],"items_purged_floors":[21],"is_endless":false,"potions_floor_spawned":[1,5,7,16,20,22,24,28,29],"killed_by":"Orin","ascension_level":0}}