{"host":"cykg0g4pphyxjwkn","time":1613142055,"event":{"mods":["AchievementEnabler","BaseMod","Bestiary","Colored Map","Colored Powertips","Curses Come First","Highlight Path","Minty Spire (QoL Compilation)","Relic Stats","StSLib","SuperFastMode"],"gold_per_floor":[116,191,191,209,224,224,258,275,302,322,341,341,38,53,53,53,53],"floor_reached":16,"language":"ENG","playtime":805,"items_purged":["Strike_B"],"score":104,"play_id":"c560e831-66d1-4601-b2b0-769b66de06e9","local_time":"20210212100055","is_ascension_mode":false,"campfire_choices":[{"data":"Streamline","floor":6,"key":"SMITH"},{"floor":12,"key":"REST"},{"data":"Genetic Algorithm","floor":15,"key":"SMITH"}],"circlet_count":0,"master_deck":["Strike_B","Strike_B","Strike_B","Defend_B","Defend_B","Defend_B","Defend_B","Zap","Dualcast","Machine Learning","BootSequence","Hello World","Streamline+1","Biased Cognition","Genetic Algorithm","Loop","Amplify","Genetic Algorithm+1"],"relics":["Cracked Core","Juzu Bracelet","Bag of Preparation","Bronze Scales","Blood Vial"],"acts_visited":["Exordium"],"potions_floor_usage":[16],"damage_taken":[{"damage":4,"enemies":"Jaw Worm","floor":1,"turns":4},{"damage":5,"enemies":"Small Slimes","floor":4,"turns":5},{"damage":10,"enemies":"2 Louse","floor":5,"turns":3},{"damage":18,"enemies":"Lagavulin","floor":7,"turns":7},{"damage":0,"enemies":"Blue Slaver","floor":8,"turns":2},{"damage":4,"enemies":"2 Fungi Beasts","floor":10,"turns":3},{"damage":7,"enemies":"3 Louse","floor":11,"turns":3},{"damage":7,"enemies":"Blue Slaver","floor":14,"turns":4},{"damage":36,"enemies":"The Guardian","floor":16,"turns":8}],"seed_played":"154678995101269157","potions_obtained":[{"floor":1,"key":"SteroidPotion"},{"floor":5,"key":"Energy Potion"},{"floor":7,"key":"SteroidPotion"}],"is_trial":false,"path_per_floor":["M","?","?","M","M","R","E","M","T","M","M","R","$","M","R","B"],"character_chosen":"DEFECT","items_purchased":["Blood Vial","Genetic Algorithm"],"campfire_rested":1,"item_purchase_floors":[13,13],"current_hp_per_floor":[71,60,57,52,42,42,24,24,24,20,13,35,35,30,30,0,0],"gold":53,"neow_bonus":"ONE_RANDOM_RARE_CARD","is_daily":false,"chose_seed":false,"campfire_upgraded":2,"win_rate":0.0,"timestamp":1613142055,"path_taken":["M","?","?","M","M","R","E","M","T","M","M","R","$","M","R","BOSS"],"items_purchased_type":["Relic","Card"],"build_version":"2020-12-22","purchased_purges":1,"victory":false,"max_hp_per_floor":[75,75,75,75,75,75,75,75,75,75,75,75,75,75,75,75,75],"relic_stats":{"Blood Vial":4,"counters":[9,39],"Bronze Scales":[43],"Juzu Bracelet":0,"Bag of Preparation":[10],"obtain_stats":[{"Blood Vial":13,"Bronze Scales":9,"Juzu Bracelet":3,"Bag of Preparation":7,"Cracked Core":0},{"Blood Vial":7,"Bronze Scales":5,"Juzu Bracelet":1,"Bag of Preparation":4,"Cracked Core":0},{"Blood Vial":27,"Bronze Scales":21,"Juzu Bracelet":4,"Bag of Preparation":19,"Cracked Core":0}]},"card_choices":[{"not_picked":["Blizzard","Melter"],"picked":"BootSequence","floor":1},{"not_picked":["Ball Lightning","Darkness"],"picked":"Hello World","floor":4},{"not_picked":["Turbo","Stack"],"picked":"Streamline","floor":5},{"not_picked":["Go for the Eyes","Auto Shields"],"picked":"Biased Cognition","floor":7},{"not_picked":["Turbo","Coolheaded"],"picked":"Genetic Algorithm","floor":8},{"not_picked":["Stack","Go for the Eyes"],"picked":"Loop","floor":10},{"not_picked":["Conserve Battery","Rebound"],"picked":"Amplify","floor":11},{"not_picked":["Skim","Aggregate","Chill"],"picked":"SKIP","floor":14}],"player_experience":44169,"relics_obtained":[{"floor":7,"key":"Bag of Preparation"},{"floor":9,"key":"Bronze Scales"}],"event_choices":[{"damage_healed":0,"gold_gain":75,"player_choice":"Gather Gold","damage_taken":11,"max_hp_gain":0,"max_hp_loss":0,"event_name":"World of Goop","floor":2,"gold_loss":0},{"damage_healed":0,"gold_gain":0,"player_choice":"Success","damage_taken":3,"relics_obtained":["Juzu Bracelet"],"max_hp_gain":0,"max_hp_loss":0,"event_name":"Scrap Ooze","floor":3,"gold_loss":0}],"is_beta":false,"boss_relics":[],"items_purged_floors":[13],"is_endless":false,"potions_floor_spawned":[1,5,7,8,11],"killed_by":"The Guardian","ascension_level":0}}