{"host":"3498uni0c31c9bdm","time":1613149306,"event":{"mods":["BaseMod","Better Match","Better Note","Better Sensory Stone","Better Skull","Better Third Choice","Colored Map","Minty Spire (QoL Compilation)","Quick Restart","RNG Fix","Random Character Button","Replay The Spire","Shop Mod","Smile Girya","StSLib","Unceasing Turn Reminder"],"gold_per_floor":[117,93,93,93,109,109,124,153,153,184,202,215,195,214,214,288,288,300,316,10,20,70,70,70,96,143,196,217,217,233,233],"floor_reached":30,"language":"ENG","playtime":928,"items_purged":[],"score":490,"play_id":"d9214958-d23d-492f-a5c9-1e745ef059cb","local_time":"20210213040146","is_ascension_mode":true,"campfire_choices":[{"data":"Ball Lightning","floor":6,"key":"SMITH"},{"floor":15,"key":"REST"},{"floor":24,"key":"RECALL"},{"floor":29,"key":"REST"}],"circlet_count":0,"master_deck":["AscendersBane","Strike_B","Strike_B","Strike_B+1","Strike_B","Defend_B","Defend_B","Defend_B","Defend_B","Zap","Dualcast","Echo Form+1","Ball Lightning+1","Genetic Algorithm+1","ReplaySolidLightProjector+1","Steam","Lockon","ReplayGash+1","Panic Button","Beam Cell","Electrodynamics+1","Barrage","Sunder","Conserve Battery","Biased Cognition","Tempest","Go for the Eyes"],"relics":["Cracked Core","Du-Vu Doll","Art of War","ReplayTheSpireMod:Lightbulb","ReplayTheSpireMod:TigerMarble","Guide Book","Whetstone","Replay:Bandana","The Courier"],"acts_visited":["Exordium","TheCity"],"potions_floor_usage":[8,25,27],"damage_taken":[{"damage":7,"enemies":"Jaw Worm","floor":1,"turns":3},{"damage":1,"enemies":"Cultist","floor":5,"turns":4},{"damage":4,"enemies":"Small Slimes","floor":7,"turns":3},{"damage":4,"enemies":"Lagavulin","floor":8,"turns":7},{"damage":10,"enemies":"3 Sentries","floor":10,"turns":6},{"damage":14,"enemies":"Red Slaver","floor":11,"turns":3},{"damage":0,"enemies":"3 Louse","floor":12,"turns":3},{"damage":0,"enemies":"Exordium Wildlife","floor":14,"turns":3},{"damage":12,"enemies":"Slime Boss","floor":16,"turns":8},{"damage":12,"enemies":"3 Byrds","floor":18,"turns":4},{"damage":22,"enemies":"Chosen","floor":19,"turns":5},{"damage":12,"enemies":"Snecko","floor":21,"turns":4},{"damage":30,"enemies":"Slavers","floor":25,"turns":5},{"damage":33,"enemies":"Book of Stabbing","floor":27,"turns":6},{"damage":7,"enemies":"Chosen and Byrds","floor":28,"turns":3},{"damage":32,"enemies":"Masked Bandits","floor":30,"turns":3}],"seed_played":"4831317034776872141","potions_obtained":[{"floor":5,"key":"Elixir"},{"floor":7,"key":"DuplicationPotion"},{"floor":13,"key":"Languid Potion"},{"floor":16,"key":"Adrenaline Potion"},{"floor":28,"key":"CultistPotion"}],"is_trial":false,"path_per_floor":["M","$","?","?","M","R","M","E","T","E","M","M","?","M","R","B",null,"M","M","$","M","?","?","R","E","T","E","M","R","?"],"character_chosen":"DEFECT","items_purchased":["Streamline","ReplayTheSpireMod:TigerMarble","Guide Book"],"campfire_rested":2,"item_purchase_floors":[2,20,20],"current_hp_per_floor":[57,57,57,57,56,56,52,48,48,38,24,24,24,24,45,33,62,50,28,28,16,16,71,71,41,41,8,1,22,0,0],"gold":233,"neow_bonus":"ONE_RANDOM_RARE_CARD","is_daily":false,"chose_seed":false,"campfire_upgraded":1,"win_rate":0.0,"timestamp":1613149306,"path_taken":["M","$","?","?","M","R","M","E","T","E","?","M","?","M","R","BOSS","M","M","$","M","?","?","R","E","T","E","M","R","?"],"items_purchased_type":["Card","Relic","Relic"],"build_version":"2020-12-22","purchased_purges":0,"victory":false,"max_hp_per_floor":[71,71,71,71,71,71,71,71,71,71,71,71,71,71,71,71,71,71,71,71,71,71,71,71,71,71,71,71,71,71,71],"card_choices":[{"not_picked":["Conserve Battery","Double Energy"],"picked":"Ball Lightning","floor":1},{"not_picked":["Panic Button","Fusion"],"picked":"ReplaySolidLightProjector","floor":5},{"not_picked":["Compile Driver","Skim"],"picked":"Steam","floor":7},{"not_picked":["Steam","Cold Snap"],"picked":"Lockon","floor":8},{"not_picked":["Cold Snap","BasicCrystalCard"],"picked":"Crystallizer","floor":10},{"not_picked":["Crystallizer","Redo"],"picked":"ReplayGash","floor":11},{"not_picked":["Sweeping Beam","Time Bomb"],"picked":"Panic Button","floor":12},{"not_picked":["Barrage","Undo"],"picked":"Beam Cell","floor":14},{"not_picked":["Biased Cognition","ReplayRNGCard"],"picked":"Electrodynamics","floor":16},{"not_picked":["ReplaySolidLightProjector","Gash"],"picked":"Barrage","floor":18},{"not_picked":["BootSequence","Rebound"],"picked":"Sunder","floor":19},{"not_picked":["Rebound","Coolheaded"],"picked":"Conserve Battery","floor":21},{"not_picked":["Echo Form","Turbo"],"picked":"Biased Cognition","floor":25},{"not_picked":["Streamline","Panic Button"],"picked":"Tempest","floor":27},{"not_picked":["Scrape","Barrage"],"picked":"Go for the Eyes","floor":28}],"player_experience":895247,"relics_obtained":[{"floor":8,"key":"Du-Vu Doll"},{"floor":9,"key":"Art of War"},{"floor":10,"key":"ReplayTheSpireMod:Lightbulb"},{"floor":25,"key":"Whetstone"},{"floor":26,"key":"Replay:Bandana"},{"floor":27,"key":"The Courier"}],"event_choices":[{"damage_healed":0,"gold_gain":0,"player_choice":"Grow","damage_taken":0,"max_hp_gain":0,"max_hp_loss":0,"event_name":"Living Wall","floor":4,"gold_loss":0,"cards_upgraded":["Echo Form"]},{"damage_healed":0,"gold_gain":0,"player_choice":"Bought 1 Potion","damage_taken":0,"max_hp_gain":0,"max_hp_loss":0,"event_name":"The Woman in Blue","floor":13,"gold_loss":0},{"damage_healed":0,"gold_gain":50,"player_choice":"Steal","damage_taken":0,"max_hp_gain":0,"max_hp_loss":0,"event_name":"betterThird:BetterNest","floor":22,"gold_loss":0},{"cards_removed":["Crystallizer"],"damage_healed":55,"gold_gain":0,"player_choice":"Offered Uncommon","damage_taken":0,"max_hp_gain":0,"max_hp_loss":0,"event_name":"Bonfire Elementals","floor":23,"gold_loss":0},{"damage_healed":0,"gold_gain":0,"player_choice":"Fought Bandits","damage_taken":0,"max_hp_gain":0,"max_hp_loss":0,"event_name":"Masked Bandits","floor":30,"gold_loss":0}],"is_beta":false,"boss_relics":[{"not_picked":["Runic Pyramid","FrozenCore","ReplayTheSpireMod:DimensionalGlitch"]}],"items_purged_floors":[],"is_endless":false,"potions_floor_spawned":[5,7,16,18,21,28],"killed_by":"Masked Bandits","ascension_level":15}}