{"host":"yw3evqd6vz25gg9c","time":1613089509,"event":{"mods":["2.2 Compatiblity","BaseMod","Downfall","Marked Mod","Minty Spire (QoL Compilation)","Morshu Shopkeeper - ENHANCED","Replay The Spire","Spire Arcade","StSLib","slay the spire mod where everything is the same but ironclad has a cowboy hat"],"gold_per_floor":[116,130,205,15,190,215,215,215,290,316,328,340,383,397,397,497,497,507,526,526,52,52,52,72,92,92,92,191,191,46,46,46,144,144,155,169,169,222,35,35,49,49,74,74,74,94,94,112,112,112],"floor_reached":51,"language":"ENG","playtime":5413,"items_purged":["Strike_P","Doubt"],"score":603,"play_id":"3b26bc5b-c587-42bb-aad2-dca0ac6bfed8","local_time":"20210211172509","is_ascension_mode":false,"campfire_choices":[{"data":"ForeignInfluence","floor":8,"key":"SMITH"},{"floor":15,"key":"DIG"},{"data":"ThirdEye","floor":23,"key":"SMITH"},{"floor":27,"key":"REST"},{"data":"TalkToTheHand","floor":29,"key":"SMITH"},{"floor":32,"key":"REST"},{"floor":40,"key":"REST"},{"floor":44,"key":"REST"},{"floor":47,"key":"REST"},{"floor":49,"key":"REST"}],"circlet_count":0,"master_deck":["Strike_P","Strike_P+2","Defend_P","Defend_P","Defend_P","Defend_P","Eruption+1","Vigilance","Consecrate","SandsOfTime+1","Prostrate+1","TalkToTheHand+1","ForeignInfluence+1","SashWhip+1","EmptyMind+1","ThirdEye+1","CutThroughFate+1","LessonLearned+1","JustLucky+1","Replay:ManipulateFuture","WaveOfTheHand+1","ReachHeaven+1","Guardian:SentryBeam+1","bronze:WhirlingStrike+1","bronze:Iterate+1","Necronomicurse","Guardian:CompilePackage","sneckomod:UnknownClassTHE_BRONZE_AUTOMATON+1","Jack Of All Trades","Guardian:TemporalShield+1","Spot Weakness+1","PanicButton","BattleHymn+1","Guardian:PrimingBeam+1","Conserve Battery","ForeignInfluence+1","Parasite","Blood for Blood+1","Predator+1"],"relics":["PureWater","NeowsBlessing","Gremlin Food","Replay:Ringing Soul","Molten Egg 2","Ornamental Fan","Prayer Wheel","Velvet Choker","PrismaticShard","Bag of Marbles","Iron Hammer","Simple Rune","Necronomicon","ChewingGum","Replay:Purple Gloves","Replay:Baseball"],"acts_visited":["Exordium","TheCity","TheBeyond"],"potions_floor_usage":[10,10,16,16,18,19,24,35,50,50,50],"damage_taken":[{"damage":0,"enemies":"2 Louse","floor":1,"turns":1},{"damage":0,"enemies":"Jaw Worm","floor":2,"turns":1},{"damage":0,"enemies":"Replay:BlueRogue","floor":6,"turns":1},{"damage":18,"enemies":"Lagavulin","floor":10,"turns":5},{"damage":0,"enemies":"Cultist","floor":11,"turns":3},{"damage":6,"enemies":"Exordium Wildlife","floor":12,"turns":4},{"damage":2,"enemies":"Blue Slaver","floor":14,"turns":3},{"damage":7,"enemies":"Slime Boss","floor":16,"turns":5},{"damage":0,"enemies":"3 Byrds","floor":18,"turns":4},{"damage":10,"enemies":"Spheric Guardian","floor":19,"turns":4},{"damage":11,"enemies":"Snake Plant","floor":24,"turns":3},{"damage":28,"enemies":"Sentry and Sphere","floor":25,"turns":4},{"damage":36,"enemies":"Champ","floor":33,"turns":9},{"damage":15,"enemies":"3 Shapes","floor":35,"turns":2},{"damage":0,"enemies":"3 Darklings","floor":36,"turns":2},{"damage":52,"enemies":"2 Orb Walkers","floor":38,"turns":4},{"damage":15,"enemies":"Jaw Worm Horde","floor":41,"turns":3},{"damage":14,"enemies":"Writhing Mass","floor":46,"turns":7},{"damage":31,"enemies":"4 Shapes","floor":48,"turns":3},{"damage":47,"enemies":"Replay:Hell Engine","floor":50,"turns":8}],"seed_played":"-7654760310548240145","potions_obtained":[{"floor":2,"key":"Weak Potion"},{"floor":7,"key":"LiquidBronze"},{"floor":7,"key":"CultistPotion"},{"floor":10,"key":"GamblersBrew"},{"floor":11,"key":"FearPotion"},{"floor":16,"key":"PowerPotion"},{"floor":18,"key":"AttackPotion"},{"floor":19,"key":"Swift Potion"},{"floor":41,"key":"SpeedPotion"},{"floor":46,"key":"Energy Potion"}],"is_trial":false,"path_per_floor":["M","M","?","$","?","E","?","R","T","E","M","M","?","M","R","B",null,"M","M","?","$","?","R","M","M","T","R","?","R","$","?","R","B",null,"M","M","?","?","$","R","M","?","T","R","?","M","R","M","R","B",null],"character_chosen":"WATCHER","items_purchased":["Prostrate+1","TalkToTheHand","ReachHeaven+1","PrismaticShard","Bag of Marbles","Simple Rune","PanicButton","Block Potion","BattleHymn+1"],"campfire_rested":6,"item_purchase_floors":[4,4,21,21,21,30,39,39,39],"current_hp_per_floor":[72,72,61,61,61,61,61,61,61,46,49,46,17,18,18,14,90,93,86,89,92,112,112,104,79,79,114,114,114,114,101,121,88,124,112,115,115,66,69,107,95,95,95,132,135,124,138,110,141,94],"gold":112,"neow_bonus":"THREE_ENEMY_KILL","is_daily":false,"chose_seed":false,"campfire_upgraded":3,"win_rate":0.0,"timestamp":1613089509,"path_taken":["M","M","?","$","?","E","?","R","T","E","M","?","?","M","R","BOSS","M","M","?","?","?","R","M","?","T","R","?","R","$","?","R","BOSS","M","M","?","?","$","R","M","?","T","R","?","?","R","M","R","BOSS"],"items_purchased_type":["Card","Card","Card","Relic","Relic","Relic","Card","Potion","Card"],"build_version":"2020-12-22","purchased_purges":2,"victory":true,"max_hp_per_floor":[72,72,72,72,72,72,72,72,72,75,78,81,84,87,87,90,90,93,96,99,102,112,112,115,118,118,118,118,118,118,121,121,124,124,127,130,123,126,129,129,132,132,132,132,135,138,138,141,141,141],"card_choices":[{"not_picked":["Replay:DivineShield","Replay:Hum"],"picked":"Consecrate","floor":1},{"not_picked":["MarkedMod:GentlePulse","BattleHymn"],"picked":"SandsOfTime","floor":2},{"not_picked":["Replay:Vibes","MarkedMod:Acupuncture"],"picked":"ForeignInfluence","floor":6},{"not_picked":["Replay:Vibes","Meditate"],"picked":"SashWhip+1","floor":10},{"not_picked":["Adaptation","Replay:AtTheReady"],"picked":"EmptyMind","floor":11},{"not_picked":["Wireheading","Replay:BluntJabs+1"],"picked":"Evaluate","floor":12},{"not_picked":["EmptyBody","LessonLearned+1"],"picked":"ThirdEye","floor":13},{"not_picked":["Evaluate","EmptyBody"],"picked":"CutThroughFate+1","floor":14},{"not_picked":["Omniscience","Replay:LoomingThreat"],"picked":"LessonLearned+1","floor":16},{"not_picked":["Adaptation+1","Replay:AtTheReady"],"picked":"JustLucky+1","floor":18},{"not_picked":["SashWhip+1","Weave+1"],"picked":"Replay:ManipulateFuture","floor":18},{"not_picked":["WreathOfFlame","Wallop+1"],"picked":"WaveOfTheHand","floor":19},{"not_picked":["BattleHymn","EmptyMind","Swivel+1"],"picked":"SKIP","floor":19},{"not_picked":["sneckomod:IronFang+1","Guardian:Planning"],"picked":"Guardian:SentryBeam+1","floor":24},{"not_picked":["bronze:DigitalCarnage+1","Havoc","Guardian:TemporalStrike+1"],"picked":"SKIP","floor":24},{"not_picked":["hexamod:GhostOfSpirePast","Bullet Time"],"picked":"bronze:WhirlingStrike+1","floor":25},{"not_picked":["Specialist","bronze:Frontload+1"],"picked":"bronze:Iterate+1","floor":25},{"not_picked":["hexamod:UnlimitedPower","Guardian:BaubleBeam+1"],"picked":"Guardian:CompilePackage","floor":33},{"not_picked":["Slimebound:Gluttony","hexamod:BacktrackSmack+1"],"picked":"sneckomod:UnknownClassTHE_BRONZE_AUTOMATON+1","floor":35},{"not_picked":["Rebound+1","Collect+1"],"picked":"Jack Of All Trades","floor":35},{"not_picked":["hexamod:GhostOfSpireFuture+1","Escape Plan"],"picked":"Guardian:TemporalShield+1","floor":36},{"not_picked":["Slimebound:Chomp+1","MarkedMod:Acupuncture+1","Guardian:Gem_Lightblue"],"picked":"SKIP","floor":36},{"not_picked":["hexamod:SkipABeat","Slimebound:Prepare+1"],"picked":"Spot Weakness","floor":38},{"not_picked":["Turbo","Sanctity+1"],"picked":"Guardian:PrimingBeam+1","floor":41},{"not_picked":["hexamod:SecondSeal","Wireheading+1"],"picked":"Conserve Battery","floor":41},{"not_picked":["Guardian:TemporalStrike+1","Flame Barrier"],"picked":"Blood for Blood+1","floor":46},{"not_picked":["Collect+1","champ:AdrenalArmor","hexamod:RetreatToShadows+1"],"picked":"SKIP","floor":46},{"not_picked":["JustLucky+1","sneckomod:DiceBlock"],"picked":"Predator+1","floor":48},{"not_picked":["Dodge and Roll","sneckomod:SoulRoll+1","hexamod:GhostOfSpirePast+1"],"picked":"SKIP","floor":48}],"player_experience":164762,"relics_obtained":[{"floor":6,"key":"Gremlin Food"},{"floor":9,"key":"Replay:Ringing Soul"},{"floor":10,"key":"Molten Egg 2"},{"floor":13,"key":"Ornamental Fan"},{"floor":15,"key":"Prayer Wheel"},{"floor":26,"key":"Iron Hammer"},{"floor":31,"key":"Necronomicon"},{"floor":38,"key":"Replay:Purple Gloves"},{"floor":43,"key":"Replay:Baseball"}],"event_choices":[{"damage_healed":0,"gold_gain":75,"player_choice":"Gather Gold","damage_taken":11,"max_hp_gain":0,"max_hp_loss":0,"event_name":"World of Goop","floor":3,"gold_loss":0},{"damage_healed":0,"gold_gain":175,"player_choice":"AGREE","damage_taken":0,"max_hp_gain":0,"max_hp_loss":0,"event_name":"Liars Game","floor":5,"gold_loss":0,"cards_obtained":["Doubt"]},{"damage_healed":0,"gold_gain":0,"player_choice":"Got Potions","damage_taken":0,"max_hp_gain":0,"max_hp_loss":0,"event_name":"Lab","floor":7,"gold_loss":0},{"damage_healed":0,"gold_gain":0,"cards_transformed":["Evaluate"],"player_choice":"Transformed","damage_taken":0,"max_hp_gain":0,"max_hp_loss":0,"event_name":"Transmorgrifier","floor":20,"gold_loss":0,"cards_obtained":["Replay:LoomingThreat"]},{"cards_removed":["Replay:LoomingThreat"],"damage_healed":10,"gold_gain":0,"player_choice":"Offered Rare","damage_taken":0,"max_hp_gain":10,"max_hp_loss":0,"event_name":"Bonfire Elementals","floor":22,"gold_loss":0},{"damage_healed":0,"gold_gain":99,"player_choice":"Stole From Cult","damage_taken":0,"max_hp_gain":0,"max_hp_loss":0,"event_name":"Nest","floor":28,"gold_loss":0},{"damage_healed":0,"gold_gain":0,"player_choice":"Obtained Book","damage_taken":16,"max_hp_gain":0,"max_hp_loss":0,"event_name":"Cursed Tome","floor":31,"gold_loss":0},{"damage_healed":0,"gold_gain":0,"player_choice":"Max HP","damage_taken":0,"max_hp_gain":0,"max_hp_loss":7,"event_name":"Winding Halls","floor":37,"gold_loss":0},{"damage_healed":0,"gold_gain":0,"player_choice":"Fight","damage_taken":0,"max_hp_gain":0,"max_hp_loss":0,"event_name":"Mysterious Sphere","floor":38,"gold_loss":0},{"cards_removed":["Strike_P"],"damage_healed":0,"gold_gain":0,"player_choice":"Removed Attack","damage_taken":0,"max_hp_gain":0,"max_hp_loss":0,"event_name":"Falling","floor":42,"gold_loss":0},{"damage_healed":0,"gold_gain":0,"player_choice":"Copied","damage_taken":0,"max_hp_gain":0,"max_hp_loss":0,"event_name":"Duplicator","floor":45,"gold_loss":0,"cards_obtained":["ForeignInfluence"]}],"is_beta":false,"boss_relics":[{"not_picked":["Replay:Wanted Poster","Astrolabe"],"picked":"Velvet Choker"},{"not_picked":["Philosopher\u0027s Stone","Replay:Grab Bag"],"picked":"ChewingGum"}],"items_purged_floors":[4,21],"is_endless":false,"potions_floor_spawned":[2,10,11,16,18,19,41,46,48],"ascension_level":0}}