{"host":"k97npy6own8k4xam","time":1613131908,"event":{"mods":["BaseMod","Bestiary","Minty Spire (QoL Compilation)","Relic Stats","StSLib","ojb\u0027s Better Paths Mod"],"gold_per_floor":[116,126,48,48,48,79,79,109,133,133,133,174,190,52,52,180,180,194,213,226,0,19,61,61,101,124,124,173,173,192,219,219,354,354,378,405,23,56,133,180,203,239,239,257,300,318,318,23,23,23,23,23,23,23,23],"floor_reached":54,"language":"ITA","playtime":2735,"items_purged":["Defend_G","Well Laid Plans"],"score":1016,"play_id":"0dd26dcd-d44b-4f1e-bdbd-2540a9e5ef33","local_time":"20210212131148","is_ascension_mode":true,"campfire_choices":[{"data":"Blade Dance","floor":7.0,"key":"SMITH"},{"data":"Neutralize","floor":10.0,"key":"SMITH"},{"data":"Accuracy","floor":15.0,"key":"SMITH"},{"data":"Accuracy","floor":24.0,"key":"SMITH"},{"data":"Infinite Blades","floor":29.0,"key":"SMITH"},{"data":"Glass Knife","floor":32.0,"key":"SMITH"},{"floor":47,"key":"RECALL"},{"data":"Cloak And Dagger","floor":49,"key":"SMITH"},{"data":"Backflip","floor":52,"key":"SMITH"}],"circlet_count":0,"master_deck":["Strike_G+1","Strike_G+1","Strike_G+1","Strike_G+1","Strike_G+1","Defend_G+1","Defend_G+1","Defend_G+1","Defend_G+1","Survivor","Neutralize+1","Finesse","Blade Dance+1","Underhanded Strike+1","Backstab+1","PiercingWail","Acrobatics","Accuracy+1","Underhanded Strike","Unload+1","Glass Knife+1","Accuracy+1","Slice","Backflip+1","Slice+1","Malaise","Infinite Blades+1","Storm of Steel","PiercingWail+1","Blade Dance+1","Glass Knife","PiercingWail+1","Cloak And Dagger+1","Cloak And Dagger+1","Well Laid Plans+1","Cloak And Dagger+1"],"relics":["Ring of the Snake","Akabeko","The Specimen","Nunchaku","Potion Belt","Golden Idol","Art of War","HoveringKite","Sling","CeramicFish","Regal Pillow","Centennial Puzzle","Singing Bowl","Whetstone","WristBlade","DollysMirror","Thread and Needle","Vajra","Eternal Feather","Orichalcum","Happy Flower"],"acts_visited":["Exordium","TheCity","TheBeyond","TheEnding"],"potions_floor_usage":[46,50,50],"damage_taken":[{"damage":0.0,"enemies":"2 Louse","floor":1.0,"turns":4.0},{"damage":0.0,"enemies":"Jaw Worm","floor":2.0,"turns":3.0},{"damage":11.0,"enemies":"3 Sentries","floor":6.0,"turns":6.0},{"damage":15.0,"enemies":"Lagavulin","floor":8.0,"turns":7.0},{"damage":4.0,"enemies":"3 Sentries","floor":12.0,"turns":6.0},{"damage":0.0,"enemies":"Cultist","floor":13.0,"turns":1.0},{"damage":0.0,"enemies":"Slime Boss","floor":16.0,"turns":5.0},{"damage":0.0,"enemies":"Spheric Guardian","floor":18.0,"turns":2.0},{"damage":4.0,"enemies":"2 Thieves","floor":19.0,"turns":4.0},{"damage":3.0,"enemies":"Centurion and Healer","floor":20.0,"turns":4.0},{"damage":2.0,"enemies":"3 Cultists","floor":22.0,"turns":3.0},{"damage":14.0,"enemies":"Gremlin Leader","floor":23.0,"turns":6.0},{"damage":3.0,"enemies":"Book of Stabbing","floor":25.0,"turns":5.0},{"damage":0.0,"enemies":"Gremlin Leader","floor":28.0,"turns":4.0},{"damage":12.0,"enemies":"Snake Plant","floor":30.0,"turns":3.0},{"damage":19.0,"enemies":"Champ","floor":33.0,"turns":10.0},{"damage":10.0,"enemies":"3 Darklings","floor":35.0,"turns":6.0},{"damage":3.0,"enemies":"Orb Walker","floor":36.0,"turns":2.0},{"damage":6.0,"enemies":"3 Darklings","floor":38.0,"turns":4.0},{"damage":11.0,"enemies":"2 Orb Walkers","floor":39.0,"turns":3.0},{"damage":24.0,"enemies":"Nemesis","floor":40.0,"turns":5.0},{"damage":0.0,"enemies":"Sphere and 2 Shapes","floor":41.0,"turns":3.0},{"damage":0.0,"enemies":"Reptomancer","floor":42.0,"turns":5.0},{"damage":0.0,"enemies":"4 Shapes","floor":44.0,"turns":8.0},{"damage":1.0,"enemies":"Giant Head","floor":45.0,"turns":4.0},{"damage":0,"enemies":"Spire Growth","floor":46,"turns":2},{"damage":50,"enemies":"Awakened One","floor":50,"turns":8},{"damage":0,"enemies":"Shield and Spear","floor":54,"turns":2}],"seed_played":"-2489398338905882987","potions_obtained":[{"floor":2.0,"key":"DistilledChaos"},{"floor":6.0,"key":"Fire Potion"},{"floor":12.0,"key":"Swift Potion"},{"floor":13.0,"key":"LiquidMemories"},{"floor":20.0,"key":"PowerPotion"},{"floor":22.0,"key":"DuplicationPotion"},{"floor":23.0,"key":"BlessingOfTheForge"},{"floor":28.0,"key":"EssenceOfSteel"},{"floor":35.0,"key":"Swift Potion"},{"floor":36.0,"key":"FearPotion"},{"floor":41.0,"key":"GamblersBrew"},{"floor":45.0,"key":"CunningPotion"},{"floor":46,"key":"PowerPotion"}],"is_trial":false,"path_per_floor":["M","M","$","?","?","E","R","E","T","R","?","E","M","$","R","B",null,"M","M","M","$","M","E","R","E","T","?","E","R","M","T","R","B",null,"M","M","$","M","?","E","M","E","T","M","E","M","R","$","R","B",null,"R","$","E"],"character_chosen":"THE_SILENT","items_purchased":["Backstab","Unload","Sling","Well Laid Plans","DollysMirror","Block Potion","Glass Knife","Happy Flower","Cloak And Dagger"],"campfire_rested":0,"item_purchase_floors":[3,14,21,37,37,37,37,48,48],"current_hp_per_floor":[70,70,70,56,49,38,38,23,23,23,23,19,19,19,19,19,65,65,61,58,58,56,42,42,39,39,39,39,39,29,29,29,10,67,59,56,56,50,39,15,17,19,19,21,20,22,43,43,64,14,77,77,77,77,77],"gold":23,"neow_bonus":"RANDOM_COLORLESS","is_daily":false,"chose_seed":false,"campfire_upgraded":8,"win_rate":0.0,"timestamp":1613131908,"path_taken":["M","M","$","?","?","E","R","E","T","R","?","E","?","?","R","BOSS","M","M","M","$","M","E","R","E","T","?","E","R","M","?","R","BOSS","M","?","$","M","?","E","M","E","T","M","E","M","R","$","R","BOSS","R","$","E"],"items_purchased_type":["Card","Card","Relic","Card","Relic","Potion","Card","Relic","Card"],"build_version":"2020-12-22","purchased_purges":2,"victory":false,"max_hp_per_floor":[70,70,70,70,70,70,70,70,70,70,65,65,65,65,65,65,65,65,65,65,65,65,65,65,65,65,65,65,65,67,67,67,67,67,69,69,69,69,69,69,71,73,73,75,75,77,77,77,77,77,77,77,77,77,77],"relic_stats":{"Regal Pillow":0,"Singing Bowl":12,"Happy Flower":[3],"counters":[28,125],"Golden Idol":190,"CeramicFish":117,"HoveringKite":[42],"Eternal Feather":42,"Whetstone":["Unload","Backstab"],"Orichalcum":[12],"Nunchaku":[39],"Centennial Puzzle":[27],"Art of War":[7],"obtain_stats":[{"Potion Belt":9,"Regal Pillow":25,"The Specimen":6,"Singing Bowl":28,"Happy Flower":48,"Golden Idol":11,"CeramicFish":23,"HoveringKite":17,"Vajra":40,"Thread and Needle":39,"Eternal Feather":42,"Whetstone":31,"Orichalcum":45,"Sling":21,"Akabeko":5,"Nunchaku":8,"Centennial Puzzle":26,"WristBlade":34,"DollysMirror":37,"Art of War":12,"Ring of the Snake":0},{"Potion Belt":4,"Regal Pillow":13,"The Specimen":3,"Singing Bowl":14,"Happy Flower":26,"Golden Idol":4,"CeramicFish":12,"HoveringKite":7,"Vajra":21,"Thread and Needle":20,"Eternal Feather":23,"Whetstone":15,"Orichalcum":25,"Sling":10,"Akabeko":2,"Nunchaku":4,"Centennial Puzzle":13,"WristBlade":16,"DollysMirror":18,"Art of War":5,"Ring of the Snake":0},{"Potion Belt":20,"Regal Pillow":56,"The Specimen":13,"Singing Bowl":60,"Happy Flower":115,"Golden Idol":20,"CeramicFish":51,"HoveringKite":32,"Vajra":93,"Thread and Needle":88,"Eternal Feather":101,"Whetstone":63,"Orichalcum":113,"Sling":42,"Akabeko":7,"Nunchaku":20,"Centennial Puzzle":56,"WristBlade":73,"DollysMirror":81,"Art of War":26,"Ring of the Snake":0}],"Ring of the Snake":[56]},"card_choices":[{"not_picked":["Impatience","Blind"],"picked":"Finesse","floor":0.0},{"not_picked":["Prepared","Concentrate"],"picked":"Blade Dance","floor":1.0},{"not_picked":["Deflect","Skewer"],"picked":"Underhanded Strike","floor":2.0},{"not_picked":["Prepared","Quick Slash"],"picked":"PiercingWail","floor":6.0},{"not_picked":["Dagger Throw","Prepared"],"picked":"Acrobatics","floor":8.0},{"not_picked":["Dagger Throw","Predator"],"picked":"Accuracy","floor":12.0},{"not_picked":["PiercingWail","Escape Plan"],"picked":"Underhanded Strike","floor":13.0},{"not_picked":["Grand Finale","Bullet Time"],"picked":"Glass Knife","floor":16.0},{"not_picked":["Dagger Spray","Leg Sweep","Bouncing Flask"],"picked":"SKIP","floor":18.0},{"not_picked":["Tactician","Deflect+1"],"picked":"Accuracy","floor":19.0},{"not_picked":["Well Laid Plans","Quick Slash"],"picked":"Slice","floor":20.0},{"not_picked":["Backflip","PiercingWail","Flying Knee"],"picked":"SKIP","floor":22.0},{"not_picked":["PiercingWail","Flying Knee"],"picked":"Backflip","floor":22.0},{"not_picked":["Quick Slash","Blur"],"picked":"Slice+1","floor":23.0},{"not_picked":["Concentrate+1","Underhanded Strike"],"picked":"Malaise","floor":25.0},{"not_picked":["Deadly Poison","Unload"],"picked":"Infinite Blades","floor":28.0},{"not_picked":["Deadly Poison","Bane","Deflect"],"picked":"Singing Bowl","floor":30.0},{"not_picked":["Burst","A Thousand Cuts"],"picked":"Storm of Steel","floor":33.0},{"not_picked":["All Out Attack+1","Blur+1","Poisoned Stab+1"],"picked":"Singing Bowl","floor":35.0},{"not_picked":["Bane+1","Crippling Poison+1"],"picked":"PiercingWail+1","floor":36.0},{"not_picked":["Acrobatics","Sucker Punch"],"picked":"PiercingWail+1","floor":38.0},{"not_picked":["Dodge and Roll","Sucker Punch+1"],"picked":"Cloak And Dagger+1","floor":39.0},{"not_picked":["Storm of Steel","Prepared"],"picked":"Cloak And Dagger+1","floor":40.0},{"not_picked":["Skewer","Slice","Acrobatics"],"picked":"Singing Bowl","floor":41.0},{"not_picked":["Dagger Spray","Corpse Explosion","Reflex"],"picked":"Singing Bowl","floor":42.0},{"not_picked":["Noxious Fumes","Leg Sweep","Deadly Poison+1"],"picked":"Singing Bowl","floor":44.0},{"not_picked":["Eviscerate","Dagger Throw+1"],"picked":"Well Laid Plans+1","floor":45.0},{"not_picked":["Slice+1","Skewer+1","Expertise"],"picked":"Singing Bowl","floor":46}],"player_experience":433837,"relics_obtained":[{"floor":6.0,"key":"The Specimen"},{"floor":8.0,"key":"Nunchaku"},{"floor":9.0,"key":"Potion Belt"},{"floor":12.0,"key":"Art of War"},{"floor":23.0,"key":"CeramicFish"},{"floor":25.0,"key":"Regal Pillow"},{"floor":26.0,"key":"Centennial Puzzle"},{"floor":28.0,"key":"Singing Bowl"},{"floor":31.0,"key":"Whetstone"},{"floor":39.0,"key":"Thread and Needle"},{"floor":40.0,"key":"Vajra"},{"floor":42.0,"key":"Eternal Feather"},{"floor":45.0,"key":"Orichalcum"}],"event_choices":[{"damage_healed":0.0,"max_hp_gain":0.0,"max_hp_loss":0.0,"gold_gain":0.0,"event_name":"Shining Light","player_choice":"Entered Light","floor":4.0,"gold_loss":0.0,"damage_taken":14.0,"cards_upgraded":["Underhanded Strike","Strike_G"]},{"damage_healed":0.0,"max_hp_gain":0.0,"max_hp_loss":0.0,"gold_gain":0.0,"event_name":"Scrap Ooze","player_choice":"Success","floor":5.0,"gold_loss":0.0,"damage_taken":7.0,"relics_obtained":["Akabeko"]},{"damage_healed":0.0,"max_hp_gain":0.0,"max_hp_loss":5.0,"gold_gain":0.0,"event_name":"Golden Idol","player_choice":"Lose Max HP","floor":11.0,"gold_loss":0.0,"damage_taken":0.0,"relics_obtained":["Golden Idol"]},{"damage_healed":0.0,"max_hp_gain":0.0,"max_hp_loss":0.0,"gold_gain":0.0,"event_name":"Back to Basics","player_choice":"Simplicity","floor":27.0,"gold_loss":0.0,"damage_taken":0.0,"cards_upgraded":["Strike_G","Strike_G","Strike_G","Strike_G","Defend_G","Defend_G","Defend_G","Defend_G"]},{"damage_healed":0.0,"max_hp_gain":0.0,"max_hp_loss":0.0,"gold_gain":0.0,"event_name":"Mysterious Sphere","player_choice":"Fight","floor":39.0,"gold_loss":0.0,"damage_taken":0.0}],"is_beta":false,"boss_relics":[{"not_picked":["Runic Pyramid","Sozu"],"picked":"HoveringKite"},{"not_picked":["Empty Cage","SacredBark"],"picked":"WristBlade"}],"items_purged_floors":[21,48],"is_endless":false,"potions_floor_spawned":[2,6,12,13,20,22,23,28,35,36,41,45,46],"killed_by":"Shield and Spear","ascension_level":2}}