{"host":"iy54rgx5egu9t31x","time":1613134698,"event":{"mods":["2.2 Compatiblity","Act Like it!","Always Whale","BaseMod","Downfall","Gensokyo","Marisa¡]Ãú«B¡@Å]²z¨F¡^","Minty Spire (QoL Compilation)","Quick Restart","StSLib","SuperFastMode"],"gold_per_floor":[99,116,135,135,12,66,140,164,193,418,457,486,486,514,541,651,651,560,580,580,589,615,177,248,17,60,89,89,89,312,350,378,482,482,391,416,63,63,5,52,61,70,290,299,299,341,350,391,412,412],"floor_reached":51,"language":"ZHS","playtime":2058,"items_purged":["Pain"],"score":1115,"play_id":"2b492260-e5ec-4833-9709-86323ae06eeb","local_time":"20210212205818","is_ascension_mode":true,"campfire_choices":[{"floor":13.0,"key":"RECALL"},{"floor":42,"key":"REST"},{"floor":44,"key":"REST"},{"floor":47,"key":"REST"}],"circlet_count":0,"master_deck":["sneckomod:Strike","sneckomod:Strike","sneckomod:Strike","sneckomod:Defend","sneckomod:Defend","sneckomod:Defend","sneckomod:TailWhip","sneckomod:SnekBite","sneckomod:Unknown+1","sneckomod:UnknownRareAttack","champ:CheapShot","sneckomod:WideSting","sneckomod:CheapStock","sneckomod:DefensiveFlair","sneckomod:UnknownVulnerable","sneckomod:UnknownBlock+1","sneckomod:DiceBlock","sneckomod:UnknownClassPURPLE+1","sneckomod:Nope","sneckomod:SerpentMind","DevaForm+1","sneckomod:ImprovisedAttack","Gensokyo:LittleGreenMen","sneckomod:UnknownStrike+1","sneckomod:UnknownBlock+1","sneckomod:Restock+1","sneckomod:SoulDraw","sneckomod:DiceCrush","sneckomod:UnknownWeak+1","sneckomod:UnknownStrike+1","sneckomod:UnknownDraw+1","MasterReality+1","sneckomod:UnknownX+1","sneckomod:Unknown0Cost+1","sneckomod:Unknown3Cost+1","sneckomod:Unknown2Cost+1","Writhe","sneckomod:UnknownX+1","sneckomod:UnknownVulnerable+1","sneckomod:DiceBoulder+1","sneckomod:SerpentIdol+1","sneckomod:UnknownClassPURPLE+1","sneckomod:UnknownRarePower+1","sneckomod:Nope"],"relics":["sneckomod:SneckoSoul","Gensokyo:LunaticRedEyes","CeramicFish","hexamod:CandleOfCauterizing","Dream Catcher","sneckomod:UnknownEgg","Regal Pillow","Fusion Hammer","downfall:HeartBlessingRed","Gensokyo:DirgeOfMelancholy","ClockworkSouvenir","HandDrill","Eternal Feather","Toolbox","Orichalcum","Nunchaku","Gensokyo:MosesMiracle","Bottled Lightning","Question Card","Cursed Key","downfall:HeartBlessingGreen","Chemical X","OrangePellets","Art of War","Kunai","hexamod:BolsterEngine","Happy Flower","FossilizedHelix","Pear","Gensokyo:TheCrow","Bag of Marbles","Toy Ornithopter"],"acts_visited":["Gensokyo:Gensokyo","Gensokyo:Gensokyoer","Gensokyo:Gensokyoest"],"potions_floor_usage":[],"damage_taken":[{"damage":2.0,"enemies":"Gensokyo:Gryphon","floor":2.0,"turns":4.0},{"damage":2.0,"enemies":"Gensokyo:2_Kodama","floor":3.0,"turns":3.0},{"damage":1.0,"enemies":"Gensokyo:3_Fairies","floor":8.0,"turns":3.0},{"damage":1.0,"enemies":"Gensokyo:LivingMonolith","floor":9.0,"turns":4.0},{"damage":12.0,"enemies":"Gensokyo:VengefulSpirit","floor":10.0,"turns":6.0},{"damage":7.0,"enemies":"Gensokyo:Mamizou","floor":11.0,"turns":7.0},{"damage":1.0,"enemies":"Gensokyo:CorruptedTreant","floor":12.0,"turns":3.0},{"damage":2.0,"enemies":"Gensokyo:Kitsune","floor":14.0,"turns":3.0},{"damage":2.0,"enemies":"Gensokyo:VengefulSpirit","floor":15.0,"turns":3.0},{"damage":21.0,"enemies":"IC_STATUS_ARCHETYPE","floor":16.0,"turns":4.0},{"damage":11.0,"enemies":"Gensokyo:Chomper","floor":19.0,"turns":6.0},{"damage":12.0,"enemies":"Gensokyo:CosmicMonolith","floor":22.0,"turns":3.0},{"damage":3.0,"enemies":"downfall:FleeingMerchant","floor":25.0,"turns":5.0},{"damage":0.0,"enemies":"Gensokyo:Tenshi","floor":26.0,"turns":3.0},{"damage":5.0,"enemies":"Gensokyo:Mirror_and_Dog","floor":27.0,"turns":3.0},{"damage":0.0,"enemies":"Gensokyo:Monolith_and_Dog","floor":30.0,"turns":2.0},{"damage":3.0,"enemies":"Gensokyo:Koishi","floor":31.0,"turns":3.0},{"damage":21.0,"enemies":"Gensokyo:Slime_Group","floor":32.0,"turns":4.0},{"damage":19.0,"enemies":"DF_ARCHETYPE_CLAW","floor":33.0,"turns":5.0},{"damage":0.0,"enemies":"Gensokyo:AncientGuardian","floor":36.0,"turns":1.0},{"damage":0.0,"enemies":"downfall:FleeingMerchant","floor":39.0,"turns":4.0},{"damage":53,"enemies":"Gensokyo:Marisa","floor":40,"turns":6},{"damage":0,"enemies":"Gensokyo:3_Bats","floor":43,"turns":3},{"damage":10,"enemies":"Gensokyo:Doremy","floor":46,"turns":4},{"damage":0,"enemies":"Gensokyo:Kasen","floor":48,"turns":4},{"damage":18,"enemies":"Gensokyo:Rafflesia","floor":49,"turns":6},{"damage":0,"enemies":"SI_POISON_ARCHETYPE","floor":50,"turns":4}],"seed_played":"7382637263626995184","potions_obtained":[{"floor":8.0,"key":"sneckomod:DiceRollPotion"},{"floor":10.0,"key":"Fire Potion"},{"floor":11.0,"key":"GamblersBrew"},{"floor":12.0,"key":"AttackPotion"},{"floor":16.0,"key":"FairyPotion"},{"floor":22.0,"key":"Regen Potion"},{"floor":30.0,"key":"LiquidBronze"},{"floor":31.0,"key":"EntropicBrew"},{"floor":43,"key":"FearPotion"}],"is_trial":false,"path_per_floor":["R","M","M","?","COS","T","T","M","M","M","E","M","R","M","M","B",null,"R","M","?","?","M","COS","T","$","E","M","?","T","M","E","M","B",null,"R","M","COS","?","$","E","T","R","M","R","?","E","R","E","M","B",null],"character_chosen":"THE_SNECKO","items_purchased":["Toolbox","Art of War","Kunai"],"campfire_rested":3,"item_purchase_floors":[25,39,39],"current_hp_per_floor":[90,88,86,86,86,86,86,85,84,72,65,64,64,62,60,39,90,90,79,79,79,67,67,67,79,79,74,74,74,74,71,50,31,81,81,81,81,81,81,28,28,81,91,91,91,91,91,91,73,73],"gold":412,"neow_bonus":"ONE_RANDOM_RARE_CARD","is_daily":false,"chose_seed":false,"campfire_upgraded":0,"win_rate":0.0,"timestamp":1613134698,"path_taken":["R","M","M","?","COS","?","T","M","M","?","E","M","R","M","M","BOSS","R","M","?","?","M","COS","T","?","E","?","?","?","M","E","M","BOSS","R","M","COS","?","$","E","T","R","?","R","?","E","R","E","M","BOSS"],"items_purchased_type":["Relic","Relic","Relic"],"build_version":"2020-12-22","purchased_purges":1,"victory":true,"max_hp_per_floor":[90,90,90,90,90,90,90,90,90,90,90,90,90,90,90,90,90,90,90,90,81,81,81,81,81,81,81,81,81,81,81,81,81,81,81,81,81,81,81,81,81,81,91,91,91,91,91,91,91,91],"card_choices":[{"not_picked":["sneckomod:SoulDraw","sneckomod:IronFang"],"picked":"sneckomod:WideSting","floor":2.0},{"not_picked":["sneckomod:QuickBite","sneckomod:Unknown1Cost"],"picked":"sneckomod:CheapStock","floor":3.0},{"not_picked":["sneckomod:CheapStock","sneckomod:DiceCrush"],"picked":"sneckomod:DefensiveFlair","floor":8.0},{"not_picked":["sneckomod:SoulDraw","sneckomod:DefensiveFlair"],"picked":"sneckomod:UnknownVulnerable","floor":9.0},{"not_picked":["sneckomod:SnekBeam","sneckomod:QuickBite"],"picked":"sneckomod:UnknownBlock+1","floor":10.0},{"not_picked":["sneckomod:TrashToTreasure","sneckomod:Unknown0Cost+1"],"picked":"sneckomod:Unknown3Cost+1","floor":11.0},{"not_picked":["sneckomod:DiceCrush","sneckomod:WideSting"],"picked":"sneckomod:DiceBlock","floor":12.0},{"not_picked":["sneckomod:QuickMove","sneckomod:Unknown1Cost+1"],"picked":"sneckomod:UnknownClassPURPLE+1","floor":14.0},{"not_picked":["sneckomod:QuickMove","sneckomod:DefensiveFlair"],"picked":"sneckomod:Nope","floor":15.0},{"not_picked":["sneckomod:Restock","sneckomod:Cheat"],"picked":"sneckomod:SerpentMind","floor":16.0},{"not_picked":["sneckomod:QuickBite","sneckomod:SoulRoll"],"picked":"sneckomod:ImprovisedAttack","floor":19.0},{"not_picked":["Gensokyo:HAARP","Gensokyo:GapWoman"],"picked":"Gensokyo:LittleGreenMen","floor":21.0},{"not_picked":["sneckomod:IronFang","sneckomod:DiceBoulder"],"picked":"sneckomod:UnknownStrike+1","floor":22.0},{"not_picked":["sneckomod:Nope","sneckomod:MasterEye"],"picked":"sneckomod:UnknownBlock+1","floor":25.0},{"not_picked":["sneckomod:UnknownBlock+1","sneckomod:MixItUp+1"],"picked":"sneckomod:Restock+1","floor":26.0},{"not_picked":["sneckomod:DefensiveFlair","sneckomod:DiceBlock"],"picked":"sneckomod:SoulDraw","floor":26.0},{"not_picked":["sneckomod:QuickMove","sneckomod:WideSting"],"picked":"sneckomod:DiceCrush","floor":27.0},{"not_picked":["sneckomod:SoulCleanse+1","sneckomod:SnakeSap"],"picked":"sneckomod:UnknownWeak+1","floor":30.0},{"not_picked":["sneckomod:RainOfDice","sneckomod:SoulCleanse"],"picked":"sneckomod:UnknownStrike+1","floor":31.0},{"not_picked":["sneckomod:DiceBlock+1","sneckomod:Nope+1","sneckomod:QuickBite+1"],"picked":"sneckomod:UnknownDraw+1","floor":32.0},{"not_picked":["sneckomod:Restock","sneckomod:DangerNoodle","sneckomod:SoulExchange"],"picked":"sneckomod:UnknownRarePower+1","floor":33.0},{"not_picked":["sneckomod:UnknownDraw+1","sneckomod:RainOfDice+1","sneckomod:SoulRoll"],"picked":"sneckomod:UnknownX+1","floor":36.0},{"not_picked":["sneckomod:DiceBlock+1","sneckomod:MasterEye","sneckomod:CheapStock+1"],"picked":"sneckomod:Unknown0Cost+1","floor":39.0},{"not_picked":["sneckomod:UnknownCommonAttack+1","sneckomod:UnknownColorless+1","sneckomod:TrashToTreasure+1"],"picked":"sneckomod:Unknown3Cost+1","floor":40},{"not_picked":["sneckomod:Nope+1","sneckomod:DefensiveFlair","sneckomod:WideSting"],"picked":"sneckomod:Unknown2Cost+1","floor":40},{"not_picked":["sneckomod:IronFang","sneckomod:DangerNoodle","sneckomod:QuickBite+1"],"picked":"sneckomod:UnknownX+1","floor":42},{"not_picked":["sneckomod:IronFang+1","sneckomod:SnakeSap+1","sneckomod:Nope+1"],"picked":"sneckomod:UnknownVulnerable+1","floor":43},{"not_picked":["sneckomod:DiceCrush","sneckomod:Unknown1Cost+1","sneckomod:SoulDraw+1"],"picked":"sneckomod:DiceBoulder+1","floor":44},{"not_picked":["sneckomod:Rotation+1","sneckomod:Transmogrify","sneckomod:QuickMove"],"picked":"sneckomod:SerpentIdol+1","floor":46},{"not_picked":["sneckomod:UnknownCommonAttack+1","sneckomod:Unknown1Cost+1","sneckomod:QuickMove"],"picked":"sneckomod:UnknownClassPURPLE+1","floor":47},{"not_picked":["sneckomod:Nope+1","sneckomod:SnakeSap","sneckomod:UnknownStrike+1"],"picked":"sneckomod:UnknownRarePower+1","floor":48},{"not_picked":["sneckomod:DiceCrush","sneckomod:SoulDraw","sneckomod:DiceBlock"],"picked":"sneckomod:Nope","floor":49}],"player_experience":1088883,"relics_obtained":[{"floor":6.0,"key":"CeramicFish"},{"floor":7.0,"key":"hexamod:CandleOfCauterizing"},{"floor":11.0,"key":"Regal Pillow"},{"floor":24.0,"key":"Eternal Feather"},{"floor":26.0,"key":"Orichalcum"},{"floor":29.0,"key":"Bottled Lightning"},{"floor":31.0,"key":"Question Card"},{"floor":32.0,"key":"Gensokyo:MosesMiracle"},{"floor":40,"key":"hexamod:BolsterEngine"},{"floor":41,"key":"Happy Flower"},{"floor":46,"key":"Bag of Marbles"},{"floor":48,"key":"Toy Ornithopter"}],"event_choices":[],"is_beta":false,"boss_relics":[{"not_picked":["Busted Crown","Sozu"],"picked":"Fusion Hammer"},{"not_picked":["Black Star","Empty Cage"],"picked":"Cursed Key"}],"items_purged_floors":[25],"is_endless":false,"potions_floor_spawned":[8,10,11,12,16,22,30,31,32,43,46,48],"ascension_level":1}}