{"host":"jruzzdd1waq9u00d","time":1613134028,"event":{"mods":["BaseMod","Colored Map","Colored Powertips","DeckTracker","Downfall","Minty Spire (QoL Compilation)","Quick Restart","Relic Stats","StSLib","SuperFastMode"],"gold_per_floor":[99,99,99,24,124,9,36,36,36,53,53,53,99,109,126,225,225,125,144,144,144,144],"floor_reached":20,"language":"ENG","playtime":651,"items_purged":["Slimebound:Strike_Slimebound","Slimebound:Strike_Slimebound"],"score":198,"play_id":"94c54419-7d94-48a0-9911-f2bcf8531cbc","local_time":"20210212214708","is_ascension_mode":true,"campfire_choices":[{"data":"Slimebound:Split","floor":1.0,"key":"SMITH"},{"data":"Slimebound:SplitBruiser","floor":9.0,"key":"SMITH"},{"data":"Slimebound:SplitBruiser","floor":11.0,"key":"SMITH"},{"data":"Slimebound:DuplicatedForm","floor":18,"key":"SMITH"}],"circlet_count":0,"master_deck":["Slimebound:Strike_Slimebound","Slimebound:Tackle","Slimebound:Defend_Slimebound","Slimebound:Defend_Slimebound","Slimebound:Defend_Slimebound","Slimebound:Split+1","Slimebound:CorrosiveSpit","Slimebound:SamplingLick","Slimebound:ItLooksTasty","Slimebound:SplitBruiser+1","Slimebound:AcidTongue","Slimebound:SplitBruiser+1","Slimebound:LevelUp","Slimebound:Schlurp","Slimebound:DuplicatedForm+1","Slimebound:DivideAndConquer+1"],"relics":["Slimebound:AbsorbEndCombat","downfall:HeartsMalice","Bag of Preparation","Ancient Tea Set","SlaversCollar","downfall:HeartBlessingBlue"],"acts_visited":["Exordium","TheCity"],"potions_floor_usage":[16,16],"damage_taken":[{"damage":0.0,"enemies":"2 Louse","floor":2.0,"turns":1.0},{"damage":0.0,"enemies":"Cultist","floor":3.0,"turns":1.0},{"damage":0.0,"enemies":"downfall:FleeingMerchant","floor":4.0,"turns":1.0},{"damage":5.0,"enemies":"downfall:FleeingMerchant","floor":6.0,"turns":4.0},{"damage":0.0,"enemies":"Small Slimes","floor":10.0,"turns":2.0},{"damage":8.0,"enemies":"Exordium Wildlife","floor":14.0,"turns":3.0},{"damage":9.0,"enemies":"Blue Slaver","floor":15.0,"turns":2.0},{"damage":34,"enemies":"WA_ARCHETYPE_RETAIN","floor":16,"turns":5},{"damage":31,"enemies":"Spheric Guardian","floor":19,"turns":4},{"damage":43,"enemies":"Centurion and Healer","floor":20,"turns":5}],"seed_played":"7863118342086232736","potions_obtained":[{"floor":10.0,"key":"PowerPotion"},{"floor":14.0,"key":"DistilledChaos"},{"floor":15.0,"key":"Strength Potion"}],"is_trial":false,"path_per_floor":["R","M","M","$","?","$","T","?","R","M","R","?","T","M","M","B",null,"R","M","M"],"character_chosen":"SLIMEBOUND","items_purchased":[],"campfire_rested":0,"item_purchase_floors":[],"current_hp_per_floor":[65,65,65,65,65,62,62,62,62,65,65,47,47,43,34,8,51,61,47,10,10,10],"gold":144,"neow_bonus":"THREE_ENEMY_KILL","is_daily":false,"chose_seed":false,"campfire_upgraded":4,"win_rate":0.0,"timestamp":1613134028,"path_taken":["R","M","M","$","?","?","T","?","R","?","R","?","?","M","M","BOSS","R","M","M"],"items_purchased_type":[],"build_version":"2020-12-22","purchased_purges":2,"victory":false,"max_hp_per_floor":[65,65,65,65,65,65,65,65,65,65,65,65,65,65,65,65,65,75,75,75,75,75],"relic_stats":{"counters":[10,23],"Bag of Preparation":[10],"obtain_stats":[{"SlaversCollar":17,"downfall:HeartBlessingBlue":18,"downfall:HeartsMalice":0,"Slimebound:AbsorbEndCombat":0,"Bag of Preparation":12,"Ancient Tea Set":13},{"SlaversCollar":8,"downfall:HeartBlessingBlue":8,"downfall:HeartsMalice":0,"Slimebound:AbsorbEndCombat":0,"Bag of Preparation":5,"Ancient Tea Set":5},{"SlaversCollar":15,"downfall:HeartBlessingBlue":15,"downfall:HeartsMalice":0,"Slimebound:AbsorbEndCombat":0,"Bag of Preparation":6,"Ancient Tea Set":6}]},"card_choices":[{"not_picked":["Slimebound:Chomp","Slimebound:ItLooksTasty"],"picked":"Slimebound:SamplingLick","floor":2.0},{"not_picked":["Slimebound:DivideAndConquer","Slimebound:FormOfPuddle"],"picked":"Slimebound:ItLooksTasty","floor":3.0},{"not_picked":["Slimebound:FlameTackle","Slimebound:GoopTackle"],"picked":"Slimebound:SplitBruiser","floor":4.0},{"not_picked":["Slimebound:SpikyOuterGoop","Slimebound:GoopTackle"],"picked":"Slimebound:AcidTongue","floor":6.0},{"not_picked":["Slimebound:Dissolve","Slimebound:RollThrough"],"picked":"Slimebound:SplitBruiser","floor":10.0},{"not_picked":["Slimebound:SplitBruiser","Slimebound:DisruptingSlam"],"picked":"Slimebound:LevelUp","floor":14.0},{"not_picked":["Slimebound:FinishingTackle","Slimebound:Recollect"],"picked":"Slimebound:Schlurp","floor":15.0},{"not_picked":["Slimebound:DouseInSlime","Slimebound:SlimeSlap"],"picked":"Slimebound:DuplicatedForm","floor":16},{"not_picked":["Slimebound:LeechEnergy","Slimebound:SplitBruiser"],"picked":"Slimebound:DivideAndConquer+1","floor":19}],"player_experience":436732,"relics_obtained":[{"floor":13.0,"key":"Ancient Tea Set"}],"event_choices":[{"cards_removed":["Slimebound:Defend_Slimebound"],"damage_healed":0.0,"max_hp_gain":0.0,"max_hp_loss":0.0,"gold_gain":0.0,"event_name":"Living Wall","player_choice":"Forget","floor":8.0,"gold_loss":0.0,"damage_taken":0.0},{"damage_healed":0.0,"max_hp_gain":0.0,"max_hp_loss":0.0,"gold_gain":0.0,"event_name":"Scrap Ooze","player_choice":"Success","floor":12.0,"gold_loss":0.0,"damage_taken":18.0,"relics_obtained":["Bag of Preparation"]}],"is_beta":false,"boss_relics":[{"not_picked":["Slimebound:TarBlob","bronze:MakeshiftBattery"],"picked":"SlaversCollar"}],"items_purged_floors":[4,6],"is_endless":false,"potions_floor_spawned":[10,14,15],"killed_by":"Centurion and Healer","ascension_level":5}}