{"host":"fxrgx7wt2cpkbhka","time":1613124068,"event":{"mods":["AchievementEnabler","BaseMod","Colored Powertips","Dark Map","Minty Spire (QoL Compilation)","Permanent Neow","Quick Restart","Slay-I","StSLib","Waifu the Spire"],"gold_per_floor":[114,38,113,133,133,166,179,179,179,179,198,198,198],"floor_reached":12,"language":"ENG","playtime":215,"items_purged":[],"score":175,"play_id":"c5c348e5-6956-40b5-b81b-e6a1c8aad602","local_time":"20210212020108","is_ascension_mode":true,"campfire_choices":[{"data":"Fission","floor":8,"key":"SMITH"},{"data":"Dualcast","floor":10,"key":"SMITH"}],"circlet_count":0,"master_deck":["AscendersBane","Strike_B","Strike_B","Strike_B","Strike_B","Defend_B","Defend_B","Defend_B","Defend_B","Zap","Dualcast+1","Capacitor","Static Discharge","Defragment+1","Fission+1","Leap"],"relics":["Cracked Core","NeowsBlessing","Blue Candle","Sundial"],"acts_visited":["Exordium"],"potions_floor_usage":[12,12],"damage_taken":[{"damage":0,"enemies":"2 Louse","floor":1,"turns":1},{"damage":0,"enemies":"Cultist","floor":4,"turns":1},{"damage":0,"enemies":"3 Sentries","floor":6,"turns":1},{"damage":18,"enemies":"Small Slimes","floor":7,"turns":3},{"damage":14,"enemies":"Exordium Wildlife","floor":11,"turns":3},{"damage":20,"enemies":"Gremlin Nob","floor":12,"turns":4}],"seed_played":"731685329253161434","potions_obtained":[{"floor":1,"key":"Strength Potion"},{"floor":7,"key":"EntropicBrew"}],"is_trial":false,"path_per_floor":["M","$","?","M","?","E","M","R","T","R","M","E"],"character_chosen":"DEFECT","items_purchased":["Static Discharge"],"campfire_rested":0,"item_purchase_floors":[2],"current_hp_per_floor":[64,64,57,57,57,57,39,39,39,39,25,5,5],"gold":198,"neow_bonus":"THREE_ENEMY_KILL","is_daily":false,"chose_seed":false,"campfire_upgraded":2,"win_rate":0.0,"timestamp":1613124068,"path_taken":["M","$","?","?","?","E","?","R","T","R","M","E"],"items_purchased_type":["Card"],"build_version":"2020-12-22","purchased_purges":0,"victory":false,"max_hp_per_floor":[71,71,71,71,71,71,71,71,71,71,71,71,71],"card_choices":[{"not_picked":["Stack","Coolheaded"],"picked":"Capacitor","floor":1},{"not_picked":["Defragment","Steam","Hologram"],"picked":"SKIP","floor":4},{"not_picked":["Steam","Hologram"],"picked":"Defragment","floor":4},{"not_picked":["Chill","Compile Driver"],"picked":"Fission","floor":6},{"not_picked":["Sweeping Beam","Blizzard","Static Discharge"],"picked":"SKIP","floor":7},{"not_picked":["Rebound","Steam"],"picked":"Leap","floor":11}],"player_experience":772169,"relics_obtained":[{"floor":6,"key":"Blue Candle"},{"floor":9,"key":"Sundial"}],"event_choices":[{"damage_healed":0,"gold_gain":75,"player_choice":"Touch","damage_taken":7,"max_hp_gain":0,"max_hp_loss":0,"event_name":"FaceTrader","floor":3,"gold_loss":0},{"damage_healed":0,"gold_gain":0,"player_choice":"Upgraded","damage_taken":0,"max_hp_gain":0,"max_hp_loss":0,"event_name":"Upgrade Shrine","floor":5,"gold_loss":0,"cards_upgraded":["Defragment"]}],"is_beta":false,"boss_relics":[],"items_purged_floors":[],"is_endless":false,"potions_floor_spawned":[1,7],"killed_by":"Gremlin Nob","ascension_level":14}}