{"host":"wuernuywc9gl215o","time":1613122561,"event":{"mods":["2.2 Compatiblity","AchievementEnabler","BaseMod","Bestiary","Block Reminder","Displayed Cursed Tome","Highlight Path","Key Reminder","Minty Spire (QoL Compilation)","Permanent Neow","Potion Indicator Mod","Quick Restart","Rare Cards Sparkle","Relic Stats","ojb\u0027s Info Mod"],"gold_per_floor":[114,134,144,161,178,212,212,245,545,545,545,562,597,597,597,597,597],"floor_reached":16,"language":"ENG","playtime":1189,"items_purged":[],"score":244,"play_id":"85697332-3feb-4159-87a8-f90646e0b78a","local_time":"20210212093601","is_ascension_mode":true,"campfire_choices":[{"floor":7.0,"key":"REST"},{"floor":11.0,"key":"REST"},{"data":"1","floor":15,"key":"LIFT"}],"circlet_count":0,"master_deck":["AscendersBane","Strike_R","Strike_R","Strike_R","Strike_R","Strike_R","Defend_R","Defend_R","Defend_R","Defend_R","Bash","Twin Strike","Perfected Strike","Thunderclap","Feel No Pain","Reckless Charge","Clash","Fire Breathing"],"relics":["Burning Blood","WingedGreaves","Girya","Anchor","Old Coin","Darkstone Periapt","Golden Idol"],"acts_visited":["Exordium"],"potions_floor_usage":[13],"damage_taken":[{"damage":5.0,"enemies":"Small Slimes","floor":1.0,"turns":3.0},{"damage":14.0,"enemies":"Jaw Worm","floor":2.0,"turns":4.0},{"damage":9.0,"enemies":"2 Louse","floor":3.0,"turns":2.0},{"damage":23.0,"enemies":"Exordium Thugs","floor":4.0,"turns":4.0},{"damage":0.0,"enemies":"2 Fungi Beasts","floor":5.0,"turns":2.0},{"damage":31.0,"enemies":"Gremlin Nob","floor":6.0,"turns":4.0},{"damage":18.0,"enemies":"3 Sentries","floor":8.0,"turns":12.0},{"damage":1,"enemies":"Looter","floor":12,"turns":2},{"damage":43,"enemies":"Lagavulin","floor":13,"turns":6},{"damage":29,"enemies":"Hexaghost","floor":16,"turns":8}],"seed_played":"-4653568923150648292","potions_obtained":[{"floor":2.0,"key":"Strength Potion"},{"floor":6.0,"key":"BlessingOfTheForge"},{"floor":12,"key":"Fruit Juice"}],"is_trial":false,"path_per_floor":["M","M","M","M","M","E","R","E","T","?","R","M","E","?","R","B"],"character_chosen":"IRONCLAD","items_purchased":[],"campfire_rested":2,"item_purchase_floors":[],"current_hp_per_floor":[68,60,57,40,46,21,41,29,29,34,55,60,28,28,28,0,0],"gold":597,"neow_bonus":"ONE_RARE_RELIC","is_daily":false,"chose_seed":false,"campfire_upgraded":0,"win_rate":0.0,"timestamp":1613122561,"path_taken":["M","M","M","M","M","E","R","E","T","?","R","M","E","?","R","BOSS"],"items_purchased_type":[],"build_version":"2020-12-22","purchased_purges":0,"victory":false,"max_hp_per_floor":[68,68,68,68,68,68,68,68,68,73,73,73,78,71,71,71,71],"relic_stats":{"Darkstone Periapt":0,"counters":[10,47],"Golden Idol":0,"obtain_stats":[{"Darkstone Periapt":13,"Girya":6,"Anchor":8,"Golden Idol":14,"WingedGreaves":0,"Burning Blood":0,"Old Coin":9},{"Darkstone Periapt":9,"Girya":6,"Anchor":7,"Golden Idol":9,"WingedGreaves":0,"Burning Blood":0,"Old Coin":7},{"Darkstone Periapt":39,"Girya":19,"Anchor":31,"Golden Idol":39,"WingedGreaves":0,"Burning Blood":0,"Old Coin":31}],"Burning Blood":53},"card_choices":[{"not_picked":["Warcry","Burning Pact"],"picked":"Twin Strike","floor":1.0},{"not_picked":["Sentinel","Armaments"],"picked":"Perfected Strike","floor":2.0},{"not_picked":["Body Slam","Juggernaut","Sentinel"],"picked":"SKIP","floor":3.0},{"not_picked":["Warcry","Flex"],"picked":"Thunderclap","floor":4.0},{"not_picked":["Body Slam","Warcry"],"picked":"Feel No Pain","floor":5.0},{"not_picked":["Uppercut","Searing Blow"],"picked":"Reckless Charge","floor":6.0},{"not_picked":["Uppercut","Sword Boomerang","Combust"],"picked":"SKIP","floor":8.0},{"not_picked":["Wild Strike","Sword Boomerang"],"picked":"Clash","floor":12},{"not_picked":["Rupture","Burning Pact"],"picked":"Fire Breathing","floor":13}],"player_experience":915177,"relics_obtained":[{"floor":6.0,"key":"Girya"},{"floor":8.0,"key":"Anchor"},{"floor":9.0,"key":"Old Coin"},{"floor":13,"key":"Darkstone Periapt"}],"event_choices":[{"damage_healed":0.0,"max_hp_gain":5.0,"max_hp_loss":0.0,"gold_gain":0.0,"event_name":"Big Fish","player_choice":"Donut","floor":10.0,"gold_loss":0.0,"damage_taken":0.0},{"damage_healed":0,"gold_gain":0,"player_choice":"Lose Max HP","damage_taken":0,"relics_obtained":["Golden Idol"],"max_hp_gain":0,"max_hp_loss":7,"event_name":"Golden Idol","floor":14,"gold_loss":0}],"is_beta":false,"boss_relics":[],"items_purged_floors":[],"is_endless":false,"potions_floor_spawned":[2,6,12],"killed_by":"Hexaghost","ascension_level":20}}