{"host":"88sw61cmk1203zgj","time":1613168494,"event":{"mods":["BaseMod","Minty Spire (QoL Compilation)"],"gold_per_floor":[118,118,134,154,154,188,211,244,268,268,306,324,324,343,343,434,434,428,156,174,174,174,174,210,234,234,234,272,186,211,231,231,326,326,349,373,391,412,324,324,364,377,377,377,74,99,139,139,139,139,139,139,16,50,50,50],"floor_reached":55,"language":"ENG","playtime":3971,"items_purged":["Strike_B","Strike_B","Strike_B","Strike_B","Doom and Gloom"],"score":1352,"play_id":"73060cc8-50ad-4f0c-a6f7-9717477a1155","local_time":"20210212172134","is_ascension_mode":true,"campfire_choices":[{"floor":10.0,"key":"REST"},{"floor":13.0,"key":"REST"},{"floor":15.0,"key":"REST"},{"floor":23.0,"key":"REST"},{"floor":27.0,"key":"REST"},{"floor":32.0,"key":"REST"},{"floor":40.0,"key":"REST"},{"floor":49.0,"key":"RECALL"},{"floor":52.0,"key":"DIG"}],"circlet_count":0,"master_deck":["AscendersBane","Defend_B","Defend_B","Defend_B+1","Defend_B","Zap","Dualcast","Reinforced Body","Impatience","Turbo","Streamline","Storm+1","Chill+1","Glacier","Machine Learning+1","Capacitor+1","Hologram","Storm+1","Amplify+1","Rebound+1","Defragment+1","Defragment+1","Machine Learning+1","Chill","Static Discharge+1","Leap","Loop+1","Double Energy+1","Creative AI+1","Coolheaded","Defragment+1","Heatsinks+1","Defragment+1","Echo Form+1","Reinforced Body","Hologram"],"relics":["Cracked Core","Oddly Smooth Stone","Golden Idol","Frozen Egg 2","Dream Catcher","Smiling Mask","Omamori","Fusion Hammer","DollysMirror","Blood Vial","Shovel","Calipers","Cursed Key","Molten Egg 2","Membership Card","War Paint","Sundial","White Beast Statue","Centennial Puzzle","Pen Nib"],"acts_visited":["Exordium","TheCity","TheBeyond","TheEnding"],"potions_floor_usage":[55,55],"damage_taken":[{"damage":4.0,"enemies":"2 Louse","floor":1.0,"turns":2.0},{"damage":6.0,"enemies":"Cultist","floor":3.0,"turns":3.0},{"damage":4.0,"enemies":"Jaw Worm","floor":4.0,"turns":3.0},{"damage":18.0,"enemies":"Lagavulin","floor":6.0,"turns":7.0},{"damage":5.0,"enemies":"Looter","floor":7.0,"turns":3.0},{"damage":24.0,"enemies":"Gremlin Nob","floor":8.0,"turns":5.0},{"damage":25.0,"enemies":"Lagavulin","floor":11.0,"turns":8.0},{"damage":0.0,"enemies":"Blue Slaver","floor":12.0,"turns":5.0},{"damage":12.0,"enemies":"Red Slaver","floor":14.0,"turns":4.0},{"damage":17.0,"enemies":"The Guardian","floor":16.0,"turns":16.0},{"damage":20.0,"enemies":"2 Thieves","floor":18.0,"turns":5.0},{"damage":11.0,"enemies":"3 Byrds","floor":20.0,"turns":4.0},{"damage":30.0,"enemies":"Slavers","floor":24.0,"turns":4.0},{"damage":10.0,"enemies":"Shelled Parasite and Fungi","floor":25.0,"turns":3.0},{"damage":3.0,"enemies":"Gremlin Leader","floor":28.0,"turns":7.0},{"damage":13.0,"enemies":"Centurion and Healer","floor":30.0,"turns":4.0},{"damage":0.0,"enemies":"Snake Plant","floor":31.0,"turns":2.0},{"damage":0.0,"enemies":"Automaton","floor":33.0,"turns":8.0},{"damage":14.0,"enemies":"3 Shapes","floor":35.0,"turns":3.0},{"damage":13.0,"enemies":"3 Darklings","floor":36.0,"turns":4.0},{"damage":2.0,"enemies":"Transient","floor":37.0,"turns":5.0},{"damage":0.0,"enemies":"Maw","floor":38.0,"turns":5.0},{"damage":62.0,"enemies":"Nemesis","floor":41.0,"turns":5.0},{"damage":0.0,"enemies":"3 Darklings","floor":42.0,"turns":2.0},{"damage":7.0,"enemies":"Sphere and 2 Shapes","floor":46.0,"turns":2.0},{"damage":16.0,"enemies":"Reptomancer","floor":47.0,"turns":4.0},{"damage":8.0,"enemies":"Donu and Deca","floor":50.0,"turns":6.0},{"damage":47.0,"enemies":"Shield and Spear","floor":54.0,"turns":5.0},{"damage":10,"enemies":"The Heart","floor":55,"turns":3}],"seed_played":"4438542255062241696","potions_obtained":[{"floor":1.0,"key":"SkillPotion"},{"floor":6.0,"key":"SpeedPotion"},{"floor":11.0,"key":"LiquidMemories"},{"floor":16.0,"key":"EntropicBrew"},{"floor":20.0,"key":"GamblersBrew"},{"floor":24.0,"key":"Regen Potion"},{"floor":25.0,"key":"ColorlessPotion"},{"floor":30.0,"key":"ColorlessPotion"},{"floor":35.0,"key":"AttackPotion"},{"floor":37.0,"key":"GamblersBrew"},{"floor":41.0,"key":"DistilledChaos"},{"floor":42.0,"key":"BlessingOfTheForge"},{"floor":54.0,"key":"Explosive Potion"}],"is_trial":false,"path_per_floor":["M","?","M","M","?","E","M","E","T","R","E","M","R","M","R","B",null,"M","$","M","?","?","R","E","M","T","R","E","$","M","M","R","B",null,"M","M","M","M","$","R","E","M","T","?","$","M","E","?","R","B",null,"R","$","E","B"],"character_chosen":"DEFECT","items_purchased":["Defragment+1","DollysMirror","Loop+1","Defragment+1","Membership Card","War Paint","Block Potion","Centennial Puzzle"],"campfire_rested":7,"item_purchase_floors":[19,19,29,39,45,45,45,53],"current_hp_per_floor":[64,64,58,54,54,36,31,7,7,27,2,2,22,10,30,13,55,35,35,24,24,24,44,14,15,15,35,34,34,23,25,45,47,64,52,41,41,43,43,63,3,5,5,60,60,53,39,39,39,33,53,53,53,8,0,0],"gold":50,"neow_bonus":"RANDOM_COMMON_RELIC","is_daily":false,"chose_seed":false,"campfire_upgraded":0,"win_rate":0.0,"timestamp":1613168494,"path_taken":["M","?","M","?","?","E","M","E","T","R","E","M","R","M","R","BOSS","M","$","M","?","?","R","E","M","T","R","E","$","M","?","R","BOSS","M","M","?","M","$","R","E","?","T","?","$","M","E","?","R","BOSS","R","$","E","BOSS"],"items_purchased_type":["Card","Relic","Card","Card","Relic","Relic","Potion","Relic"],"build_version":"2020-12-22","purchased_purges":5,"victory":false,"max_hp_per_floor":[75,75,75,75,69,69,69,69,69,69,69,69,69,69,69,69,69,69,69,69,69,69,69,69,69,69,69,69,69,69,69,69,69,69,69,69,69,69,69,69,69,69,69,60,60,60,60,60,60,60,60,60,60,60,60,60],"card_choices":[{"not_picked":["Capacitor","Coolheaded"],"picked":"Reinforced Body","floor":1.0},{"not_picked":["Loop","Barrage"],"picked":"Turbo","floor":3.0},{"not_picked":["Turbo","Steam"],"picked":"Streamline","floor":4.0},{"not_picked":["Rebound","Machine Learning+1"],"picked":"Storm+1","floor":6.0},{"not_picked":["Barrage","Compile Driver"],"picked":"Doom and Gloom","floor":7.0},{"not_picked":["Reprogram","Rebound"],"picked":"Chill","floor":8.0},{"not_picked":["White Noise","Compile Driver"],"picked":"Glacier","floor":11.0},{"not_picked":["Steam Power","Blizzard"],"picked":"Machine Learning+1","floor":12.0},{"not_picked":["Ball Lightning","Cold Snap"],"picked":"Capacitor+1","floor":13.0},{"not_picked":["Redo","Steam"],"picked":"Hologram","floor":14.0},{"not_picked":["Skim","Ball Lightning"],"picked":"Storm+1","floor":15.0},{"not_picked":["All For One","Fission"],"picked":"Amplify","floor":16.0},{"not_picked":["Aggregate","Scrape"],"picked":"Rebound+1","floor":18.0},{"not_picked":["Steam","Streamline","Compile Driver"],"picked":"SKIP","floor":20.0},{"not_picked":["Compile Driver","Beam Cell+1"],"picked":"Chill","floor":23.0},{"not_picked":["Stack","Conserve Battery","Rebound"],"picked":"SKIP","floor":24.0},{"not_picked":["Turbo","Rebound"],"picked":"Static Discharge+1","floor":25.0},{"not_picked":["Rip and Tear+1","Tempest"],"picked":"Leap","floor":27.0},{"not_picked":["Static Discharge+1","Chaos","Lockon"],"picked":"SKIP","floor":28.0},{"not_picked":["Cold Snap","Streamline","Stack"],"picked":"SKIP","floor":30.0},{"not_picked":["Cold Snap","Double Energy","Aggregate"],"picked":"SKIP","floor":31.0},{"not_picked":["Ball Lightning","Reprogram+1"],"picked":"Double Energy+1","floor":32.0},{"not_picked":["Core Surge","Machine Learning+1"],"picked":"Creative AI+1","floor":33.0},{"not_picked":["Conserve Battery","Force Field"],"picked":"Coolheaded","floor":35.0},{"not_picked":["Rebound","Double Energy","Ball Lightning"],"picked":"SKIP","floor":36.0},{"not_picked":["Turbo","Beam Cell+1"],"picked":"Defragment+1","floor":37.0},{"not_picked":["Reinforced Body+1","Turbo"],"picked":"Heatsinks+1","floor":38.0},{"not_picked":["Steam","Rebound+1"],"picked":"Echo Form+1","floor":40.0},{"not_picked":["Stack","Ball Lightning+1","Consume+1"],"picked":"SKIP","floor":41.0},{"not_picked":["Streamline+1","Tempest"],"picked":"Reinforced Body","floor":42.0},{"not_picked":["Compile Driver+1","Rebound+1","Coolheaded"],"picked":"SKIP","floor":46.0},{"not_picked":["Lockon+1","Scrape+1","Rebound+1"],"picked":"SKIP","floor":47.0},{"not_picked":["Machine Learning+1","Redo"],"picked":"Hologram","floor":54.0}],"player_experience":1585354,"relics_obtained":[{"floor":6.0,"key":"Frozen Egg 2"},{"floor":8.0,"key":"Dream Catcher"},{"floor":9.0,"key":"Smiling Mask"},{"floor":11.0,"key":"Omamori"},{"floor":24.0,"key":"Blood Vial"},{"floor":26.0,"key":"Shovel"},{"floor":28.0,"key":"Calipers"},{"floor":41.0,"key":"Molten Egg 2"},{"floor":47.0,"key":"Sundial"},{"floor":52.0,"key":"White Beast Statue"},{"floor":54.0,"key":"Pen Nib"}],"event_choices":[{"damage_healed":0.0,"max_hp_gain":0.0,"max_hp_loss":0.0,"gold_gain":0.0,"event_name":"Match and Keep!","player_choice":"1 cards matched","floor":2.0,"gold_loss":0.0,"damage_taken":0.0,"cards_obtained":["Impatience"]},{"damage_healed":0.0,"max_hp_gain":0.0,"max_hp_loss":6.0,"gold_gain":0.0,"event_name":"Golden Idol","player_choice":"Lose Max HP","floor":5.0,"gold_loss":0.0,"damage_taken":0.0,"relics_obtained":["Golden Idol"]},{"damage_healed":0.0,"max_hp_gain":0.0,"max_hp_loss":0.0,"gold_gain":0.0,"event_name":"The Library","player_choice":"Read","floor":21.0,"gold_loss":0.0,"damage_taken":0.0,"cards_obtained":["Machine Learning"]},{"damage_healed":0.0,"max_hp_gain":0.0,"max_hp_loss":0.0,"gold_gain":0.0,"event_name":"Accursed Blacksmith","player_choice":"Forge","floor":22.0,"gold_loss":0.0,"damage_taken":0.0,"cards_upgraded":["Chill"]},{"damage_healed":60.0,"max_hp_gain":0.0,"max_hp_loss":9.0,"gold_gain":0.0,"event_name":"The Moai Head","player_choice":"Heal","floor":44.0,"gold_loss":0.0,"damage_taken":0.0},{"damage_healed":0.0,"max_hp_gain":0.0,"max_hp_loss":0.0,"gold_gain":0.0,"event_name":"Tomb of Lord Red Mask","player_choice":"Ignored","floor":48.0,"gold_loss":0.0,"damage_taken":0.0}],"is_beta":false,"boss_relics":[{"not_picked":["Ectoplasm","Pandora\u0027s Box"],"picked":"Fusion Hammer"},{"not_picked":["Calling Bell","Velvet Choker"],"picked":"Cursed Key"}],"items_purged_floors":[19,29,39,45,53],"is_endless":false,"potions_floor_spawned":[1,6,11,16,20,24,25,30,35,37,41,42,54],"killed_by":"The Heart","ascension_level":13}}