{"host":"9v3x998ddbx8o276","time":1613111555,"event":{"mods":["AchievementEnabler","BaseMod","Colored Map","Colored Powertips","Highlight Path","Minty Spire (QoL Compilation)","Quick Restart","Rare Cards Sparkle"],"gold_per_floor":[119,119,119,136,150,150,177,58,58,58,58],"floor_reached":10,"language":"ENG","playtime":327,"items_purged":["Strike_B"],"score":132,"play_id":"202d76e9-0791-42b4-837b-e34d970e3aac","local_time":"20210212170235","is_ascension_mode":true,"campfire_choices":[{"data":"Loop","floor":6,"key":"SMITH"}],"circlet_count":0,"master_deck":["AscendersBane","Strike_B","Strike_B","Strike_B","Defend_B","Defend_B","Defend_B","Defend_B","Zap","Dualcast","Cold Snap","Darkness","Compile Driver","Seek","Ball Lightning","Loop+1","Consume","Static Discharge"],"relics":["Runic Pyramid","Kunai","Cables"],"acts_visited":["Exordium"],"potions_floor_usage":[10],"damage_taken":[{"damage":7,"enemies":"Small Slimes","floor":1,"turns":4},{"damage":3,"enemies":"2 Louse","floor":4,"turns":3},{"damage":0,"enemies":"Cultist","floor":5,"turns":2},{"damage":34,"enemies":"3 Sentries","floor":7,"turns":8},{"damage":20,"enemies":"Gremlin Nob","floor":10,"turns":4}],"seed_played":"-8248404153847789989","potions_obtained":[{"floor":4,"key":"DuplicationPotion"}],"is_trial":false,"path_per_floor":["M","?","?","M","M","R","E","$","T","E"],"character_chosen":"DEFECT","items_purchased":["Static Discharge"],"campfire_rested":0,"item_purchase_floors":[8],"current_hp_per_floor":[57,62,62,59,59,59,25,25,25,5,5],"gold":58,"neow_bonus":"BOSS_RELIC","is_daily":false,"chose_seed":false,"campfire_upgraded":1,"win_rate":0.0,"timestamp":1613111555,"path_taken":["M","?","?","?","M","R","E","$","T","E"],"items_purchased_type":["Card"],"build_version":"2020-12-22","purchased_purges":1,"victory":false,"max_hp_per_floor":[71,76,76,76,76,76,76,76,76,76,76],"card_choices":[{"not_picked":["Compile Driver","Conserve Battery"],"picked":"Cold Snap","floor":1},{"not_picked":["FTL","Melter"],"picked":"Ball Lightning","floor":4},{"not_picked":["Ball Lightning","Cold Snap"],"picked":"Loop","floor":5},{"not_picked":["Static Discharge","Rebound"],"picked":"Consume","floor":7}],"player_experience":2239453,"relics_obtained":[{"floor":7,"key":"Kunai"},{"floor":9,"key":"Cables"}],"event_choices":[{"damage_healed":0,"gold_gain":0,"player_choice":"Donut","damage_taken":0,"max_hp_gain":5,"max_hp_loss":0,"event_name":"Big Fish","floor":2,"gold_loss":0},{"damage_healed":0,"gold_gain":0,"player_choice":"3 cards matched","damage_taken":0,"max_hp_gain":0,"max_hp_loss":0,"event_name":"Match and Keep!","floor":3,"gold_loss":0,"cards_obtained":["Darkness","Compile Driver","Seek"]}],"is_beta":false,"boss_relics":[],"items_purged_floors":[8],"is_endless":false,"potions_floor_spawned":[4],"killed_by":"Gremlin Nob","ascension_level":20}}