{"host":"w4b7hmige5bnqipq","time":1613100140,"event":{"mods":["2.2 Compatiblity","BaseMod","Colored Map","DeckTracker","Keyboard Shortcuts","Minty Spire (QoL Compilation)","Permanent Neow","Rare Cards Sparkle","SuperFastMode","everything is the same but u backflip on backflip","slay the spire mod where everything is the same but ironclad has a cowboy hat"],"gold_per_floor":[117,192,205,218,230,230,262,262,262,280,297,308,335,353,353,353,353],"floor_reached":16,"language":"KOR","playtime":475,"items_purged":[],"score":232,"play_id":"3dd8a47f-fccd-4042-9b14-01f108b91b72","local_time":"20210212112220","is_ascension_mode":true,"campfire_choices":[{"data":"Glass Knife","floor":6.0,"key":"SMITH"},{"floor":8,"key":"REST"},{"data":"Sucker Punch","floor":15,"key":"SMITH"}],"circlet_count":0,"master_deck":["AscendersBane","Strike_G","Strike_G","Strike_G","Strike_G","Strike_G","Defend_G","Defend_G","Defend_G","Defend_G","Defend_G","Survivor","Neutralize","Doubt","Sucker Punch+1","Flying Knee","Glass Knife+1","Dagger Throw","Eviscerate","Burst","Backflip"],"relics":["Ring of the Snake","Ice Cream","Juzu Bracelet","Letter Opener","White Beast Statue"],"acts_visited":["Exordium"],"potions_floor_usage":[7,13],"damage_taken":[{"damage":0.0,"enemies":"Cultist","floor":1.0,"turns":4.0},{"damage":0.0,"enemies":"Jaw Worm","floor":3.0,"turns":6.0},{"damage":0.0,"enemies":"2 Louse","floor":4.0,"turns":4.0},{"damage":12.0,"enemies":"Exordium Thugs","floor":5.0,"turns":4.0},{"damage":38,"enemies":"Lagavulin","floor":7,"turns":8},{"damage":4,"enemies":"Exordium Wildlife","floor":10,"turns":3},{"damage":0,"enemies":"Looter","floor":11,"turns":2},{"damage":0,"enemies":"2 Fungi Beasts","floor":12,"turns":3},{"damage":6,"enemies":"Gremlin Nob","floor":13,"turns":3},{"damage":1,"enemies":"Red Slaver","floor":14,"turns":4},{"damage":17,"enemies":"Hexaghost","floor":16,"turns":11}],"seed_played":"-7404528466001666791","potions_obtained":[{"floor":3.0,"key":"SkillPotion"},{"floor":5.0,"key":"Regen Potion"},{"floor":10,"key":"Strength Potion"},{"floor":14,"key":"Explosive Potion"}],"is_trial":false,"path_per_floor":["M","?","M","M","M","R","E","R","T","M","M","M","E","M","R","B"],"character_chosen":"THE_SILENT","items_purchased":[],"campfire_rested":1,"item_purchase_floors":[],"current_hp_per_floor":[59,48,48,48,36,36,13,32,32,28,28,28,22,21,21,4,4],"gold":353,"neow_bonus":"ONE_RARE_RELIC","is_daily":false,"chose_seed":false,"campfire_upgraded":2,"win_rate":0.0,"timestamp":1613100140,"path_taken":["M","?","M","M","M","R","E","R","T","M","M","M","E","M","R","BOSS"],"items_purchased_type":[],"build_version":"2020-12-22","purchased_purges":0,"victory":false,"max_hp_per_floor":[66,66,66,66,66,66,66,66,66,66,66,66,66,66,66,66,66],"card_choices":[{"not_picked":["Concentrate","Distraction"],"picked":"Sucker Punch","floor":1.0},{"not_picked":["Poisoned Stab","Blade Dance"],"picked":"Flying Knee","floor":3.0},{"not_picked":["Quick Slash","Deadly Poison"],"picked":"Glass Knife","floor":4.0},{"not_picked":["Predator","Quick Slash","Calculated Gamble"],"picked":"SKIP","floor":5.0},{"not_picked":["Outmaneuver","Caltrops"],"picked":"Dagger Throw","floor":7},{"not_picked":["Slice","Poisoned Stab"],"picked":"Eviscerate","floor":10},{"not_picked":["Prepared","Eviscerate","Concentrate"],"picked":"SKIP","floor":11},{"not_picked":["Catalyst","Poisoned Stab","Flying Knee"],"picked":"SKIP","floor":12},{"not_picked":["Poisoned Stab","Infinite Blades"],"picked":"Burst","floor":13},{"not_picked":["PiercingWail","Dagger Spray"],"picked":"Backflip","floor":14}],"player_experience":738919,"relics_obtained":[{"floor":7,"key":"Juzu Bracelet"},{"floor":9,"key":"Letter Opener"},{"floor":13,"key":"White Beast Statue"}],"event_choices":[{"damage_healed":0.0,"max_hp_gain":0.0,"max_hp_loss":0.0,"gold_gain":75.0,"event_name":"World of Goop","player_choice":"Gather Gold","floor":2.0,"gold_loss":0.0,"damage_taken":11.0}],"is_beta":false,"boss_relics":[],"items_purged_floors":[],"is_endless":false,"potions_floor_spawned":[3,5,10,14],"killed_by":"Hexaghost","ascension_level":20}}