{"host":"Sylvester","time":1613099558,"event":{"mods":["AchievementEnabler","BaseMod","Filter the Spire","Lobotomy","Minty Spire (QoL Compilation)","Replay The Spire","StSLib"],"gold_per_floor":[109,120,132,150,36,36,47,47,101,101,118,118,137,166,61,61,135,135,150,65,81,81,63,63,63],"floor_reached":24,"language":"ENG","playtime":675,"items_purged":[],"score":396,"play_id":"ba658a63-5b15-47cf-9a8e-ce050893e0e6","local_time":"20210211191238","is_ascension_mode":true,"campfire_choices":[{"data":"Lockon","floor":6.0,"key":"SMITH"},{"data":"Barrage","floor":8.0,"key":"SMITH"},{"floor":12.0,"key":"REST"},{"data":"ReplayTheSpireMod:Omega Cannon","floor":16,"key":"SMITH"}],"circlet_count":0,"master_deck":["AscendersBane","Strike_B","Strike_B","Defend_B","Defend_B","Defend_B","Zap","Dualcast","Sweeping Beam","Rebound","Lockon+1","Barrage+1","ReplayTheSpireMod:Omega Cannon+1","Cold Snap","Cold Snap","ReplayTheSpireMod:System Scan","Rebound","Biased Cognition","Steam Power+1","Creative AI+1","Fission+1","Conserve Battery","FTL+1","Redo"],"relics":["Sozu","Smiling Mask","Pocketwatch","Symbiotic Virus","Astrolabe","Blue Doll"],"acts_visited":["Exordium","TheCity"],"potions_floor_usage":[],"damage_taken":[{"damage":6.0,"enemies":"Cultist","floor":1.0,"turns":4.0},{"damage":7.0,"enemies":"Small Slimes","floor":2.0,"turns":4.0},{"damage":7.0,"enemies":"Jaw Worm","floor":3.0,"turns":3.0},{"damage":1.0,"enemies":"2 Fungi Beasts","floor":4.0,"turns":3.0},{"damage":10.0,"enemies":"Large Slime","floor":7.0,"turns":4.0},{"damage":29.0,"enemies":"Exordium Thugs","floor":11.0,"turns":4.0},{"damage":0.0,"enemies":"Gremlin Gang","floor":13.0,"turns":1.0},{"damage":8,"enemies":"Gremlin Nob","floor":14,"turns":3},{"damage":12,"enemies":"The Guardian","floor":17,"turns":12},{"damage":11,"enemies":"Shell Parasite","floor":19,"turns":3},{"damage":0,"enemies":"Chosen","floor":21,"turns":2},{"damage":51,"enemies":"Gremlin Leader","floor":24,"turns":2}],"seed_played":"3237524934833207455","potions_obtained":[],"is_trial":false,"path_per_floor":["M","M","M","M","$","R","M","R","T","T","M","R","M","E","$","R","B",null,"M","?","M","?","$","E"],"character_chosen":"DEFECT","items_purchased":["Lockon","Barrage","ReplayTheSpireMod:System Scan","Rebound","Redo"],"campfire_rested":1,"item_purchase_floors":[5,5,15,15,23],"current_hp_per_floor":[58,51,44,43,43,43,33,33,33,33,4,25,25,17,17,17,5,55,44,44,44,44,44,0,0],"gold":63,"neow_bonus":"BOSS_RELIC","is_daily":false,"chose_seed":false,"campfire_upgraded":3,"win_rate":0.0,"timestamp":1613099558,"path_taken":["M","?","M","M","$","R","M","R","T","T","M","R","M","E","$","R","BOSS","M","?","M","?","$","E"],"items_purchased_type":["Card","Card","Card","Card","Card"],"build_version":"2020-11-17","purchased_purges":0,"victory":false,"max_hp_per_floor":[71,71,71,71,71,71,71,71,71,71,71,71,71,71,71,71,71,71,71,71,71,71,71,71,71],"card_choices":[{"not_picked":["Turbo","ReplayTheSpireMod:Calculation Training","Stack"],"picked":"SKIP","floor":1.0},{"not_picked":["Hologram","Redo"],"picked":"Sweeping Beam","floor":2.0},{"not_picked":["Leap","Aggregate"],"picked":"Rebound","floor":3.0},{"not_picked":["Blizzard","BasicCrystalCard","Steam Power"],"picked":"SKIP","floor":4.0},{"not_picked":["Steam","ReplaySort","Conserve Battery"],"picked":"SKIP","floor":7.0},{"not_picked":["ReplayTheSpireMod:Repulse","Gash"],"picked":"ReplayTheSpireMod:Omega Cannon","floor":11.0},{"not_picked":["Beam Cell","Compile Driver"],"picked":"Cold Snap","floor":13.0},{"not_picked":["Rainbow","Rebound"],"picked":"Cold Snap","floor":14},{"not_picked":["Rainbow","Core Surge"],"picked":"Biased Cognition","floor":17},{"not_picked":["Steam","Turbo"],"picked":"Conserve Battery","floor":19},{"not_picked":["ReplayTheSpireMod:Reroute Power","Redo"],"picked":"FTL+1","floor":21}],"player_experience":242472,"relics_obtained":[{"floor":9.0,"key":"Smiling Mask"},{"floor":10.0,"key":"Pocketwatch"},{"floor":14,"key":"Symbiotic Virus"}],"event_choices":[{"damage_healed":0,"gold_gain":0,"player_choice":"Obtained Relic","damage_taken":0,"relics_obtained":["Blue Doll"],"max_hp_gain":0,"max_hp_loss":0,"event_name":"Addict","floor":20,"gold_loss":85}],"is_beta":true,"boss_relics":[{"not_picked":["SacredBark","Replay:Drink Me"],"picked":"Astrolabe"}],"items_purged_floors":[],"is_endless":false,"potions_floor_spawned":[3,11,17,19,21],"killed_by":"Gremlin Leader","ascension_level":20}}