{"host":"sian7qp8a9pc9xwd","time":1613158434,"event":{"mods":["BaseMod","Minty Spire (QoL Compilation)","StSLib","SuperFastMode"],"gold_per_floor":[112,187,137,312,330,363,375,387,399,426,438,420,256,19,19,122,122,132,146,156,166,181,181,213,213,213,225,27,45,55,86,86,184,184,197,215,215,215,265,265,293,304,304,9,9,0,12,31,31,31],"floor_reached":51,"language":"ENG","playtime":1785,"items_purged":["Doubt","Defend_P"],"score":1088,"play_id":"af09390d-0d24-4195-9cfd-d31f2d6f39fe","local_time":"20210212143354","is_ascension_mode":true,"campfire_choices":[{"data":"BattleHymn","floor":7.0,"key":"SMITH"},{"floor":15.0,"key":"REST"},{"floor":23.0,"key":"REST"},{"floor":25.0,"key":"REST"},{"floor":32,"key":"REST"},{"data":"Blasphemy","floor":40,"key":"SMITH"},{"floor":45,"key":"REST"},{"data":"Brilliance","floor":49,"key":"SMITH"}],"circlet_count":0,"master_deck":["AscendersBane","Strike_P+1","Strike_P","Defend_P+1","Defend_P","Eruption+1","Vigilance","BattleHymn+1","SpiritShield+1","Prostrate+1","Worship","Brilliance+1","FlurryOfBlows","DeusExMachina","CutThroughFate+1","Prostrate+1","Prostrate+1","Brilliance+1","LessonLearned","Pray+1","Worship+1","Blasphemy+1","CutThroughFate","Good Instincts","Impatience","Good Instincts","Evaluate+1","FlurryOfBlows","Brilliance+1"],"relics":["PureWater","MawBank","Question Card","Sundial","Black Star","GoldenEye","Whetstone","The Courier","Anchor","Pantograph","Bottled Flame","Sozu","StoneCalendar","Happy Flower","Bronze Scales","InkBottle","Membership Card","Vajra","Lantern","Bag of Preparation","Red Mask"],"acts_visited":["Exordium","TheCity","TheBeyond"],"potions_floor_usage":[36],"damage_taken":[{"damage":0.0,"enemies":"Jaw Worm","floor":1.0,"turns":3.0},{"damage":2.0,"enemies":"Small Slimes","floor":5.0,"turns":4.0},{"damage":18.0,"enemies":"Lagavulin","floor":6.0,"turns":7.0},{"damage":0.0,"enemies":"2 Louse","floor":10.0,"turns":2.0},{"damage":0.0,"enemies":"Looter","floor":12.0,"turns":4.0},{"damage":16.0,"enemies":"The Guardian","floor":16.0,"turns":5.0},{"damage":18.0,"enemies":"2 Thieves","floor":18.0,"turns":4.0},{"damage":0.0,"enemies":"Chosen","floor":19.0,"turns":3.0},{"damage":5.0,"enemies":"Snecko","floor":20.0,"turns":3.0},{"damage":7.0,"enemies":"Sentry and Sphere","floor":21.0,"turns":4.0},{"damage":27.0,"enemies":"Cultist and Chosen","floor":22.0,"turns":7.0},{"damage":9.0,"enemies":"Book of Stabbing","floor":24.0,"turns":4.0},{"damage":0.0,"enemies":"Shelled Parasite and Fungi","floor":27.0,"turns":4.0},{"damage":4.0,"enemies":"Chosen and Byrds","floor":29.0,"turns":2.0},{"damage":0,"enemies":"Snake Plant","floor":30,"turns":2},{"damage":19,"enemies":"Slavers","floor":31,"turns":5},{"damage":9,"enemies":"Automaton","floor":33,"turns":5},{"damage":13,"enemies":"3 Shapes","floor":35,"turns":3},{"damage":3,"enemies":"3 Darklings","floor":36,"turns":2},{"damage":22,"enemies":"Mind Bloom Boss Battle","floor":39,"turns":4},{"damage":21,"enemies":"Giant Head","floor":41,"turns":5},{"damage":0,"enemies":"Sphere and 2 Shapes","floor":42,"turns":2},{"damage":0,"enemies":"Transient","floor":47,"turns":5},{"damage":0,"enemies":"3 Darklings","floor":48,"turns":3},{"damage":26,"enemies":"Donu and Deca","floor":50,"turns":4}],"seed_played":"7152609644713676885","potions_obtained":[{"floor":1.0,"key":"SkillPotion"},{"floor":6.0,"key":"GamblersBrew"},{"floor":18.0,"key":"SpeedPotion"},{"floor":21.0,"key":"FairyPotion"},{"floor":22.0,"key":"Weak Potion"},{"floor":24.0,"key":"Block Potion"},{"floor":31,"key":"Swift Potion"}],"is_trial":false,"path_per_floor":["M","?","?","?","M","E","R","T","T","M","?","M","$","$","R","B",null,"M","M","M","M","M","R","E","R","T","M","$","M","M","E","R","B",null,"M","M","?","?","?","R","E","M","T","$","R","?","M","M","R","B",null],"character_chosen":"WATCHER","items_purchased":["Fruit Juice","Brilliance","FlurryOfBlows","ColorlessPotion","Anchor","Membership Card","Vajra","Lantern","Bag of Preparation"],"campfire_rested":5,"item_purchase_floors":[13,14,14,14,28,44,44,44,44],"current_hp_per_floor":[47,36,36,36,34,16,16,16,16,16,2,2,2,2,23,12,61,43,43,38,31,4,27,18,41,41,41,41,37,37,18,41,57,72,59,56,46,46,49,49,28,28,28,28,49,49,49,49,49,47],"gold":31,"neow_bonus":"TRANSFORM_TWO_CARDS","is_daily":false,"chose_seed":false,"campfire_upgraded":3,"win_rate":0.0,"timestamp":1613158434,"path_taken":["M","?","?","?","M","E","R","?","T","?","?","M","?","$","R","BOSS","M","?","?","M","M","R","E","R","T","M","$","M","M","E","R","BOSS","M","M","?","?","?","R","E","?","T","$","R","?","M","M","R","BOSS"],"items_purchased_type":["Potion","Card","Card","Potion","Relic","Relic","Relic","Relic","Relic"],"build_version":"2020-12-22","purchased_purges":2,"victory":true,"max_hp_per_floor":[72,72,72,72,72,72,72,72,72,72,72,72,72,72,72,77,77,77,77,77,77,77,77,77,77,77,77,77,77,77,77,77,77,77,77,77,77,73,73,73,73,73,73,73,73,73,73,73,73,73],"card_choices":[{"not_picked":["Vengeance","ClearTheMind"],"picked":"Prostrate","floor":1.0},{"not_picked":["EmptyFist","Tantrum","CrushJoints"],"picked":"SKIP","floor":5.0},{"not_picked":["ThirdEye","Fasting2","PathToVictory"],"picked":"SKIP","floor":6.0},{"not_picked":["LikeWater","ThirdEye","ReachHeaven","ClearTheMind"],"picked":"SKIP","floor":10.0},{"not_picked":["Devotion","FlurryOfBlows","BowlingBash"],"picked":"Worship","floor":12.0},{"not_picked":["Judgement","Wish","Ragnarok"],"picked":"DeusExMachina","floor":16.0},{"not_picked":["Meditate+1","Weave","Fasting2"],"picked":"CutThroughFate+1","floor":18.0},{"not_picked":["FollowUp","BattleHymn","CarveReality"],"picked":"Prostrate+1","floor":19.0},{"not_picked":["Sanctity","EmptyBody+1","JustLucky"],"picked":"Prostrate+1","floor":20.0},{"not_picked":["EmptyFist","Perseverance","FlyingSleeves","Crescendo"],"picked":"SKIP","floor":21.0},{"not_picked":["WindmillStrike","Meditate+1","JustLucky"],"picked":"Brilliance","floor":22.0},{"not_picked":["Protect","ThirdEye+1","EmptyMind"],"picked":"LessonLearned","floor":24.0},{"not_picked":["PathToVictory+1","Collect","BowlingBash"],"picked":"Pray+1","floor":27.0},{"not_picked":["Wallop","CrushJoints","Consecrate","SandsOfTime"],"picked":"SKIP","floor":29.0},{"not_picked":["Crescendo","PathToVictory","WheelKick+1","ClearTheMind"],"picked":"SKIP","floor":30},{"not_picked":["CarveReality","Fasting2","Perseverance"],"picked":"Worship","floor":31},{"not_picked":["Alpha","DeusExMachina","LessonLearned"],"picked":"Blasphemy","floor":33},{"not_picked":["Indignation+1","SashWhip+1","BattleHymn","Halt+1"],"picked":"SKIP","floor":35},{"not_picked":["SignatureMove","PathToVictory","FearNoEvil+1"],"picked":"CutThroughFate","floor":36},{"not_picked":["Secret Technique","Discovery","Mind Blast"],"picked":"Good Instincts","floor":37},{"not_picked":["Swift Strike","Good Instincts","Violence"],"picked":"Impatience","floor":37},{"not_picked":["PanicButton","Forethought","Transmutation"],"picked":"Good Instincts","floor":37},{"not_picked":["BowlingBash","Sanctity+1","CrushJoints+1","Establishment"],"picked":"SKIP","floor":41},{"not_picked":["JustLucky+1","ReachHeaven","FlyingSleeves"],"picked":"Evaluate+1","floor":42},{"not_picked":["SashWhip","Evaluate+1","Swivel+1"],"picked":"FlurryOfBlows","floor":47},{"not_picked":["Weave+1","Conclude+1","Evaluate+1"],"picked":"Brilliance","floor":48}],"player_experience":981829,"relics_obtained":[{"floor":6.0,"key":"MawBank"},{"floor":8.0,"key":"Question Card"},{"floor":9.0,"key":"Sundial"},{"floor":24.0,"key":"GoldenEye"},{"floor":24.0,"key":"Whetstone"},{"floor":26.0,"key":"The Courier"},{"floor":31,"key":"Pantograph"},{"floor":31,"key":"Bottled Flame"},{"floor":39,"key":"StoneCalendar"},{"floor":41,"key":"Happy Flower"},{"floor":41,"key":"Bronze Scales"},{"floor":43,"key":"InkBottle"}],"event_choices":[{"damage_healed":0.0,"max_hp_gain":0.0,"max_hp_loss":0.0,"gold_gain":75.0,"event_name":"World of Goop","player_choice":"Gather Gold","floor":2.0,"gold_loss":0.0,"damage_taken":11.0},{"cards_removed":["Strike_P"],"damage_healed":0.0,"max_hp_gain":0.0,"max_hp_loss":0.0,"gold_gain":0.0,"event_name":"The Cleric","player_choice":"Card Removal","floor":3.0,"gold_loss":50.0,"damage_taken":0.0},{"damage_healed":0.0,"max_hp_gain":0.0,"max_hp_loss":0.0,"gold_gain":175.0,"event_name":"Liars Game","player_choice":"AGREE","floor":4.0,"gold_loss":0.0,"damage_taken":0.0,"cards_obtained":["Doubt"]},{"damage_healed":0.0,"max_hp_gain":0.0,"max_hp_loss":0.0,"gold_gain":0.0,"event_name":"Shining Light","player_choice":"Entered Light","floor":11.0,"gold_loss":0.0,"damage_taken":14.0,"cards_upgraded":["Strike_P","Defend_P"]},{"damage_healed":0,"gold_gain":0,"player_choice":"Memory 3","damage_taken":10,"max_hp_gain":0,"max_hp_loss":0,"event_name":"SensoryStone","floor":37,"gold_loss":0},{"damage_healed":0,"gold_gain":0,"player_choice":"Max HP","damage_taken":0,"max_hp_gain":0,"max_hp_loss":4,"event_name":"Winding Halls","floor":38,"gold_loss":0},{"damage_healed":0,"gold_gain":0,"player_choice":"Fight","damage_taken":0,"max_hp_gain":0,"max_hp_loss":0,"event_name":"MindBloom","floor":39,"gold_loss":0},{"damage_healed":0,"gold_gain":0,"player_choice":"Paid","damage_taken":0,"relics_obtained":["Red Mask"],"max_hp_gain":0,"max_hp_loss":0,"event_name":"Tomb of Lord Red Mask","floor":46,"gold_loss":9}],"is_beta":false,"boss_relics":[{"not_picked":["Runic Pyramid","Snecko Eye"],"picked":"Black Star"},{"not_picked":["Empty Cage","SacredBark"],"picked":"Sozu"}],"items_purged_floors":[13,28],"is_endless":false,"potions_floor_spawned":[1,6,18,21,22,24,31,36,39,42,47],"ascension_level":10}}