{"host":"3pyrf848gr42tovh","time":1613129396,"event":{"mods":["Aspiration","BaseMod","Better Altar","Better Match","Better Note","Better Sensory Stone","Better Skull","Better Third Choice","BetterRewards","Colored Map","Conspire","Curses Come First","Displayed Cursed Tome","Hubris","Infinite Spire","Marisa????????","Minty Spire (QoL Compilation)","Quick Restart","Relic Sorter","Relic Stats","Remilia??????","Replay The Spire","StSLib","Td1madao Mod","The Administrix","The Animator","The Cursed","The Hierophant","The Jungle","The Necromancer","The Servant 0.9.4"],"gold_per_floor":[119,129,146,164,175,201,47,63,63,98,98,109,124,124,124,198,198,212,212,212,229,242,275,275,307,307,340,340,359,359,374,374,448,448,461,241,266,266,313,375,375,456,505,505,560,560,608,671,671,749,749,749,11,83,155],"floor_reached":56,"language":"ENG","playtime":3194,"items_purged":["Strike_RM","Strike_RM"],"score":2809,"play_id":"eed0a211-4c84-4e2f-bbf4-3be5ed43cc87","local_time":"20210212132956","is_ascension_mode":true,"campfire_choices":[{"floor":15,"key":"DIG"},{"floor":24,"key":"DIG"},{"data":"GlobalNightmare","floor":32,"key":"PURGE"},{"data":"Defend_RM","floor":41,"key":"PURGE"},{"floor":44,"key":"RECALL"},{"data":"Strike_RM","floor":49,"key":"PURGE"},{"data":"BloodySeventeenLaser","floor":52,"key":"SMITH"},{"data":"hubris:DuctTapeCard","floor":52,"key":"SMITH"}],"circlet_count":0,"master_deck":["AscendersBane","Strike_RM","Defend_RM","Defend_RM","RedMoon","ScarletShoot","MastersStateliness+1","BombardNight","EternalNight","BloodySeventeenLaser+1","BombardNight","MastersStateliness+1","Insight","Ultimatum","hubris:DuctTapeCard+2","TransientEternity","MastersStateliness+1","hubris:EnhanceAbility"],"relics":["ScarletHat","conspire:GlowingRock","hubris:TenFootPole","Replay:Kaleidoscope","Shovel","Replay:Ringing Soul","Replay:Baseball","Garlic","ScarletDevilRocket","CaptainsWheel","StoneCalendar","Black Star","Mummified Hand","Sundial","hubris:BottledRain","infinitespire:Eraser","Replay:Bottled Eggs","infinitespire:Magic Flask","Ancient Tea Set","hubris:DuctTape","Tiny Chest","Runic Dome","Replay:Arrowhead","Eternal Feather","Replay:Bandana","Peace Pipe","ReplayTheSpireMod:Lightbulb","Question Card","Bird Faced Urn","Chameleon Ring","Bag of Preparation","Replay:Rubber Ducky","Gungnir","Gremlin Food","hubris:Teleporter"],"acts_visited":["Exordium","TheCity","TheBeyond","TheEnding"],"potions_floor_usage":[6,6,16,18,23,27,31,37,45,45,55,55],"damage_taken":[{"damage":0,"enemies":"Small Slimes","floor":1,"turns":2},{"damage":0,"enemies":"Cultist","floor":2,"turns":2},{"damage":0,"enemies":"2 Louse","floor":3,"turns":2},{"damage":0,"enemies":"2 Fungi Beasts","floor":4,"turns":2},{"damage":0,"enemies":"Blue Slaver","floor":5,"turns":1},{"damage":0,"enemies":"3 Sentries","floor":6,"turns":3},{"damage":0,"enemies":"Large Slime","floor":8,"turns":4},{"damage":7,"enemies":"Gremlin Nob","floor":10,"turns":3},{"damage":5,"enemies":"2 Fungi Beasts","floor":12,"turns":4},{"damage":2,"enemies":"Exordium Thugs","floor":13,"turns":3},{"damage":0,"enemies":"Fading Forest","floor":16,"turns":11},{"damage":0,"enemies":"2 Thieves","floor":18,"turns":3},{"damage":0,"enemies":"3 Byrds","floor":21,"turns":2},{"damage":10,"enemies":"Snake Plant","floor":22,"turns":5},{"damage":6,"enemies":"Slavers","floor":23,"turns":2},{"damage":2,"enemies":"Book of Stabbing","floor":25,"turns":3},{"damage":0,"enemies":"Replay:Snechameleon","floor":27,"turns":4},{"damage":0,"enemies":"Cultist and Chosen","floor":29,"turns":2},{"damage":4,"enemies":"Shelled Parasite and Fungi","floor":31,"turns":4},{"damage":19,"enemies":"hubris:MusketHawk","floor":33,"turns":6},{"damage":0,"enemies":"Orb Walker","floor":35,"turns":1},{"damage":6,"enemies":"Mind Bloom Boss Battle","floor":37,"turns":4},{"damage":46,"enemies":"R_Hoarder","floor":40,"turns":6},{"damage":13,"enemies":"Giant Head","floor":42,"turns":6},{"damage":5,"enemies":"R_Hoarder","floor":45,"turns":4},{"damage":34,"enemies":"3 Shapes","floor":47,"turns":1},{"damage":31,"enemies":"Transient","floor":48,"turns":5},{"damage":100,"enemies":"conspire:OrnateMirror","floor":50,"turns":3},{"damage":0,"enemies":"Shield and Spear","floor":54,"turns":3},{"damage":80,"enemies":"The Heart","floor":55,"turns":6}],"seed_played":"-396557947077814961","potions_obtained":[{"floor":2,"key":"Explosive Potion"},{"floor":4,"key":"Flashbang"},{"floor":6,"key":"Block Potion"},{"floor":13,"key":"DistilledChaos"},{"floor":16,"key":"Swift Potion"},{"floor":18,"key":"BlessingOfTheForge"},{"floor":27,"key":"Dexterity Potion"},{"floor":29,"key":"Weak Potion"},{"floor":33,"key":"EssenceOfSteel"},{"floor":37,"key":"Fire Potion"},{"floor":42,"key":"EntropicBrew"},{"floor":54,"key":"PowerPotion"}],"is_trial":false,"path_per_floor":["M","M","M","M","M","E","$","M","T","E","?","M","M","?","R","B",null,"M","?","?","M","M","E","R","E","T","E","AVR","M","?","M","R_BF","B",null,"M","$","?","?","T","E","R","E","T","R","E","?","M","M","R","B",null,"R","$","E","B",null],"character_chosen":"REMILIA","items_purchased":["NightDance","hubris:TenFootPole","MastersStateliness","BombardNight","Replay:Baseball","infinitespire:BlackPotion","Replay:Rubber Ducky","MastersStateliness","Gungnir","hubris:EnhanceAbility"],"campfire_rested":0,"item_purchase_floors":[0,0,0,0,7,36,53,53,53,53],"current_hp_per_floor":[65,68,68,69,69,72,72,76,76,74,77,74,74,74,74,82,82,82,85,85,88,81,78,78,84,84,91,91,91,80,83,83,84,89,91,91,91,91,91,83,92,83,83,92,94,94,61,88,94,27,77,86,89,97,47],"gold":155,"neow_bonus":"","is_daily":false,"chose_seed":false,"campfire_upgraded":2,"win_rate":0.0,"timestamp":1613129396,"path_taken":["M","M","M","M","M","E","$","M","T","E","?","?","M","?","R","BOSS","M","?","?","M","M","E","R","E","T","E","AVR","M","?","M","R_BF","BOSS","M","$","?","?","?","E","R","E","T","R","E","?","M","?","R","BOSS","R","$","E","BOSS"],"items_purchased_type":["Card","Relic","Card","Card","Relic","Potion","Relic","Card","Relic","Card"],"build_version":"2020-12-22","purchased_purges":2,"victory":true,"max_hp_per_floor":[70,70,70,70,70,73,73,76,76,79,82,82,82,82,82,82,82,82,85,85,88,88,88,88,88,88,91,91,91,91,91,91,91,91,91,91,91,91,91,94,94,94,94,94,94,94,94,94,94,94,94,94,97,97,97],"relic_stats":{"counters":[711,2815],"StoneCalendar":[161],"Eternal Feather":33,"Bag of Preparation":[10],"Question Card":6,"Peace Pipe":3,"Shovel":2,"Mummified Hand":[47],"Sundial":[14],"Bird Faced Urn":[11],"Tiny Chest":1,"Black Star":7,"obtain_stats":[{"Replay:Accelerometer":29,"ScarletDevilRocket":6,"Spirit Poop":43,"Sling":0,"Ring of Searing":31,"Blood Vial":33,"vexMod:InvisibilityCloak":0,"conspire:GlowingRock":23,"infinitespire:ShieldingShard":0,"theJungle:BirthdayCakeSlice":24,"hubris:AstralHammer":0,"Fusion Hammer":17,"HandDrill":0,"Replay:Bottled Flurry":52,"aspiration:DSix":0,"Replay:Bottled Steam":42,"hubris:MobiusCoin":0,"Eternal Feather":0,"Pen Nib":54,"infinitespire:Magic Flask":0,"infinitespire:EvilPickle":33,"infinitespire:Lychee Nut":0,"infinitespire:Broken Mirror":0,"Bird Faced Urn":37,"CultistMask":31,"Unceasing Top":0,"vexMod:ImprovementManual":17,"vexMod:PlasmaPancake":6,"Regal Pillow":25,"Torii":49,"animator:TheMissingPiece":0,"hubris:EmptyBottle":39,"Ancient Tea Set":7,"Pet Ghost":23,"conspire:InfiniteJournal":0,"RedBat":20,"hubris:Backtick":28,"infinitespire:Bottled Soul":26,"vexMod:RedPlottingStone":9,"aspiration:AnachronicSnailShell":0,"AntiCross":54,"hubris:CuriousFeather":0,"Chemical X":0,"infinitespire:Eraser":18,"Replay:Bottled Eggs":25,"InkBottle":0,"aspiration:ChemicalBlood":54,"Potion Belt":6,"vexMod:GildedClover":0,"Lee\u0027s Waffle":11,"Replay:Fungal Core":34,"hubris:64BitClover":6,"Golden Idol":2,"Circlet":0,"vexMod:BerryBomb":36,"PreservedInsect":32,"infinitespire:Lucky Rock":43,"hubris:Towel":2,"Replay:Arrowhead":0,"APieceOfRedMist":17,"Ornamental Fan":11,"hubris:Spice":44,"Ring of Misfortune":5,"betterThird:SlimedRelic":2,"Ectoplasm":17,"Garlic":29,"Durian":0,"Apod":31,"conspire:DeflatedDodgeball":29,"infinitespire:Midas Blood":0,"hubris:BottledRain":24,"Ice Cream":0,"Calipers":40,"Gremlin Horn":17,"aspiration:Stabinomicon":23,"Sozu":17,"Centennial Puzzle":0,"Iron Hammer":31,"Girya":0,"hubris:Teleporter":43,"hubris:DuctTape":26,"hubris:FruitBowl":28,"vexMod:PaidLearning":0,"aspiration:HiddenCompartment":43,"Gungnir":25,"hubris:Zylophone":0,"OrangePellets":0,"conspire:GiftBox":26,"hierophant:DonationBoxRelic":28,"hubris:PeanutButter":0,"Onion Ring":38,"infinitespire:EmpoweringShard":14,"aspiration:HatOfInfinitePower":0,"Mirror":0,"Pocketwatch":0,"NlothsMask":19,"Melange":31,"Yang":28,"aspiration:TomeofQuesting":6,"Sizzling Blood":0,"Juzu Bracelet":26,"Replay:Mystery Machine":20,"Empty Cage":17,"vexMod:Spyglass":0,"conspire:TopHat":9,"aspiration:StickyExplosives_weak":0,"Dream Catcher":26,"Nunchaku":0,"hubris:Icosahedron":3,"Chameleon Ring":13,"TheAbacus":0,"test447":31,"m_TsuchinokoRing":28,"hubris:Stopwatch":28,"Red Mask":27,"Guide Book":0,"infinitespire:FocusingShard":7,"hubris:MedicalManual":31,"Replay:WaspNest":0,"theJungle:SpiritDisease":28,"vexMod:FocusSash":53,"Medical Kit":0,"Mercury Hourglass":26,"vexMod:Dragonfruit":0,"Calling Bell":17,"Cauldron":0,"Strange Spoon":0,"ShroomBag":31,"Pondfish Scales":0,"vexMod:BarristanHead":17,"infinitespire:Satchel":27,"aspiration:KaomsHeart":45,"hubris:BundleOfHerbs":0,"Bag of Marbles":0,"Membership Card":11,"theJungle:ParSnip":28,"hubris:OldNail":9,"FossilizedHelix":0,"Golden Egg":6,"infinitespire:BottledMercury":9,"vexMod:MemoryStick":0,"Whetstone":0,"Ginger":47,"vexMod:TanglingVine":34,"Bottled Tornado":42,"Boot":0,"Replay:Ringing Soul":20,"vexMod:CardConverter":0,"Sundial":47,"MealTicket":12,"infinitespire:Golems Mask":0,"hubris:DeckOfHolding":0,"Kunai":0,"Replay:Wax Seal":48,"conspire:TreasureMap":53,"Pear":27,"Counterbalance":29,"aspiration:FrozenJewel":20,"SlaversCollar":34,"Runic Dome":17,"hubris:TenFootPole":9,"infinitespire:PuzzleCube":0,"infinitespire:Cupcake":34,"conspire:Flyswatter":0,"Lantern":8,"hubris:Metronome":0,"hierophant:PropheticMaskRelic":0,"StoneCalendar":28,"Blue Doll":0,"Bag of Preparation":42,"Replay:Multitool":0,"Cursed Key":17,"ScarletHat":0,"Replay:Rubber Ducky":0,"Shovel":28,"Matryoshka":0,"Ring of Peace":21,"hubris:ScarierMask":34,"Replay:Lucky Slots":0,"hubris:FunFungus":0,"WingedGreaves":0,"hubris:GlazedTorus":0,"Damaru":28,"Thread and Needle":0,"infinitespire:Joker Card":0,"Omamori":0,"infinitespire:CheckeredPen":0,"Frozen Egg 2":23,"MawBank":8,"Busted Crown":34,"Bloody Idol":22,"Orrery":19,"animator:LivingPicture":0,"Bottled Lightning":29,"ReplayTheSpireMod:Lightbulb":53,"Toy Ornithopter":40,"hubris:CrystalStatue":53,"Vajra":13,"Lizard Tail":41,"theJungle:SneckoAutograph":19,"HornCleat":26,"DollysMirror":46,"Strawberry":9,"conspire:DecoderRing":25,"Toxic Egg 2":21,"vexMod:RetaliationKit":0,"conspire:Dentures":28,"Happy Flower":6,"aspiration:Nostalgia":0,"vexMod:ScavengeHelm":26,"Oddly Smooth Stone":54,"vexMod:TimeEaterHat":0,"conspire:SlowCooker":17,"infinitespire:Beetle Shell":0,"conspire:Boomerang":0,"Letter Opener":0,"aspiration:SeaSaltIceCream":0,"Replay:Kaleidoscope":37,"War Paint":44,"Question Card":42,"Replay:Baseball":31,"Bottled Flame":38,"ReplayTheSpireMod:Shallot":54,"Shuriken":8,"Bronze Scales":10,"Molten Egg 2":43,"Simple Rune":15,"ReplayTheSpireMod:TigerMarble":23,"Nloth\u0027s Gift":24,"hubris:ToyBattleship":0,"Black Star":17,"CatCart":46,"Grinning Jar":23,"Meat on the Bone":48,"ReplayFunnel":53,"Darkstone Periapt":27,"Replay:PocketPolymizer":0,"SacredBark":21,"conspire:SpecialSausage":34,"FairyMaid":43,"Mango":37,"hubris:SlimyHat":28,"Incense Burner":27,"theJungle:PaperFaux":20,"ClockworkSouvenir":37,"SsserpentHead":4,"Replay:Bandana":45,"Mummified Hand":9,"Gambling Chip":23,"Pantograph":0,"Tiny Chest":5,"infinitespire:Chaos":28,"Gremlin Food":0,"hubris:DisguiseKit":8,"BargainBundle":42,"TypeBBloodRedTea":0,"ReplayTheSpireMod:Ninjato":6,"Replay:Towering Pillar of Hats":0,"infinitespire:CursedDice":0,"aspiration:FetidBarrel":0,"Quantum Egg":0,"infinitespire:EmptyRelic":28,"aspiration:HummingbirdHeart":52,"ScarletEmblem":34,"Orichalcum":13,"White Beast Statue":0,"Peace Pipe":44,"CaptainsWheel":0,"Anchor":26,"vexMod:HeadHunter":36,"Ring of Fury":28,"Coffee Dripper":17,"Snack Pack":46,"hubris:Potato":17,"TungstenRod":0},{"Replay:Accelerometer":272,"ScarletDevilRocket":233,"Spirit Poop":251,"Sling":470,"Ring of Searing":595,"Blood Vial":385,"vexMod:InvisibilityCloak":499,"conspire:GlowingRock":242,"infinitespire:ShieldingShard":258,"theJungle:BirthdayCakeSlice":456,"hubris:AstralHammer":470,"Fusion Hammer":177,"HandDrill":499,"Replay:Bottled Flurry":657,"aspiration:DSix":311,"Replay:Bottled Steam":679,"hubris:MobiusCoin":499,"Eternal Feather":499,"Pen Nib":193,"infinitespire:Magic Flask":370,"infinitespire:EvilPickle":649,"infinitespire:Lychee Nut":499,"infinitespire:Broken Mirror":499,"Bird Faced Urn":226,"CultistMask":595,"Unceasing Top":499,"vexMod:ImprovementManual":535,"vexMod:PlasmaPancake":400,"Regal Pillow":180,"Torii":255,"animator:TheMissingPiece":0,"hubris:EmptyBottle":388,"Ancient Tea Set":415,"Pet Ghost":325,"conspire:InfiniteJournal":194,"RedBat":322,"hubris:Backtick":243,"infinitespire:Bottled Soul":208,"vexMod:RedPlottingStone":198,"aspiration:AnachronicSnailShell":470,"AntiCross":257,"hubris:CuriousFeather":340,"Chemical X":499,"infinitespire:Eraser":353,"Replay:Bottled Eggs":697,"InkBottle":499,"aspiration:ChemicalBlood":282,"Potion Belt":213,"vexMod:GildedClover":499,"Lee\u0027s Waffle":199,"Replay:Fungal Core":247,"hubris:64BitClover":345,"Golden Idol":398,"Circlet":525,"vexMod:BerryBomb":302,"PreservedInsect":246,"infinitespire:Lucky Rock":390,"hubris:Towel":211,"Replay:Arrowhead":283,"APieceOfRedMist":266,"Ornamental Fan":376,"hubris:Spice":602,"Ring of Misfortune":414,"betterThird:SlimedRelic":635,"Ectoplasm":481,"Garlic":244,"Durian":499,"Apod":595,"conspire:DeflatedDodgeball":328,"infinitespire:Midas Blood":499,"hubris:BottledRain":696,"Ice Cream":499,"Calipers":305,"Gremlin Horn":202,"aspiration:Stabinomicon":298,"Sozu":217,"Centennial Puzzle":499,"Iron Hammer":428,"Girya":499,"hubris:Teleporter":364,"hubris:DuctTape":180,"hubris:FruitBowl":243,"vexMod:PaidLearning":499,"aspiration:HiddenCompartment":278,"Gungnir":357,"hubris:Zylophone":441,"OrangePellets":499,"conspire:GiftBox":456,"hierophant:DonationBoxRelic":243,"hubris:PeanutButter":499,"Onion Ring":652,"infinitespire:EmpoweringShard":404,"aspiration:HatOfInfinitePower":499,"Mirror":499,"Pocketwatch":499,"NlothsMask":589,"Melange":595,"Yang":243,"aspiration:TomeofQuesting":261,"Sizzling Blood":283,"Juzu Bracelet":565,"Replay:Mystery Machine":240,"Empty Cage":452,"vexMod:Spyglass":499,"conspire:TopHat":289,"aspiration:StickyExplosives_weak":441,"Dream Catcher":298,"Nunchaku":499,"hubris:Icosahedron":398,"Chameleon Ring":450,"TheAbacus":499,"test447":595,"m_TsuchinokoRing":243,"hubris:Stopwatch":243,"Red Mask":646,"Guide Book":499,"infinitespire:FocusingShard":198,"hubris:MedicalManual":300,"Replay:WaspNest":499,"theJungle:SpiritDisease":243,"vexMod:FocusSash":192,"Medical Kit":194,"Mercury Hourglass":221,"vexMod:Dragonfruit":194,"Calling Bell":202,"Cauldron":499,"Strange Spoon":499,"ShroomBag":595,"Pondfish Scales":499,"vexMod:BarristanHead":202,"infinitespire:Satchel":243,"aspiration:KaomsHeart":306,"hubris:BundleOfHerbs":499,"Bag of Marbles":499,"Membership Card":235,"theJungle:ParSnip":243,"hubris:OldNail":261,"FossilizedHelix":340,"Golden Egg":374,"infinitespire:BottledMercury":584,"vexMod:MemoryStick":499,"Whetstone":311,"Ginger":367,"vexMod:TanglingVine":541,"Bottled Tornado":627,"Boot":499,"Replay:Ringing Soul":407,"vexMod:CardConverter":499,"Sundial":495,"MealTicket":214,"infinitespire:Golems Mask":499,"hubris:DeckOfHolding":499,"Kunai":499,"Replay:Wax Seal":191,"conspire:TreasureMap":368,"Pear":209,"Counterbalance":458,"aspiration:FrozenJewel":219,"SlaversCollar":183,"Runic Dome":294,"hubris:TenFootPole":213,"infinitespire:PuzzleCube":499,"infinitespire:Cupcake":274,"conspire:Flyswatter":605,"Lantern":213,"hubris:Metronome":499,"hierophant:PropheticMaskRelic":0,"StoneCalendar":243,"Blue Doll":499,"Bag of Preparation":390,"Replay:Multitool":499,"Cursed Key":378,"ScarletHat":0,"Replay:Rubber Ducky":499,"Shovel":243,"Matryoshka":283,"Ring of Peace":561,"hubris:ScarierMask":331,"Replay:Lucky Slots":499,"hubris:FunFungus":499,"WingedGreaves":499,"hubris:GlazedTorus":499,"Damaru":243,"Thread and Needle":229,"infinitespire:Joker Card":499,"Omamori":548,"infinitespire:CheckeredPen":499,"Frozen Egg 2":485,"MawBank":317,"Busted Crown":301,"Bloody Idol":178,"Orrery":178,"animator:LivingPicture":0,"Bottled Lightning":358,"ReplayTheSpireMod:Lightbulb":368,"Toy Ornithopter":335,"hubris:CrystalStatue":256,"Vajra":292,"Lizard Tail":187,"theJungle:SneckoAutograph":353,"HornCleat":423,"DollysMirror":466,"Strawberry":174,"conspire:DecoderRing":486,"Toxic Egg 2":269,"vexMod:RetaliationKit":283,"conspire:Dentures":243,"Happy Flower":288,"aspiration:Nostalgia":283,"vexMod:ScavengeHelm":357,"Oddly Smooth Stone":369,"vexMod:TimeEaterHat":499,"conspire:SlowCooker":419,"infinitespire:Beetle Shell":499,"conspire:Boomerang":470,"Letter Opener":499,"aspiration:SeaSaltIceCream":499,"Replay:Kaleidoscope":675,"War Paint":188,"Question Card":705,"Replay:Baseball":359,"Bottled Flame":598,"ReplayTheSpireMod:Shallot":440,"Shuriken":235,"Bronze Scales":199,"Molten Egg 2":187,"Simple Rune":320,"ReplayTheSpireMod:TigerMarble":270,"Nloth\u0027s Gift":325,"hubris:ToyBattleship":499,"Black Star":692,"CatCart":189,"Grinning Jar":356,"Meat on the Bone":496,"ReplayFunnel":368,"Darkstone Periapt":424,"Replay:PocketPolymizer":499,"SacredBark":269,"conspire:SpecialSausage":225,"FairyMaid":306,"Mango":490,"hubris:SlimyHat":180,"Incense Burner":272,"theJungle:PaperFaux":420,"ClockworkSouvenir":431,"SsserpentHead":231,"Replay:Bandana":466,"Mummified Hand":289,"Gambling Chip":179,"Pantograph":499,"Tiny Chest":635,"infinitespire:Chaos":243,"Gremlin Food":311,"hubris:DisguiseKit":198,"BargainBundle":251,"TypeBBloodRedTea":340,"ReplayTheSpireMod:Ninjato":315,"Replay:Towering Pillar of Hats":311,"infinitespire:CursedDice":441,"aspiration:FetidBarrel":499,"Quantum Egg":499,"infinitespire:EmptyRelic":243,"aspiration:HummingbirdHeart":256,"ScarletEmblem":460,"Orichalcum":319,"White Beast Statue":499,"Peace Pipe":391,"CaptainsWheel":229,"Anchor":456,"vexMod:HeadHunter":276,"Ring of Fury":243,"Coffee Dripper":238,"Snack Pack":366,"hubris:Potato":202,"TungstenRod":258},{"Replay:Accelerometer":1244,"ScarletDevilRocket":1051,"Spirit Poop":1144,"Sling":1971,"Ring of Searing":2327,"Blood Vial":1659,"vexMod:InvisibilityCloak":2076,"conspire:GlowingRock":1095,"infinitespire:ShieldingShard":1189,"theJungle:BirthdayCakeSlice":1921,"hubris:AstralHammer":1971,"Fusion Hammer":784,"HandDrill":2076,"Replay:Bottled Flurry":2604,"aspiration:DSix":1374,"Replay:Bottled Steam":2703,"hubris:MobiusCoin":2076,"Eternal Feather":2076,"Pen Nib":840,"infinitespire:Magic Flask":1602,"infinitespire:EvilPickle":2570,"infinitespire:Lychee Nut":2076,"infinitespire:Broken Mirror":2076,"Bird Faced Urn":1022,"CultistMask":2327,"Unceasing Top":2076,"vexMod:ImprovementManual":2157,"vexMod:PlasmaPancake":1731,"Regal Pillow":796,"Torii":1165,"animator:TheMissingPiece":0,"hubris:EmptyBottle":1674,"Ancient Tea Set":1786,"Pet Ghost":1420,"conspire:InfiniteJournal":847,"RedBat":1412,"hubris:Backtick":1100,"infinitespire:Bottled Soul":912,"vexMod:RedPlottingStone":865,"aspiration:AnachronicSnailShell":1971,"AntiCross":1180,"hubris:CuriousFeather":1472,"Chemical X":2076,"infinitespire:Eraser":1536,"Replay:Bottled Eggs":2760,"InkBottle":2076,"aspiration:ChemicalBlood":1282,"Potion Belt":940,"vexMod:GildedClover":2076,"Lee\u0027s Waffle":871,"Replay:Fungal Core":1126,"hubris:64BitClover":1501,"Golden Idol":1724,"Circlet":2127,"vexMod:BerryBomb":1350,"PreservedInsect":1117,"infinitespire:Lucky Rock":1688,"hubris:Towel":930,"Replay:Arrowhead":1288,"APieceOfRedMist":1219,"Ornamental Fan":1624,"hubris:Spice":2357,"Ring of Misfortune":1783,"betterThird:SlimedRelic":2498,"Ectoplasm":2003,"Garlic":1107,"Durian":2076,"Apod":2327,"conspire:DeflatedDodgeball":1432,"infinitespire:Midas Blood":2076,"hubris:BottledRain":2757,"Ice Cream":2076,"Calipers":1356,"Gremlin Horn":888,"aspiration:Stabinomicon":1341,"Sozu":961,"Centennial Puzzle":2076,"Iron Hammer":1833,"Girya":2076,"hubris:Teleporter":1572,"hubris:DuctTape":796,"hubris:FruitBowl":1100,"vexMod:PaidLearning":2076,"aspiration:HiddenCompartment":1270,"Gungnir":1549,"hubris:Zylophone":1877,"OrangePellets":2076,"conspire:GiftBox":1921,"hierophant:DonationBoxRelic":1100,"hubris:PeanutButter":2076,"Onion Ring":2578,"infinitespire:EmpoweringShard":1743,"aspiration:HatOfInfinitePower":2076,"Mirror":2076,"Pocketwatch":2076,"NlothsMask":2313,"Melange":2327,"Yang":1100,"aspiration:TomeofQuesting":1203,"Sizzling Blood":1288,"Juzu Bracelet":2235,"Replay:Mystery Machine":1084,"Empty Cage":1910,"vexMod:Spyglass":2076,"conspire:TopHat":1305,"aspiration:StickyExplosives_weak":1877,"Dream Catcher":1341,"Nunchaku":2076,"hubris:Icosahedron":1724,"Chameleon Ring":1901,"TheAbacus":2076,"test447":2327,"m_TsuchinokoRing":1100,"hubris:Stopwatch":1100,"Red Mask":2551,"Guide Book":2076,"infinitespire:FocusingShard":865,"hubris:MedicalManual":1343,"Replay:WaspNest":2076,"theJungle:SpiritDisease":1100,"vexMod:FocusSash":837,"Medical Kit":847,"Mercury Hourglass":991,"vexMod:Dragonfruit":847,"Calling Bell":888,"Cauldron":2076,"Strange Spoon":2076,"ShroomBag":2327,"Pondfish Scales":2076,"vexMod:BarristanHead":888,"infinitespire:Satchel":1100,"aspiration:KaomsHeart":1358,"hubris:BundleOfHerbs":2076,"Bag of Marbles":2076,"Membership Card":1059,"theJungle:ParSnip":1100,"hubris:OldNail":1203,"FossilizedHelix":1472,"Golden Egg":1615,"infinitespire:BottledMercury":2301,"vexMod:MemoryStick":2076,"Whetstone":1374,"Ginger":1584,"vexMod:TanglingVine":2180,"Bottled Tornado":2462,"Boot":2076,"Replay:Ringing Soul":1754,"vexMod:CardConverter":2076,"Sundial":2055,"MealTicket":944,"infinitespire:Golems Mask":2076,"hubris:DeckOfHolding":2076,"Kunai":2076,"Replay:Wax Seal":834,"conspire:TreasureMap":1593,"Pear":917,"Counterbalance":1931,"aspiration:FrozenJewel":974,"SlaversCollar":807,"Runic Dome":1331,"hubris:TenFootPole":940,"infinitespire:PuzzleCube":2076,"infinitespire:Cupcake":1256,"conspire:Flyswatter":2372,"Lantern":940,"hubris:Metronome":2076,"hierophant:PropheticMaskRelic":0,"StoneCalendar":1100,"Blue Doll":2076,"Bag of Preparation":1688,"Replay:Multitool":2076,"Cursed Key":1636,"ScarletHat":0,"Replay:Rubber Ducky":2076,"Shovel":1100,"Matryoshka":1288,"Ring of Peace":2225,"hubris:ScarierMask":1443,"Replay:Lucky Slots":2076,"hubris:FunFungus":2076,"WingedGreaves":2076,"hubris:GlazedTorus":2076,"Damaru":1100,"Thread and Needle":1034,"infinitespire:Joker Card":2076,"Omamori":2190,"infinitespire:CheckeredPen":2076,"Frozen Egg 2":2015,"MawBank":1396,"Busted Crown":1348,"Bloody Idol":788,"Orrery":788,"animator:LivingPicture":0,"Bottled Lightning":1552,"ReplayTheSpireMod:Lightbulb":1593,"Toy Ornithopter":1458,"hubris:CrystalStatue":1175,"Vajra":1315,"Lizard Tail":819,"theJungle:SneckoAutograph":1536,"HornCleat":1817,"DollysMirror":1953,"Strawberry":769,"conspire:DecoderRing":2019,"Toxic Egg 2":1225,"vexMod:RetaliationKit":1288,"conspire:Dentures":1100,"Happy Flower":1302,"aspiration:Nostalgia":1288,"vexMod:ScavengeHelm":1549,"Oddly Smooth Stone":1596,"vexMod:TimeEaterHat":2076,"conspire:SlowCooker":1798,"infinitespire:Beetle Shell":2076,"conspire:Boomerang":1971,"Letter Opener":2076,"aspiration:SeaSaltIceCream":2076,"Replay:Kaleidoscope":2685,"War Paint":822,"Question Card":2793,"Replay:Baseball":1556,"Bottled Flame":2340,"ReplayTheSpireMod:Shallot":1871,"Shuriken":1059,"Bronze Scales":871,"Molten Egg 2":819,"Simple Rune":1407,"ReplayTheSpireMod:TigerMarble":1233,"Nloth\u0027s Gift":1420,"hubris:ToyBattleship":2076,"Black Star":2745,"CatCart":824,"Grinning Jar":1545,"Meat on the Bone":2059,"ReplayFunnel":1593,"Darkstone Periapt":1821,"Replay:PocketPolymizer":2076,"SacredBark":1225,"conspire:SpecialSausage":1016,"FairyMaid":1358,"Mango":2033,"hubris:SlimyHat":796,"Incense Burner":1244,"theJungle:PaperFaux":1803,"ClockworkSouvenir":1840,"SsserpentHead":1040,"Replay:Bandana":1953,"Mummified Hand":1305,"Gambling Chip":792,"Pantograph":2076,"Tiny Chest":2498,"infinitespire:Chaos":1100,"Gremlin Food":1374,"hubris:DisguiseKit":865,"BargainBundle":1144,"TypeBBloodRedTea":1472,"ReplayTheSpireMod:Ninjato":1385,"Replay:Towering Pillar of Hats":1374,"infinitespire:CursedDice":1877,"aspiration:FetidBarrel":2076,"Quantum Egg":2076,"infinitespire:EmptyRelic":1100,"aspiration:HummingbirdHeart":1175,"ScarletEmblem":1939,"Orichalcum":1405,"White Beast Statue":2076,"Peace Pipe":1694,"CaptainsWheel":1034,"Anchor":1921,"vexMod:HeadHunter":1265,"Ring of Fury":1100,"Coffee Dripper":1074,"Snack Pack":1581,"hubris:Potato":888,"TungstenRod":1189}]},"card_choices":[{"not_picked":["TwelveNightmare","EndlessAdversity"],"picked":"NightDance","floor":1},{"not_picked":["ScarletImprint","BlasphemousPunishment","BloodHunter"],"picked":"SKIP","floor":2},{"not_picked":["UnstableMagic","BombardNight"],"picked":"EternalNight","floor":3},{"not_picked":["RedNightlessCastle","VampirishNight","VampireSweep"],"picked":"SKIP","floor":4},{"not_picked":["RedNightlessCastle","VampirishNight","VampireSweep"],"picked":"SKIP","floor":4},{"not_picked":["FavorOfDestiny","SuperhumanBloodyKnife","BloodyMagicSquare"],"picked":"SKIP","floor":5},{"not_picked":["CharismaGuard","VampireKiss"],"picked":"BloodySeventeenLaser","floor":6},{"not_picked":["UnderTheZenith","VampireFantasy"],"picked":"BombardNight","floor":8},{"not_picked":["EquivalentExchange","TransientEternity"],"picked":"MastersStateliness","floor":10},{"not_picked":["GlobalNightmare","ScarletDevilSign","BlasphemousPunishment"],"picked":"SKIP","floor":12},{"not_picked":["BombardNight","BlasphemousPunishment","HunterOfTheNight"],"picked":"SKIP","floor":13},{"not_picked":["UnstableMagic","RedRainbow","CharismaGuard"],"picked":"SKIP","floor":18},{"not_picked":["RedRainbow","CharismaGuard"],"picked":"Ultimatum","floor":21},{"not_picked":["BombardNight","NightDance+1","BloodAndWine"],"picked":"SKIP","floor":22},{"not_picked":["ScarletDevil","UnderTheZenith","ScarletNetherworld+1"],"picked":"SKIP","floor":22},{"not_picked":["BombardNight","VampireClaw+1","MillenniumVampire"],"picked":"SKIP","floor":23},{"not_picked":["HunterOfTheNight","ScarletNetherworld","FavorOfDestiny"],"picked":"SKIP","floor":25},{"not_picked":["ScarletImprint","CharismaGuard","EquivalentExchange"],"picked":"SKIP","floor":27},{"not_picked":["NightLord","ScarletGensokyo","DiffusionOfMisfortune"],"picked":"SKIP","floor":29},{"not_picked":["ScarletImprint","RedRainbow","BlasphemousPunishment"],"picked":"SKIP","floor":31},{"not_picked":["BloodHunter","RedMagic","SuperhumanBloodyKnife+1"],"picked":"SKIP","floor":35},{"not_picked":["ScarletDevil","BlasphemousPunishment"],"picked":"TransientEternity","floor":40},{"not_picked":["ScarletNetherworld","EndlessAdversity","VampireKiss"],"picked":"SKIP","floor":40},{"not_picked":["FavorOfDestiny","VampireClaw","LeisurelyOfLord"],"picked":"SKIP","floor":42},{"not_picked":["GlobalNightmare","UnstableMagic+1","LeisurelyOfLord","ScarletDream"],"picked":"SKIP","floor":45},{"not_picked":["CharismaGuard+1","EternalNight+1","ScarletSymphony+1","DiffusionOfMisfortune"],"picked":"SKIP","floor":47},{"not_picked":["FavorOfDestiny","AfternoonTea","VampireFantasy","Ultimatum"],"picked":"SKIP","floor":48},{"not_picked":["ScarletDream+1","ScarletGensokyo","ChainGang+1","ScarletDevil"],"picked":"SKIP","floor":54}],"player_experience":125917,"relics_obtained":[{"floor":6,"key":"Replay:Ringing Soul"},{"floor":9,"key":"Garlic"},{"floor":10,"key":"ScarletDevilRocket"},{"floor":14,"key":"CaptainsWheel"},{"floor":15,"key":"StoneCalendar"},{"floor":23,"key":"Mummified Hand"},{"floor":23,"key":"Sundial"},{"floor":24,"key":"hubris:BottledRain"},{"floor":25,"key":"infinitespire:Eraser"},{"floor":25,"key":"Replay:Bottled Eggs"},{"floor":26,"key":"infinitespire:Magic Flask"},{"floor":27,"key":"Ancient Tea Set"},{"floor":27,"key":"hubris:DuctTape"},{"floor":37,"key":"Replay:Arrowhead"},{"floor":39,"key":"Replay:Bandana"},{"floor":40,"key":"Peace Pipe"},{"floor":40,"key":"ReplayTheSpireMod:Lightbulb"},{"floor":42,"key":"Question Card"},{"floor":42,"key":"Bird Faced Urn"},{"floor":45,"key":"Chameleon Ring"},{"floor":45,"key":"Bag of Preparation"},{"floor":54,"key":"Gremlin Food"},{"floor":54,"key":"hubris:Teleporter"}],"event_choices":[{"damage_healed":0,"gold_gain":0,"cards_transformed":["Defend_RM"],"player_choice":"Transformed","damage_taken":0,"max_hp_gain":0,"max_hp_loss":0,"event_name":"Transmorgrifier","floor":11,"gold_loss":0,"cards_obtained":["GlobalNightmare"]},{"damage_healed":0,"gold_gain":0,"player_choice":"Insight","damage_taken":0,"max_hp_gain":0,"max_hp_loss":0,"event_name":"betterThird:BetterWriting","floor":19,"gold_loss":0,"cards_obtained":["Insight"]},{"damage_healed":0,"gold_gain":0,"player_choice":"Fight","damage_taken":0,"max_hp_gain":0,"max_hp_loss":0,"event_name":"MindBloom","floor":37,"gold_loss":0},{"damage_healed":0,"gold_gain":0,"player_choice":"Gave Potion","damage_taken":0,"relics_obtained":["Eternal Feather"],"max_hp_gain":0,"max_hp_loss":0,"event_name":"WeMeetAgain","floor":38,"gold_loss":0},{"damage_healed":0,"gold_gain":0,"player_choice":"Leave","damage_taken":0,"max_hp_gain":0,"max_hp_loss":0,"event_name":"conspire:Investor","floor":46,"gold_loss":0}],"is_beta":false,"boss_relics":[{"not_picked":["Velvet Choker","hubris:CrackedHourglass"],"picked":"Black Star"},{"not_picked":["Runic Pyramid","Replay:Grab Bag"],"picked":"Runic Dome"}],"items_purged_floors":[36,53],"is_endless":false,"potions_floor_spawned":[2,4,6,13,16,18,21,27,29,33,35,37,42,54],"ascension_level":14}}