{"host":"d2y4rmbezebiv8aj","time":1613118603,"event":{"mods":["AchievementEnabler","BaseMod","Bestiary","BetterRewards","Colored Map","Colored Powertips","Custom Start","Highlight Path","Minty Spire (QoL Compilation)","Quick Restart","Rare Cards Sparkle","Relic Sorter","Relic Stats","Shop Mod","Slay-I","StSLib","SuperFastMode"],"gold_per_floor":[114,125,145,156,170,170,170,199,199,164,339,339,246,265,265,360,360,380,380,479,490,505,505,522,549,629,629,647,658,583,606,606,707,1007,1019,1039,744,794,810,838,838,838,864,876,876,890,890,890,890,890],"floor_reached":51,"language":"DEU","playtime":974,"items_purged":["Doubt"],"score":1374,"play_id":"deb9b0ec-d7e1-433f-a8ce-b6632af0668a","local_time":"20210212093003","is_ascension_mode":false,"campfire_choices":[{"data":"Apotheosis","floor":6.0,"key":"SMITH"},{"data":"Mayhem","floor":12.0,"key":"SMITH"},{"data":"Footwork","floor":15.0,"key":"SMITH"},{"data":"A Thousand Cuts","floor":23,"key":"SMITH"},{"data":"Footwork","floor":27,"key":"SMITH"},{"data":"Caltrops","floor":32,"key":"SMITH"},{"data":"Caltrops","floor":42,"key":"SMITH"},{"data":"Caltrops","floor":45,"key":"SMITH"},{"data":"Noxious Fumes","floor":49,"key":"SMITH"}],"circlet_count":0,"master_deck":["Strike_G","Strike_G","Strike_G","Strike_G","Strike_G+1","Defend_G+1","Defend_G","Defend_G+1","Defend_G","Defend_G+1","Survivor","Neutralize","Mayhem+1","Well Laid Plans","Apotheosis+1","Tools of the Trade","Backstab+1","Footwork+1","Noxious Fumes+1","Caltrops+1","Caltrops+1","Caltrops+1","Masterful Stab+1","Backstab+1","Footwork+1","A Thousand Cuts+1","Backstab+1","PiercingWail+1","Blade Dance+1","CurseOfTheBell","Concentrate+1","Backstab+1","Writhe"],"relics":["Ring of the Serpent","Blood Vial","Eternal Feather","Orichalcum","Lizard Tail","Anchor","Bag of Preparation","Vajra","Lee\u0027s Waffle","Dead Branch","Medical Kit","Happy Flower","Mango","Membership Card","Bottled Tornado","Mummified Hand","War Paint","Molten Egg 2","Ninja Scroll","Bag of Marbles","Snake Skull","ClockworkSouvenir","Unceasing Top","Juzu Bracelet","Toxic Egg 2","White Beast Statue","Potion Belt","Shuriken","Oddly Smooth Stone","Calling Bell","Centennial Puzzle","InkBottle","Old Coin","TwistedFunnel","Bronze Scales","Gambling Chip","Turnip","Dream Catcher","Art of War"],"acts_visited":["Exordium","TheCity","TheBeyond"],"potions_floor_usage":[],"damage_taken":[{"damage":0.0,"enemies":"Jaw Worm","floor":1.0,"turns":1.0},{"damage":0.0,"enemies":"Small Slimes","floor":2.0,"turns":2.0},{"damage":0.0,"enemies":"2 Louse","floor":3.0,"turns":1.0},{"damage":0.0,"enemies":"Looter","floor":4.0,"turns":1.0},{"damage":0.0,"enemies":"Large Slime","floor":5.0,"turns":1.0},{"damage":0.0,"enemies":"Lagavulin","floor":8.0,"turns":3.0},{"damage":0.0,"enemies":"Blue Slaver","floor":14.0,"turns":1.0},{"damage":0,"enemies":"The Guardian","floor":16,"turns":1},{"damage":0,"enemies":"2 Thieves","floor":18,"turns":1},{"damage":0,"enemies":"Chosen","floor":21,"turns":2},{"damage":0,"enemies":"Centurion and Healer","floor":22,"turns":3},{"damage":0,"enemies":"Snecko","floor":24,"turns":2},{"damage":8,"enemies":"Gremlin Leader","floor":25,"turns":3},{"damage":0,"enemies":"Snake Plant","floor":28,"turns":1},{"damage":0,"enemies":"Centurion and Healer","floor":29,"turns":1},{"damage":0,"enemies":"Collector","floor":33,"turns":1},{"damage":0,"enemies":"Orb Walker","floor":35,"turns":1},{"damage":0,"enemies":"3 Darklings","floor":36,"turns":1},{"damage":0,"enemies":"Mind Bloom Boss Battle","floor":38,"turns":2},{"damage":0,"enemies":"Maw","floor":39,"turns":4},{"damage":0,"enemies":"Giant Head","floor":40,"turns":1},{"damage":0,"enemies":"4 Shapes","floor":44,"turns":1},{"damage":0,"enemies":"3 Darklings","floor":46,"turns":1},{"damage":0,"enemies":"Time Eater","floor":50,"turns":1}],"seed_played":"-5675964207206880920","potions_obtained":[{"floor":1.0,"key":"CunningPotion"},{"floor":3.0,"key":"PowerPotion"},{"floor":16,"key":"BlessingOfTheForge"},{"floor":25,"key":"FearPotion"},{"floor":28,"key":"BlessingOfTheForge"}],"is_trial":false,"path_per_floor":["M","M","M","M","M","R","?","E","T","?","?","R","$","M","R","B",null,"M","?","?","M","M","R","M","E","T","R","M","M","?","T","R","B",null,"M","M","$","?","M","E","?","R","T","M","R","M","?","?","R","B",null],"character_chosen":"THE_SILENT","items_purchased":["Eternal Feather","Orichalcum","Mayhem","Lizard Tail","Anchor","Bag of Preparation","Vajra","Lee\u0027s Waffle","Dead Branch","Medical Kit","Happy Flower","Mango","Membership Card","Bottled Tornado","Mummified Hand","War Paint","Well Laid Plans","Molten Egg 2","Apotheosis","Tools of the Trade","Backstab+1","Ninja Scroll","Footwork","Noxious Fumes","Bag of Marbles","Snake Skull","ClockworkSouvenir","Caltrops","Unceasing Top","Juzu Bracelet","Caltrops","Backstab+1","Footwork","TwistedFunnel","Bronze Scales","Gambling Chip"],"campfire_rested":0,"item_purchase_floors":[0,0,0,0,0,0,0,0,0,0,0,0,0,0,0,0,0,0,0,0,0,0,0,0,0,0,0,0,0,0,0,13,13,37,37,37],"current_hp_per_floor":[91,91,91,91,91,91,73,73,73,91,91,91,91,91,91,91,91,91,91,91,91,91,91,91,83,83,91,91,91,91,91,91,91,91,91,91,91,91,91,91,91,91,91,91,91,91,91,91,91,91],"gold":890,"neow_bonus":"","is_daily":false,"chose_seed":false,"campfire_upgraded":9,"win_rate":0.0,"timestamp":1613118603,"path_taken":["M","M","M","M","M","R","?","E","T","?","?","R","$","M","R","BOSS","M","?","?","M","M","R","M","E","T","R","M","M","?","?","R","BOSS","M","M","$","?","M","E","?","R","T","M","R","M","?","?","R","BOSS"],"items_purchased_type":["Relic","Relic","Card","Relic","Relic","Relic","Relic","Relic","Relic","Relic","Relic","Relic","Relic","Relic","Relic","Relic","Card","Relic","Card","Card","Card","Relic","Card","Card","Relic","Relic","Relic","Card","Relic","Relic","Card","Card","Card","Relic","Relic","Relic"],"build_version":"2020-12-22","purchased_purges":1,"victory":true,"max_hp_per_floor":[91,91,91,91,91,91,91,91,91,91,91,91,91,91,91,91,91,91,91,91,91,91,91,91,91,91,91,91,91,91,91,91,91,91,91,91,91,91,91,91,91,91,91,91,91,91,91,91,91,91],"relic_stats":{"Lee\u0027s Waffle":26,"Happy Flower":[12],"counters":[319,1246],"Dead Branch":[279],"Eternal Feather":8,"Snake Skull":[17],"Bag of Preparation":[16],"Juzu Bracelet":0,"Orichalcum":[18],"War Paint":["Defend_G","Defend_G","Outmaneuver","Survivor","Defend_G","Defend_G"],"Medical Kit":[0],"Blood Vial":0,"Lizard Tail":0,"Centennial Puzzle":[0],"Dream Catcher":0,"Mummified Hand":[66],"Shuriken":[16],"Bronze Scales":[3],"Gambling Chip":[4],"Turnip":[3],"Art of War":[0],"obtain_stats":[{"TwistedFunnel":37,"Ginger":36,"Whetstone":13,"Bottled Tornado":13,"Sling":0,"Boot":42,"Old Coin":6,"Blood Vial":31,"Sundial":24,"MealTicket":0,"Fusion Hammer":34,"HandDrill":39,"Kunai":21,"Pear":29,"Blue Candle":41,"Eternal Feather":0,"Tingsha":0,"Pen Nib":27,"Paper Crane":26,"SlaversCollar":34,"Bird Faced Urn":0,"Unceasing Top":36,"Ring of the Serpent":17,"Regal Pillow":4,"Lantern":10,"Singing Bowl":37,"Torii":40,"GremlinMask":22,"Bag of Preparation":29,"Ancient Tea Set":25,"Cursed Key":34,"Smiling Mask":24,"Matryoshka":10,"WristBlade":34,"Ninja Scroll":23,"Toolbox":46,"WingedGreaves":12,"InkBottle":26,"Ring of the Snake":0,"Potion Belt":27,"Lee\u0027s Waffle":37,"NeowsBlessing":0,"Golden Idol":8,"Thread and Needle":0,"The Courier":10,"PreservedInsect":22,"Omamori":30,"Frozen Egg 2":26,"MawBank":10,"Ornamental Fan":30,"Bloody Idol":21,"Turnip":40,"Art of War":26,"Toy Ornithopter":6,"Calipers":0,"Gremlin Horn":25,"Vajra":22,"Sozu":34,"Centennial Puzzle":11,"Lizard Tail":0,"HornCleat":19,"DollysMirror":37,"Strawberry":29,"Philosopher\u0027s Stone":17,"Toxic Egg 2":12,"Girya":0,"Happy Flower":0,"Dead Branch":42,"Oddly Smooth Stone":7,"War Paint":5,"Question Card":40,"WarpedTongs":2,"Bottled Flame":43,"Shuriken":0,"Bronze Scales":43,"Molten Egg 2":26,"Black Star":34,"Meat on the Bone":28,"Pocketwatch":46,"Darkstone Periapt":6,"Mango":39,"Snake Skull":11,"Juzu Bracelet":24,"Incense Burner":7,"ClockworkSouvenir":29,"Nunchaku":23,"Dream Catcher":23,"Tough Bandages":42,"Mummified Hand":9,"Pantograph":44,"Gambling Chip":37,"Tiny Chest":7,"Red Mask":30,"Orichalcum":43,"Medical Kit":19,"White Beast Statue":40,"Mercury Hourglass":9,"Peace Pipe":27,"Calling Bell":17,"Anchor":12,"Bag of Marbles":9,"Membership Card":0,"FossilizedHelix":45,"TungstenRod":23},{"TwistedFunnel":313,"Ginger":42,"Whetstone":130,"Bottled Tornado":27,"Sling":19,"Boot":170,"Old Coin":282,"Blood Vial":63,"Sundial":212,"MealTicket":48,"Fusion Hammer":191,"HandDrill":43,"Kunai":13,"Pear":61,"Blue Candle":196,"Eternal Feather":19,"Tingsha":200,"Pen Nib":60,"Paper Crane":263,"SlaversCollar":113,"Bird Faced Urn":48,"Unceasing Top":142,"Ring of the Serpent":303,"Regal Pillow":72,"Lantern":101,"Singing Bowl":65,"Torii":272,"GremlinMask":236,"Bag of Preparation":164,"Ancient Tea Set":83,"Cursed Key":140,"Smiling Mask":237,"Matryoshka":204,"WristBlade":87,"Ninja Scroll":33,"Toolbox":144,"WingedGreaves":256,"InkBottle":15,"Ring of the Snake":0,"Potion Belt":162,"Lee\u0027s Waffle":115,"NeowsBlessing":0,"Golden Idol":255,"Thread and Needle":251,"The Courier":53,"PreservedInsect":59,"Omamori":38,"Frozen Egg 2":83,"MawBank":128,"Ornamental Fan":293,"Bloody Idol":261,"Turnip":66,"Art of War":34,"Toy Ornithopter":3,"Calipers":200,"Gremlin Horn":83,"Vajra":106,"Sozu":64,"Centennial Puzzle":26,"Lizard Tail":200,"HornCleat":30,"DollysMirror":65,"Strawberry":189,"Philosopher\u0027s Stone":10,"Toxic Egg 2":54,"Girya":122,"Happy Flower":69,"Dead Branch":272,"Oddly Smooth Stone":25,"War Paint":2,"Question Card":116,"WarpedTongs":98,"Bottled Flame":44,"Shuriken":69,"Bronze Scales":117,"Molten Egg 2":59,"Black Star":40,"Meat on the Bone":85,"Pocketwatch":94,"Darkstone Periapt":25,"Mango":271,"Snake Skull":7,"Juzu Bracelet":135,"Incense Burner":204,"ClockworkSouvenir":189,"Nunchaku":107,"Dream Catcher":107,"Tough Bandages":170,"Mummified Hand":5,"Pantograph":197,"Gambling Chip":313,"Tiny Chest":100,"Red Mask":62,"Orichalcum":92,"Medical Kit":132,"White Beast Statue":144,"Mercury Hourglass":75,"Peace Pipe":214,"Calling Bell":287,"Anchor":153,"Bag of Marbles":25,"Membership Card":147,"FossilizedHelix":93,"TungstenRod":160},{"TwistedFunnel":1236,"Ginger":171,"Whetstone":536,"Bottled Tornado":106,"Sling":78,"Boot":696,"Old Coin":1163,"Blood Vial":270,"Sundial":885,"MealTicket":202,"Fusion Hammer":790,"HandDrill":176,"Kunai":47,"Pear":263,"Blue Candle":811,"Eternal Feather":78,"Tingsha":836,"Pen Nib":258,"Paper Crane":1079,"SlaversCollar":468,"Bird Faced Urn":202,"Unceasing Top":583,"Ring of the Serpent":1220,"Regal Pillow":312,"Lantern":420,"Singing Bowl":282,"Torii":1126,"GremlinMask":973,"Bag of Preparation":674,"Ancient Tea Set":354,"Cursed Key":578,"Smiling Mask":977,"Matryoshka":852,"WristBlade":369,"Ninja Scroll":136,"Toolbox":590,"WingedGreaves":1049,"InkBottle":56,"Ring of the Snake":0,"Potion Belt":664,"Lee\u0027s Waffle":478,"NeowsBlessing":0,"Golden Idol":1045,"Thread and Needle":1030,"The Courier":223,"PreservedInsect":257,"Omamori":154,"Frozen Egg 2":354,"MawBank":530,"Ornamental Fan":1195,"Bloody Idol":1071,"Turnip":287,"Art of War":138,"Toy Ornithopter":3,"Calipers":836,"Gremlin Horn":354,"Vajra":441,"Sozu":279,"Centennial Puzzle":102,"Lizard Tail":836,"HornCleat":126,"DollysMirror":282,"Strawberry":778,"Philosopher\u0027s Stone":35,"Toxic Egg 2":228,"Girya":508,"Happy Flower":302,"Dead Branch":1126,"Oddly Smooth Stone":101,"War Paint":2,"Question Card":479,"WarpedTongs":408,"Bottled Flame":182,"Shuriken":302,"Bronze Scales":482,"Molten Egg 2":257,"Black Star":164,"Meat on the Bone":361,"Pocketwatch":390,"Darkstone Periapt":101,"Mango":1120,"Snake Skull":21,"Juzu Bracelet":558,"Incense Burner":852,"ClockworkSouvenir":778,"Nunchaku":443,"Dream Catcher":443,"Tough Bandages":696,"Mummified Hand":11,"Pantograph":816,"Gambling Chip":1236,"Tiny Chest":416,"Red Mask":264,"Orichalcum":384,"Medical Kit":547,"White Beast Statue":590,"Mercury Hourglass":323,"Peace Pipe":891,"Calling Bell":1178,"Anchor":621,"Bag of Marbles":101,"Membership Card":605,"FossilizedHelix":387,"TungstenRod":650}],"Unceasing Top":[1],"InkBottle":[7]},"card_choices":[{"not_picked":["Poisoned Stab+1","Flying Knee+1"],"picked":"Caltrops","floor":1.0},{"not_picked":["Flying Knee+1","Prepared","Acrobatics"],"picked":"SKIP","floor":2.0},{"not_picked":["Deflect","Catalyst","Blur"],"picked":"SKIP","floor":3.0},{"not_picked":["Cloak And Dagger","Infinite Blades"],"picked":"Masterful Stab+1","floor":4.0},{"not_picked":["Eviscerate+1","Dagger Spray+1","Catalyst"],"picked":"SKIP","floor":5.0},{"not_picked":["Quick Slash+1","Leg Sweep","Eviscerate+1"],"picked":"SKIP","floor":8.0},{"not_picked":["Deflect+1","Sucker Punch+1","Poisoned Stab+1"],"picked":"SKIP","floor":14.0},{"not_picked":["After Image","Burst+1"],"picked":"A Thousand Cuts","floor":16},{"not_picked":["Deflect+1","Eviscerate+1","PiercingWail+1"],"picked":"SKIP","floor":18},{"not_picked":["Distraction+1","Outmaneuver+1","Eviscerate+1"],"picked":"SKIP","floor":21},{"not_picked":["PiercingWail+1","Dagger Throw+1"],"picked":"Backstab+1","floor":22},{"not_picked":["Endless Agony+1","Noxious Fumes"],"picked":"Distraction+1","floor":24},{"not_picked":["Glass Knife+1","Bane+1"],"picked":"PiercingWail+1","floor":25},{"not_picked":["Setup+1","Deadly Poison+1"],"picked":"Blade Dance+1","floor":28},{"not_picked":["Backflip+1","Dagger Throw+1","Blade Dance+1"],"picked":"SKIP","floor":29},{"not_picked":["Predator+1","Choke+1","Deflect+1"],"picked":"SKIP","floor":35},{"not_picked":["Concentrate+1","Dagger Spray+1","Bane+1"],"picked":"SKIP","floor":36},{"not_picked":["Dagger Spray+1","Bane+1"],"picked":"Concentrate+1","floor":36},{"not_picked":["Outmaneuver+1","Bane+1"],"picked":"Backstab+1","floor":38},{"not_picked":["Dagger Spray+1","Riddle With Holes+1","Masterful Stab+1"],"picked":"SKIP","floor":39},{"not_picked":["Glass Knife+1","Calculated Gamble+1","Skewer+1"],"picked":"SKIP","floor":40},{"not_picked":["Quick Slash+1","Finisher+1","Deadly Poison+1"],"picked":"SKIP","floor":44},{"not_picked":["Cloak And Dagger+1","Quick Slash+1","Expertise+1"],"picked":"SKIP","floor":46}],"player_experience":433383,"relics_obtained":[{"floor":8.0,"key":"Blood Vial"},{"floor":9.0,"key":"Toxic Egg 2"},{"floor":25,"key":"Potion Belt"},{"floor":26,"key":"Shuriken"},{"floor":31,"key":"Oddly Smooth Stone"},{"floor":34,"key":"Centennial Puzzle"},{"floor":34,"key":"InkBottle"},{"floor":34,"key":"Old Coin"},{"floor":38,"key":"Turnip"},{"floor":40,"key":"Dream Catcher"},{"floor":43,"key":"Art of War"}],"event_choices":[{"damage_healed":0.0,"max_hp_gain":0.0,"max_hp_loss":0.0,"gold_gain":0.0,"event_name":"Shining Light","player_choice":"Entered Light","floor":7.0,"gold_loss":0.0,"damage_taken":18.0,"cards_upgraded":["Defend_G","Strike_G"]},{"damage_healed":22.0,"max_hp_gain":0.0,"max_hp_loss":0.0,"gold_gain":0.0,"event_name":"The Cleric","player_choice":"Healed","floor":10.0,"gold_loss":35.0,"damage_taken":0.0},{"damage_healed":0.0,"max_hp_gain":0.0,"max_hp_loss":0.0,"gold_gain":175.0,"event_name":"Liars Game","player_choice":"AGREE","floor":11.0,"gold_loss":0.0,"damage_taken":0.0,"cards_obtained":["Doubt"]},{"damage_healed":0,"gold_gain":0,"player_choice":"Stole Relic","damage_taken":0,"relics_obtained":["White Beast Statue"],"max_hp_gain":0,"max_hp_loss":0,"event_name":"Addict","floor":19,"gold_loss":0,"cards_obtained":["Shame"]},{"damage_healed":0,"gold_gain":99,"player_choice":"Stole From Cult","damage_taken":0,"max_hp_gain":0,"max_hp_loss":0,"event_name":"Nest","floor":20,"gold_loss":0},{"cards_removed":["Shame"],"damage_healed":0,"gold_gain":0,"player_choice":"Gave Gold","damage_taken":0,"max_hp_gain":0,"max_hp_loss":0,"event_name":"Beggar","floor":30,"gold_loss":75},{"damage_healed":0,"gold_gain":0,"player_choice":"Fight","damage_taken":0,"max_hp_gain":0,"max_hp_loss":0,"event_name":"MindBloom","floor":38,"gold_loss":0},{"damage_healed":0,"gold_gain":0,"player_choice":"Ignored","damage_taken":0,"max_hp_gain":0,"max_hp_loss":0,"event_name":"Tomb of Lord Red Mask","floor":41,"gold_loss":0},{"damage_healed":23,"gold_gain":0,"player_choice":"Writhe","damage_taken":0,"max_hp_gain":0,"max_hp_loss":0,"event_name":"Winding Halls","floor":47,"gold_loss":0,"cards_obtained":["Writhe"]},{"cards_removed":["Distraction"],"damage_healed":0,"gold_gain":0,"player_choice":"Removed Skill","damage_taken":0,"max_hp_gain":0,"max_hp_loss":0,"event_name":"Falling","floor":48,"gold_loss":0}],"is_beta":false,"boss_relics":[{"not_picked":["Velvet Choker","Busted Crown"],"picked":"Ring of the Serpent"},{"not_picked":["Astrolabe","Sozu"],"picked":"Calling Bell"}],"items_purged_floors":[13],"is_endless":false,"potions_floor_spawned":[1,3,16,21,22,24,25,28,29,33,35,36,38,39,40,44,46],"ascension_level":0}}