{"host":"mmvmlqmvbrlj5jge","time":1613140419,"event":{"mods":["Act Like it!","BaseMod","Dota2Spire","Gensokyo","GifTheSpireLib","Hallownest","Lobotomy","Mari Mod (Legacy)","Mari\u0027s V1 Patch","Minty Spire (QoL Compilation)","MostiFishMod","Pale of the Ancients","Quick Restart","Remilia（蕾米莉亚）","Replay The Spire","RumiaBox-露米娅的神秘盒子","Spicy Shops","StSLib","TestMod","The Bug Knight","noobMod","【功能Mod】混沌之环修复补丁","【遗物卡牌】REMEMod","篝火指南"],"gold_per_floor":[109,128,28,54,54,54,73,105,105,125,140,140,168,186,186,287,287,301,320,320,359,369,369,398,398,398,424,424,424,438,438,121,218,218,235,294,294,407,557,653,573,597,597,648,648,648,677,716,716,733,733,64,64,115,129],"floor_reached":56,"language":"ZHS","playtime":3228,"items_purged":["Normality","Normality","HollowMod:AbyssShriek","Replay:Hysterical Blindness","Decay"],"score":2495,"play_id":"5aa019dd-d48e-4eba-b163-38e24e09bf5e","local_time":"20210212223339","is_ascension_mode":true,"campfire_choices":[{"data":"RedMoon","floor":6,"key":"SMITH"},{"floor":15,"key":"RECALL"},{"data":"ScarletCoffin","floor":23,"key":"SMITH"},{"data":"REME_FirmDetermination","floor":46,"key":"SMITH"},{"floor":49,"key":"DIG"}],"circlet_count":0,"master_deck":["AscendersBane","REME_AllRoundStrike+1"],"relics":["testmod-TestBox","REME_ComplimentaryCards","ice","DiscerningMonocle","testmod-HeartOfDaVinci","testmod-KeyOfTheVoid","SynthV:TestCard","GodSword3","ReplayTheSpireMod:Lightbulb","MetatronsCube","Raider\u0027s Mask","testmod-AssaultLearning","Vajra","testmod-OneHitWonder","Hallownest:DreamNailRelic","Replay:WaspNest","Happy Flower","testmod-CasingShield","HollowMod:IsmasTear","testmod-Nyarlathotep","Ornamental Fan","MostiFishMod:AdaptiveDefenses","ReplayTheSpireMod:ShopPack","Dota2Spire:ArcaneBoots","Nuclear Battery","Eternal Feather","ZombieArmy","Geode","SynthV","BargainBundle","REME_PuzzleBoxRelic","Self Forming Clay","Ginger","Replay:Multitool","DaveBox","SynthV","testmod-Laevatain","Dota2Spire:ArmletOfMordiggian","BirthdayGift-Tetrahedron","Brimstone","Sundial","HollowMod:KingsBrand","Dota2Spire:MagicBottle","Ancient Tea Set","Lee\u0027s Waffle","ChiLing","Chi","Ling","Ninja Scroll","Pear","Ccalipers","Whetstone","Replay:Grab Bag","Coffee Dripper","SlaversCollar","HollowMod:KingsSoulRelic","REME_ArchaeologicalTools","REME_PoisonedDagger","Regal Pillow","TungstenRod","ClockworkSouvenir","Dota2Spire:PhaseBoots","Divine Protection","Runic Capacitor","Prayer Wheel","HollowMod:StagPassRelic","ReplayTheSpireMod:CursedCoin","PrismaticShard","Replay:Accelerometer","testmod-Acrobat","Dota2Spire:UrnOfShadows","Cables","Red Skull","SumBook","Carrot","Dota2Spire:OrchidMalevolence","Dota2Spire:MonkeyKingBar","Sling","Pen Nib","Dota2Spire:MaskOfMadness","testmod-IntensifyImprint","Dota2Spire:DrumOfEndurance","GodSword5","ReplayFunnel","TheAbacus","Frozen Eye","Bag of Marbles"],"acts_visited":["Hallownest:Greenpath","TheCity","Hallownest:KingdomsEdge","TheEnding"],"potions_floor_usage":[],"damage_taken":[{"damage":68,"enemies":"Hallownest:2_Tiktiks_and_1_Crawlid","floor":1,"turns":11},{"damage":8,"enemies":"Hallownest:2_Baldur","floor":2,"turns":20},{"damage":0,"enemies":"Hallownest:eliteMossKnight","floor":4,"turns":9},{"damage":0,"enemies":"Hallownest:monsterHuskWarrior","floor":7,"turns":2},{"damage":3,"enemies":"Hallownest:eliteMossKnight","floor":8,"turns":7},{"damage":0,"enemies":"Hallownest:Wandering_and_Horned","floor":10,"turns":4},{"damage":1,"enemies":"Hallownest:Guard_and_Warrior","floor":11,"turns":6},{"damage":0,"enemies":"Hallownest:eliteCrystalGuardian","floor":13,"turns":2},{"damage":0,"enemies":"Hallownest:monsterMossCharger","floor":14,"turns":1},{"damage":24,"enemies":"Hallownest:BossHornet","floor":16,"turns":2},{"damage":0,"enemies":"3 Byrds","floor":18,"turns":2},{"damage":0,"enemies":"Chosen","floor":19,"turns":1},{"damage":0,"enemies":"Centurion and Healer","floor":21,"turns":1},{"damage":0,"enemies":"Chosen and Byrds","floor":22,"turns":1},{"damage":0,"enemies":"Replay:Snechameleon","floor":24,"turns":1},{"damage":0,"enemies":"Book of Stabbing","floor":27,"turns":1},{"damage":0,"enemies":"Cultist and Chosen","floor":30,"turns":1},{"damage":0,"enemies":"Pondfish","floor":33,"turns":1},{"damage":1,"enemies":"Hallownest:3_Siblings","floor":35,"turns":1},{"damage":2,"enemies":"Hallownest:2_Littles","floor":36,"turns":1},{"damage":60,"enemies":"Hallownest:2_Wandering_and_1_Horned","floor":38,"turns":2},{"damage":1,"enemies":"Hallownest:eliteCollector","floor":40,"turns":1},{"damage":0,"enemies":"Hallownest:Shield_Sturdy","floor":42,"turns":1},{"damage":0,"enemies":"Hallownest:StalkingDevout","floor":44,"turns":1},{"damage":0,"enemies":"Hallownest:2_Great","floor":47,"turns":1},{"damage":0,"enemies":"Hallownest:2_Wing_and_1_Kings","floor":48,"turns":1},{"damage":0,"enemies":"Hallownest:BossGreyPrinceZote","floor":50,"turns":1},{"damage":0,"enemies":"Shield and Spear","floor":54,"turns":1},{"damage":0,"enemies":"The Heart","floor":55,"turns":1}],"seed_played":"-7705924821582744909","potions_obtained":[{"floor":2,"key":"Fire Potion"},{"floor":4,"key":"SmokeBomb"}],"is_trial":false,"path_per_floor":["M","M","$","?","?","R","M","E","T","M","M","$","E","M","R","B",null,"M","M","$","M","M","R","E","?","T","E","?","$","M","$","R","B",null,"M","M","$","M","$","E","?","M","T","E","?","R","M","M","R","B",null,"R","$","E","B",null],"character_chosen":"REMILIA","items_purchased":["GodSword3","ReplayTheSpireMod:Lightbulb","MetatronsCube","Raider\u0027s Mask","testmod-AssaultLearning","Vajra","testmod-CasingShield","HollowMod:IsmasTear","testmod-Nyarlathotep","Ornamental Fan","MostiFishMod:AdaptiveDefenses","ReplayTheSpireMod:ShopPack","ScarletImprint","BombardNight","BloodRain","ZombieArmy","Geode","SynthV","BargainBundle","REME_PuzzleBoxRelic","Self Forming Clay","REME_FirmDetermination","FavorOfDestiny","BloodHunter","BloodySeventeenLaser","testmod-Laevatain","Dota2Spire:ArmletOfMordiggian","BirthdayGift-Tetrahedron","Brimstone","Sundial","HollowMod:KingsBrand","BloodHunter","TwelveNightmare","Dota2Spire:MagicBottle","Ancient Tea Set","Lee\u0027s Waffle","ChiLing","Ninja Scroll","Pear","FavorOfDestiny","ScarletNetherworld","Ccalipers","Whetstone","BloodyMagicSquare","Regal Pillow","TungstenRod","ClockworkSouvenir","Dota2Spire:PhaseBoots","Divine Protection","Runic Capacitor","MastersStateliness","Septette","BloodyMagicSquare","RedNightlessCastle","StarOfDavid","MostiFishMod:SupremeArchaeology","testmod-BloodBlade","Prayer Wheel","HollowMod:StagPassRelic","ReplayTheSpireMod:CursedCoin","PrismaticShard","Replay:Accelerometer","testmod-Acrobat","MostiFishMod:JungleRules","Madness","KillingBlow","StarOfDavid","BlasphemousPunishment","CharismaGuard","Maim","Dota2Spire:OrchidMalevolence","Dota2Spire:MonkeyKingBar","Sling","Pen Nib","Dota2Spire:MaskOfMadness","testmod-IntensifyImprint","Dota2Spire:DrumOfEndurance","GodSword5","ReplayFunnel","TheAbacus","Frozen Eye","BloodAndWine+1"],"campfire_rested":0,"item_purchase_floors":[3,3,3,3,3,3,12,12,12,12,12,12,12,12,12,20,20,20,20,20,20,20,20,20,20,29,29,29,29,29,29,29,29,31,31,31,31,31,31,31,31,32,32,32,37,37,37,37,37,37,37,37,37,37,37,37,37,39,39,39,39,39,39,39,39,39,39,39,39,39,52,52,52,52,52,53,53,53,53,53,53,53],"current_hp_per_floor":[4,3,3,7,7,7,7,76,76,78,83,83,83,83,83,78,92,93,93,93,93,93,97,97,97,97,97,97,97,97,114,114,114,114,113,111,111,54,54,54,54,57,57,57,54,60,60,60,60,60,111,111,111,111,115],"gold":129,"neow_bonus":"BOSS_RELIC","is_daily":false,"chose_seed":false,"campfire_upgraded":3,"win_rate":0.0,"timestamp":1613140419,"path_taken":["M","?","$","?","?","R","M","E","T","?","M","$","E","M","R","BOSS","M","M","$","M","M","R","E","?","T","E","?","?","M","$","R","BOSS","M","?","$","M","$","E","?","?","T","E","?","R","M","M","R","BOSS","R","$","E","BOSS"],"items_purchased_type":["Relic","Relic","Relic","Relic","Relic","Relic","Relic","Relic","Relic","Relic","Relic","Relic","Card","Card","Card","Relic","Relic","Relic","Relic","Relic","Relic","Card","Card","Card","Card","Relic","Relic","Relic","Relic","Relic","Relic","Card","Card","Relic","Relic","Relic","Relic","Relic","Relic","Card","Card","Relic","Relic","Card","Relic","Relic","Relic","Relic","Relic","Relic","Card","Card","Card","Card","Card","Card","Card","Relic","Relic","Relic","Relic","Relic","Relic","Card","Card","Card","Card","Card","Card","Card","Relic","Relic","Relic","Relic","Relic","Relic","Relic","Relic","Relic","Relic","Relic","Card"],"build_version":"2020-12-22","purchased_purges":5,"victory":true,"max_hp_per_floor":[75,75,75,75,75,75,75,79,79,82,91,91,91,91,91,97,97,97,97,97,97,97,97,97,97,97,97,97,97,97,114,114,114,114,114,114,114,114,114,114,114,114,114,114,114,114,114,115,115,128,128,128,128,128,136],"card_choices":[{"not_picked":["ScarletDevil","UnderTheZenith","ScarletDevilSign"],"picked":"SKIP","floor":1},{"not_picked":["FavorOfDestiny","ScarletDevil","SuperhumanBloodyKnife","BlasphemousPunishment","Ultimatum"],"picked":"SKIP","floor":2},{"not_picked":["VampirishNight","ScarletNetherworld","UltimateOffering","TricksterDevil","DiffusionOfMisfortune"],"picked":"SKIP","floor":4},{"not_picked":["BombardNight","VampirishNight","RedMagic","VampireKiss","ScarletDevil"],"picked":"SKIP","floor":7},{"not_picked":["VampireClaw","DevilSight","TransientEternity","RedRainbow","ScarletMeister"],"picked":"SKIP","floor":8},{"not_picked":["DiffusionOfMisfortune","MiserableFate","GlobalNightmare","BombardNight","FavorOfDestiny"],"picked":"SKIP","floor":10},{"not_picked":["ScarletDevil","UnstableMagic","SuperhumanBloodyKnife","FavorOfDestiny","NightDance"],"picked":"SKIP","floor":11},{"not_picked":["testmod-Collector","MostiFishMod:OneDayCity","Survey Options","ReplayTheSpireMod:Private Reserves"],"picked":"testmod-RabbitOfFibonacci","floor":12},{"not_picked":["testmod-Mystery","testmod-DisillusionmentEcho","Jack Of All Trades","testmod-ConditionedReflex"],"picked":"REME_AllRoundStrike","floor":12},{"not_picked":["ScarletSymphony","MiserableFate","BadLadyScramble","Stigmanizer"],"picked":"BloodHunter","floor":13},{"not_picked":["ScarletImprint","HeartBreak","VampireKiss","RedRainbow"],"picked":"BloodHunter","floor":14},{"not_picked":["QueenOfMidnight","EquivalentExchange","TricksterDevil","ScarletMeister"],"picked":"ScarletCoffin","floor":16},{"not_picked":["ScarletDevil","FavorOfDestiny","BadLadyScramble","Stigmanizer"],"picked":"RedRainbow","floor":18},{"not_picked":["CharismaGuard","FavorOfDestiny","ScarletDevil+1","BloodAndWine"],"picked":"RedRainbow+1","floor":19},{"not_picked":["UnstableMagic","EndlessAdversity","RedMagic","BlasphemousPunishment","VampirishNight+1"],"picked":"SKIP","floor":21},{"not_picked":["LeisurelyOfLord+1","Septette+1","TwelveNightmare","SuperhumanBloodyKnife"],"picked":"ScarletImprint+1","floor":22},{"not_picked":["BloodyTrap+1","DiffusionOfMisfortune","UnderTheZenith","LeisurelyOfLord+1"],"picked":"MastersStateliness","floor":24},{"not_picked":["NightLord+1","SuperhumanBloodyKnife","ScarletDevil","UnstableMagic"],"picked":"ScarletCoffin","floor":27},{"not_picked":["LeisurelyOfLord+1","ScarletDevil","VampireFantasy","MiserableFate"],"picked":"FavorOfDestiny","floor":30},{"not_picked":["StarOfDavid+1","ScarletGensokyo+1","Stigmanizer","SuperhumanBloodyKnife"],"picked":"MastersStateliness+1","floor":35},{"not_picked":["UnstableMagic","Septette+1","BombardNight+1","VampireKiss"],"picked":"TwelveNightmare+1","floor":36},{"not_picked":["BloodyTrap","LeisurelyOfLord+1","BloodyMagicSquare","EmergencyRegeneration+1"],"picked":"BloodAndWine+1","floor":38},{"not_picked":["Gensokyo:SalamanderShield","HollowMod:SoulStrike+1","HollowMod:WraithStrike","REME_ShadowForm"],"picked":"Rupture+1","floor":40},{"not_picked":["UnderTheZenith","Flying Knee","MostiFishMod:LegendTransform+1","PiercingWail+1"],"picked":"Heavy Blade","floor":42},{"not_picked":["Panacea+1","Stigmanizer","Septette+1","UnderTheZenith"],"picked":"RedRainbow","floor":42},{"not_picked":["EndlessAdversity+1","MostiFishMod:DeathFromBelow","Harmony+1","HollowMod:HowlingWraiths"],"picked":"ReplayTheSpireMod:Scrap Shanks","floor":44},{"not_picked":["Protect+1","Slice","Cold Snap","UnstableMagic"],"picked":"Shrug It Off","floor":47},{"not_picked":["HollowMod:SharpenedNail+1","VampireKiss+1","Slice+1","HollowMod:DungDefenderAura+1"],"picked":"testmod-Reverberation","floor":47},{"not_picked":["Perfected Strike","Backstab+1","BlasphemousPunishment+1","HollowMod:CloakDash+1","Jack Of All Trades+1"],"picked":"SKIP","floor":48},{"not_picked":["MariMod:Mari_Tough_Front","Fire Breathing+1","MariMod:Mari_Its_Joke","Blind","MariMod:Mari_Mic_Check+1"],"picked":"SKIP","floor":48},{"not_picked":["ReplayTheSpireMod:Trickstab+1","HollowMod:SiblingsShadow","Sword Boomerang","MariMod:Mari_Well_Kept_Secret","HollowMod:VengefulVoid+1"],"picked":"SKIP","floor":54}],"player_experience":138090,"relics_obtained":[{"floor":1,"key":"SynthV:TestCard"},{"floor":4,"key":"testmod-OneHitWonder"},{"floor":8,"key":"Replay:WaspNest"},{"floor":9,"key":"Happy Flower"},{"floor":13,"key":"Dota2Spire:ArcaneBoots"},{"floor":18,"key":"Eternal Feather"},{"floor":24,"key":"Ginger"},{"floor":27,"key":"Replay:Multitool"},{"floor":35,"key":"REME_ArchaeologicalTools"},{"floor":35,"key":"REME_PoisonedDagger"},{"floor":40,"key":"Dota2Spire:UrnOfShadows"},{"floor":43,"key":"Cables"},{"floor":44,"key":"Red Skull"},{"floor":47,"key":"SumBook"},{"floor":49,"key":"Carrot"},{"floor":54,"key":"Bag of Marbles"}],"event_choices":[{"damage_healed":0,"gold_gain":0,"player_choice":"Ignored","damage_taken":0,"max_hp_gain":0,"max_hp_loss":0,"event_name":"Beggar","floor":25,"gold_loss":0},{"damage_healed":0,"gold_gain":0,"player_choice":"Swap Relic","damage_taken":0,"relics_obtained":["DaveBox"],"max_hp_gain":0,"max_hp_loss":0,"event_name":"给自己的盒子","floor":28,"relics_lost":["DaveBox"],"gold_loss":0}],"is_beta":false,"boss_relics":[{"not_picked":["SoulBox","BloodWine"],"picked":"Nuclear Battery"},{"not_picked":["WristBlade","Mark of Pain"],"picked":"Replay:Grab Bag"},{"not_picked":["Ooze Armor","Runic Dome"],"picked":"Coffee Dripper"},{"not_picked":["Cursed Key","ChewingGum"],"picked":"SlaversCollar"},{"not_picked":["HollowMod:VoidIdolRelic","testmod-GoldenSoul"],"picked":"HollowMod:KingsSoulRelic"}],"items_purged_floors":[3,3,12,29,53],"is_endless":false,"potions_floor_spawned":[2,4,11,13,16,21,24,27,33,36,38,42,48],"ascension_level":11}}