{"host":"z8k0b1oqxoiri7b9","time":1613129122,"event":{"mods":["AchievementEnabler","BaseMod","Downfall","Minty Spire (QoL Compilation)","StSLib"],"gold_per_floor":[99,111,211,47,65,97,97,110,110,127,12,31,31,64,77,182,182,182,199,209,223,240,81,108,176,176,207,207,207,207,207,227,323,323,323,342,342,342,342],"floor_reached":37,"language":"ENG","playtime":5267,"items_purged":["Slimebound:Strike_Slimebound","Slimebound:Strike_Slimebound"],"score":466,"play_id":"74573dcd-a2d2-42cd-877e-8e4f55101920","local_time":"20210212192522","is_ascension_mode":true,"campfire_choices":[{"data":"Slimebound:Split","floor":1,"key":"SMITH"},{"data":"Slimebound:Repurpose","floor":13,"key":"SMITH"},{"data":"Slimebound:SlimeSlap","floor":18,"key":"SMITH"},{"data":"Slimebound:Gluttony","floor":26,"key":"SMITH"},{"data":"Slimebound:LevelUp","floor":28,"key":"SMITH"},{"floor":30,"key":"REST"},{"floor":35,"key":"RECALL"}],"circlet_count":0,"master_deck":["Slimebound:Defend_Slimebound","Slimebound:Defend_Slimebound","Slimebound:Defend_Slimebound","Slimebound:Defend_Slimebound","Slimebound:Split+1","Slimebound:CorrosiveSpit","Slimebound:GoopSpray","Slimebound:GrowthPunch+1","Slimebound:SplitAcid","Slimebound:Repurpose+1","Slimebound:GoopSpray","Slimebound:FirmFortitude","Slimebound:LeechingTouch","Slimebound:SlimeSlap+1","Slimebound:Gluttony+1","Slimebound:LevelUp+1","Slimebound:Gluttony+1"],"relics":["Slimebound:AbsorbEndCombat","Anchor","Bag of Marbles","Toy Ornithopter","SlaversCollar","PrismaticShard","Pen Nib","Du-Vu Doll","Empty Cage"],"acts_visited":["Exordium","TheCity","TheBeyond"],"potions_floor_usage":[33,33,33,33,33,33,33,33,33,33,33,33],"damage_taken":[{"damage":3,"enemies":"2 Louse","floor":2,"turns":3},{"damage":3,"enemies":"downfall:FleeingMerchant","floor":4,"turns":4},{"damage":8,"enemies":"Small Slimes","floor":5,"turns":3},{"damage":0,"enemies":"Lagavulin","floor":6,"turns":8},{"damage":1,"enemies":"Cultist","floor":8,"turns":4},{"damage":2,"enemies":"Lots of Slimes","floor":10,"turns":3},{"damage":0,"enemies":"downfall:FleeingMerchant","floor":11,"turns":4},{"damage":3,"enemies":"Exordium Thugs","floor":12,"turns":4},{"damage":23,"enemies":"Gremlin Nob","floor":14,"turns":5},{"damage":12,"enemies":"2 Fungi Beasts","floor":15,"turns":3},{"damage":23,"enemies":"IC_STATUS_ARCHETYPE","floor":16,"turns":9},{"damage":22,"enemies":"Spheric Guardian","floor":19,"turns":4},{"damage":11,"enemies":"Chosen","floor":20,"turns":5},{"damage":24,"enemies":"Sentry and Sphere","floor":21,"turns":7},{"damage":9,"enemies":"Centurion and Healer","floor":22,"turns":7},{"damage":6,"enemies":"downfall:FleeingMerchant","floor":23,"turns":4},{"damage":14,"enemies":"Gremlin Leader","floor":27,"turns":7},{"damage":26,"enemies":"Shelled Parasite and Fungi","floor":32,"turns":7},{"damage":74,"enemies":"SI_MIRROR_ARCHETYPE","floor":33,"turns":13},{"damage":42,"enemies":"3 Shapes","floor":36,"turns":5},{"damage":40,"enemies":"3 Shapes","floor":37,"turns":2}],"seed_played":"8993891455284896075","potions_obtained":[{"floor":2,"key":"EntropicBrew"},{"floor":6,"key":"SmokeBomb"},{"floor":8,"key":"SpeedPotion"},{"floor":19,"key":"Slimebound:SlimyTonguePotion"},{"floor":33,"key":"SkillPotion"}],"is_trial":false,"path_per_floor":["R","M","?","$","M","E","T","M","?","M","$","M","R","E","M","B",null,"R","M","M","M","M","$","T","T","R","E","R","?","R","?","M","B",null,"R","M","?"],"character_chosen":"SLIMEBOUND","items_purchased":["Slimebound:GrowthPunch","PrismaticShard"],"campfire_rested":1,"item_purchase_floors":[4,23],"current_hp_per_floor":[71,70,70,71,67,71,71,71,71,71,71,70,70,52,44,29,71,71,53,50,34,33,35,35,35,35,29,29,29,50,50,32,26,71,71,31,0,0,0],"gold":342,"neow_bonus":"TEN_PERCENT_HP_BONUS","is_daily":false,"chose_seed":false,"campfire_upgraded":5,"win_rate":0.0,"timestamp":1613129122,"path_taken":["R","M","?","$","M","E","T","M","?","M","$","M","R","E","M","BOSS","R","M","?","?","M","$","T","?","R","E","R","?","R","?","M","BOSS","R","M","?"],"items_purchased_type":["Card","Relic"],"build_version":"2020-12-22","purchased_purges":2,"victory":false,"max_hp_per_floor":[71,71,71,71,71,71,71,71,71,71,71,71,71,71,71,71,71,71,71,71,71,71,71,71,71,71,71,71,71,71,71,71,71,71,71,71,71,71,71],"card_choices":[{"not_picked":["Slimebound:Prepare","Slimebound:RainOfGoop"],"picked":"Slimebound:GoopSpray","floor":2},{"not_picked":["Slimebound:SlimeSpikes","Slimebound:ServeAndProtect","Slimebound:SamplingLick"],"picked":"SKIP","floor":4},{"not_picked":["Slimebound:PressTheAttack","Slimebound:ForwardTackle"],"picked":"Slimebound:SplitAcid","floor":5},{"not_picked":["Slimebound:AcidTongue","Slimebound:SplitLeeching"],"picked":"Slimebound:Repurpose","floor":6},{"not_picked":["Slimebound:ComboTackle","Slimebound:SlimeSlap"],"picked":"Slimebound:GoopSpray","floor":8},{"not_picked":["Slimebound:PressTheAttack","Slimebound:ItLooksTasty","Slimebound:ForwardTackle"],"picked":"SKIP","floor":10},{"not_picked":["Slimebound:MegaLick","Slimebound:GoopSpray","Slimebound:DisruptingSlam"],"picked":"SKIP","floor":11},{"not_picked":["Slimebound:GoopSpray","Slimebound:HauntingLick","Slimebound:Schlurp"],"picked":"SKIP","floor":12},{"not_picked":["Slimebound:Prepare","Slimebound:MegaLick"],"picked":"Slimebound:FirmFortitude","floor":14},{"not_picked":["Slimebound:SplitMire","Slimebound:LeechEnergy"],"picked":"Slimebound:LeechingTouch","floor":15},{"not_picked":["Slimebound:MassFeed","Slimebound:LeechLife"],"picked":"Slimebound:SlimeSlap","floor":16},{"not_picked":["Slimebound:Prepare","Slimebound:SamplingLick+1","Slimebound:SplitBruiser"],"picked":"SKIP","floor":19},{"not_picked":["Slimebound:ProtectTheBoss","Slimebound:FlameTackle","Slimebound:GoopTackle+1"],"picked":"SKIP","floor":20},{"not_picked":["Slimebound:GoopTackle","Slimebound:SamplingLick"],"picked":"Slimebound:Gluttony+1","floor":21},{"not_picked":["Slimebound:Dissolve","Slimebound:ProtectTheBoss+1"],"picked":"Slimebound:LevelUp","floor":22},{"not_picked":["Slimebound:Chomp","Slimebound:Prepare"],"picked":"Slimebound:Gluttony","floor":23},{"not_picked":["sneckomod:UnknownWeak+1","Setup","Pummel"],"picked":"SKIP","floor":27},{"not_picked":["Slimebound:SplitLeeching","CarveReality","Guardian:Preprogram"],"picked":"SKIP","floor":32},{"not_picked":["bronze:NullPointer","Slimebound:SlimeBarrage","hexamod:Firestarter"],"picked":"SKIP","floor":36}],"player_experience":174506,"relics_obtained":[{"floor":6,"key":"Anchor"},{"floor":7,"key":"Bag of Marbles"},{"floor":14,"key":"Toy Ornithopter"},{"floor":24,"key":"Pen Nib"},{"floor":27,"key":"Du-Vu Doll"}],"event_choices":[{"damage_healed":0,"gold_gain":0,"player_choice":"Ignored","damage_taken":0,"max_hp_gain":0,"max_hp_loss":0,"event_name":"Vampires","floor":29,"gold_loss":0}],"is_beta":false,"boss_relics":[{"not_picked":["Pandora\u0027s Box","Slimebound:TarBlob"],"picked":"SlaversCollar"},{"not_picked":["Calling Bell","bronze:MakeshiftBattery"],"picked":"Empty Cage"}],"items_purged_floors":[4,11],"is_endless":false,"potions_floor_spawned":[2,6,8,14,16,19,22,27,32,33],"killed_by":"3 Shapes","ascension_level":2}}