{"host":"3y9j540ftq0by6cq","time":1613094669,"event":{"mods":["BaseMod","CapriCore","Minty Spire (QoL Compilation)","StSLib","The Cursed"],"gold_per_floor":[111,17,37,50,68,68,102,116,116,134,149,77,47,47,47,47,47],"floor_reached":16,"language":"ZHS","playtime":1039,"items_purged":[],"score":104,"play_id":"16b3e0f0-84c9-4702-a6cd-90ea8b9e2392","local_time":"20210212095109","is_ascension_mode":false,"campfire_choices":[{"data":"1","floor":6,"key":"LIFT"},{"floor":15,"key":"REST"}],"circlet_count":0,"master_deck":["TheCursedMod:Strike_TheCursed","TheCursedMod:Strike_TheCursed","TheCursedMod:Strike_TheCursed","TheCursedMod:Strike_TheCursed","TheCursedMod:Defend_TheCursed","TheCursedMod:Defend_TheCursed","TheCursedMod:Defend_TheCursed","TheCursedMod:Defend_TheCursed","TheCursedMod:CursedWand","TheCursedMod:CleanUpWorkshop","TheCursedMod:Dregs","TheCursedMod:WearCloak","TheCursedMod:LuckyCharm","TheCursedMod:CircleOfFlame","TheCursedMod:CursedMace","TheCursedMod:CursedArmor","TheCursedMod:Hemoplague","TheCursedMod:Grudge","TheCursedMod:WearCloak","TheCursedMod:ReleasedKnowledge","TheCursedMod:OutForBlood","TheCursedMod:HellfireBreathing","TheCursedMod:BlessingInDisguise"],"relics":["TheCursedMod:BlackMagic101","Girya","Regal Pillow","Turnip"],"acts_visited":["Exordium"],"potions_floor_usage":[7,10,10,16],"damage_taken":[{"damage":6,"enemies":"Cultist","floor":1,"turns":3},{"damage":4,"enemies":"Jaw Worm","floor":3,"turns":4},{"damage":3,"enemies":"2 Louse","floor":4,"turns":3},{"damage":0,"enemies":"Large Slime","floor":5,"turns":8},{"damage":29,"enemies":"Lagavulin","floor":7,"turns":9},{"damage":6,"enemies":"3 Louse","floor":8,"turns":4},{"damage":8,"enemies":"Red Slaver","floor":10,"turns":3},{"damage":2,"enemies":"Blue Slaver","floor":11,"turns":5},{"damage":5,"enemies":"Looter","floor":13,"turns":4},{"damage":49,"enemies":"Slime Boss","floor":16,"turns":12}],"seed_played":"-366920790392809097","potions_obtained":[{"floor":3,"key":"Explosive Potion"},{"floor":5,"key":"DistilledChaos"},{"floor":7,"key":"FearPotion"},{"floor":11,"key":"SteroidPotion"}],"is_trial":false,"path_per_floor":["M","$","M","M","M","R","E","M","T","M","M","$","M","$","R","B"],"character_chosen":"THE_CURSED","items_purchased":["TheCursedMod:LuckyCharm","TheCursedMod:CircleOfFlame","TheCursedMod:HellfireBreathing"],"campfire_rested":1,"item_purchase_floors":[2,2,12],"current_hp_per_floor":[62,62,58,55,55,55,26,20,20,12,10,10,5,5,40,0,0],"gold":47,"neow_bonus":"ONE_RARE_RELIC","is_daily":false,"chose_seed":false,"campfire_upgraded":0,"win_rate":0.0,"timestamp":1613094669,"path_taken":["M","$","M","M","M","R","E","?","T","M","?","$","M","?","R","BOSS"],"items_purchased_type":["Card","Card","Card"],"build_version":"2020-12-22","purchased_purges":0,"victory":false,"max_hp_per_floor":[68,68,68,68,68,68,68,68,68,68,68,68,68,68,68,68,68],"card_choices":[{"not_picked":["TheCursedMod:Wield","TheCursedMod:Torture"],"picked":"TheCursedMod:WearCloak","floor":1},{"not_picked":["TheCursedMod:SurpriseAttack","TheCursedMod:SpreadPlague"],"picked":"TheCursedMod:CursedMace","floor":3},{"not_picked":["TheCursedMod:FleshFromBone","TheCursedMod:FuryStrike"],"picked":"TheCursedMod:CursedArmor","floor":4},{"not_picked":["TheCursedMod:AbyssShockwave","TheCursedMod:CursedSpellbook"],"picked":"TheCursedMod:Hemoplague","floor":5},{"not_picked":["TheCursedMod:WearCloak","TheCursedMod:Wield"],"picked":"TheCursedMod:Grudge","floor":7},{"not_picked":["TheCursedMod:SurpriseAttack","TheCursedMod:SmokeScreen"],"picked":"TheCursedMod:WearCloak","floor":8},{"not_picked":["TheCursedMod:CircleOfCorruption","TheCursedMod:Wield"],"picked":"TheCursedMod:ReleasedKnowledge","floor":10},{"not_picked":["TheCursedMod:CircleOfFlame","TheCursedMod:RapidMovement"],"picked":"TheCursedMod:OutForBlood","floor":11},{"not_picked":["TheCursedMod:CursedMace","TheCursedMod:CircleOfCorruption"],"picked":"TheCursedMod:BlessingInDisguise","floor":13}],"player_experience":73999,"relics_obtained":[{"floor":7,"key":"Regal Pillow"},{"floor":9,"key":"Turnip"}],"event_choices":[],"is_beta":false,"boss_relics":[],"items_purged_floors":[],"is_endless":false,"potions_floor_spawned":[3,5,7,11],"killed_by":"Slime Boss","ascension_level":0}}