{"host":"Teixeira","time":1613103033,"event":{"mods":["2.2 Compatiblity","AchievementEnabler","Aspiration","BaseMod","Better Match","Better Note","Better Sensory Stone","Better Skull","Better Third Choice","Bossed Relics","Colored Map","Colored Powertips","Downfall","Ekko","Hermit","Hubris","Infinite Spire","Minty Spire (QoL Compilation)","Monster B Gone","Permanent Neow","Quick Restart","Rare Cards Sparkle","Replay The Spire","Spicy Shops","StSLib","SuperFastMode","Wide Potions"],"gold_per_floor":[115,115,127,146,179,217,217,235,235,258,291,311,329,309,309,440,440,478,509,530,570,321,355,355,355],"floor_reached":24,"language":"ENG","playtime":2313,"items_purged":["ekkoTheBoyWhoShatteredTime:Strike"],"score":241,"play_id":"c697d4bf-209f-4347-a583-05345d2aa940","local_time":"20210212011033","is_ascension_mode":false,"campfire_choices":[{"data":"ekkoTheBoyWhoShatteredTime:AfterimageDualStroke","floor":7.0,"key":"SMITH"},{"data":"ekkoTheBoyWhoShatteredTime:LichBane","floor":15.0,"key":"SMITH"}],"circlet_count":0,"master_deck":["ekkoTheBoyWhoShatteredTime:Strike","ekkoTheBoyWhoShatteredTime:Strike","ekkoTheBoyWhoShatteredTime:Strike","ekkoTheBoyWhoShatteredTime:Strike","ekkoTheBoyWhoShatteredTime:Defend+1","ekkoTheBoyWhoShatteredTime:Defend+1","ekkoTheBoyWhoShatteredTime:Defend+1","ekkoTheBoyWhoShatteredTime:Defend+1","ekkoTheBoyWhoShatteredTime:Dash+1","ekkoTheBoyWhoShatteredTime:AfterimageDualStroke+1","ekkoTheBoyWhoShatteredTime:AfterimageTease","ekkoTheBoyWhoShatteredTime:ProjectPreference","ekkoTheBoyWhoShatteredTime:WideSlice","ekkoTheBoyWhoShatteredTime:LichBane+1","ekkoTheBoyWhoShatteredTime:GrandeFinale","ekkoTheBoyWhoShatteredTime:NeedlesslyLargeRod","ekkoTheBoyWhoShatteredTime:NeedlesslyLargeRod","ekkoTheBoyWhoShatteredTime:NaggingBlow","hubris:DuctTapeCard"],"relics":["ekkoTheBoyWhoShatteredTime:zDriveSKT","Golden Idol","hubris:DuctTape","StoneCalendar","BargainBundle","Replay:Wax Seal","HandDrill","ekkoTheBoyWhoShatteredTime:BronzeTube","CeramicFish"],"acts_visited":["Exordium","TheCity"],"potions_floor_usage":[24,24],"damage_taken":[{"damage":0.0,"enemies":"Small Slimes","floor":1.0,"turns":4.0},{"damage":0.0,"enemies":"2 Louse","floor":3.0,"turns":3.0},{"damage":0.0,"enemies":"Cultist","floor":4.0,"turns":3.0},{"damage":0.0,"enemies":"Looter","floor":5.0,"turns":3.0},{"damage":14.0,"enemies":"Gremlin Nob","floor":6.0,"turns":4.0},{"damage":2.0,"enemies":"3 Louse","floor":8.0,"turns":3.0},{"damage":0.0,"enemies":"Large Slime","floor":10.0,"turns":4.0},{"damage":0.0,"enemies":"3 Sentries","floor":11.0,"turns":1.0},{"damage":6.0,"enemies":"Exordium Thugs","floor":12.0,"turns":2.0},{"damage":0.0,"enemies":"3 Louse","floor":13.0,"turns":4.0},{"damage":21.0,"enemies":"Slime Boss","floor":16.0,"turns":6.0},{"damage":10.0,"enemies":"Spheric Guardian","floor":18.0,"turns":4.0},{"damage":20.0,"enemies":"3 Byrds","floor":19.0,"turns":6.0},{"damage":40.0,"enemies":"Snake Plant","floor":20.0,"turns":6.0},{"damage":12.0,"enemies":"Cultist and Chosen","floor":21.0,"turns":5.0},{"damage":8.0,"enemies":"Snecko","floor":23.0,"turns":4.0},{"damage":20,"enemies":"Snake Plant","floor":24,"turns":2}],"seed_played":"-3434434756378372578","potions_obtained":[{"floor":4.0,"key":"SmokeBomb"},{"floor":6.0,"key":"SkillPotion"},{"floor":13.0,"key":"FearPotion"},{"floor":14.0,"key":"FairyPotion"},{"floor":18.0,"key":"LiquidBronze"}],"is_trial":false,"path_per_floor":["M","?","M","M","M","E","R","M","T","M","E","M","M","?","R","B",null,"M","M","M","M","$","M","M"],"character_chosen":"EKKO_THE_BOY_WHO_SHATTERED_TIME","items_purchased":["BargainBundle","Replay:Wax Seal","HandDrill","ekkoTheBoyWhoShatteredTime:BronzeTube","CultistPotion","CeramicFish","ekkoTheBoyWhoShatteredTime:NaggingBlow"],"campfire_rested":0,"item_purchase_floors":[22,22,22,22,22,22,22],"current_hp_per_floor":[78,78,78,78,78,64,64,62,62,62,62,56,56,56,56,35,78,70,52,12,25,25,19,0,0],"gold":355,"neow_bonus":"RANDOM_COMMON_RELIC","is_daily":false,"chose_seed":false,"campfire_upgraded":2,"win_rate":0.0,"timestamp":1613103033,"path_taken":["M","?","M","M","M","E","R","M","T","M","E","M","M","?","R","BOSS","M","M","M","M","?","M","M"],"items_purchased_type":["Relic","Relic","Relic","Relic","Potion","Relic","Card"],"build_version":"2020-11-17","purchased_purges":1,"victory":false,"max_hp_per_floor":[78,78,78,78,78,78,78,78,78,78,78,78,78,78,78,78,78,78,78,78,78,78,78,78,78],"card_choices":[{"not_picked":["ekkoTheBoyWhoShatteredTime:TimeRecall","ekkoTheBoyWhoShatteredTime:AfterimageBait"],"picked":"ekkoTheBoyWhoShatteredTime:Dash","floor":1.0},{"not_picked":["ekkoTheBoyWhoShatteredTime:Dash","ekkoTheBoyWhoShatteredTime:FeelIt"],"picked":"ekkoTheBoyWhoShatteredTime:AfterimageDualStroke","floor":3.0},{"not_picked":["ekkoTheBoyWhoShatteredTime:Unchained","ekkoTheBoyWhoShatteredTime:HailOfBlades"],"picked":"ekkoTheBoyWhoShatteredTime:AfterimageTease","floor":4.0},{"not_picked":["ekkoTheBoyWhoShatteredTime:QuickBreak","ekkoTheBoyWhoShatteredTime:MotivateCrowds","ekkoTheBoyWhoShatteredTime:NashorsTooth"],"picked":"SKIP","floor":5.0},{"not_picked":["ekkoTheBoyWhoShatteredTime:PlayTheBeat","ekkoTheBoyWhoShatteredTime:Leap","ekkoTheBoyWhoShatteredTime:HauntedAfterimage"],"picked":"SKIP","floor":6.0},{"not_picked":["ekkoTheBoyWhoShatteredTime:PlayTheBeat","ekkoTheBoyWhoShatteredTime:Leap","ekkoTheBoyWhoShatteredTime:HauntedAfterimage"],"picked":"SKIP","floor":6.0},{"not_picked":["ekkoTheBoyWhoShatteredTime:Resocharge","ekkoTheBoyWhoShatteredTime:WaitForKeyTiming"],"picked":"ekkoTheBoyWhoShatteredTime:ProjectPreference","floor":8.0},{"not_picked":["ekkoTheBoyWhoShatteredTime:WaitForKeyTiming","ekkoTheBoyWhoShatteredTime:AfterimageBait"],"picked":"ekkoTheBoyWhoShatteredTime:WideSlice","floor":10.0},{"not_picked":["ekkoTheBoyWhoShatteredTime:HauntedAfterimage","ekkoTheBoyWhoShatteredTime:TimeRecall","ekkoTheBoyWhoShatteredTime:SneakHit"],"picked":"SKIP","floor":11.0},{"not_picked":["ekkoTheBoyWhoShatteredTime:AfterimageTease","ekkoTheBoyWhoShatteredTime:PhaseDive","ekkoTheBoyWhoShatteredTime:FeelLessPain"],"picked":"SKIP","floor":12.0},{"not_picked":["ekkoTheBoyWhoShatteredTime:Backtrack","ekkoTheBoyWhoShatteredTime:WideSlice"],"picked":"ekkoTheBoyWhoShatteredTime:LichBane","floor":13.0},{"not_picked":["ekkoTheBoyWhoShatteredTime:CatchUpTime","ekkoTheBoyWhoShatteredTime:Unleashed"],"picked":"ekkoTheBoyWhoShatteredTime:GrandeFinale","floor":16.0},{"not_picked":["ekkoTheBoyWhoShatteredTime:Leap+1","ekkoTheBoyWhoShatteredTime:Dash"],"picked":"ekkoTheBoyWhoShatteredTime:NeedlesslyLargeRod","floor":18.0},{"not_picked":["ekkoTheBoyWhoShatteredTime:CommittedStrike","ekkoTheBoyWhoShatteredTime:Vibin+1"],"picked":"ekkoTheBoyWhoShatteredTime:NeedlesslyLargeRod","floor":19.0},{"not_picked":["ekkoTheBoyWhoShatteredTime:WaitForKeyTiming","ekkoTheBoyWhoShatteredTime:FeelLessPain","ekkoTheBoyWhoShatteredTime:MicCheck"],"picked":"SKIP","floor":20.0},{"not_picked":["ekkoTheBoyWhoShatteredTime:AfterimageBait","ekkoTheBoyWhoShatteredTime:SpHit+1","ekkoTheBoyWhoShatteredTime:MotivateCrowds"],"picked":"SKIP","floor":21.0},{"not_picked":["ekkoTheBoyWhoShatteredTime:AfterimageBait","ekkoTheBoyWhoShatteredTime:HauntedAfterimage","ekkoTheBoyWhoShatteredTime:DelayedWork"],"picked":"SKIP","floor":23.0}],"player_experience":150076,"relics_obtained":[{"floor":6.0,"key":"hubris:DuctTape"},{"floor":11.0,"key":"StoneCalendar"}],"event_choices":[{"damage_healed":0.0,"max_hp_gain":0.0,"max_hp_loss":0.0,"gold_gain":0.0,"event_name":"The Woman in Blue","player_choice":"Bought 1 Potion","floor":14.0,"gold_loss":0.0,"damage_taken":0.0}],"is_beta":true,"boss_relics":[{"not_picked":["expansioncontent:StudyCardRelic","aspiration:IroncladSkillbook"],"picked":"ekkoTheBoyWhoShatteredTime:zDriveSKT"}],"items_purged_floors":[22],"is_endless":false,"potions_floor_spawned":[4,6,8,10,13,18,19,23],"killed_by":"Snake Plant","ascension_level":0}}