{"host":"91blwi3hgehj6ch9","time":1613114650,"event":{"mods":["2.2 Compatiblity","AchievementEnabler","BaseMod","Colored Map","DeckTracker","Keyboard Shortcuts","Minty Spire (QoL Compilation)","Permanent Neow","Quick Restart","StSLib","SuperFastMode","everything is the same but u backflip on backflip"],"gold_per_floor":[109,34,34,334,182,214,214,247,247,247,261,261,336,351,351,446,446,462,475,475,486,115,115,115,115,138,165,194,194,216,254,254,368,368,387,403,242,261,166,198,198,198,198,218,235,254,277,311,311,311,311,311,9,35,35],"floor_reached":56,"language":"KOR","playtime":2602,"items_purged":["Strike_R","Strike_R","Strike_R","Strike_R","Strike_R+1"],"score":1754,"play_id":"2b15c0da-6c77-4fe2-b5f8-c536677a42d6","local_time":"20210212162410","is_ascension_mode":true,"campfire_choices":[{"data":"Demon Form","floor":10.0,"key":"SMITH"},{"data":"Inflame","floor":12.0,"key":"SMITH"},{"data":"Pommel Strike","floor":15.0,"key":"SMITH"},{"data":"Barricade","floor":23.0,"key":"SMITH"},{"data":"Twin Strike","floor":25.0,"key":"SMITH"},{"floor":29.0,"key":"REST"},{"data":"Entrench","floor":32.0,"key":"SMITH"},{"floor":42.0,"key":"RECALL"},{"data":"Shrug It Off","floor":49.0,"key":"SMITH"},{"data":"Burning Pact","floor":52.0,"key":"SMITH"}],"circlet_count":0,"master_deck":["Defend_R","Defend_R","Defend_R","Defend_R","Bash+1","Pommel Strike+1","Shrug It Off+1","Twin Strike+1","Demon Form+1","Inflame+1","Ghostly Armor","Barricade+1","Battle Trance+1","Burning Pact+1","Entrench+1","Entrench","Feed","Shockwave+1","Power Through","Reaper","Body Slam","Bloodletting+1","True Grit+1"],"relics":["Burning Blood","NeowsBlessing","Old Coin","Mercury Hourglass","PreservedInsect","Bottled Lightning","Philosopher\u0027s Stone","Art of War","StrikeDummy","CeramicFish","The Courier","Nunchaku","Snecko Eye","Orrery","Centennial Puzzle","Toxic Egg 2","Bag of Preparation","Blood Vial"],"acts_visited":["Exordium","TheCity","TheBeyond","TheEnding"],"potions_floor_usage":[55,55],"damage_taken":[{"damage":0.0,"enemies":"Cultist","floor":1.0,"turns":1.0},{"damage":0.0,"enemies":"Gremlin Nob","floor":6.0,"turns":1.0},{"damage":0.0,"enemies":"3 Sentries","floor":8.0,"turns":1.0},{"damage":12.0,"enemies":"Jaw Worm","floor":11.0,"turns":3.0},{"damage":0.0,"enemies":"Small Slimes","floor":14.0,"turns":2.0},{"damage":45.0,"enemies":"Hexaghost","floor":16.0,"turns":7.0},{"damage":2.0,"enemies":"Spheric Guardian","floor":18.0,"turns":3.0},{"damage":35.0,"enemies":"2 Thieves","floor":19.0,"turns":5.0},{"damage":12.0,"enemies":"Cultist and Chosen","floor":21.0,"turns":6.0},{"damage":26.0,"enemies":"Snake Plant","floor":27.0,"turns":3.0},{"damage":12.0,"enemies":"Gremlin Leader","floor":28.0,"turns":6.0},{"damage":5.0,"enemies":"3 Cultists","floor":30.0,"turns":4.0},{"damage":32.0,"enemies":"Book of Stabbing","floor":31.0,"turns":5.0},{"damage":0.0,"enemies":"Automaton","floor":33.0,"turns":13.0},{"damage":5.0,"enemies":"3 Shapes","floor":35.0,"turns":7.0},{"damage":6.0,"enemies":"Orb Walker","floor":36.0,"turns":6.0},{"damage":20.0,"enemies":"Jaw Worm Horde","floor":38.0,"turns":18.0},{"damage":0.0,"enemies":"Giant Head","floor":40.0,"turns":10.0},{"damage":7.0,"enemies":"Sphere and 2 Shapes","floor":44.0,"turns":5.0},{"damage":7.0,"enemies":"Spire Growth","floor":45.0,"turns":3.0},{"damage":4.0,"enemies":"Maw","floor":46.0,"turns":7.0},{"damage":2.0,"enemies":"Writhing Mass","floor":47.0,"turns":7.0},{"damage":2.0,"enemies":"Nemesis","floor":48.0,"turns":3.0},{"damage":12.0,"enemies":"Donu and Deca","floor":50.0,"turns":13.0},{"damage":92.0,"enemies":"Shield and Spear","floor":54.0,"turns":15.0},{"damage":14,"enemies":"The Heart","floor":55,"turns":7}],"seed_played":"-7505310739931611621","potions_obtained":[{"floor":6.0,"key":"EntropicBrew"},{"floor":8.0,"key":"ColorlessPotion"},{"floor":11.0,"key":"Energy Potion"},{"floor":19.0,"key":"SpeedPotion"},{"floor":21.0,"key":"Block Potion"},{"floor":28.0,"key":"Dexterity Potion"},{"floor":33.0,"key":"Swift Potion"},{"floor":35.0,"key":"Fruit Juice"},{"floor":36.0,"key":"Block Potion"},{"floor":40.0,"key":"Block Potion"}],"is_trial":false,"path_per_floor":["M","$","?","?","$","E","?","E","T","R","M","R","?","M","R","B",null,"M","M","?","M","$","R","?","R","T","M","E","R","M","E","R","B",null,"M","M","$","M","$","E","?","R","T","M","M","M","M","E","R","B",null,"R","$","E","B",null],"character_chosen":"IRONCLAD","items_purchased":["Shrug It Off","StrikeDummy","BloodPotion","Orrery","Bag of Preparation","PowerPotion"],"campfire_rested":1,"item_purchase_floors":[5,22,37,39,53,53],"current_hp_per_floor":[78,78,62,55,55,61,66,72,72,72,66,66,55,61,61,22,69,73,44,44,38,38,38,38,38,38,18,12,37,38,12,12,18,68,72,72,77,66,66,99,99,99,99,102,101,102,102,102,102,105,105,105,105,48,67],"gold":35,"neow_bonus":"THREE_ENEMY_KILL","is_daily":false,"chose_seed":false,"campfire_upgraded":8,"win_rate":0.0,"timestamp":1613114650,"path_taken":["M","?","?","?","?","E","?","E","T","R","?","R","?","M","R","BOSS","M","M","?","?","$","R","?","R","T","?","E","R","M","E","R","BOSS","M","M","$","M","$","E","?","R","T","M","M","?","M","E","R","BOSS","R","$","E","BOSS"],"items_purchased_type":["Card","Relic","Potion","Relic","Relic","Potion"],"build_version":"2020-12-22","purchased_purges":5,"victory":true,"max_hp_per_floor":[80,80,80,80,80,80,85,85,85,85,85,85,85,85,85,85,85,85,85,85,85,85,85,85,85,85,85,85,85,85,85,85,85,85,88,88,93,96,96,99,99,99,99,102,102,102,102,102,102,105,105,105,105,108,108],"card_choices":[{"not_picked":["Clash","Burning Pact"],"picked":"Pommel Strike","floor":1.0},{"not_picked":["Thunderclap","Reckless Charge"],"picked":"Twin Strike","floor":6.0},{"not_picked":["Flex","Feel No Pain"],"picked":"Demon Form","floor":8.0},{"not_picked":["Hemokinesis","Iron Wave"],"picked":"Inflame","floor":11.0},{"not_picked":["Clash","Thunderclap"],"picked":"Ghostly Armor","floor":14.0},{"not_picked":["Demon Form","Juggernaut"],"picked":"Barricade","floor":16.0},{"not_picked":["Flex","Thunderclap"],"picked":"Battle Trance+1","floor":18.0},{"not_picked":["Havoc+1","Iron Wave","Flex+1"],"picked":"SKIP","floor":19.0},{"not_picked":["Bludgeon","Thunderclap","Flex"],"picked":"SKIP","floor":21.0},{"not_picked":["Bludgeon","Thunderclap","Flex"],"picked":"SKIP","floor":21.0},{"not_picked":["Bludgeon","Thunderclap","Flex"],"picked":"SKIP","floor":21.0},{"not_picked":["Headbutt","Rupture"],"picked":"Burning Pact","floor":27.0},{"not_picked":["Pommel Strike","Corruption","Demon Form"],"picked":"SKIP","floor":28.0},{"not_picked":["Perfected Strike","Havoc"],"picked":"Entrench","floor":30.0},{"not_picked":["Perfected Strike","Clothesline"],"picked":"Entrench","floor":31.0},{"not_picked":["Limit Break","Berserk"],"picked":"Feed","floor":33.0},{"not_picked":["Pummel","Clothesline"],"picked":"Shockwave+1","floor":35.0},{"not_picked":["Fire Breathing","Battle Trance+1","Sentinel"],"picked":"SKIP","floor":36.0},{"not_picked":["Shrug It Off","True Grit"],"picked":"Power Through","floor":38.0},{"not_picked":["Shockwave","Burning Pact"],"picked":"Reaper","floor":39.0},{"not_picked":["Juggernaut","Berserk"],"picked":"Body Slam","floor":39.0},{"not_picked":["Battle Trance+1","Clothesline+1"],"picked":"Bloodletting+1","floor":39.0},{"not_picked":["Sever Soul+1","Hemokinesis","Perfected Strike"],"picked":"SKIP","floor":40.0},{"not_picked":["Sever Soul+1","Hemokinesis","Perfected Strike"],"picked":"SKIP","floor":40.0},{"not_picked":["Fire Breathing+1","Hemokinesis+1","Headbutt+1"],"picked":"SKIP","floor":44.0},{"not_picked":["Rampage+1","Headbutt","Clash+1"],"picked":"SKIP","floor":45.0},{"not_picked":["Rage+1","Armaments","Fire Breathing+1"],"picked":"SKIP","floor":46.0},{"not_picked":["Metallicize+1","Battle Trance+1"],"picked":"True Grit+1","floor":47.0},{"not_picked":["Body Slam+1","Shrug It Off+1","Dual Wield+1"],"picked":"SKIP","floor":48.0},{"not_picked":["Battle Trance+1","Rampage","Sword Boomerang"],"picked":"SKIP","floor":54.0}],"player_experience":214189,"relics_obtained":[{"floor":6.0,"key":"Mercury Hourglass"},{"floor":8.0,"key":"PreservedInsect"},{"floor":9.0,"key":"Bottled Lightning"},{"floor":26.0,"key":"CeramicFish"},{"floor":28.0,"key":"The Courier"},{"floor":31.0,"key":"Nunchaku"},{"floor":40.0,"key":"Centennial Puzzle"},{"floor":48.0,"key":"Toxic Egg 2"},{"floor":54.0,"key":"Blood Vial"}],"event_choices":[{"damage_healed":0.0,"max_hp_gain":0.0,"max_hp_loss":0.0,"gold_gain":0.0,"event_name":"Shining Light","player_choice":"Entered Light","floor":3.0,"gold_loss":0.0,"damage_taken":16.0,"cards_upgraded":["Strike_R","Bash"]},{"damage_healed":0.0,"max_hp_gain":0.0,"max_hp_loss":0.0,"gold_gain":0.0,"event_name":"Scrap Ooze","player_choice":"Success","floor":4.0,"gold_loss":0.0,"damage_taken":7.0,"relics_obtained":["Old Coin"]},{"damage_healed":0.0,"max_hp_gain":5.0,"max_hp_loss":0.0,"gold_gain":0.0,"event_name":"Big Fish","player_choice":"Donut","floor":7.0,"gold_loss":0.0,"damage_taken":0.0},{"damage_healed":0.0,"max_hp_gain":0.0,"max_hp_loss":0.0,"gold_gain":75.0,"event_name":"World of Goop","player_choice":"Gather Gold","floor":13.0,"gold_loss":0.0,"damage_taken":11.0},{"damage_healed":0.0,"max_hp_gain":0.0,"max_hp_loss":0.0,"gold_gain":0.0,"event_name":"WeMeetAgain","player_choice":"Gave Potion","floor":20.0,"gold_loss":0.0,"damage_taken":0.0,"relics_obtained":["Art of War"]},{"damage_healed":0.0,"max_hp_gain":0.0,"max_hp_loss":0.0,"gold_gain":0.0,"event_name":"The Woman in Blue","player_choice":"Bought 0 Potions","floor":24.0,"gold_loss":0.0,"damage_taken":0.0},{"damage_healed":0.0,"max_hp_gain":0.0,"max_hp_loss":0.0,"gold_gain":0.0,"event_name":"Match and Keep!","player_choice":"0 cards matched","floor":41.0,"gold_loss":0.0,"damage_taken":0.0,"cards_obtained":[]}],"is_beta":false,"boss_relics":[{"not_picked":["Fusion Hammer","Black Blood"],"picked":"Philosopher\u0027s Stone"},{"not_picked":["Empty Cage","Sozu"],"picked":"Snecko Eye"}],"items_purged_floors":[2,5,22,37,53],"is_endless":false,"potions_floor_spawned":[6,8,11,19,21,28,33,35,36,40,44,47],"ascension_level":6}}