{"host":"w14xfy17z3c5mpoi","time":1613167666,"event":{"mods":["AchievementEnabler","BaseMod","Minty Spire (QoL Compilation)","Relic Stats"],"gold_per_floor":[113,288,288,299,318,345,33,66,66,66,66],"floor_reached":10,"language":"ENG","playtime":348,"items_purged":[],"score":103,"play_id":"470774ed-2b46-4f1c-a6e3-568441a6670a","local_time":"20210212170746","is_ascension_mode":true,"campfire_choices":[],"circlet_count":0,"master_deck":["Strike_B","Strike_B","Strike_B","Strike_B","Defend_B","Defend_B+1","Defend_B+1","Defend_B","Zap","Dualcast","Cold Snap","Gash","Streamline","Cold Snap","Ball Lightning+1","Rip and Tear+1","Shame"],"relics":["Cursed Key","War Paint","Molten Egg 2","Unceasing Top","Bottled Flame"],"acts_visited":["Exordium"],"potions_floor_usage":[6],"damage_taken":[{"damage":11,"enemies":"2 Louse","floor":1,"turns":3},{"damage":0,"enemies":"Small Slimes","floor":4,"turns":4},{"damage":3,"enemies":"Jaw Worm","floor":5,"turns":4},{"damage":26,"enemies":"Lagavulin","floor":6,"turns":7},{"damage":18,"enemies":"Gremlin Nob","floor":8,"turns":4},{"damage":16,"enemies":"Lagavulin","floor":10,"turns":4}],"seed_played":"-5734934053137347241","potions_obtained":[{"floor":1,"key":"Dexterity Potion"}],"is_trial":false,"path_per_floor":["M","?","?","M","M","E","$","E","T","E"],"character_chosen":"DEFECT","items_purchased":["Molten Egg 2","Ball Lightning+1"],"campfire_rested":0,"item_purchase_floors":[7,7],"current_hp_per_floor":[57,57,50,50,47,21,21,3,3,0,0],"gold":66,"neow_bonus":"BOSS_RELIC","is_daily":false,"chose_seed":false,"campfire_upgraded":0,"win_rate":0.0,"timestamp":1613167666,"path_taken":["M","?","?","M","M","E","$","E","T","E"],"items_purchased_type":["Relic","Card"],"build_version":"2020-12-22","purchased_purges":0,"victory":false,"max_hp_per_floor":[75,75,75,75,75,75,75,75,75,75,75],"relic_stats":{"counters":[6,26],"War Paint":["Defend_B","Defend_B"],"Cursed Key":1,"obtain_stats":[{"Bottled Flame":9,"Molten Egg 2":7,"War Paint":6,"Cracked Core":0,"Cursed Key":0,"Unceasing Top":8},{"Bottled Flame":5,"Molten Egg 2":4,"War Paint":4,"Cracked Core":0,"Cursed Key":0,"Unceasing Top":5},{"Bottled Flame":22,"Molten Egg 2":18,"War Paint":18,"Cracked Core":0,"Cursed Key":0,"Unceasing Top":22}],"Unceasing Top":[0]},"card_choices":[{"not_picked":["Undo","Sweeping Beam"],"picked":"Cold Snap","floor":1},{"not_picked":["Storm","Heatsinks"],"picked":"Gash","floor":4},{"not_picked":["Auto Shields","Stack"],"picked":"Streamline","floor":5},{"not_picked":["Turbo","Steam"],"picked":"Cold Snap","floor":6},{"not_picked":["Coolheaded","Turbo"],"picked":"Rip and Tear+1","floor":8}],"player_experience":646341,"relics_obtained":[{"floor":6,"key":"War Paint"},{"floor":8,"key":"Unceasing Top"},{"floor":9,"key":"Bottled Flame"}],"event_choices":[{"damage_healed":0,"gold_gain":175,"player_choice":"AGREE","damage_taken":0,"max_hp_gain":0,"max_hp_loss":0,"event_name":"Liars Game","floor":2,"gold_loss":0,"cards_obtained":["Doubt"]},{"cards_removed":["Doubt"],"damage_healed":0,"gold_gain":0,"player_choice":"Card Removal","damage_taken":7,"max_hp_gain":0,"max_hp_loss":0,"event_name":"Golden Wing","floor":3,"gold_loss":0}],"is_beta":false,"boss_relics":[],"items_purged_floors":[],"is_endless":false,"potions_floor_spawned":[1],"killed_by":"Lagavulin","ascension_level":7}}