{"host":"uv5ws9rdk87e8i5k","time":1613101352,"event":{"mods":["AchievementEnabler","BaseMod","Colored Map","Minty Spire (QoL Compilation)","Permanent Neow","Quick Restart","StSLib","SuperFastMode","The Necromancer"],"gold_per_floor":[109,125,141,73,84,84,116,116,116,149,99,110,123,158,158,263,263,277,297,222,239,252,277,277,307,381,406,416,436,436,448,448,549,549,568,582,596,609,629,662,662,679,679,679,679,42,55,75,75,75,75],"floor_reached":50,"language":"ENG","playtime":1707,"items_purged":["Strike_B"],"score":643,"play_id":"a6542deb-c44f-469f-9a68-58936b11149a","local_time":"20210211214232","is_ascension_mode":true,"campfire_choices":[{"data":"Creative AI","floor":6.0,"key":"SMITH"},{"floor":8.0,"key":"REST"},{"data":"Loop","floor":15.0,"key":"SMITH"},{"data":"Coolheaded","floor":24.0,"key":"SMITH"},{"data":"Defragment","floor":30.0,"key":"SMITH"},{"data":"Coolheaded","floor":32.0,"key":"SMITH"},{"floor":41.0,"key":"RECALL"},{"data":"Dualcast","floor":44.0,"key":"SMITH"},{"data":"Rainbow","floor":49,"key":"SMITH"}],"circlet_count":0,"master_deck":["Strike_B","Defend_B","Defend_B","Defend_B","Zap","Dualcast+1","Creative AI+1","Compile Driver","Cold Snap","Turbo","FTL","Conserve Battery","Turbo","Coolheaded+1","Loop+1","Echo Form","Storm+1","Self Repair","White Noise+1","Coolheaded+1","Undo","Defragment+1","Echo Form","Thunder Strike","Rainbow+1","Chaos","Creative AI","Coolheaded+1","Reboot","Coolheaded+1","Force Field+1"],"relics":["Cracked Core","Bird Faced Urn","Sundial","Kunai","Toy Ornithopter","Velvet Choker","Question Card","Happy Flower","Mummified Hand","CaptainsWheel","Nuclear Battery","Centennial Puzzle","Orrery","Bottled Lightning"],"acts_visited":["Exordium","TheCity","TheBeyond"],"potions_floor_usage":[50,50],"damage_taken":[{"damage":1.0,"enemies":"Cultist","floor":1.0,"turns":3.0},{"damage":9.0,"enemies":"Small Slimes","floor":2.0,"turns":3.0},{"damage":0.0,"enemies":"Jaw Worm","floor":3.0,"turns":4.0},{"damage":11.0,"enemies":"Looter","floor":5.0,"turns":2.0},{"damage":27.0,"enemies":"3 Sentries","floor":7.0,"turns":6.0},{"damage":7.0,"enemies":"Lagavulin","floor":10.0,"turns":7.0},{"damage":8.0,"enemies":"3 Louse","floor":12.0,"turns":3.0},{"damage":0.0,"enemies":"2 Fungi Beasts","floor":13.0,"turns":2.0},{"damage":11.0,"enemies":"3 Sentries","floor":14.0,"turns":5.0},{"damage":30.0,"enemies":"Hexaghost","floor":16.0,"turns":9.0},{"damage":16.0,"enemies":"Shell Parasite","floor":18.0,"turns":6.0},{"damage":15.0,"enemies":"2 Thieves","floor":19.0,"turns":4.0},{"damage":31.0,"enemies":"Centurion and Healer","floor":21.0,"turns":6.0},{"damage":22.0,"enemies":"Snake Plant","floor":22.0,"turns":4.0},{"damage":34.0,"enemies":"Book of Stabbing","floor":23.0,"turns":5.0},{"damage":43.0,"enemies":"Slavers","floor":25.0,"turns":5.0},{"damage":16.0,"enemies":"Gremlin Leader","floor":27.0,"turns":4.0},{"damage":11.0,"enemies":"Cultist and Chosen","floor":28.0,"turns":4.0},{"damage":3.0,"enemies":"Snecko","floor":29.0,"turns":5.0},{"damage":27.0,"enemies":"Shelled Parasite and Fungi","floor":31.0,"turns":5.0},{"damage":2.0,"enemies":"Automaton","floor":33.0,"turns":6.0},{"damage":14.0,"enemies":"3 Shapes","floor":35.0,"turns":3.0},{"damage":18.0,"enemies":"3 Darklings","floor":36.0,"turns":5.0},{"damage":37.0,"enemies":"4 Shapes","floor":37.0,"turns":5.0},{"damage":25.0,"enemies":"Jaw Worm Horde","floor":38.0,"turns":4.0},{"damage":0.0,"enemies":"Maw","floor":39.0,"turns":5.0},{"damage":44.0,"enemies":"Nemesis","floor":40.0,"turns":5.0},{"damage":21.0,"enemies":"Spire Growth","floor":42.0,"turns":3.0},{"damage":2,"enemies":"Transient","floor":47,"turns":5},{"damage":22,"enemies":"Sphere and 2 Shapes","floor":48,"turns":3},{"damage":124,"enemies":"Awakened One","floor":50,"turns":6}],"seed_played":"1099948985185718656","potions_obtained":[{"floor":3.0,"key":"FearPotion"},{"floor":7.0,"key":"Fire Potion"},{"floor":10.0,"key":"LiquidBronze"},{"floor":13.0,"key":"SneckoOil"},{"floor":16.0,"key":"Energy Potion"},{"floor":21.0,"key":"Weak Potion"},{"floor":22.0,"key":"SkillPotion"},{"floor":25.0,"key":"AttackPotion"},{"floor":27.0,"key":"Regen Potion"},{"floor":33.0,"key":"FairyPotion"},{"floor":36.0,"key":"AttackPotion"},{"floor":38.0,"key":"SteroidPotion"},{"floor":39.0,"key":"Energy Potion"},{"floor":48,"key":"PowerPotion"}],"is_trial":false,"path_per_floor":["M","M","M","$","M","R","E","R","T","E","?","M","M","E","R","B",null,"M","M","?","M","M","E","R","E","T","E","M","M","R","M","R","B",null,"M","M","M","M","M","E","R","M","T","R","?","$","M","M","R","B"],"character_chosen":"DEFECT","items_purchased":["FTL","Rainbow","Orrery","Bottled Lightning"],"campfire_rested":1,"item_purchase_floors":[4,46,46,46],"current_hp_per_floor":[74,65,65,65,54,54,27,49,49,54,54,46,46,43,43,35,75,71,62,62,57,59,55,55,38,38,41,63,75,75,67,67,75,75,74,75,58,75,75,44,44,43,43,43,43,43,75,68,68,0,0],"gold":75,"neow_bonus":"TRANSFORM_TWO_CARDS","is_daily":false,"chose_seed":false,"campfire_upgraded":7,"win_rate":0.0,"timestamp":1613101352,"path_taken":["M","?","M","$","M","R","E","R","T","E","?","M","M","E","R","BOSS","M","M","?","M","M","E","R","E","T","E","M","M","R","M","R","BOSS","M","M","M","M","M","E","R","M","T","R","?","$","M","M","R","BOSS"],"items_purchased_type":["Card","Card","Relic","Relic"],"build_version":"2020-12-22","purchased_purges":1,"victory":false,"max_hp_per_floor":[75,75,75,75,75,75,75,75,75,75,75,75,75,75,75,75,75,75,75,75,75,75,75,75,75,75,75,75,75,75,75,75,75,75,75,75,75,75,75,75,75,75,75,75,75,75,75,75,75,75,75],"card_choices":[{"not_picked":["Go for the Eyes","Steam"],"picked":"Cold Snap","floor":1.0},{"not_picked":["Go for the Eyes","Stack","Biased Cognition"],"picked":"SKIP","floor":2.0},{"not_picked":["Beam Cell","Reprogram"],"picked":"Turbo","floor":3.0},{"not_picked":["Compile Driver","Beam Cell"],"picked":"Ball Lightning","floor":5.0},{"not_picked":["Sunder","Reinforced Body"],"picked":"Conserve Battery","floor":7.0},{"not_picked":["Steam Power","Redo"],"picked":"Turbo","floor":10.0},{"not_picked":["Sweeping Beam","Barrage"],"picked":"Coolheaded","floor":12.0},{"not_picked":["Ball Lightning","Recycle"],"picked":"Loop","floor":13.0},{"not_picked":["All For One","Tempest","Recycle"],"picked":"SKIP","floor":14.0},{"not_picked":["Buffer","Amplify"],"picked":"Echo Form","floor":16.0},{"not_picked":["Chill","Beam Cell","Steam"],"picked":"SKIP","floor":18.0},{"not_picked":["Cold Snap","Leap"],"picked":"Storm+1","floor":19.0},{"not_picked":["Rebound","Double Energy"],"picked":"Self Repair","floor":21.0},{"not_picked":["Hologram","Compile Driver"],"picked":"White Noise+1","floor":22.0},{"not_picked":["FTL","Sweeping Beam"],"picked":"Coolheaded","floor":23.0},{"not_picked":["Consume","Thunder Strike","Steam","Aggregate+1"],"picked":"SKIP","floor":25.0},{"not_picked":["Compile Driver","Rebound","All For One"],"picked":"Undo","floor":27.0},{"not_picked":["Conserve Battery","Leap","Tempest","Beam Cell"],"picked":"SKIP","floor":28.0},{"not_picked":["Hologram","Go for the Eyes","Reboot"],"picked":"Defragment","floor":29.0},{"not_picked":["Turbo","Steam","Doom and Gloom","Rip and Tear+1"],"picked":"SKIP","floor":31.0},{"not_picked":["Buffer","Electrodynamics","Machine Learning"],"picked":"Echo Form","floor":33.0},{"not_picked":["Rebound","Conserve Battery+1","Recycle","Stack+1"],"picked":"SKIP","floor":35.0},{"not_picked":["Cold Snap","Conserve Battery","Sweeping Beam","Barrage+1"],"picked":"SKIP","floor":36.0},{"not_picked":["Hologram+1","Chill","Recycle+1","Rebound"],"picked":"SKIP","floor":37.0},{"not_picked":["Static Discharge","Conserve Battery","Beam Cell","Hello World"],"picked":"SKIP","floor":38.0},{"not_picked":["Storm+1","Ball Lightning+1","Beam Cell+1"],"picked":"Thunder Strike","floor":39.0},{"not_picked":["Steam","Scrape+1","Consume+1","Melter"],"picked":"SKIP","floor":40.0},{"not_picked":["Sweeping Beam+1","Turbo+1","Go for the Eyes+1","Hologram"],"picked":"SKIP","floor":42.0},{"not_picked":["Genetic Algorithm","Rebound","Compile Driver"],"picked":"Chaos","floor":46},{"not_picked":["Chaos+1","Hologram+1","Doom and Gloom"],"picked":"Creative AI","floor":46},{"not_picked":["Stack","Conserve Battery+1","Recycle+1"],"picked":"Coolheaded+1","floor":46},{"not_picked":["Self Repair","All For One","Fusion"],"picked":"Reboot","floor":46},{"not_picked":["Auto Shields+1","BootSequence","Stack+1"],"picked":"Coolheaded+1","floor":47},{"not_picked":["Steam","Beam Cell+1","Rebound"],"picked":"Force Field+1","floor":48}],"player_experience":148231,"relics_obtained":[{"floor":7.0,"key":"Bird Faced Urn"},{"floor":9.0,"key":"Sundial"},{"floor":10.0,"key":"Kunai"},{"floor":14.0,"key":"Toy Ornithopter"},{"floor":23.0,"key":"Question Card"},{"floor":25.0,"key":"Happy Flower"},{"floor":26.0,"key":"Mummified Hand"},{"floor":27.0,"key":"CaptainsWheel"},{"floor":40.0,"key":"Centennial Puzzle"}],"event_choices":[{"cards_removed":["Doubt"],"damage_healed":0.0,"max_hp_gain":0.0,"max_hp_loss":0.0,"gold_gain":0.0,"event_name":"The Cleric","player_choice":"Card Removal","floor":11.0,"gold_loss":50.0,"damage_taken":0.0},{"cards_removed":["Strike_B"],"damage_healed":0.0,"max_hp_gain":0.0,"max_hp_loss":0.0,"gold_gain":0.0,"event_name":"Beggar","player_choice":"Gave Gold","floor":20.0,"gold_loss":75.0,"damage_taken":0.0},{"cards_removed":["Ball Lightning"],"damage_healed":0.0,"max_hp_gain":0.0,"max_hp_loss":0.0,"gold_gain":0.0,"event_name":"Falling","player_choice":"Removed Attack","floor":45.0,"gold_loss":0.0,"damage_taken":0.0}],"is_beta":false,"boss_relics":[{"not_picked":["SlaversCollar","Empty Cage"],"picked":"Velvet Choker"},{"not_picked":["Busted Crown","Fusion Hammer"],"picked":"Nuclear Battery"}],"items_purged_floors":[46],"is_endless":false,"potions_floor_spawned":[3,7,10,13,16,21,22,25,27,33,36,38,39,42,48],"killed_by":"Awakened One","ascension_level":2}}