{"host":"zwb5naz29bygj01b","time":1613108926,"event":{"mods":["2.2 Compatiblity","AchievementEnabler","BaseMod","Bestiary","Better Altar","Better Match","Better Note","Better Sensory Stone","Better Skull","Better Third Choice","Better-Laid Plans","BetterRewards","Block Reminder","Card Forge","Colored Map","Colored Powertips","Custom Start","Dark Map","DeckTracker","Downfall","Filter the Spire","Hermit","Highlight Path","Minty Spire (QoL Compilation)","Practice Mode","Quick Restart","Random Character Button","Rare Cards Sparkle","Shade Mod","Spicy Shops","StSLib","The Bug Knight","The Cursed","The Disciple","The Hierophant","The IronCluck","Transform Curses"],"gold_per_floor":[135,173,192,12,12,52,63,63,139,139,139,215,31,47,47,177,177,198,218,218,218],"floor_reached":20,"language":"ENG","playtime":587,"items_purged":[],"score":183,"play_id":"0e0a8f95-6c46-40c1-8fea-f680bb787bff","local_time":"20210211234846","is_ascension_mode":true,"campfire_choices":[{"floor":8,"key":"REST"},{"floor":15,"key":"REST"}],"circlet_count":0,"master_deck":["Strike_P","Strike_P","Strike_P","Strike_P","Defend_P","Defend_P","Defend_P","Defend_P","Eruption","Vigilance","Transmutation","Wish","Evaluate","ReachHeaven","EmptyFist","Mayhem+1","Fasting2","EmptyBody","Injury","DevaForm","Dramatic Entrance","EmptyFist","Crescendo","Scrawl","JustLucky","Protect+1"],"relics":["HolyWater","Hammer of Thor","Seething Fire","Anvil of the Gods","Lee\u0027s Waffle","Akabeko","Torii","InkBottle","Golden Idol","GoldenEye","Chemical X"],"acts_visited":["Exordium","TheCity"],"potions_floor_usage":[7,16,16,16,19],"damage_taken":[{"damage":7,"enemies":"2 Louse","floor":1,"turns":4},{"damage":19,"enemies":"Cultist","floor":2,"turns":6},{"damage":10,"enemies":"Small Slimes","floor":3,"turns":2},{"damage":6,"enemies":"3 Louse","floor":6,"turns":4},{"damage":18,"enemies":"Large Slime","floor":7,"turns":4},{"damage":14,"enemies":"Gremlin Nob","floor":12,"turns":3},{"damage":2,"enemies":"Looter","floor":14,"turns":3},{"damage":10,"enemies":"Slime Boss","floor":16,"turns":6},{"damage":12,"enemies":"Chosen","floor":18,"turns":4},{"damage":42,"enemies":"Shell Parasite","floor":19,"turns":4},{"damage":35,"enemies":"Centurion and Healer","floor":20,"turns":5}],"seed_played":"4436818371308792188","potions_obtained":[{"floor":3,"key":"Fire Potion"},{"floor":5,"key":"Slimebound:ThreeZeroPotion"},{"floor":5,"key":"CultistPotion"},{"floor":12,"key":"SneckoOil"},{"floor":14,"key":"BottledMiracle"},{"floor":18,"key":"ColorlessPotion"}],"is_trial":false,"path_per_floor":["M","M","M","$","?","M","M","R","T","?","?","?","$","M","R","B",null,"M","M","M"],"character_chosen":"WATCHER","items_purchased":["Lee\u0027s Waffle","Akabeko","Torii","Transmutation","Wish","Mayhem","Chemical X","Dramatic Entrance","EmptyFist"],"campfire_rested":2,"item_purchase_floors":[0,0,0,0,0,4,13,13,13],"current_hp_per_floor":[72,53,43,43,43,37,19,42,42,42,42,28,28,26,49,39,79,67,25,0,0],"gold":218,"neow_bonus":"","is_daily":false,"chose_seed":false,"campfire_upgraded":0,"win_rate":0.0,"timestamp":1613108926,"path_taken":["M","M","M","$","?","?","M","R","T","?","?","?","?","M","R","BOSS","M","?","M"],"items_purchased_type":["Relic","Relic","Relic","Card","Card","Card","Relic","Card","Card"],"build_version":"2020-12-22","purchased_purges":0,"victory":false,"max_hp_per_floor":[79,79,79,79,79,79,79,79,79,79,79,79,79,79,79,79,79,79,79,79,79],"card_choices":[{"not_picked":["Study","EmptyBody"],"picked":"Evaluate","floor":1},{"not_picked":["LikeWater","FlyingSleeves"],"picked":"ReachHeaven","floor":2},{"not_picked":["BowlingBash","Prostrate"],"picked":"EmptyFist","floor":3},{"not_picked":["Wallop","FollowUp"],"picked":"Fasting2","floor":6},{"not_picked":["BattleHymn","EmptyMind"],"picked":"EmptyBody","floor":7},{"not_picked":["Wallop","JustLucky"],"picked":"DevaForm","floor":12},{"not_picked":["Adaptation","CrushJoints"],"picked":"Crescendo","floor":14},{"not_picked":["Vault","Brilliance"],"picked":"Scrawl","floor":16},{"not_picked":["EmptyFist","Protect"],"picked":"JustLucky","floor":18},{"not_picked":["EmptyFist+1","InnerPeace"],"picked":"Protect+1","floor":19}],"player_experience":49272,"relics_obtained":[{"floor":9,"key":"InkBottle"},{"floor":12,"key":"GoldenEye"}],"event_choices":[{"damage_healed":0,"gold_gain":0,"player_choice":"Got Potions","damage_taken":0,"max_hp_gain":0,"max_hp_loss":0,"event_name":"Lab","floor":5,"gold_loss":0},{"damage_healed":0,"gold_gain":0,"player_choice":"Take Wound","damage_taken":0,"relics_obtained":["Golden Idol"],"max_hp_gain":0,"max_hp_loss":0,"event_name":"Golden Idol","floor":10,"gold_loss":0,"cards_obtained":["Injury"]},{"damage_healed":0,"gold_gain":0,"player_choice":"Grow","damage_taken":0,"max_hp_gain":0,"max_hp_loss":0,"event_name":"Living Wall","floor":11,"gold_loss":0,"cards_upgraded":["Mayhem"]},{"damage_healed":0,"gold_gain":0,"player_choice":"Searched \u00271\u0027 times","damage_taken":0,"max_hp_gain":0,"max_hp_loss":0,"event_name":"Dead Adventurer","floor":12,"gold_loss":0}],"is_beta":false,"boss_relics":[{"not_picked":["Runic Pyramid","Sozu"],"picked":"HolyWater"}],"items_purged_floors":[],"is_endless":false,"potions_floor_spawned":[3,12,14,18],"killed_by":"Centurion and Healer","ascension_level":2}}