{"host":"Alvar","time":1613132570,"event":{"mods":["AchievementEnabler","BaseMod","Minty Spire (QoL Compilation)","StSLib","The Animator"],"gold_per_floor":[114,114,57,57,77,77,111,129,129,140,153,153,188,243,243,314,314,327,340,265,285,285,285,285,285],"floor_reached":24,"language":"ENG","playtime":709,"items_purged":["Strike_G"],"score":462,"play_id":"eea36ba3-ef4a-4b8d-acec-ae4c6d40f81a","local_time":"20210212192250","is_ascension_mode":true,"campfire_choices":[{"data":"Noxious Fumes","floor":6,"key":"SMITH"},{"data":"Caltrops","floor":12,"key":"SMITH"},{"data":"Poisoned Stab","floor":15,"key":"SMITH"},{"floor":23,"key":"REST"}],"circlet_count":0,"master_deck":["AscendersBane","Strike_G+1","Strike_G","Strike_G","Strike_G","Defend_G","Defend_G","Defend_G","Defend_G","Defend_G","Survivor","Neutralize+1","Noxious Fumes+1","Choke","Caltrops+1","Poisoned Stab+1","PiercingWail","Dagger Throw","Adrenaline","Dodge and Roll+1","Leg Sweep","Decay"],"relics":["Ring of the Snake","NeowsBlessing","Tough Bandages","Bottled Tornado","Regal Pillow","Juzu Bracelet","Fusion Hammer"],"acts_visited":["Exordium","TheCity"],"potions_floor_usage":[24],"damage_taken":[{"damage":0,"enemies":"Jaw Worm","floor":1,"turns":1},{"damage":0,"enemies":"Small Slimes","floor":5,"turns":1},{"damage":0,"enemies":"Gremlin Nob","floor":7,"turns":1},{"damage":0,"enemies":"2 Louse","floor":8,"turns":3},{"damage":0,"enemies":"2 Fungi Beasts","floor":10,"turns":3},{"damage":0,"enemies":"Looter","floor":11,"turns":3},{"damage":25,"enemies":"3 Sentries","floor":13,"turns":7},{"damage":19,"enemies":"Hexaghost","floor":16,"turns":8},{"damage":8,"enemies":"Spheric Guardian","floor":18,"turns":4},{"damage":11,"enemies":"2 Thieves","floor":19,"turns":4},{"damage":4,"enemies":"Centurion and Healer","floor":21,"turns":7},{"damage":66,"enemies":"Gremlin Leader","floor":24,"turns":5}],"seed_played":"-9092630431565032095","potions_obtained":[{"floor":5,"key":"PowerPotion"},{"floor":13,"key":"Energy Potion"},{"floor":19,"key":"FearPotion"}],"is_trial":false,"path_per_floor":["M","?","$","?","M","R","E","M","T","M","M","R","E","T","R","B",null,"M","M","$","M","?","R","E"],"character_chosen":"THE_SILENT","items_purchased":["Block Potion"],"campfire_rested":1,"item_purchase_floors":[3],"current_hp_per_floor":[59,39,39,61,61,61,61,61,61,61,61,61,36,36,36,17,54,46,35,35,31,31,65,0,0],"gold":285,"neow_bonus":"THREE_ENEMY_KILL","is_daily":false,"chose_seed":false,"campfire_upgraded":3,"win_rate":0.0,"timestamp":1613132570,"path_taken":["M","?","$","?","M","R","E","M","T","M","?","R","E","?","R","BOSS","M","M","$","M","?","R","E"],"items_purchased_type":["Potion"],"build_version":"2020-12-18","purchased_purges":1,"victory":false,"max_hp_per_floor":[66,66,66,66,66,66,66,66,66,66,66,66,66,66,66,66,66,66,66,66,66,66,66,66,66],"card_choices":[{"not_picked":["Flying Knee","Quick Slash"],"picked":"Noxious Fumes","floor":1},{"not_picked":["Underhanded Strike","Prepared"],"picked":"Choke","floor":5},{"not_picked":["Bane","Choke"],"picked":"Caltrops","floor":7},{"not_picked":["Bane","Cloak And Dagger"],"picked":"Poisoned Stab","floor":8},{"not_picked":["Infinite Blades","Masterful Stab"],"picked":"PiercingWail","floor":10},{"not_picked":["Prepared","Outmaneuver"],"picked":"Dagger Throw","floor":11},{"not_picked":["Slice","Dagger Throw","Poisoned Stab"],"picked":"SKIP","floor":13},{"not_picked":["Glass Knife","Grand Finale"],"picked":"Adrenaline","floor":16},{"not_picked":["Blur","Dagger Throw"],"picked":"Dodge and Roll+1","floor":18},{"not_picked":["Slice","Distraction","Prepared"],"picked":"SKIP","floor":19},{"not_picked":["Outmaneuver","Bane"],"picked":"Leg Sweep","floor":21}],"player_experience":828495,"relics_obtained":[{"floor":7,"key":"Tough Bandages"},{"floor":9,"key":"Bottled Tornado"},{"floor":13,"key":"Regal Pillow"},{"floor":14,"key":"Juzu Bracelet"}],"event_choices":[{"damage_healed":0,"gold_gain":0,"player_choice":"Entered Light","damage_taken":20,"max_hp_gain":0,"max_hp_loss":0,"event_name":"Shining Light","floor":2,"gold_loss":0,"cards_upgraded":["Strike_G","Neutralize"]},{"damage_healed":22,"gold_gain":0,"player_choice":"Banana","damage_taken":0,"max_hp_gain":0,"max_hp_loss":0,"event_name":"Big Fish","floor":4,"gold_loss":0},{"damage_healed":0,"gold_gain":0,"player_choice":"Smashed Altar","damage_taken":0,"max_hp_gain":0,"max_hp_loss":0,"event_name":"Forgotten Altar","floor":22,"gold_loss":0,"cards_obtained":["Decay"]}],"is_beta":true,"boss_relics":[{"not_picked":["Busted Crown","Empty Cage"],"picked":"Fusion Hammer"}],"items_purged_floors":[20],"is_endless":false,"potions_floor_spawned":[5,8,13,16,19,21],"killed_by":"Gremlin Leader","ascension_level":20}}