{"host":"fm9e0lfunjlbhzxv","time":1613170408,"event":{"mods":["Alarm Clock","BaseMod","Bestiary","Better Match","Better Skull","Better Third Choice","Colored Map","Colored Powertips","Downfall","Good Game Mod","Key Reminder","Minty Spire (QoL Compilation)","Permanent Neow","Random Character Button","Rare Cards Sparkle","Relic Stats","Spire Arcade","StSLib","slay the spire mod where everything is the same but ironclad has a cowboy hat"],"gold_per_floor":[99,115,165,175,88,88,115,141,155,55,87,37,54,81,99,204,204,204,217,162,182,182,196,274,304,320,320,120,148,148,181,201,201,201,201],"floor_reached":33,"language":"ENG","playtime":2904,"items_purged":[],"score":315,"play_id":"7e4de348-651b-4faf-9765-316b88717656","local_time":"20210212145328","is_ascension_mode":false,"campfire_choices":[{"floor":1,"key":"RECALL"},{"floor":6,"key":"REST"},{"floor":10,"key":"REST"},{"floor":18,"key":"REST"},{"floor":28,"key":"REST"},{"floor":30,"key":"REST"}],"circlet_count":0,"master_deck":["bronze:Strike","bronze:Strike","bronze:Defend","bronze:Defend","bronze:Defend","bronze:Defend","bronze:Replicate","bronze:Goto","bronze:Mutator","bronze:GetLatest","bronze:Shield","bronze:WhirlingStrike","bronze:ItsAFeature","bronze:CutThrough","bronze:Flail","bronze:ItsAFeature","bronze:Separator","bronze:Fortify","bronze:Library","bronze:BuggyMess+1","bronze:ChosenStrike+1","bronze:Repulsor","bronze:Overheat","Pride","bronze:Boost+1","bronze:NullPointer","bronze:BugBarrage+1","bronze:ClassDefault","bronze:BurnOut","bronze:FunctionCard","bronze:DigitalCarnage"],"relics":["REME:ComplimentaryCards","Fusion Hammer","Lantern","Unceasing Top","downfall:HeartBlessingRed","hexamod:BolsterEngine","Odd Mushroom","Snecko Eye","Toy Ornithopter","Pocketwatch","downfall:HeartBlessingGreen","downfall:HeartBlessingBlue","bronze:BronzeIdol","StrikeDummy"],"acts_visited":["Exordium","TheCity"],"potions_floor_usage":[12,16,23,31,32],"damage_taken":[{"damage":4,"enemies":"2 Louse","floor":2,"turns":3},{"damage":1,"enemies":"Jaw Worm","floor":4,"turns":3},{"damage":0,"enemies":"downfall:FleeingMerchant","floor":5,"turns":4},{"damage":18,"enemies":"3 Sentries","floor":8,"turns":8},{"damage":0,"enemies":"Small Slimes","floor":9,"turns":3},{"damage":6,"enemies":"Lagavulin","floor":11,"turns":6},{"damage":5,"enemies":"downfall:FleeingMerchant","floor":12,"turns":4},{"damage":2,"enemies":"Blue Slaver","floor":13,"turns":3},{"damage":0,"enemies":"The Mushroom Lair","floor":14,"turns":2},{"damage":0,"enemies":"Lots of Slimes","floor":15,"turns":1},{"damage":28,"enemies":"IC_STATUS_ARCHETYPE","floor":16,"turns":6},{"damage":0,"enemies":"3 Byrds","floor":19,"turns":3},{"damage":0,"enemies":"downfall:FleeingMerchant","floor":20,"turns":4},{"damage":17,"enemies":"Shell Parasite","floor":21,"turns":4},{"damage":6,"enemies":"Centurion and Healer","floor":23,"turns":4},{"damage":15,"enemies":"Book of Stabbing","floor":25,"turns":5},{"damage":23,"enemies":"Snecko","floor":26,"turns":5},{"damage":47,"enemies":"Slavers","floor":29,"turns":5},{"damage":6,"enemies":"Gremlin Leader","floor":31,"turns":6},{"damage":0,"enemies":"3 Cultists","floor":32,"turns":2},{"damage":30,"enemies":"SI_MIRROR_ARCHETYPE","floor":33,"turns":6}],"seed_played":"4576237350020508672","potions_obtained":[{"floor":2,"key":"hexamod:SoulburnPotion"},{"floor":3,"key":"champ:CounterPotion"},{"floor":8,"key":"SkillPotion"},{"floor":9,"key":"DistilledChaos"},{"floor":16,"key":"Strength Potion"},{"floor":19,"key":"sneckomod:MuddlingPotion"},{"floor":23,"key":"SpeedPotion"},{"floor":26,"key":"PowerPotion"},{"floor":29,"key":"Explosive Potion"}],"is_trial":false,"path_per_floor":["R","M","?","M","$","R","T","E","M","R","E","$","M","?","M","B",null,"R","M","$","M","?","M","T","E","M","?","R","E","R","E","M","B"],"character_chosen":"THE_AUTOMATON","items_purchased":["bronze:ItsAFeature","bronze:ItsAFeature","bronze:Repulsor"],"campfire_rested":5,"item_purchase_floors":[5,12,20],"current_hp_per_floor":[70,66,66,65,65,70,70,52,52,70,64,59,57,57,57,29,70,70,70,70,53,53,52,52,37,14,14,48,1,25,24,29,0,0,0],"gold":201,"neow_bonus":"BOSS_RELIC","is_daily":false,"chose_seed":false,"campfire_upgraded":0,"win_rate":0.0,"timestamp":1613170408,"path_taken":["R","M","?","M","?","R","T","E","M","R","E","$","M","?","M","BOSS","R","M","$","M","?","M","T","E","M","?","R","E","R","E","M","BOSS"],"items_purchased_type":["Card","Card","Card"],"build_version":"2020-12-22","purchased_purges":0,"victory":false,"max_hp_per_floor":[70,70,70,70,70,70,70,70,70,70,70,70,70,70,70,70,70,70,70,70,70,70,70,70,70,70,70,80,80,80,80,80,80,80,80],"relic_stats":{"counters":[21,87],"Snecko Eye":[85,85,85,79],"obtain_stats":[{"Lantern":7,"bronze:BronzeCore":0,"downfall:HeartBlessingRed":10,"downfall:HeartBlessingGreen":28,"Odd Mushroom":14,"bronze:BronzeIdol":29,"keyreminder:keyreminder":1,"REME:ComplimentaryCards":0,"downfall:HeartBlessingBlue":28,"Snecko Eye":17,"Fusion Hammer":0,"hexamod:BolsterEngine":11,"StrikeDummy":31,"Unceasing Top":8,"Toy Ornithopter":22,"Pocketwatch":25},{"Lantern":3,"bronze:BronzeCore":0,"downfall:HeartBlessingRed":5,"downfall:HeartBlessingGreen":17,"Odd Mushroom":9,"bronze:BronzeIdol":18,"keyreminder:keyreminder":0,"REME:ComplimentaryCards":0,"downfall:HeartBlessingBlue":17,"Snecko Eye":11,"Fusion Hammer":0,"hexamod:BolsterEngine":6,"StrikeDummy":19,"Unceasing Top":4,"Toy Ornithopter":14,"Pocketwatch":16},{"Lantern":10,"bronze:BronzeCore":0,"downfall:HeartBlessingRed":21,"downfall:HeartBlessingGreen":68,"Odd Mushroom":36,"bronze:BronzeIdol":73,"keyreminder:keyreminder":0,"REME:ComplimentaryCards":0,"downfall:HeartBlessingBlue":68,"Snecko Eye":43,"Fusion Hammer":0,"hexamod:BolsterEngine":27,"StrikeDummy":79,"Unceasing Top":18,"Toy Ornithopter":54,"Pocketwatch":63}],"Unceasing Top":[1],"Toy Ornithopter":15,"Pocketwatch":[10]},"card_choices":[{"not_picked":["bronze:BugBarrage","bronze:CutThrough"],"picked":"bronze:GetLatest","floor":2},{"not_picked":["bronze:FineTuning","bronze:Terminator"],"picked":"bronze:Shield","floor":4},{"not_picked":["bronze:Constructor","bronze:FollowUp"],"picked":"bronze:WhirlingStrike","floor":5},{"not_picked":["bronze:ItsAFeature","bronze:InfiniteBeams"],"picked":"bronze:WhirlingStrike","floor":8},{"not_picked":["bronze:Philosophize","bronze:Invalidate"],"picked":"bronze:CutThrough","floor":9},{"not_picked":["bronze:MaxOutput","bronze:Branch"],"picked":"bronze:Flail","floor":11},{"not_picked":["bronze:ForceShield","bronze:ForLoop","bronze:Safeguard"],"picked":"SKIP","floor":12},{"not_picked":["bronze:HyperBeam","bronze:Deprecate"],"picked":"bronze:Separator","floor":13},{"not_picked":["bronze:Iterate","bronze:DigitalCarnage"],"picked":"bronze:Fortify","floor":14},{"not_picked":["bronze:Turbo","bronze:Deprecate","bronze:Branch"],"picked":"SKIP","floor":15},{"not_picked":["bronze:Hardcode","bronze:ThunderWave"],"picked":"bronze:Library","floor":16},{"not_picked":["bronze:BronzeArmor","bronze:WhirlingStrike"],"picked":"bronze:BuggyMess+1","floor":19},{"not_picked":["bronze:MaxOutput+1","bronze:BugBarrage"],"picked":"bronze:ChosenStrike+1","floor":20},{"not_picked":["bronze:Iterate","bronze:DelayedGuard"],"picked":"bronze:Overheat","floor":21},{"not_picked":["bronze:Frontload","bronze:CutThrough+1"],"picked":"bronze:Boost+1","floor":23},{"not_picked":["bronze:MaxOutput","bronze:DigitalCarnage"],"picked":"bronze:NullPointer","floor":25},{"not_picked":["bronze:Branch","bronze:DelayedGuard+1"],"picked":"bronze:BugBarrage+1","floor":26},{"not_picked":["bronze:FollowUp+1","bronze:Flail"],"picked":"bronze:BurnOut","floor":29},{"not_picked":["bronze:DelayedSlice","bronze:Branch"],"picked":"bronze:DigitalCarnage","floor":31},{"not_picked":["bronze:DelayedGuard","bronze:DelayedSlice","bronze:OilSpill"],"picked":"SKIP","floor":32}],"player_experience":557259,"relics_obtained":[{"floor":7,"key":"Lantern"},{"floor":8,"key":"Unceasing Top"},{"floor":11,"key":"hexamod:BolsterEngine"},{"floor":14,"key":"Odd Mushroom"},{"floor":25,"key":"Pocketwatch"},{"floor":29,"key":"bronze:BronzeIdol"},{"floor":31,"key":"StrikeDummy"}],"event_choices":[{"damage_healed":0,"gold_gain":0,"player_choice":"Fought Mushrooms","damage_taken":0,"max_hp_gain":0,"max_hp_loss":0,"event_name":"Mushrooms","floor":14,"gold_loss":0},{"damage_healed":0,"gold_gain":0,"player_choice":"Stole Relic","damage_taken":0,"relics_obtained":["Toy Ornithopter"],"max_hp_gain":0,"max_hp_loss":0,"event_name":"Addict","floor":22,"gold_loss":0,"cards_obtained":["Pride"]},{"damage_healed":0,"gold_gain":0,"cards_transformed":["bronze:Strike","bronze:Strike"],"player_choice":"Became Test Subject","damage_taken":0,"max_hp_gain":0,"max_hp_loss":0,"event_name":"Drug Dealer","floor":27,"gold_loss":0,"cards_obtained":["bronze:ClassDefault","bronze:Hardcode"]}],"is_beta":false,"boss_relics":[{"not_picked":["Coffee Dripper","Pandora\u0027s Box"],"picked":"Snecko Eye"}],"items_purged_floors":[],"is_endless":false,"potions_floor_spawned":[2,8,9,16,19,23,26,29],"killed_by":"SI_MIRROR_ARCHETYPE","ascension_level":0}}