{"host":"5hsgormuu0lj4iiq","time":1613088078,"event":{"mods":["AchievementEnabler","BaseMod","Colored Map","Colored Powertips","Minty Spire (QoL Compilation)","Quick Restart","Relic Stats","SuperFastMode","everything is the same but u backflip on backflip","slay the spire mod where everything is the same but ironclad has a cowboy hat"],"gold_per_floor":[118,65,65,65,65,94,94,119,193,193,213,213,241,252,252,356,356,375,390,63,77,37,37,62,62,62,62,97,114,128,153,153,153,153],"floor_reached":33,"language":"ENG","playtime":1118,"items_purged":["Strike_B"],"score":594,"play_id":"5050a3f7-80f1-41ff-a94f-518d21e5e8ee","local_time":"20210211190118","is_ascension_mode":true,"campfire_choices":[{"data":"Self Repair","floor":7,"key":"SMITH"},{"data":"Darkness","floor":12,"key":"SMITH"},{"data":"Glacier","floor":15,"key":"SMITH"},{"data":"Genetic Algorithm","floor":23,"key":"SMITH"},{"data":"Glacier","floor":25,"key":"SMITH"},{"floor":32,"key":"REST"}],"circlet_count":0,"master_deck":["AscendersBane","Strike_B+1","Strike_B+1","Strike_B","Defend_B","Defend_B","Defend_B","Defend_B","Zap","Dualcast","Defragment+1","Ball Lightning+1","Self Repair+1","Coolheaded","Darkness+1","Glacier+1","Biased Cognition","Skim+1","Genetic Algorithm+1","Glacier+1","Leap","Doom and Gloom","Coolheaded+1","Lockon"],"relics":["Cracked Core","NeowsBlessing","Torii","DataDisk","Sundial","Bronze Scales","Inserter","Bottled Lightning","PreservedInsect","Gambling Chip","Letter Opener","Blue Candle"],"acts_visited":["Exordium","TheCity"],"potions_floor_usage":[16,31,31],"damage_taken":[{"damage":0,"enemies":"Cultist","floor":1,"turns":1},{"damage":0,"enemies":"Lagavulin","floor":6,"turns":1},{"damage":0,"enemies":"3 Sentries","floor":8,"turns":1},{"damage":21,"enemies":"Small Slimes","floor":11,"turns":3},{"damage":30,"enemies":"Lagavulin","floor":13,"turns":5},{"damage":1,"enemies":"2 Louse","floor":14,"turns":3},{"damage":13,"enemies":"Hexaghost","floor":16,"turns":8},{"damage":1,"enemies":"Shell Parasite","floor":18,"turns":5},{"damage":0,"enemies":"3 Byrds","floor":19,"turns":3},{"damage":10,"enemies":"Centurion and Healer","floor":21,"turns":9},{"damage":22,"enemies":"Slavers","floor":24,"turns":11},{"damage":18,"enemies":"Book of Stabbing","floor":28,"turns":6},{"damage":8,"enemies":"Chosen and Byrds","floor":29,"turns":6},{"damage":17,"enemies":"3 Cultists","floor":30,"turns":5},{"damage":27,"enemies":"Gremlin Leader","floor":31,"turns":8},{"damage":80,"enemies":"Champ","floor":33,"turns":13}],"seed_played":"-4431706779456627439","potions_obtained":[{"floor":1,"key":"FearPotion"},{"floor":8,"key":"LiquidBronze"},{"floor":14,"key":"Regen Potion"},{"floor":19,"key":"PowerPotion"},{"floor":24,"key":"Block Potion"}],"is_trial":false,"path_per_floor":["M","$","$","?","$","E","R","E","T","?","M","R","E","M","R","B",null,"M","M","$","M","?","R","E","R","T","$","E","M","M","E","R","B"],"character_chosen":"DEFECT","items_purchased":["Ball Lightning","Bottled Lightning"],"campfire_rested":1,"item_purchase_floors":[2,20],"current_hp_per_floor":[68,68,68,68,68,68,68,68,68,68,57,57,37,36,36,48,68,75,75,75,75,75,75,63,63,63,63,55,47,40,23,45,0,0],"gold":153,"neow_bonus":"THREE_ENEMY_KILL","is_daily":false,"chose_seed":false,"campfire_upgraded":5,"win_rate":0.0,"timestamp":1613088078,"path_taken":["M","?","$","?","$","E","R","E","T","?","M","R","E","M","R","BOSS","M","M","$","M","?","R","E","R","T","$","E","M","?","E","R","BOSS"],"items_purchased_type":["Card","Relic"],"build_version":"2020-12-22","purchased_purges":1,"victory":false,"max_hp_per_floor":[75,75,75,75,75,75,75,75,75,75,75,75,75,75,75,75,75,75,75,75,75,75,75,75,75,75,75,75,75,75,75,75,75,75],"relic_stats":{"Inserter":[33],"Torii":35,"counters":[16,88],"Sundial":[14],"Bronze Scales":[340],"Gambling Chip":[9],"Blue Candle":[0],"PreservedInsect":101,"Letter Opener":[30],"obtain_stats":[{"DataDisk":8,"Inserter":17,"NeowsBlessing":0,"Torii":6,"Sundial":9,"Bronze Scales":13,"Gambling Chip":26,"Blue Candle":31,"PreservedInsect":24,"Bottled Lightning":20,"Letter Opener":28,"Cracked Core":0},{"DataDisk":3,"Inserter":7,"NeowsBlessing":0,"Torii":2,"Sundial":3,"Bronze Scales":5,"Gambling Chip":11,"Blue Candle":15,"PreservedInsect":11,"Bottled Lightning":9,"Letter Opener":12,"Cracked Core":0},{"DataDisk":3,"Inserter":22,"NeowsBlessing":0,"Torii":2,"Sundial":3,"Bronze Scales":11,"Gambling Chip":50,"Blue Candle":75,"PreservedInsect":50,"Bottled Lightning":30,"Letter Opener":56,"Cracked Core":0}]},"card_choices":[{"not_picked":["Leap","Cold Snap"],"picked":"Defragment","floor":1},{"not_picked":["Sunder","Go for the Eyes"],"picked":"Self Repair","floor":6},{"not_picked":["Leap","Hologram"],"picked":"Coolheaded","floor":8},{"not_picked":["Cold Snap","Leap"],"picked":"Darkness","floor":11},{"not_picked":["FTL","Sweeping Beam","Steam"],"picked":"SKIP","floor":13},{"not_picked":["Stack","Beam Cell"],"picked":"Glacier","floor":14},{"not_picked":["Fission","Rainbow"],"picked":"Biased Cognition","floor":16},{"not_picked":["Chaos","FTL"],"picked":"Skim+1","floor":18},{"not_picked":["Doom and Gloom","Self Repair"],"picked":"Genetic Algorithm","floor":19},{"not_picked":["Stack","Steam"],"picked":"Glacier","floor":21},{"not_picked":["Barrage","Beam Cell+1","Streamline"],"picked":"SKIP","floor":24},{"not_picked":["Capacitor","Beam Cell"],"picked":"Leap","floor":28},{"not_picked":["Rebound","Coolheaded"],"picked":"Doom and Gloom","floor":29},{"not_picked":["Ball Lightning","Sweeping Beam"],"picked":"Coolheaded+1","floor":30},{"not_picked":["Doom and Gloom","Amplify"],"picked":"Lockon","floor":31}],"player_experience":728316,"relics_obtained":[{"floor":6,"key":"Torii"},{"floor":8,"key":"DataDisk"},{"floor":9,"key":"Sundial"},{"floor":13,"key":"Bronze Scales"},{"floor":24,"key":"PreservedInsect"},{"floor":26,"key":"Gambling Chip"},{"floor":28,"key":"Letter Opener"},{"floor":31,"key":"Blue Candle"}],"event_choices":[{"damage_healed":0,"gold_gain":0,"player_choice":"Grow","damage_taken":0,"max_hp_gain":0,"max_hp_loss":0,"event_name":"Living Wall","floor":4,"gold_loss":0,"cards_upgraded":["Defragment"]},{"damage_healed":0,"gold_gain":0,"player_choice":"Upgraded","damage_taken":0,"max_hp_gain":0,"max_hp_loss":0,"event_name":"Upgrade Shrine","floor":10,"gold_loss":0,"cards_upgraded":["Ball Lightning"]},{"damage_healed":0,"gold_gain":0,"player_choice":"Upgraded Two","damage_taken":0,"max_hp_gain":0,"max_hp_loss":0,"event_name":"Designer","floor":22,"gold_loss":40,"cards_upgraded":["Strike_B","Strike_B"]}],"is_beta":false,"boss_relics":[{"not_picked":["Empty Cage","Runic Pyramid"],"picked":"Inserter"}],"items_purged_floors":[20],"is_endless":false,"potions_floor_spawned":[1,8,14,19,24,30],"killed_by":"Champ","ascension_level":12}}