{"host":"vyiqbz5w606ur92t","time":1613088827,"event":{"mods":["BaseMod","Downfall","Minty Spire (QoL Compilation)","StSLib"],"gold_per_floor":[99,113,132,307,321,321,321,53,86,97,97,97,97,125,143,244,244,244,262,277,299,337,337,337,337],"floor_reached":23,"language":"ENG","playtime":1825,"items_purged":["Doubt"],"score":351,"play_id":"3bb1b22e-7a2a-4cca-aa8f-e36a63d0ddaa","local_time":"20210212001347","is_ascension_mode":true,"campfire_choices":[{"data":"hexamod:Sear","floor":1,"key":"SMITH"},{"data":"Apotheosis","floor":13,"key":"SMITH"},{"floor":18,"key":"RECALL"}],"circlet_count":0,"master_deck":["hexamod:Strike","hexamod:Strike","hexamod:Strike+1","hexamod:Strike","hexamod:Defend","hexamod:Defend","hexamod:Defend","hexamod:Defend","hexamod:Sear+1","hexamod:Float","hexamod:HauntingEcho","hexamod:PowerFromBeyond","hexamod:Hexaguard","hexamod:EtherealExpedition","Apotheosis+1","hexamod:FirstSeal","hexamod:SuperheatedStrike","hexamod:HeatShield+1","hexamod:AdvancingGuard+1","hexamod:FifthSeal","hexamod:FourthSeal","hexamod:BacktrackSmack","hexamod:SecondSeal","hexamod:PhantomCloak","hexamod:SixthSeal","hexamod:SpectersWail","hexamod:PowerFromBeyond+1"],"relics":["hexamod:UnbrokenSoul","hexamod:Sixitude","downfall:ShatteredFragment","Eternal Feather","Boot","Toxic Egg 2","Mummified Hand","Red Mask"],"acts_visited":["Exordium","TheCity"],"potions_floor_usage":[14,19,19,22,22,22,22,23],"damage_taken":[{"damage":2,"enemies":"Jaw Worm","floor":2,"turns":3},{"damage":0,"enemies":"Small Slimes","floor":3,"turns":2},{"damage":3,"enemies":"2 Louse","floor":5,"turns":2},{"damage":0,"enemies":"downfall:FleeingMerchant","floor":8,"turns":4},{"damage":5,"enemies":"3 Sentries","floor":9,"turns":5},{"damage":2,"enemies":"Large Slime","floor":10,"turns":3},{"damage":13,"enemies":"Gremlin Nob","floor":14,"turns":4},{"damage":4,"enemies":"2 Fungi Beasts","floor":15,"turns":3},{"damage":0,"enemies":"SI_SHIV_ARCHETYPE","floor":16,"turns":5},{"damage":4,"enemies":"3 Byrds","floor":19,"turns":3},{"damage":12,"enemies":"Spheric Guardian","floor":20,"turns":4},{"damage":12,"enemies":"Chosen and Byrds","floor":21,"turns":4},{"damage":42,"enemies":"Masked Bandits","floor":22,"turns":5},{"damage":22,"enemies":"Gremlin Leader","floor":23,"turns":3}],"seed_played":"2014542299090208652","potions_obtained":[{"floor":3,"key":"Block Potion"},{"floor":5,"key":"hexamod:InfernoChargePotion"},{"floor":10,"key":"LiquidBronze"},{"floor":15,"key":"Explosive Potion"},{"floor":19,"key":"Dexterity Potion"},{"floor":21,"key":"Block Potion"},{"floor":21,"key":"EntropicBrew"},{"floor":22,"key":"DuplicationPotion"}],"is_trial":false,"path_per_floor":["R","M","M","?","M","?","T","$","E","M","?","T","R","E","M","B",null,"R","M","M","M","?","E"],"character_chosen":"THE_SPIRIT","items_purchased":["Apotheosis"],"campfire_rested":0,"item_purchase_floors":[8],"current_hp_per_floor":[63,61,61,61,58,37,37,37,32,37,37,37,46,40,43,50,60,63,63,58,53,18,0,0,0],"gold":337,"neow_bonus":"ONE_RARE_RELIC","is_daily":false,"chose_seed":false,"campfire_upgraded":2,"win_rate":0.0,"timestamp":1613088827,"path_taken":["R","M","M","?","M","?","T","$","E","M","?","?","R","E","M","BOSS","R","M","M","M","?","E"],"items_purchased_type":["Card"],"build_version":"2020-12-22","purchased_purges":1,"victory":false,"max_hp_per_floor":[63,63,63,63,63,63,63,63,63,63,63,63,63,63,63,63,63,63,63,63,63,63,63,63,63],"card_choices":[{"not_picked":["hexamod:BurningTouch","hexamod:AdvancingGuard"],"picked":"hexamod:HauntingEcho","floor":2},{"not_picked":["hexamod:HauntingEcho","hexamod:GhostLash"],"picked":"hexamod:PowerFromBeyond","floor":3},{"not_picked":["hexamod:InspiringFlames","hexamod:NightmareGuise"],"picked":"hexamod:Hexaguard","floor":5},{"not_picked":["hexamod:GhostShield","hexamod:HauntingEcho"],"picked":"hexamod:EtherealExpedition","floor":8},{"not_picked":["hexamod:NightmareGuise","hexamod:ThermalTransfer"],"picked":"hexamod:FirstSeal","floor":9},{"not_picked":["hexamod:DynamicBlow","hexamod:ApocalypticArmor"],"picked":"hexamod:SuperheatedStrike","floor":10},{"not_picked":["hexamod:PowerFromBeyond+1","hexamod:Firestarter"],"picked":"hexamod:HeatShield+1","floor":14},{"not_picked":["hexamod:InspiringFlames+1","hexamod:NightmareStrike"],"picked":"hexamod:AdvancingGuard+1","floor":15},{"not_picked":["hexamod:HexaLevel","hexamod:ForkedFlame"],"picked":"hexamod:FifthSeal","floor":16},{"not_picked":["hexamod:SecondSeal","hexamod:FirstSeal"],"picked":"hexamod:FourthSeal","floor":19},{"not_picked":["hexamod:HauntingEcho","hexamod:FirstSeal"],"picked":"hexamod:BacktrackSmack","floor":19},{"not_picked":["hexamod:ThirdSeal","hexamod:FirstSeal"],"picked":"hexamod:SecondSeal","floor":20},{"not_picked":["hexamod:SecondSeal","hexamod:FirstSeal"],"picked":"hexamod:PhantomCloak","floor":20},{"not_picked":["hexamod:FourthSeal","hexamod:SecondSeal"],"picked":"hexamod:SixthSeal","floor":21},{"not_picked":["hexamod:RetreatToShadows+1","hexamod:RadiantFlame"],"picked":"hexamod:SpectersWail","floor":21},{"not_picked":["hexamod:SwordOfDarkness+1","hexamod:HeatShield+1"],"picked":"hexamod:PowerFromBeyond+1","floor":22}],"player_experience":1744477,"relics_obtained":[{"floor":7,"key":"Eternal Feather"},{"floor":9,"key":"Boot"},{"floor":12,"key":"Toxic Egg 2"},{"floor":14,"key":"Mummified Hand"},{"floor":22,"key":"Red Mask"}],"event_choices":[{"damage_healed":0,"gold_gain":0,"player_choice":"Fought Bandits","damage_taken":0,"max_hp_gain":0,"max_hp_loss":0,"event_name":"Masked Bandits","floor":22,"gold_loss":0}],"is_beta":false,"boss_relics":[{"not_picked":["Tiny House","SacredBark"],"picked":"hexamod:UnbrokenSoul"}],"items_purged_floors":[8],"is_endless":false,"potions_floor_spawned":[3,5,10,15,19,21,22],"killed_by":"Gremlin Leader","ascension_level":8}}