{"host":"Cenci","time":1613130412,"event":{"mods":["BaseMod","Downfall","Highlight Path","Minty Spire (QoL Compilation)","StSLib"],"gold_per_floor":[349,363,382,140,155,305,305,315,333,364,384,384,376,376,391,492,492,392,420,420,420,420],"floor_reached":20,"language":"ENG","playtime":938,"items_purged":["downfall:Icky"],"score":220,"play_id":"584cc87b-5594-4d13-b06d-caa597b6975d","local_time":"20210212124652","is_ascension_mode":true,"campfire_choices":[{"data":"hexamod:Float","floor":1.0,"key":"SMITH"},{"floor":18,"key":"RECALL"}],"circlet_count":0,"master_deck":["hexamod:Strike+1","hexamod:Strike","hexamod:Strike+1","hexamod:Strike","hexamod:Defend","hexamod:Defend+1","hexamod:Defend","hexamod:Defend","hexamod:Sear","hexamod:Float+1","hexamod:StepThrough+1","hexamod:ThirdSeal","hexamod:FirstSeal","hexamod:SuperheatedStrike","hexamod:VolcanoVisage","hexamod:SuperheatedStrike","hexamod:GhostOfSpirePast","hexamod:SixthSeal","hexamod:SuperheatedStrike","hexamod:SecondSeal","hexamod:FourthSeal","Parasite","hexamod:GhostOfSpirePast","hexamod:ParanormalForm"],"relics":["hexamod:SpiritBrand","Bronze Scales","Girya","downfall:BrokenWingStatue","Empty Cage","downfall:HeartBlessingBlue"],"acts_visited":["Exordium","TheCity"],"potions_floor_usage":[20,20,20],"damage_taken":[{"damage":5.0,"enemies":"2 Louse","floor":2.0,"turns":2.0},{"damage":4.0,"enemies":"Jaw Worm","floor":3.0,"turns":3.0},{"damage":0.0,"enemies":"downfall:FleeingMerchant","floor":4.0,"turns":4.0},{"damage":0.0,"enemies":"Small Slimes","floor":5.0,"turns":3.0},{"damage":6.0,"enemies":"2 Fungi Beasts","floor":8.0,"turns":3.0},{"damage":18.0,"enemies":"Lots of Slimes","floor":9.0,"turns":3.0},{"damage":10.0,"enemies":"Gremlin Nob","floor":10.0,"turns":4.0},{"damage":13.0,"enemies":"Large Slime","floor":11.0,"turns":5.0},{"damage":22.0,"enemies":"3 Louse","floor":15.0,"turns":4.0},{"damage":20,"enemies":"SI_SHIV_ARCHETYPE","floor":16,"turns":7},{"damage":39,"enemies":"Shell Parasite","floor":19,"turns":6},{"damage":45,"enemies":"Centurion and Healer","floor":20,"turns":4}],"seed_played":"-7948937386221519736","potions_obtained":[{"floor":5.0,"key":"GamblersBrew"},{"floor":8.0,"key":"hexamod:EctoCoolerPotion"},{"floor":15.0,"key":"DistilledChaos"},{"floor":15.0,"key":"AttackPotion"}],"is_trial":false,"path_per_floor":["R","M","M","$","M","?","T","M","M","E","M","?","?","?","M","B",null,"R","M","M"],"character_chosen":"THE_SPIRIT","items_purchased":["Bronze Scales"],"campfire_rested":0,"item_purchase_floors":[4],"current_hp_per_floor":[70,65,61,61,61,61,61,62,51,48,42,42,42,59,44,31,60,70,38,0,0,0],"gold":420,"neow_bonus":"TWO_FIFTY_GOLD","is_daily":false,"chose_seed":false,"campfire_upgraded":1,"win_rate":0.0,"timestamp":1613130412,"path_taken":["R","M","M","$","M","?","T","M","M","E","M","?","?","?","M","BOSS","R","M","M"],"items_purchased_type":["Relic"],"build_version":"2020-11-17","purchased_purges":1,"victory":false,"max_hp_per_floor":[70,70,70,70,70,70,70,70,70,70,70,70,70,70,70,70,70,80,80,80,80,80],"card_choices":[{"not_picked":["hexamod:AdvancingGuard","hexamod:FastForward"],"picked":"hexamod:StepThrough","floor":2.0},{"not_picked":["hexamod:NightmareGuise","hexamod:GhostShield","hexamod:FlamesFromBeyond"],"picked":"SKIP","floor":3.0},{"not_picked":["hexamod:NightmareStrike","hexamod:NightmareGuise"],"picked":"hexamod:ThirdSeal","floor":4.0},{"not_picked":["hexamod:DynamicBlow","hexamod:ShieldOfDarkness"],"picked":"hexamod:FirstSeal","floor":5.0},{"not_picked":["hexamod:ShieldOfDarkness","hexamod:Again"],"picked":"hexamod:SuperheatedStrike","floor":5.0},{"not_picked":["hexamod:Firestarter","hexamod:SwordOfDarkness"],"picked":"hexamod:VolcanoVisage","floor":8.0},{"not_picked":["hexamod:SpectersWail","hexamod:SkipABeat"],"picked":"hexamod:SuperheatedStrike","floor":8.0},{"not_picked":["hexamod:FastForward","hexamod:ThermalTransfer"],"picked":"hexamod:GhostOfSpirePast","floor":9.0},{"not_picked":["hexamod:Again","hexamod:BacktrackSmack","hexamod:GhostLash"],"picked":"SKIP","floor":9.0},{"not_picked":["hexamod:TimeOfNeed","hexamod:GhostLash"],"picked":"hexamod:SixthSeal","floor":10.0},{"not_picked":["hexamod:GhostShield","hexamod:PhantomFireball","hexamod:SwordOfDarkness"],"picked":"SKIP","floor":10.0},{"not_picked":["hexamod:InspiringFlames","hexamod:HauntingEcho"],"picked":"hexamod:SuperheatedStrike","floor":11.0},{"not_picked":["hexamod:ThermalTransfer","hexamod:BurningTouch","hexamod:HauntingEcho"],"picked":"SKIP","floor":11.0},{"not_picked":["hexamod:Haunt","hexamod:SpectralSpark"],"picked":"hexamod:GhostOfSpirePast","floor":15.0},{"not_picked":["hexamod:StepThrough","hexamod:Haunt","hexamod:Incineration"],"picked":"SKIP","floor":15.0},{"not_picked":["hexamod:ApocalypseNow","hexamod:Toasty"],"picked":"hexamod:ParanormalForm","floor":16},{"not_picked":["hexamod:SearingWound","hexamod:ParanormalForm"],"picked":"hexamod:UnleashSpirits","floor":16},{"not_picked":["hexamod:Firestarter","hexamod:ShieldOfDarkness","hexamod:SwordOfDarkness"],"picked":"SKIP","floor":19},{"not_picked":["hexamod:HauntingEcho","hexamod:SpectralSpark","hexamod:SecondSeal"],"picked":"SKIP","floor":19}],"player_experience":307175,"relics_obtained":[{"floor":10.0,"key":"Girya"}],"event_choices":[{"damage_healed":17.0,"max_hp_gain":0.0,"max_hp_loss":0.0,"gold_gain":0.0,"event_name":"Mushrooms","player_choice":"Healed and dodged fight","floor":14.0,"gold_loss":0.0,"damage_taken":0.0,"cards_obtained":["Parasite"]}],"is_beta":true,"boss_relics":[{"not_picked":["Astrolabe","Cursed Key"],"picked":"Empty Cage"}],"items_purged_floors":[4],"is_endless":false,"potions_floor_spawned":[5,8,15,16],"killed_by":"Centurion and Healer","ascension_level":5}}