{"host":"2dp3t1i5s6bd92af","time":1613151842,"event":{"mods":["ATMod(ªü½@Mod)","BaseMod","Colored Powertips","Minty Spire (QoL Compilation)","StSLib","The Animator"],"gold_per_floor":[110,110,139,165,90,121,121,159,159,159,159],"floor_reached":10,"language":"ZHS","playtime":998,"items_purged":["Decay"],"score":80,"play_id":"b4657fc3-9023-4cee-8648-d5ab5ab4d990","local_time":"20210213014402","is_ascension_mode":true,"campfire_choices":[],"circlet_count":0,"master_deck":["animator:Strike_NoGameNoLife","animator:Defend_NoGameNoLife","animator:Strike","animator:Strike","animator:Strike","animator:Defend","animator:Defend","animator:Defend","animator:DolaSchwi","animator:DolaCouronne","AT_ManFootWork","animator:DolaRiku","animator:Shalltear","animator:PandorasActor","animator:IzunaHatsuse"],"relics":["animator:TheMissingPiece","AT_ATBox","Velvet Choker","Regal Pillow","Golden Idol","Ancient Tea Set","Singing Bowl"],"acts_visited":["Exordium"],"potions_floor_usage":[8],"damage_taken":[{"damage":0.0,"enemies":"2 Louse","floor":1.0,"turns":3.0},{"damage":0,"enemies":"Cultist","floor":3,"turns":4},{"damage":0,"enemies":"Small Slimes","floor":4,"turns":5},{"damage":7,"enemies":"Lagavulin","floor":6,"turns":7},{"damage":15,"enemies":"3 Sentries","floor":8,"turns":9},{"damage":20,"enemies":"Gremlin Nob","floor":10,"turns":4}],"seed_played":"4232713668793486212","potions_obtained":[{"floor":3,"key":"Strength Potion"},{"floor":4,"key":"DistilledChaos"},{"floor":8,"key":"EntropicBrew"}],"is_trial":false,"path_per_floor":["M","?","M","M","$","E","?","E","T","E"],"character_chosen":"THE_ANIMATOR","items_purchased":[],"campfire_rested":0,"item_purchase_floors":[],"current_hp_per_floor":[66,66,66,66,66,60,44,30,30,10,10],"gold":159,"neow_bonus":"BOSS_RELIC","is_daily":false,"chose_seed":false,"campfire_upgraded":0,"win_rate":0.0,"timestamp":1613151842,"path_taken":["M","?","M","?","?","E","?","E","T","E"],"items_purchased_type":[],"build_version":"2020-12-22","purchased_purges":1,"victory":false,"max_hp_per_floor":[66,66,66,66,66,67,67,68,68,68,68],"card_choices":[{"not_picked":["animator:Demiurge","animator:Spearman","animator:Konayuki"],"picked":"SKIP","floor":1.0},{"not_picked":["animator:DwarfShaman","animator:TukaLunaMarceau"],"picked":"animator:DolaRiku","floor":3},{"not_picked":["animator:Spearman","animator:PandorasActor"],"picked":"animator:Shalltear","floor":4},{"not_picked":["animator:Shalltear","animator:Entoma"],"picked":"animator:PandorasActor","floor":6},{"not_picked":["animator:Chris","animator:Melzalgald"],"picked":"animator:IzunaHatsuse","floor":8}],"player_experience":449482,"relics_obtained":[{"floor":6,"key":"Regal Pillow"},{"floor":8,"key":"Ancient Tea Set"},{"floor":9,"key":"Singing Bowl"}],"event_choices":[{"damage_healed":0,"gold_gain":0,"player_choice":"Cursed","damage_taken":0,"max_hp_gain":0,"max_hp_loss":0,"event_name":"Wheel of Change","floor":2,"gold_loss":0,"cards_obtained":["Decay"]},{"damage_healed":0,"gold_gain":0,"player_choice":"Take Damage","damage_taken":16,"relics_obtained":["Golden Idol"],"max_hp_gain":0,"max_hp_loss":0,"event_name":"Golden Idol","floor":7,"gold_loss":0}],"is_beta":false,"boss_relics":[],"items_purged_floors":[5],"is_endless":false,"potions_floor_spawned":[3,4,8],"killed_by":"Gremlin Nob","ascension_level":1}}