{"host":"no5f9c6q31porkj5","time":1613148987,"event":{"mods":["BaseMod","Marisa£¨Ùöéë¡¡Øª×âÞÞ£©","Minty Spire (QoL Compilation)","StSLib","Td1madao Mod","The Cursed","The Gatherer","The Runesmith"],"gold_per_floor":[117,15,26,26,46,46,46,46,46,62,62,62,36,36,36,136,136,154,154,119,129,129,129,129,129],"floor_reached":24,"language":"KOR","playtime":824,"items_purged":[],"score":184,"play_id":"78e281ff-29d7-46d5-8d72-803a7ca51956","local_time":"20210213015627","is_ascension_mode":false,"campfire_choices":[{"data":"Defend_R","floor":6,"key":"SMITH"},{"data":"Shrug It Off","floor":8,"key":"SMITH"},{"data":"Defend_R","floor":15,"key":"SMITH"},{"floor":23,"key":"REST"}],"circlet_count":0,"master_deck":["Strike_R","Strike_R","Strike_R","Strike_R","Strike_R","Defend_R+1","Defend_R","Defend_R","Defend_R+1","Iron Wave","Shrug It Off+1","Shrug It Off+1","Body Slam","Searing Blow","Rage"],"relics":["Burning Blood","Pen Nib","Kunai","HornCleat","Runic Cube"],"acts_visited":["Exordium","TheCity"],"potions_floor_usage":[16],"damage_taken":[{"damage":7,"enemies":"Cultist","floor":1,"turns":5},{"damage":0,"enemies":"2 Louse","floor":3,"turns":3},{"damage":2,"enemies":"Small Slimes","floor":5,"turns":5},{"damage":0,"enemies":"Looter","floor":10,"turns":4},{"damage":47,"enemies":"Slime Boss","floor":16,"turns":20},{"damage":27,"enemies":"3 Byrds","floor":18,"turns":11},{"damage":14,"enemies":"2 Thieves","floor":20,"turns":5},{"damage":25,"enemies":"Snecko","floor":21,"turns":11},{"damage":0,"enemies":"3 Cultists","floor":24,"turns":1}],"seed_played":"-5814379566403632319","potions_obtained":[{"floor":1,"key":"BlessingOfTheForge"},{"floor":20,"key":"Fire Potion"}],"is_trial":false,"path_per_floor":["M","$","M","$","M","R","?","R","T","M","?","?","$","?","R","B",null,"M","?","M","M","?","R","M"],"character_chosen":"IRONCLAD","items_purchased":["Iron Wave","Shrug It Off","Body Slam"],"campfire_rested":1,"item_purchase_floors":[2,2,13],"current_hp_per_floor":[79,79,80,80,80,80,80,80,80,80,77,82,82,82,82,41,85,64,48,40,21,12,39,39,39],"gold":129,"neow_bonus":"RANDOM_COMMON_RELIC","is_daily":false,"chose_seed":false,"campfire_upgraded":3,"win_rate":0.0,"timestamp":1613148987,"path_taken":["M","$","M","$","?","R","?","R","T","M","?","?","?","?","R","BOSS","M","?","M","M","?","R","M"],"items_purchased_type":["Card","Card","Card"],"build_version":"2020-12-22","purchased_purges":0,"victory":false,"max_hp_per_floor":[80,80,80,80,80,80,80,80,80,80,80,85,85,85,85,85,85,85,90,90,90,90,90,90,90],"card_choices":[{"not_picked":["Dual Wield","Blood for Blood","Anger"],"picked":"SKIP","floor":1},{"not_picked":["Anger","Cleave"],"picked":"Shrug It Off","floor":3},{"not_picked":["Heavy Blade","Whirlwind","Twin Strike"],"picked":"SKIP","floor":5},{"not_picked":["Thunderclap","True Grit","Clothesline"],"picked":"SKIP","floor":10},{"not_picked":["Heavy Blade","True Grit"],"picked":"Rage","floor":18},{"not_picked":["Reckless Charge","Carnage","Cleave"],"picked":"SKIP","floor":20},{"not_picked":["Armaments","Pommel Strike","Clash"],"picked":"SKIP","floor":21}],"player_experience":121575,"relics_obtained":[{"floor":9,"key":"Kunai"}],"event_choices":[{"damage_healed":0,"gold_gain":0,"player_choice":"Grow","damage_taken":0,"max_hp_gain":0,"max_hp_loss":0,"event_name":"Living Wall","floor":7,"gold_loss":0,"cards_upgraded":["Shrug It Off"]},{"damage_healed":0,"gold_gain":0,"player_choice":"Success","damage_taken":3,"relics_obtained":["HornCleat"],"max_hp_gain":0,"max_hp_loss":0,"event_name":"Scrap Ooze","floor":11,"gold_loss":0},{"damage_healed":0,"gold_gain":0,"player_choice":"Donut","damage_taken":0,"max_hp_gain":5,"max_hp_loss":0,"event_name":"Big Fish","floor":12,"gold_loss":0},{"damage_healed":0,"gold_gain":0,"cards_transformed":["Bash"],"player_choice":"Transformed","damage_taken":0,"max_hp_gain":0,"max_hp_loss":0,"event_name":"Transmorgrifier","floor":14,"gold_loss":0,"cards_obtained":["Searing Blow"]},{"damage_healed":0,"gold_gain":0,"player_choice":"Shed Blood","damage_taken":21,"max_hp_gain":5,"max_hp_loss":0,"event_name":"Forgotten Altar","floor":19,"gold_loss":0},{"damage_healed":0,"gold_gain":0,"player_choice":"Stopped","damage_taken":9,"max_hp_gain":0,"max_hp_loss":0,"event_name":"Cursed Tome","floor":22,"gold_loss":0}],"is_beta":false,"boss_relics":[{"not_picked":["Astrolabe","Snecko Eye"],"picked":"Runic Cube"}],"items_purged_floors":[],"is_endless":false,"potions_floor_spawned":[1,20],"killed_by":"3 Cultists","ascension_level":0}}