{"host":"rtw1tnr74gozsrw1","time":1613170469,"event":{"mods":["BaseMod","Colored Map","Colored Powertips","Highlight Path","Infinite Spire","Minty Spire (QoL Compilation)","StSLib","The Jungle"],"gold_per_floor":[116,41,58,133,133,133,164,164,216,216,216,235,235,246,246,343,343,355,216,216,216],"floor_reached":20,"language":"ENG","playtime":391,"items_purged":["Strike_B","Defend_B"],"score":244,"play_id":"c518c2c6-1383-43d6-9631-05cf00e6c1cc","local_time":"20210212235429","is_ascension_mode":true,"campfire_choices":[{"data":"infinitespire:Oblivion","floor":6,"key":"SMITH"},{"data":"Strike_B","floor":8,"key":"PURGE"},{"data":"Loop","floor":10,"key":"SMITH"},{"data":"Strike_B","floor":13,"key":"PURGE"},{"floor":15,"key":"REST"}],"circlet_count":0,"master_deck":["Defend_B","Defend_B","Defend_B","Zap","Dualcast","Loop+1","Cold Snap","infinitespire:Oblivion+1","Static Discharge","Ball Lightning","Capacitor"],"relics":["Cracked Core","NeowsBlessing","Peace Pipe","Boot","Philosopher\u0027s Stone"],"acts_visited":["Exordium","TheCity"],"potions_floor_usage":[],"damage_taken":[{"damage":0,"enemies":"Small Slimes","floor":1,"turns":1},{"damage":0,"enemies":"2 Louse","floor":3,"turns":1},{"damage":0,"enemies":"3 Sentries","floor":7,"turns":1},{"damage":0,"enemies":"Jaw Worm","floor":12,"turns":2},{"damage":0,"enemies":"Large Slime","floor":14,"turns":3},{"damage":3,"enemies":"Slime Boss","floor":16,"turns":8},{"damage":40,"enemies":"3 Byrds","floor":18,"turns":3},{"damage":0,"enemies":"2 Thieves","floor":20,"turns":1}],"seed_played":"-7008519166265194905","potions_obtained":[{"floor":1,"key":"BlessingOfTheForge"},{"floor":7,"key":"DuplicationPotion"}],"is_trial":false,"path_per_floor":["M","$","M","?","?","R","E","R","T","R","?","M","R","M","R","B",null,"M","$","M"],"character_chosen":"DEFECT","items_purchased":["Capacitor"],"campfire_rested":1,"item_purchase_floors":[19],"current_hp_per_floor":[75,75,75,64,45,45,45,45,45,45,38,38,38,38,60,57,71,31,31,31,31],"gold":216,"neow_bonus":"THREE_ENEMY_KILL","is_daily":false,"chose_seed":false,"campfire_upgraded":2,"win_rate":0.0,"timestamp":1613170469,"path_taken":["M","$","M","?","?","R","E","R","T","R","?","?","R","M","R","BOSS","M","$","M"],"items_purchased_type":["Card"],"build_version":"2020-12-22","purchased_purges":2,"victory":false,"max_hp_per_floor":[75,75,75,75,75,75,75,75,75,75,75,75,75,75,75,75,75,75,75,75,75],"card_choices":[{"not_picked":["Tempest","Stack"],"picked":"Loop","floor":1},{"not_picked":["Leap","Sweeping Beam"],"picked":"Cold Snap","floor":3},{"not_picked":["infinitespire:TheBestDefense","infinitespire:FutureSight"],"picked":"infinitespire:Oblivion","floor":5},{"not_picked":["Scrape","Reprogram"],"picked":"Static Discharge","floor":7},{"not_picked":["Conserve Battery","Cold Snap"],"picked":"Ball Lightning","floor":12},{"not_picked":["Redo","Darkness","Rebound"],"picked":"SKIP","floor":14},{"not_picked":["Redo","Barrage+1","Blizzard"],"picked":"SKIP","floor":18}],"player_experience":145253,"relics_obtained":[{"floor":7,"key":"Peace Pipe"},{"floor":9,"key":"Boot"}],"event_choices":[{"damage_healed":0,"gold_gain":75,"player_choice":"Gather Gold","damage_taken":11,"max_hp_gain":0,"max_hp_loss":0,"event_name":"World of Goop","floor":4,"gold_loss":0},{"cards_removed":["Strike_B"],"damage_healed":0,"gold_gain":0,"player_choice":"Card Removal","damage_taken":7,"max_hp_gain":0,"max_hp_loss":0,"event_name":"Golden Wing","floor":11,"gold_loss":0}],"is_beta":false,"boss_relics":[{"not_picked":["Nuclear Battery","Runic Dome"],"picked":"Philosopher\u0027s Stone"}],"items_purged_floors":[2,19],"is_endless":false,"potions_floor_spawned":[1,7],"killed_by":"2 Thieves","ascension_level":5}}