{"host":"37ccm3d17clopct7","time":1613153233,"event":{"mods":["BaseMod","GungeonMod","Hermit","Lobotomy","Minty Spire (QoL Compilation)","StSLib","The Bug Knight","The Cursed","The Hierophant","The Jungle","The Runesmith"],"gold_per_floor":[115,115,43,218,229,229,254,254,254,254,329,356,372,18,18,120,120,133,408,373,21,39,39,57,57,108,108,119,132,61,76,76,174,174,185,109,159,176,176,125,173,36,61,61,61,79,79,94,94,94,94],"floor_reached":50,"language":"KOR","playtime":3101,"items_purged":["TheCursedMod:Strike_TheCursed","TheCursedMod:Defend_TheCursed"],"score":523,"play_id":"6c88ab05-2b41-417b-a366-d889e2b705f5","local_time":"20210213030713","is_ascension_mode":false,"campfire_choices":[{"floor":6,"key":"RECALL"},{"data":"TheCursedMod:Strike_TheCursed","floor":8,"key":"PURGE"},{"data":"TheCursedMod:Defend_TheCursed","floor":10,"key":"PURGE"},{"data":"TheCursedMod:Defend_TheCursed","floor":15,"key":"PURGE"},{"floor":23,"key":"REST"},{"data":"TheCursedMod:Defend_TheCursed","floor":25,"key":"PURGE"},{"floor":32,"key":"REST"},{"data":"TheCursedMod:NeowsMight","floor":45,"key":"SMITH"},{"data":"TheCursedMod:Hemoplague","floor":47,"key":"SMITH"},{"data":"TheCursedMod:Obscuration","floor":49,"key":"SMITH"}],"circlet_count":0,"master_deck":["TheCursedMod:Strike_TheCursed","TheCursedMod:Strike_TheCursed","TheCursedMod:CursedWand+1","TheCursedMod:CleanUpWorkshop","TheCursedMod:Dregs","TheCursedMod:StingEye","TheCursedMod:Obscuration+1","TheCursedMod:CursedShiv","Doubt","TheCursedMod:TacticalStrike","TheCursedMod:SurpriseAttack","TheCursedMod:RapidMovement","TheCursedMod:SmokeScreen","TheCursedMod:Stretching","TheCursedMod:DemonSword","TheCursedMod:LuckyCharm","Regret","TheCursedMod:CursedShiv+1","TheCursedMod:LuckyCharm","TheCursedMod:Evocation+1","TheCursedMod:DoubleShield","TheCursedMod:TacticalStrike","TheCursedMod:Hemoplague+1","TheCursedMod:SurpriseAttack","TheCursedMod:DarkBarrier","TheCursedMod:SurpriseAttack","TheCursedMod:FleshFromBone","TheCursedMod:CursedShiv","TheCursedMod:CursedSpellbook+1","Jack Of All Trades","TheCursedMod:CursedAmulet","TheCursedMod:Stretching","TheCursedMod:NeowsMight+1","Writhe","TheCursedMod:Stretching","TheCursedMod:SpitefulStrike+1"],"relics":["TheCursedMod:BlackMagic101","NeowsBlessing","Peace Pipe","Bag of Marbles","DemoMod:ClearGuonStone","Pantograph","Black Star","InkBottle","SlaversCollar","Incense Burner","Ice Cream","DemoMod:MonsterBlood"],"acts_visited":["Exordium","TheCity","TheBeyond"],"potions_floor_usage":[41,50],"damage_taken":[{"damage":0,"enemies":"Jaw Worm","floor":1,"turns":1},{"damage":0,"enemies":"2 Louse","floor":5,"turns":1},{"damage":0,"enemies":"Gremlin Nob","floor":7,"turns":1},{"damage":12,"enemies":"3 Sentries","floor":12,"turns":9},{"damage":0,"enemies":"Cultist","floor":13,"turns":2},{"damage":20,"enemies":"Slime Boss","floor":16,"turns":20},{"damage":4,"enemies":"Spheric Guardian","floor":18,"turns":4},{"damage":9,"enemies":"2 Thieves","floor":20,"turns":5},{"damage":20,"enemies":"Snecko","floor":22,"turns":8},{"damage":0,"enemies":"Snake Plant","floor":24,"turns":6},{"damage":17,"enemies":"Centurion and Healer","floor":28,"turns":8},{"damage":0,"enemies":"Chosen and Byrds","floor":29,"turns":7},{"damage":1,"enemies":"Shelled Parasite and Fungi","floor":31,"turns":7},{"damage":22,"enemies":"Champ","floor":33,"turns":14},{"damage":31,"enemies":"3 Darklings","floor":35,"turns":6},{"damage":12,"enemies":"Mind Bloom Boss Battle","floor":37,"turns":8},{"damage":5,"enemies":"3 Shapes","floor":38,"turns":5},{"damage":14,"enemies":"2 Orb Walkers","floor":41,"turns":11},{"damage":0,"enemies":"Jaw Worm Horde","floor":46,"turns":5},{"damage":3,"enemies":"Maw","floor":48,"turns":9},{"damage":92,"enemies":"Time Eater","floor":50,"turns":16}],"seed_played":"-5418849390151037829","potions_obtained":[{"floor":12,"key":"Energy Potion"},{"floor":16,"key":"Block Potion"},{"floor":18,"key":"SkillPotion"},{"floor":20,"key":"PowerPotion"},{"floor":46,"key":"DuplicationPotion"}],"is_trial":false,"path_per_floor":["M","?","$","?","M","R","E","R","T","R","?","E","M","$","R","B",null,"M","?","M","$","M","R","M","R","T","?","M","M","$","M","R","B",null,"M","$","?","M","?","$","?","$","T","?","R","M","R","M","R","B"],"character_chosen":"THE_CURSED","items_purchased":["TheCursedMod:Obscuration","TheCursedMod:CursedShiv","Pantograph","TheCursedMod:Stretching","InkBottle","TheCursedMod:Hemoplague","TheCursedMod:FleshFromBone","TheCursedMod:CursedShiv","TheCursedMod:CursedAmulet","TheCursedMod:NeowsMight"],"campfire_rested":2,"item_purchase_floors":[3,3,14,14,21,30,36,36,40,42],"current_hp_per_floor":[75,75,75,75,75,75,75,75,75,75,64,52,52,52,52,55,75,71,71,62,62,42,64,64,64,64,64,47,47,47,46,68,53,75,44,44,57,52,52,52,38,38,45,66,66,66,66,63,63,0,0],"gold":94,"neow_bonus":"THREE_ENEMY_KILL","is_daily":false,"chose_seed":false,"campfire_upgraded":3,"win_rate":0.0,"timestamp":1613153233,"path_taken":["M","?","$","?","M","R","E","R","T","R","?","E","M","?","R","BOSS","M","?","?","?","M","R","M","R","T","?","M","?","$","M","R","BOSS","M","$","?","M","?","$","?","?","T","?","R","M","R","M","R","BOSS"],"items_purchased_type":["Card","Card","Relic","Card","Relic","Card","Card","Card","Card","Card"],"build_version":"2020-12-22","purchased_purges":2,"victory":false,"max_hp_per_floor":[75,75,75,75,75,75,75,75,75,75,75,75,75,75,75,75,75,75,75,75,75,75,75,75,75,75,75,75,75,75,75,75,75,75,75,75,75,75,75,75,75,75,82,82,82,82,82,82,82,82,82],"card_choices":[{"not_picked":["TheCursedMod:CircleOfFlame","TheCursedMod:Evocation"],"picked":"TheCursedMod:StingEye","floor":1},{"not_picked":["TheCursedMod:CursedAmulet","TheCursedMod:AshesToAshes"],"picked":"TheCursedMod:TacticalStrike","floor":5},{"not_picked":["TheCursedMod:CircleOfWindfury","TheCursedMod:CursedRelics"],"picked":"TheCursedMod:SurpriseAttack","floor":7},{"not_picked":["TheCursedMod:CursedMace","TheCursedMod:CircleOfWindfury"],"picked":"TheCursedMod:RapidMovement","floor":12},{"not_picked":["TheCursedMod:ReleasedStrength","TheCursedMod:CursedBlade"],"picked":"TheCursedMod:SmokeScreen","floor":13},{"not_picked":["TheCursedMod:DarkBarrier","TheCursedMod:ShockAndAwe"],"picked":"TheCursedMod:DemonSword","floor":16},{"not_picked":["TheCursedMod:Obscuration","TheCursedMod:CursedShiv"],"picked":"TheCursedMod:LuckyCharm","floor":18},{"not_picked":["TheCursedMod:VitalStrike","TheCursedMod:Obscuration"],"picked":"TheCursedMod:CursedShiv+1","floor":20},{"not_picked":["TheCursedMod:VitalStrike","TheCursedMod:CursedBlade"],"picked":"TheCursedMod:LuckyCharm","floor":22},{"not_picked":["TheCursedMod:FuryStrike","TheCursedMod:CircleOfAmplification"],"picked":"TheCursedMod:Evocation+1","floor":24},{"not_picked":["TheCursedMod:PrepareRite","TheCursedMod:Obscuration"],"picked":"TheCursedMod:DoubleShield","floor":28},{"not_picked":["TheCursedMod:ReleasedKnowledge","TheCursedMod:RapidMovement+1"],"picked":"TheCursedMod:TacticalStrike","floor":29},{"not_picked":["TheCursedMod:Evocation+1","TheCursedMod:CursedShiv"],"picked":"TheCursedMod:SurpriseAttack","floor":31},{"not_picked":["TheCursedMod:ManaCirculation","TheCursedMod:UltimatePain"],"picked":"TheCursedMod:DarkBarrier","floor":33},{"not_picked":["TheCursedMod:CircleOfFlame","TheCursedMod:Torture+1"],"picked":"TheCursedMod:SurpriseAttack","floor":35},{"not_picked":["TheCursedMod:VitalStrike","TheCursedMod:CursedBlade"],"picked":"TheCursedMod:CursedSpellbook+1","floor":37},{"not_picked":["TheCursedMod:CircleOfAmplification","TheCursedMod:VitalStrike+1","TheCursedMod:PrepareRite+1"],"picked":"SKIP","floor":38},{"not_picked":["Blind","Finesse"],"picked":"Jack Of All Trades","floor":39},{"not_picked":["TheCursedMod:RapidMovement","TheCursedMod:VitalStrike+1"],"picked":"TheCursedMod:Stretching","floor":41},{"not_picked":["TheCursedMod:Stigma+1","TheCursedMod:TacticalStrike"],"picked":"TheCursedMod:Stretching","floor":46},{"not_picked":["TheCursedMod:Stigma","TheCursedMod:CursedBlade+1"],"picked":"TheCursedMod:SpitefulStrike+1","floor":48}],"player_experience":186326,"relics_obtained":[{"floor":7,"key":"Peace Pipe"},{"floor":9,"key":"Bag of Marbles"},{"floor":12,"key":"DemoMod:ClearGuonStone"},{"floor":37,"key":"Incense Burner"},{"floor":41,"key":"Ice Cream"},{"floor":43,"key":"DemoMod:MonsterBlood"}],"event_choices":[{"damage_healed":0,"gold_gain":0,"player_choice":"Grow","damage_taken":0,"max_hp_gain":0,"max_hp_loss":0,"event_name":"Living Wall","floor":2,"gold_loss":0,"cards_upgraded":["TheCursedMod:CursedWand"]},{"damage_healed":0,"gold_gain":175,"player_choice":"AGREE","damage_taken":0,"max_hp_gain":0,"max_hp_loss":0,"event_name":"Liars Game","floor":4,"gold_loss":0,"cards_obtained":["Doubt"]},{"damage_healed":0,"gold_gain":75,"player_choice":"Gather Gold","damage_taken":11,"max_hp_gain":0,"max_hp_loss":0,"event_name":"World of Goop","floor":11,"gold_loss":0},{"damage_healed":0,"gold_gain":275,"player_choice":"Desecrate","damage_taken":0,"max_hp_gain":0,"max_hp_loss":0,"event_name":"Golden Shrine","floor":19,"gold_loss":0,"cards_obtained":["Regret"]},{"damage_healed":0,"gold_gain":0,"player_choice":"Ignored","damage_taken":0,"max_hp_gain":0,"max_hp_loss":0,"event_name":"NoteForYourself","floor":27,"gold_loss":0},{"damage_healed":0,"gold_gain":0,"player_choice":"Fight","damage_taken":0,"max_hp_gain":0,"max_hp_loss":0,"event_name":"MindBloom","floor":37,"gold_loss":0},{"damage_healed":0,"gold_gain":0,"player_choice":"Memory 1","damage_taken":0,"max_hp_gain":0,"max_hp_loss":0,"event_name":"SensoryStone","floor":39,"gold_loss":0},{"damage_healed":0,"gold_gain":0,"player_choice":"Fight","damage_taken":0,"max_hp_gain":0,"max_hp_loss":0,"event_name":"Mysterious Sphere","floor":41,"gold_loss":0},{"damage_healed":21,"gold_gain":0,"player_choice":"Writhe","damage_taken":0,"max_hp_gain":0,"max_hp_loss":0,"event_name":"Winding Halls","floor":44,"gold_loss":0,"cards_obtained":["Writhe"]}],"is_beta":false,"boss_relics":[{"not_picked":["Fusion Hammer","SacredBark"],"picked":"Black Star"},{"not_picked":["TheCursedMod:FourLeafCloverCharm","Snecko Eye"],"picked":"SlaversCollar"}],"items_purged_floors":[14,21],"is_endless":false,"potions_floor_spawned":[12,16,18,20,24,33,38,46],"killed_by":"Time Eater","ascension_level":0}}