{"host":"yhhyog5h1q67ienp","time":1613101952,"event":{"mods":["AchievementEnabler","BaseMod","Block Reminder","Colored Map","Colored Powertips","Minty Spire (QoL Compilation)","Quick Restart","Relic Stats","StSLib","Weighted Paths","ojb\u0027s Better Paths Mod","ojb\u0027s Info Mod"],"gold_per_floor":[109,119,133,152,168,168,7,7,30,30,30,45,63,94,94,167,167,178,149,149,6,6,6,6,6],"floor_reached":24,"language":"ENG","playtime":1948,"items_purged":["Strike_R","Strike_R"],"score":396,"play_id":"cf1e5462-8b8f-4ead-9270-21d903f6ce8e","local_time":"20210212005232","is_ascension_mode":true,"campfire_choices":[{"data":"Armaments","floor":6,"key":"SMITH"},{"data":"Bash","floor":8,"key":"SMITH"},{"data":"Disarm","floor":10,"key":"SMITH"},{"data":"Armaments","floor":15,"key":"SMITH"},{"floor":23,"key":"REST"}],"circlet_count":0,"master_deck":["AscendersBane","Strike_R","Strike_R","Strike_R","Defend_R","Defend_R","Defend_R","Defend_R","Bash+1","Battle Trance","Armaments+1","Bloodletting+1","Rampage","Spot Weakness","Disarm+1","Wild Strike","True Grit","Armaments+1","Feed","Shockwave","Flame Barrier"],"relics":["Burning Blood","NeowsBlessing","Lantern","Omamori","Fusion Hammer"],"acts_visited":["Exordium","TheCity"],"potions_floor_usage":[13,16],"damage_taken":[{"damage":0,"enemies":"2 Louse","floor":1,"turns":1},{"damage":0,"enemies":"Cultist","floor":2,"turns":1},{"damage":0,"enemies":"Small Slimes","floor":3,"turns":1},{"damage":13,"enemies":"Exordium Wildlife","floor":4,"turns":5},{"damage":39,"enemies":"Large Slime","floor":5,"turns":6},{"damage":9,"enemies":"3 Louse","floor":12,"turns":6},{"damage":12,"enemies":"Exordium Thugs","floor":13,"turns":4},{"damage":28,"enemies":"Gremlin Nob","floor":14,"turns":4},{"damage":6,"enemies":"The Guardian","floor":16,"turns":9},{"damage":36,"enemies":"Shell Parasite","floor":18,"turns":7},{"damage":14,"enemies":"2 Thieves","floor":19,"turns":4},{"damage":51,"enemies":"Slavers","floor":24,"turns":5}],"seed_played":"-8045252685095231066","potions_obtained":[{"floor":1,"key":"Regen Potion"},{"floor":4,"key":"PowerPotion"}],"is_trial":false,"path_per_floor":["M","M","M","M","M","R","$","R","T","R","?","M","M","E","R","B",null,"M","M","?","$","$","R","E"],"character_chosen":"IRONCLAD","items_purchased":["Disarm","Flame Barrier"],"campfire_rested":1,"item_purchase_floors":[7,21],"current_hp_per_floor":[74,75,75,68,35,35,35,35,35,35,35,32,38,16,16,16,60,33,25,25,25,25,48,0,0],"gold":6,"neow_bonus":"THREE_ENEMY_KILL","is_daily":false,"chose_seed":false,"campfire_upgraded":4,"win_rate":0.0,"timestamp":1613101952,"path_taken":["M","M","M","M","M","R","$","R","T","R","?","?","M","E","R","BOSS","M","M","?","?","$","R","E"],"items_purchased_type":["Card","Card"],"build_version":"2020-12-22","purchased_purges":2,"victory":false,"max_hp_per_floor":[75,75,75,75,75,75,75,75,75,75,75,75,75,75,75,75,75,78,78,78,78,78,78,81,81],"relic_stats":{"counters":[12,53],"obtain_stats":[{"Lantern":9,"NeowsBlessing":0,"Fusion Hammer":17,"Omamori":14,"Burning Blood":0},{"Lantern":5,"NeowsBlessing":0,"Fusion Hammer":9,"Omamori":8,"Burning Blood":0},{"Lantern":14,"NeowsBlessing":0,"Fusion Hammer":37,"Omamori":28,"Burning Blood":0}],"Burning Blood":55},"card_choices":[{"not_picked":["Pummel","Uppercut"],"picked":"Battle Trance","floor":1},{"not_picked":["Iron Wave","Intimidate"],"picked":"Armaments","floor":2},{"not_picked":["Headbutt","Clash"],"picked":"Bloodletting","floor":3},{"not_picked":["Seeing Red","Clash"],"picked":"Rampage","floor":4},{"not_picked":["Heavy Blade","Intimidate"],"picked":"Spot Weakness","floor":5},{"not_picked":["Clash","Entrench"],"picked":"Wild Strike","floor":12},{"not_picked":["Warcry","Armaments"],"picked":"True Grit","floor":13},{"not_picked":["Dark Embrace","Wild Strike"],"picked":"Armaments","floor":14},{"not_picked":["Impervious","Brutality"],"picked":"Feed","floor":16},{"not_picked":["Rage","Anger+1","Bloodletting"],"picked":"SKIP","floor":18},{"not_picked":["Iron Wave","Clothesline"],"picked":"Shockwave","floor":19}],"player_experience":1462076,"relics_obtained":[{"floor":9,"key":"Lantern"},{"floor":14,"key":"Omamori"}],"event_choices":[{"damage_healed":0,"gold_gain":0,"player_choice":"Upgraded","damage_taken":0,"max_hp_gain":0,"max_hp_loss":0,"event_name":"Upgrade Shrine","floor":11,"gold_loss":0,"cards_upgraded":["Bloodletting"]},{"damage_healed":0,"gold_gain":0,"player_choice":"0 cards matched","damage_taken":0,"max_hp_gain":0,"max_hp_loss":0,"event_name":"Match and Keep!","floor":20,"gold_loss":0,"cards_obtained":[]}],"is_beta":false,"boss_relics":[{"not_picked":["Black Star","Black Blood"],"picked":"Fusion Hammer"}],"items_purged_floors":[7,21],"is_endless":false,"potions_floor_spawned":[1,4,12],"killed_by":"Slavers","ascension_level":20}}