{"host":"sav7uxregyirlf69","time":1613173030,"event":{"mods":["AchievementEnabler","BaseMod","Colored Map","DeckTracker","Keyboard Shortcuts","Minty Spire (QoL Compilation)","READ ME - Guardian Mod","StSLib","SuperFastMode"],"gold_per_floor":[125,153,228,84,104,104,124,155,180,180,80,109,134,161,161,161,161],"floor_reached":16,"language":"KOR","playtime":271,"items_purged":["Strike_B","Strike_B"],"score":208,"play_id":"74f49c29-eb0b-468f-80fd-d6aa14459533","local_time":"20210213083710","is_ascension_mode":true,"campfire_choices":[{"data":"Chaos","floor":6,"key":"SMITH"},{"floor":10,"key":"REST"},{"data":"Defragment","floor":15,"key":"SMITH"}],"circlet_count":0,"master_deck":["AscendersBane","Strike_B","Strike_B","Defend_B","Defend_B","Defend_B","Defend_B","Zap","Dualcast","Cold Snap","Gash","Defragment+1","Chaos+1","Coolheaded","Recycle","Go for the Eyes","Sunder"],"relics":["Cracked Core","CeramicFish","Regal Pillow","Ancient Tea Set"],"acts_visited":["Exordium"],"potions_floor_usage":[16,16],"damage_taken":[{"damage":4,"enemies":"Small Slimes","floor":1,"turns":3},{"damage":4,"enemies":"Jaw Worm","floor":2,"turns":3},{"damage":0,"enemies":"Cultist","floor":5,"turns":3},{"damage":26,"enemies":"3 Louse","floor":7,"turns":3},{"damage":7,"enemies":"Lagavulin","floor":8,"turns":7},{"damage":15,"enemies":"Exordium Thugs","floor":12,"turns":6},{"damage":9,"enemies":"2 Fungi Beasts","floor":13,"turns":4},{"damage":0,"enemies":"Looter","floor":14,"turns":3},{"damage":41,"enemies":"Slime Boss","floor":16,"turns":9}],"seed_played":"6369253019025241609","potions_obtained":[{"floor":8,"key":"Dexterity Potion"},{"floor":12,"key":"Weak Potion"},{"floor":13,"key":"Regen Potion"}],"is_trial":false,"path_per_floor":["M","M","?","$","M","R","M","E","T","R","$","M","M","M","R","B"],"character_chosen":"DEFECT","items_purchased":["Defragment"],"campfire_rested":1,"item_purchase_floors":[4],"current_hp_per_floor":[60,56,45,45,45,45,19,12,12,48,48,33,24,24,24,0,0],"gold":161,"neow_bonus":"RANDOM_COMMON_RELIC","is_daily":false,"chose_seed":false,"campfire_upgraded":2,"win_rate":0.0,"timestamp":1613173030,"path_taken":["M","M","?","$","M","R","M","E","T","R","?","?","M","M","R","BOSS"],"items_purchased_type":["Card"],"build_version":"2020-12-22","purchased_purges":2,"victory":false,"max_hp_per_floor":[71,71,71,71,71,71,71,71,71,71,71,71,71,71,71,71,71],"card_choices":[{"not_picked":["Recycle","Consume"],"picked":"Cold Snap","floor":1},{"not_picked":["Hologram","Stack"],"picked":"Gash","floor":2},{"not_picked":["Beam Cell","Fusion"],"picked":"Chaos","floor":5},{"not_picked":["Stack","Redo"],"picked":"Coolheaded","floor":7},{"not_picked":["Gash","Amplify","Conserve Battery"],"picked":"SKIP","floor":8},{"not_picked":["Leap","Sweeping Beam"],"picked":"Recycle","floor":12},{"not_picked":["Turbo","Barrage"],"picked":"Go for the Eyes","floor":13},{"not_picked":["Heatsinks","Reprogram"],"picked":"Sunder","floor":14}],"player_experience":1559089,"relics_obtained":[{"floor":8,"key":"Regal Pillow"},{"floor":9,"key":"Ancient Tea Set"}],"event_choices":[{"damage_healed":0,"gold_gain":75,"player_choice":"Gather Gold","damage_taken":11,"max_hp_gain":0,"max_hp_loss":0,"event_name":"World of Goop","floor":3,"gold_loss":0}],"is_beta":false,"boss_relics":[],"items_purged_floors":[4,11],"is_endless":false,"potions_floor_spawned":[8,12,13],"killed_by":"Slime Boss","ascension_level":20}}