{"host":"0mk07bycsqo1qk03","time":1613145241,"event":{"mods":["BaseMod","Downfall","Hermit","Hubris","Minty Spire (QoL Compilation)","Reliquary","Replay The Spire","StSLib","The Cursed"],"gold_per_floor":[109,125,144,144,157,192,192,42,118,134,134,167,187,216,216,319,319,335,335,353,245,245,273,287,287,314,342,367,379,407,429,441,453,453],"floor_reached":33,"language":"ENG","playtime":2107,"items_purged":["Strike_B"],"score":576,"play_id":"d3b5ac0a-1fad-4c6e-ac0a-9d144a49e1a3","local_time":"20210212165401","is_ascension_mode":true,"campfire_choices":[{"data":"Hologram","floor":7,"key":"SMITH"},{"floor":11,"key":"REST"},{"data":"Skim","floor":15,"key":"SMITH"},{"floor":25,"key":"REST"},{"data":"Dualcast","floor":29,"key":"SMITH"},{"floor":32,"key":"REST"}],"circlet_count":0,"master_deck":["AscendersBane","Strike_B","Strike_B","Defend_B","Defend_B","Defend_B","Defend_B","Zap","Dualcast+1","Streamline","Gash","Rebound","Hologram+1","Skim+1","Conserve Battery","Glacier","Leap","Streamline","Buffer","Skim+1","ReplayGash","Hologram+1","Hologram+1","Go for the Eyes"],"relics":["FrozenCore","NeowsBlessing","Thread and Needle","Replay:Bottled Snecko","reliquary:PartyBalloon","ReplayTheSpireMod:TigerMarble","Pet Ghost","MealTicket","MawBank"],"acts_visited":["Exordium","TheCity"],"potions_floor_usage":[5,10,10,10,10,10,10,12,12,16,20,23,24,27,28],"damage_taken":[{"damage":0,"enemies":"Cultist","floor":1,"turns":1},{"damage":0,"enemies":"Jaw Worm","floor":2,"turns":1},{"damage":0,"enemies":"2 Louse","floor":3,"turns":1},{"damage":4,"enemies":"Red Slaver","floor":5,"turns":3},{"damage":33,"enemies":"Gremlin Nob","floor":6,"turns":4},{"damage":16,"enemies":"Lots of Slimes","floor":10,"turns":11},{"damage":6,"enemies":"3 Sentries","floor":12,"turns":5},{"damage":0,"enemies":"Looter","floor":13,"turns":3},{"damage":0,"enemies":"Replay:BlueRogue","floor":14,"turns":10},{"damage":13,"enemies":"Slime Boss","floor":16,"turns":12},{"damage":18,"enemies":"Chosen","floor":18,"turns":8},{"damage":3,"enemies":"Shell Parasite","floor":20,"turns":9},{"damage":0,"enemies":"Slavers","floor":23,"turns":8},{"damage":35,"enemies":"Cultist and Chosen","floor":24,"turns":9},{"damage":0,"enemies":"Replay:Snechameleon","floor":27,"turns":13},{"damage":6,"enemies":"Centurion and Healer","floor":28,"turns":10},{"damage":0,"enemies":"Snake Plant","floor":30,"turns":9},{"damage":0,"enemies":"Shelled Parasite and Fungi","floor":31,"turns":8},{"damage":67,"enemies":"hubris:MusketHawk","floor":33,"turns":11}],"seed_played":"5007128299121975680","potions_obtained":[{"floor":1,"key":"Explosive Potion"},{"floor":6,"key":"ColorlessPotion"},{"floor":10,"key":"Dexterity Potion"},{"floor":14,"key":"FearPotion"},{"floor":16,"key":"hexamod:SoulburnPotion"},{"floor":18,"key":"LiquidMemories"},{"floor":24,"key":"hexamod:SoulburnPotion"},{"floor":27,"key":"DistilledChaos"}],"is_trial":false,"path_per_floor":["M","M","M","?","M","E","R","$","T","M","R","E","M","E","R","B",null,"M","?","M","$","?","E","M","R","T","E","M","R","M","M","R","B"],"character_chosen":"DEFECT","items_purchased":["Skim","ReplayGash","Hologram+1"],"campfire_rested":3,"item_purchase_floors":[8,21,21],"current_hp_per_floor":[68,68,68,68,64,31,31,31,31,15,37,31,31,31,31,18,61,43,43,40,40,40,40,5,27,27,27,21,21,21,21,43,0,0],"gold":453,"neow_bonus":"THREE_ENEMY_KILL","is_daily":false,"chose_seed":false,"campfire_upgraded":3,"win_rate":0.0,"timestamp":1613145241,"path_taken":["M","M","?","?","?","E","R","$","T","M","R","E","M","E","R","BOSS","M","?","M","$","?","E","M","R","T","E","?","R","?","M","R","BOSS"],"items_purchased_type":["Card","Card","Card"],"build_version":"2020-12-22","purchased_purges":1,"victory":false,"max_hp_per_floor":[75,75,75,75,75,75,75,75,75,75,75,75,75,75,75,75,75,75,75,75,75,75,75,75,75,75,75,75,75,75,75,75,75,75],"card_choices":[{"not_picked":["Scrape","Compile Driver"],"picked":"Streamline","floor":1},{"not_picked":["ReplaySolidLightProjector","Rebound"],"picked":"Gash","floor":2},{"not_picked":["Barrage","Double Energy"],"picked":"Rebound","floor":3},{"not_picked":["Reprogram","Consume"],"picked":"Hologram","floor":5},{"not_picked":["Stack","Capacitor","Steam"],"picked":"SKIP","floor":6},{"not_picked":["hubris:PowerSurge","Tempest"],"picked":"Conserve Battery","floor":10},{"not_picked":["Panic Button","Steam Power"],"picked":"Glacier","floor":12},{"not_picked":["Aggregate","Time Bomb"],"picked":"Leap","floor":13},{"not_picked":["Leap","Ball Lightning"],"picked":"Streamline","floor":14},{"not_picked":["hubris:SpecializedCircuitry","Rainbow"],"picked":"Buffer","floor":16},{"not_picked":["Time Bomb","ReplaySolidLightProjector+1"],"picked":"Skim+1","floor":18},{"not_picked":["Compile Driver","Cold Snap","Crystallizer"],"picked":"SKIP","floor":20},{"not_picked":["Lockon+1","Cold Snap","Doom and Gloom+1"],"picked":"SKIP","floor":23},{"not_picked":["Aggregate+1","Hologram"],"picked":"Go for the Eyes","floor":24},{"not_picked":["Conserve Battery","Barrage","Chaos"],"picked":"SKIP","floor":27},{"not_picked":["BasicCrystalCard","Turbo+1","Streamline"],"picked":"SKIP","floor":28},{"not_picked":["Tempest","Reprogram","ReplayTheSpireMod:Reroute Power"],"picked":"SKIP","floor":30},{"not_picked":["Compile Driver","Rebound+1","Coolheaded"],"picked":"SKIP","floor":31}],"player_experience":1045426,"relics_obtained":[{"floor":6,"key":"Thread and Needle"},{"floor":9,"key":"Replay:Bottled Snecko"},{"floor":12,"key":"reliquary:PartyBalloon"},{"floor":14,"key":"ReplayTheSpireMod:TigerMarble"},{"floor":23,"key":"Pet Ghost"},{"floor":26,"key":"MealTicket"},{"floor":27,"key":"MawBank"}],"event_choices":[{"cards_removed":["Strike_B"],"damage_healed":0,"gold_gain":0,"player_choice":"Offered Basic","damage_taken":0,"max_hp_gain":0,"max_hp_loss":0,"event_name":"Bonfire Elementals","floor":4,"gold_loss":0},{"damage_healed":0,"gold_gain":0,"player_choice":"Ignored","damage_taken":0,"max_hp_gain":0,"max_hp_loss":0,"event_name":"Ghosts","floor":19,"gold_loss":0},{"damage_healed":0,"gold_gain":0,"player_choice":"Copied","damage_taken":0,"max_hp_gain":0,"max_hp_loss":0,"event_name":"Duplicator","floor":22,"gold_loss":0,"cards_obtained":["Hologram"]}],"is_beta":false,"boss_relics":[{"not_picked":["SacredBark","Pandora\u0027s Box"],"picked":"FrozenCore"}],"items_purged_floors":[8],"is_endless":false,"potions_floor_spawned":[1,6,10,14,16,18,24,27],"killed_by":"hubris:MusketHawk","ascension_level":10}}