{"host":"xb2tau8pgi8aflss","time":1613109633,"event":{"mods":["AchievementEnabler","BaseMod","Hermit","Minty Spire (QoL Compilation)","StSLib","SuperFastMode"],"gold_per_floor":[117,117,133,44,219,248,248,289,289,311,91,91,131,151,151,151,151],"floor_reached":16,"language":"KOR","playtime":567,"items_purged":[],"score":142,"play_id":"e9368b89-d83a-48e2-a2d9-cfe5ef3b7d2e","local_time":"20210212150033","is_ascension_mode":true,"campfire_choices":[{"data":"hermit:Gestalt","floor":7,"key":"SMITH"},{"floor":12,"key":"REST"},{"data":"hermit:Dive","floor":15,"key":"SMITH"}],"circlet_count":0,"master_deck":["hermit:Strike_Hermit","hermit:Strike_Hermit","hermit:Strike_Hermit","hermit:Defend_Hermit","hermit:Defend_Hermit","hermit:Defend_Hermit","hermit:Defend_Hermit","hermit:Snapshot","hermit:Covet","hermit:Gestalt+1","hermit:Gestalt","hermit:BigShot","hermit:LowProfile","Doubt","hermit:Gestalt","hermit:Dive+1","hermit:Determination","hermit:RoundhouseKick","hermit:Desperado","hermit:Virtue"],"relics":["hermit:Momento","Gremlin Horn","CeramicFish","Oddly Smooth Stone","Strange Spoon","Bag of Preparation"],"acts_visited":["Exordium"],"potions_floor_usage":[6,13,16],"damage_taken":[{"damage":2,"enemies":"Jaw Worm","floor":1,"turns":3},{"damage":0,"enemies":"Cultist","floor":3,"turns":4},{"damage":4,"enemies":"Lagavulin","floor":6,"turns":8},{"damage":47,"enemies":"3 Sentries","floor":8,"turns":15},{"damage":1,"enemies":"Small Slimes","floor":10,"turns":4},{"damage":5,"enemies":"Gremlin Nob","floor":13,"turns":7},{"damage":3,"enemies":"2 Fungi Beasts","floor":14,"turns":6},{"damage":32,"enemies":"Hexaghost","floor":16,"turns":11}],"seed_played":"-8731880938995254514","potions_obtained":[{"floor":1,"key":"Fire Potion"},{"floor":3,"key":"Weak Potion"},{"floor":14,"key":"ColorlessPotion"}],"is_trial":false,"path_per_floor":["M","?","M","$","?","E","R","E","T","M","$","R","E","M","R","B"],"character_chosen":"HERMIT","items_purchased":["hermit:BigShot","hermit:LowProfile","hermit:RoundhouseKick","Strange Spoon"],"campfire_rested":1,"item_purchase_floors":[4,4,11,11],"current_hp_per_floor":[66,66,66,66,66,62,62,15,15,14,14,40,35,32,32,0,0],"gold":151,"neow_bonus":"TWENTY_PERCENT_HP_BONUS","is_daily":false,"chose_seed":false,"campfire_upgraded":2,"win_rate":0.0,"timestamp":1613109633,"path_taken":["M","?","?","$","?","E","R","E","T","M","$","R","E","M","R","BOSS"],"items_purchased_type":["Card","Card","Card","Relic"],"build_version":"2020-12-22","purchased_purges":0,"victory":false,"max_hp_per_floor":[89,89,89,89,89,89,89,89,89,89,89,89,89,89,89,89,89],"card_choices":[{"not_picked":["hermit:NoHoldsBarred","hermit:LoneWolf"],"picked":"hermit:Gestalt","floor":1},{"not_picked":["hermit:Snipe","hermit:BodyArmor"],"picked":"hermit:Gestalt","floor":3},{"not_picked":["hermit:CalledShot","hermit:TrackingShot"],"picked":"hermit:Gestalt","floor":6},{"not_picked":["hermit:Glare","hermit:Coalescence"],"picked":"hermit:Dive","floor":8},{"not_picked":["hermit:CalledShot","hermit:SprayPray"],"picked":"hermit:Determination","floor":10},{"not_picked":["hermit:Roulette","hermit:FullyLoaded"],"picked":"hermit:Desperado","floor":13},{"not_picked":["hermit:Coalescence","hermit:GhostlyPresence"],"picked":"hermit:Virtue","floor":14}],"player_experience":827590,"relics_obtained":[{"floor":6,"key":"Gremlin Horn"},{"floor":8,"key":"CeramicFish"},{"floor":9,"key":"Oddly Smooth Stone"},{"floor":13,"key":"Bag of Preparation"}],"event_choices":[{"cards_removed":["hermit:Strike_Hermit"],"damage_healed":0,"gold_gain":0,"player_choice":"Offered Basic","damage_taken":0,"max_hp_gain":0,"max_hp_loss":0,"event_name":"Bonfire Elementals","floor":2,"gold_loss":0},{"damage_healed":0,"gold_gain":175,"player_choice":"AGREE","damage_taken":0,"max_hp_gain":0,"max_hp_loss":0,"event_name":"Liars Game","floor":5,"gold_loss":0,"cards_obtained":["Doubt"]}],"is_beta":false,"boss_relics":[],"items_purged_floors":[],"is_endless":false,"potions_floor_spawned":[1,3,14],"killed_by":"Hexaghost","ascension_level":4}}