{"host":"188x3om7sf6mgxv1","time":1613162337,"event":{"mods":["BaseMod","Block Reminder","Jorbs\u0027s Wanderer Trilogy","Minty Spire (QoL Compilation)","Relic Stats","StSLib"],"gold_per_floor":[109,109,122,145,169,208,208,246,246,277,40,0,0,0,0,123,123,138,151,151,169,169,169,208,208,235,235,235],"floor_reached":27,"language":"ENG","playtime":789,"items_purged":[],"score":336,"play_id":"f3143529-b526-4471-9b4e-df5b2411bc01","local_time":"20210212153857","is_ascension_mode":true,"campfire_choices":[{"data":"Whirlwind","floor":7,"key":"SMITH"},{"floor":13,"key":"REST"},{"data":"Flame Barrier","floor":15,"key":"SMITH"},{"floor":23,"key":"REST"},{"floor":25,"key":"REST"}],"circlet_count":0,"master_deck":["Defend_R","Defend_R","Defend_R","Defend_R","Bash","Whirlwind+1","Inflame","Headbutt","Perfected Strike","Demon Form","Clothesline","Flame Barrier+1","Corruption+1","Pummel","Disarm","Bite","Bite","Bite","Bite","Bite","Pommel Strike","Feed"],"relics":["SlaversCollar","Golden Idol","Dream Catcher","Akabeko","Frozen Egg 2","Blue Candle","Anchor","Velvet Choker","Shuriken","Lantern","Potion Belt"],"acts_visited":["Exordium","TheCity"],"potions_floor_usage":[18,19,24,27],"damage_taken":[{"damage":7,"enemies":"Jaw Worm","floor":1,"turns":6},{"damage":7,"enemies":"Small Slimes","floor":3,"turns":3},{"damage":1,"enemies":"Cultist","floor":4,"turns":3},{"damage":18,"enemies":"Large Slime","floor":5,"turns":7},{"damage":8,"enemies":"Gremlin Nob","floor":6,"turns":3},{"damage":10,"enemies":"Lagavulin","floor":8,"turns":5},{"damage":17,"enemies":"Gremlin Nob","floor":10,"turns":4},{"damage":32,"enemies":"The Guardian","floor":16,"turns":8},{"damage":4,"enemies":"Chosen","floor":18,"turns":4},{"damage":2,"enemies":"3 Byrds","floor":19,"turns":4},{"damage":33,"enemies":"Cultist and Chosen","floor":21,"turns":6},{"damage":18,"enemies":"Slavers","floor":24,"turns":3},{"damage":49,"enemies":"Gremlin Leader","floor":27,"turns":4}],"seed_played":"7284344617118318543","potions_obtained":[{"floor":1,"key":"ElixirPotion"},{"floor":4,"key":"BloodPotion"},{"floor":16,"key":"CultistPotion"},{"floor":18,"key":"SkillPotion"},{"floor":24,"key":"Weak Potion"}],"is_trial":false,"path_per_floor":["M","?","M","M","M","E","R","E","T","E","$","?","R","?","R","B",null,"M","M","?","M","T","R","E","R","T","E"],"character_chosen":"IRONCLAD","items_purchased":["Flame Barrier","Anchor"],"campfire_rested":3,"item_purchase_floors":[11,11],"current_hp_per_floor":[73,73,66,65,47,39,39,29,29,12,12,12,34,58,58,26,62,72,70,51,24,24,39,23,38,38,0,0],"gold":235,"neow_bonus":"BOSS_RELIC","is_daily":false,"chose_seed":false,"campfire_upgraded":2,"win_rate":0.0,"timestamp":1613162337,"path_taken":["M","?","M","M","M","E","R","E","T","E","$","?","R","?","R","BOSS","M","M","?","M","?","R","E","R","T","E"],"items_purchased_type":["Card","Relic"],"build_version":"2020-12-22","purchased_purges":0,"victory":false,"max_hp_per_floor":[80,74,74,74,74,74,74,74,74,74,74,74,74,74,74,74,74,74,74,51,51,51,51,51,51,51,51,51],"relic_stats":{"Dream Catcher":3,"counters":[13,60],"Golden Idol":78,"Shuriken":[4],"Blue Candle":[0],"obtain_stats":[{"Potion Belt":26,"SlaversCollar":0,"Dream Catcher":6,"Anchor":11,"Lantern":24,"Golden Idol":2,"Shuriken":22,"Blue Candle":10,"Velvet Choker":17,"Frozen Egg 2":9,"Burning Blood":0,"Akabeko":8},{"Potion Belt":12,"SlaversCollar":0,"Dream Catcher":5,"Anchor":7,"Lantern":12,"Golden Idol":1,"Shuriken":11,"Blue Candle":7,"Velvet Choker":8,"Frozen Egg 2":6,"Burning Blood":0,"Akabeko":6},{"Potion Belt":56,"SlaversCollar":0,"Dream Catcher":22,"Anchor":31,"Lantern":56,"Golden Idol":6,"Shuriken":53,"Blue Candle":31,"Velvet Choker":39,"Frozen Egg 2":27,"Burning Blood":0,"Akabeko":27}]},"card_choices":[{"not_picked":["Iron Wave","Heavy Blade"],"picked":"Whirlwind","floor":1},{"not_picked":["Shrug It Off","Wild Strike"],"picked":"Inflame","floor":3},{"not_picked":["Entrench","Flex"],"picked":"Headbutt","floor":4},{"not_picked":["Flex","Sword Boomerang"],"picked":"Perfected Strike","floor":5},{"not_picked":["Flex","Entrench"],"picked":"Demon Form","floor":6},{"not_picked":["Fire Breathing","Wild Strike"],"picked":"Clothesline","floor":8},{"not_picked":["Sentinel","Headbutt","Warcry"],"picked":"SKIP","floor":10},{"not_picked":["Double Tap","Impervious"],"picked":"Corruption+1","floor":16},{"not_picked":["Cleave","Clothesline+1"],"picked":"Pummel","floor":18},{"not_picked":["Flex","Armaments"],"picked":"Disarm","floor":19},{"not_picked":["Rage","Thunderclap"],"picked":"Pommel Strike","floor":21},{"not_picked":["Perfected Strike","Sword Boomerang"],"picked":"Feed","floor":24}],"player_experience":70655,"relics_obtained":[{"floor":6,"key":"Dream Catcher"},{"floor":8,"key":"Akabeko"},{"floor":9,"key":"Frozen Egg 2"},{"floor":10,"key":"Blue Candle"},{"floor":22,"key":"Shuriken"},{"floor":24,"key":"Lantern"},{"floor":26,"key":"Potion Belt"}],"event_choices":[{"damage_healed":0,"gold_gain":0,"player_choice":"Lose Max HP","damage_taken":0,"relics_obtained":["Golden Idol"],"max_hp_gain":0,"max_hp_loss":6,"event_name":"Golden Idol","floor":2,"gold_loss":0},{"damage_healed":0,"gold_gain":0,"player_choice":"Left Gold","damage_taken":0,"max_hp_gain":0,"max_hp_loss":0,"event_name":"World of Goop","floor":12,"gold_loss":40},{"damage_healed":24,"gold_gain":0,"player_choice":"Banana","damage_taken":0,"max_hp_gain":0,"max_hp_loss":0,"event_name":"Big Fish","floor":14,"gold_loss":0},{"damage_healed":0,"gold_gain":0,"player_choice":"Became a vampire","damage_taken":0,"max_hp_gain":0,"max_hp_loss":23,"event_name":"Vampires","floor":20,"gold_loss":0,"cards_obtained":["Bite","Bite","Bite","Bite","Bite"]}],"is_beta":false,"boss_relics":[{"not_picked":["Sozu","Astrolabe"],"picked":"Velvet Choker"}],"items_purged_floors":[],"is_endless":false,"potions_floor_spawned":[1,4,16,18,24],"killed_by":"Gremlin Leader","ascension_level":5}}