{"host":"Jedit","time":1613171347,"event":{"mods":["BaseMod","Minty Spire (QoL Compilation)","Relic Stats","StSLib"],"gold_per_floor":[109,34,34,34,57,57,90,113,139,173,323,323,323],"floor_reached":12,"language":"ENG","playtime":364,"items_purged":[],"score":222,"play_id":"f6ecedfe-f361-412c-88de-2e67722e129c","local_time":"20210212230907","is_ascension_mode":true,"campfire_choices":[{"data":"Well Laid Plans","floor":6.0,"key":"SMITH"}],"circlet_count":0,"master_deck":["AscendersBane","Strike_G","Strike_G","Strike_G","Strike_G","Strike_G","Defend_G","Defend_G","Defend_G","Survivor","Neutralize","Well Laid Plans+1","Leg Sweep","Bane","Flechettes","Finisher","Doubt"],"relics":["Ring of the Snake","NeowsBlessing","Golden Idol","Potion Belt","Oddly Smooth Stone","Strawberry"],"acts_visited":["Exordium"],"potions_floor_usage":[],"damage_taken":[{"damage":0.0,"enemies":"2 Louse","floor":1.0,"turns":1.0},{"damage":0.0,"enemies":"Small Slimes","floor":5.0,"turns":1.0},{"damage":0.0,"enemies":"3 Sentries","floor":7.0,"turns":1.0},{"damage":4.0,"enemies":"Jaw Worm","floor":8.0,"turns":6.0},{"damage":17.0,"enemies":"Gremlin Nob","floor":10.0,"turns":4.0},{"damage":33,"enemies":"Lagavulin","floor":12,"turns":11}],"seed_played":"-6922218943016611489","potions_obtained":[{"floor":1.0,"key":"CunningPotion"},{"floor":5.0,"key":"ColorlessPotion"}],"is_trial":false,"path_per_floor":["M","?","?","?","M","R","E","M","T","E","?","E"],"character_chosen":"THE_SILENT","items_purchased":[],"campfire_rested":0,"item_purchase_floors":[],"current_hp_per_floor":[59,59,59,52,52,52,52,48,48,38,38,5,5],"gold":323,"neow_bonus":"THREE_ENEMY_KILL","is_daily":false,"chose_seed":false,"campfire_upgraded":1,"win_rate":0.0,"timestamp":1613171347,"path_taken":["M","?","?","?","M","R","E","M","T","E","?","E"],"items_purchased_type":[],"build_version":"2020-12-18","purchased_purges":0,"victory":false,"max_hp_per_floor":[66,66,60,60,60,60,60,60,60,67,67,67,67],"relic_stats":{"counters":[6,24],"Golden Idol":24,"obtain_stats":[{"Potion Belt":7,"NeowsBlessing":0,"Golden Idol":3,"Strawberry":10,"Oddly Smooth Stone":9,"Ring of the Snake":0},{"Potion Belt":3,"NeowsBlessing":0,"Golden Idol":1,"Strawberry":5,"Oddly Smooth Stone":4,"Ring of the Snake":0},{"Potion Belt":3,"NeowsBlessing":0,"Golden Idol":1,"Strawberry":13,"Oddly Smooth Stone":9,"Ring of the Snake":0}],"Ring of the Snake":[12]},"card_choices":[{"not_picked":["Distraction","Outmaneuver"],"picked":"Well Laid Plans","floor":1.0},{"not_picked":["Distraction","Quick Slash"],"picked":"Leg Sweep","floor":5.0},{"not_picked":["Caltrops","Distraction"],"picked":"Bane","floor":7.0},{"not_picked":["Catalyst","Bane"],"picked":"Flechettes","floor":8.0},{"not_picked":["Sucker Punch","Heel Hook"],"picked":"Finisher","floor":10.0}],"player_experience":3480937,"relics_obtained":[{"floor":7.0,"key":"Potion Belt"},{"floor":9.0,"key":"Oddly Smooth Stone"},{"floor":10.0,"key":"Strawberry"}],"event_choices":[{"cards_removed":["Defend_G"],"damage_healed":0.0,"max_hp_gain":0.0,"max_hp_loss":0.0,"gold_gain":0.0,"event_name":"The Cleric","player_choice":"Card Removal","floor":2.0,"gold_loss":75.0,"damage_taken":0.0},{"damage_healed":0.0,"max_hp_gain":0.0,"max_hp_loss":6.0,"gold_gain":0.0,"event_name":"Golden Idol","player_choice":"Lose Max HP","floor":3.0,"gold_loss":0.0,"damage_taken":0.0,"relics_obtained":["Golden Idol"]},{"cards_removed":["Defend_G"],"damage_healed":0.0,"max_hp_gain":0.0,"max_hp_loss":0.0,"gold_gain":0.0,"event_name":"Golden Wing","player_choice":"Card Removal","floor":4.0,"gold_loss":0.0,"damage_taken":7.0},{"damage_healed":0.0,"max_hp_gain":0.0,"max_hp_loss":0.0,"gold_gain":150.0,"event_name":"Liars Game","player_choice":"AGREE","floor":11.0,"gold_loss":0.0,"damage_taken":0.0,"cards_obtained":["Doubt"]}],"is_beta":true,"boss_relics":[],"items_purged_floors":[],"is_endless":false,"potions_floor_spawned":[1,5],"killed_by":"Lagavulin","ascension_level":20}}