{"host":"p8bnstsjdxjza4jm","time":1613140507,"event":{"mods":["BaseMod","Colored Powertips","Marisa£¨Ùöéë¡¡Øª×âÞÞ£©","Minty Spire (QoL Compilation)","Quick Restart","StSLib"],"gold_per_floor":[217,217,31,31,31,31,31,61,113,126,145,145,75,75,75,174,174,174],"floor_reached":17,"language":"KOR","playtime":461,"items_purged":["Heavy Blade"],"score":166,"play_id":"019dd5f1-5ac3-4ac8-aa71-774ed302b08c","local_time":"20210212233507","is_ascension_mode":true,"campfire_choices":[{"data":"Reckless Charge","floor":6,"key":"SMITH"},{"floor":15,"key":"REST"}],"circlet_count":0,"master_deck":["Fire Breathing","Reckless Charge+1","Evolve","Burning Pact","Double Tap","Infernal Blade","Headbutt","Clothesline","Combust","Impervious","Battle Trance"],"relics":["Burning Blood","Champion Belt","Regal Pillow","Pandora\u0027s Box"],"acts_visited":["Exordium","TheCity"],"potions_floor_usage":[10,16],"damage_taken":[{"damage":9,"enemies":"Jaw Worm","floor":1,"turns":4},{"damage":36,"enemies":"Lagavulin","floor":8,"turns":5},{"damage":0,"enemies":"2 Louse","floor":10,"turns":2},{"damage":6,"enemies":"Small Slimes","floor":11,"turns":3},{"damage":70,"enemies":"Hexaghost","floor":16,"turns":11}],"seed_played":"-1759687926656096509","potions_obtained":[{"floor":8,"key":"DistilledChaos"},{"floor":11,"key":"Strength Potion"}],"is_trial":false,"path_per_floor":["M","?","$","?","$","R","?","E","T","M","M","?","$","?","R","B",null],"character_chosen":"IRONCLAD","items_purchased":["Fire Breathing","Reckless Charge","Evolve"],"campfire_rested":1,"item_purchase_floors":[3,3,13],"current_hp_per_floor":[77,82,82,75,75,75,58,28,28,34,34,34,34,34,74,10,85,85],"gold":174,"neow_bonus":"HUNDRED_GOLD","is_daily":false,"chose_seed":false,"campfire_upgraded":1,"win_rate":0.0,"timestamp":1613140507,"path_taken":["M","?","$","?","$","R","?","E","T","M","?","?","$","?","R","BOSS"],"items_purchased_type":["Card","Card","Card"],"build_version":"2020-12-22","purchased_purges":1,"victory":false,"max_hp_per_floor":[80,85,85,85,85,85,85,85,85,85,85,85,85,85,85,85,85,85],"card_choices":[{"not_picked":["Clash","Flex"],"picked":"Heavy Blade","floor":1},{"not_picked":["Hemokinesis","Cleave","Sword Boomerang"],"picked":"SKIP","floor":8},{"not_picked":["Thunderclap","Blood for Blood","Havoc"],"picked":"SKIP","floor":10},{"not_picked":["Sword Boomerang","Ghostly Armor","Searing Blow"],"picked":"SKIP","floor":11}],"player_experience":98959,"relics_obtained":[{"floor":8,"key":"Champion Belt"},{"floor":9,"key":"Regal Pillow"}],"event_choices":[{"damage_healed":0,"gold_gain":0,"player_choice":"Donut","damage_taken":0,"max_hp_gain":5,"max_hp_loss":0,"event_name":"Big Fish","floor":2,"gold_loss":0},{"cards_removed":["Strike_R"],"damage_healed":0,"gold_gain":0,"player_choice":"Card Removal","damage_taken":7,"max_hp_gain":0,"max_hp_loss":0,"event_name":"Golden Wing","floor":4,"gold_loss":0},{"damage_healed":0,"gold_gain":0,"player_choice":"Entered Light","damage_taken":17,"max_hp_gain":0,"max_hp_loss":0,"event_name":"Shining Light","floor":7,"gold_loss":0,"cards_upgraded":["Defend_R","Strike_R"]},{"damage_healed":0,"gold_gain":0,"player_choice":"Ignored","damage_taken":0,"max_hp_gain":0,"max_hp_loss":0,"event_name":"Liars Game","floor":12,"gold_loss":0},{"cards_removed":["Bash"],"damage_healed":0,"gold_gain":0,"player_choice":"Offered Basic","damage_taken":0,"max_hp_gain":0,"max_hp_loss":0,"event_name":"Bonfire Elementals","floor":14,"gold_loss":0}],"is_beta":false,"boss_relics":[{"not_picked":["Runic Cube","Astrolabe"],"picked":"Pandora\u0027s Box"}],"items_purged_floors":[3],"is_endless":false,"potions_floor_spawned":[8,11],"ascension_level":2}}