{"host":"6r762osam2bvfm66","time":1613136021,"event":{"mods":["BaseMod","Bestiary","Colored Map","Highlight Path","Minty Spire (QoL Compilation)","Relic Stats"],"gold_per_floor":[111,36,48,61,72,72,85,111,111,111,111,123,35,71,71,196,196,211,226,276,291,306,306,88,101,127,127,127],"floor_reached":27,"language":"ENG","playtime":1543,"items_purged":["Normality"],"score":270,"play_id":"1c9942ac-f935-456c-8f74-653abe8844c0","local_time":"20210212072021","is_ascension_mode":true,"campfire_choices":[{"data":"Streamline","floor":6,"key":"SMITH"},{"data":"Seek","floor":15,"key":"SMITH"},{"floor":23,"key":"REST"}],"circlet_count":0,"master_deck":["Strike_B","Strike_B","Strike_B","Strike_B","Defend_B","Defend_B","Defend_B+1","Defend_B","Zap","Dualcast","Thinking Ahead","Cold Snap","Streamline+1","Beam Cell","Leap","Seek+1","Reinforced Body","Sweeping Beam","Coolheaded","Echo Form","Steam+1","Go for the Eyes+1","Skim","Auto Shields"],"relics":["Cracked Core","Omamori","Bag of Marbles","Golden Idol","MawBank","Bottled Lightning","Sozu","War Paint","Tiny Chest"],"acts_visited":["Exordium","TheCity"],"potions_floor_usage":[27],"damage_taken":[{"damage":0,"enemies":"Cultist","floor":1,"turns":3},{"damage":0,"enemies":"2 Louse","floor":3,"turns":2},{"damage":0,"enemies":"Small Slimes","floor":4,"turns":2},{"damage":2,"enemies":"Blue Slaver","floor":5,"turns":3},{"damage":0,"enemies":"Large Slime","floor":7,"turns":3},{"damage":24,"enemies":"Lagavulin","floor":8,"turns":5},{"damage":16,"enemies":"Gremlin Nob","floor":14,"turns":4},{"damage":23,"enemies":"The Guardian","floor":16,"turns":14},{"damage":17,"enemies":"Shell Parasite","floor":18,"turns":5},{"damage":3,"enemies":"Chosen","floor":19,"turns":4},{"damage":10,"enemies":"Centurion and Healer","floor":21,"turns":6},{"damage":37,"enemies":"Snake Plant","floor":22,"turns":7},{"damage":14,"enemies":"Snecko","floor":25,"turns":5},{"damage":12,"enemies":"Gremlin Leader","floor":27,"turns":5}],"seed_played":"2502381472476196537","potions_obtained":[{"floor":3,"key":"BlessingOfTheForge"},{"floor":4,"key":"GamblersBrew"},{"floor":5,"key":"EntropicBrew"}],"is_trial":false,"path_per_floor":["M","$","M","M","M","R","M","E","T","?","?","$","$","E","R","B",null,"M","M","?","M","M","R","$","M","T","E"],"character_chosen":"DEFECT","items_purchased":["Sweeping Beam","Coolheaded","War Paint","Auto Shields"],"campfire_rested":1,"item_purchase_floors":[13,13,24,24],"current_hp_per_floor":[75,75,75,75,73,73,73,49,49,49,49,49,49,33,33,10,69,52,49,49,39,2,22,22,8,8,0,0],"gold":127,"neow_bonus":"RANDOM_COLORLESS_2","is_daily":false,"chose_seed":false,"campfire_upgraded":2,"win_rate":0.0,"timestamp":1613136021,"path_taken":["M","$","M","M","?","R","?","E","T","?","?","?","$","E","R","BOSS","M","M","?","?","M","R","$","M","T","E"],"items_purchased_type":["Card","Card","Relic","Card"],"build_version":"2020-12-22","purchased_purges":1,"victory":false,"max_hp_per_floor":[75,75,75,75,75,75,75,75,75,69,69,69,69,69,69,69,69,69,69,69,69,69,69,69,69,69,69,69],"relic_stats":{"Sozu":1,"counters":[14,68],"Golden Idol":47,"Tiny Chest":0,"War Paint":["Steam","Defend_B"],"MawBank":24,"obtain_stats":[{"Sozu":17,"Golden Idol":10,"Tiny Chest":26,"Omamori":8,"Bag of Marbles":9,"Bottled Lightning":14,"War Paint":24,"Cracked Core":0,"MawBank":11},{"Sozu":8,"Golden Idol":6,"Tiny Chest":13,"Omamori":6,"Bag of Marbles":6,"Bottled Lightning":7,"War Paint":12,"Cracked Core":0,"MawBank":6},{"Sozu":36,"Golden Idol":18,"Tiny Chest":63,"Omamori":18,"Bag of Marbles":18,"Bottled Lightning":22,"War Paint":58,"Cracked Core":0,"MawBank":18}]},"card_choices":[{"not_picked":["Violence","Sadistic Nature"],"picked":"Thinking Ahead","floor":0},{"not_picked":["Tempest","Go for the Eyes"],"picked":"Cold Snap","floor":1},{"not_picked":["Gash","Blizzard"],"picked":"Streamline","floor":3},{"not_picked":["Barrage","Lockon"],"picked":"Beam Cell","floor":4},{"not_picked":["Rip and Tear","Turbo"],"picked":"Leap","floor":5},{"not_picked":["Gash","Static Discharge"],"picked":"Seek","floor":7},{"not_picked":["Sweeping Beam","Darkness"],"picked":"Reinforced Body","floor":8},{"not_picked":["Reprogram","White Noise","Sweeping Beam"],"picked":"SKIP","floor":14},{"not_picked":["Meteor Strike","Machine Learning"],"picked":"Echo Form","floor":16},{"not_picked":["Beam Cell","Double Energy","Undo"],"picked":"SKIP","floor":18},{"not_picked":["Ball Lightning","Loop"],"picked":"Steam","floor":19},{"not_picked":["Beam Cell","Storm"],"picked":"Go for the Eyes+1","floor":21},{"not_picked":["Streamline","Conserve Battery"],"picked":"Skim","floor":22},{"not_picked":["Sweeping Beam","All For One","Gash"],"picked":"SKIP","floor":25}],"player_experience":82234,"relics_obtained":[{"floor":8,"key":"Omamori"},{"floor":9,"key":"Bag of Marbles"},{"floor":14,"key":"Bottled Lightning"},{"floor":26,"key":"Tiny Chest"}],"event_choices":[{"damage_healed":0,"gold_gain":0,"player_choice":"Lose Max HP","damage_taken":0,"relics_obtained":["Golden Idol"],"max_hp_gain":0,"max_hp_loss":6,"event_name":"Golden Idol","floor":10,"gold_loss":0},{"damage_healed":0,"gold_gain":0,"player_choice":"Box","damage_taken":0,"relics_obtained":["MawBank"],"max_hp_gain":0,"max_hp_loss":0,"event_name":"Big Fish","floor":11,"gold_loss":0,"cards_obtained":["Regret"]},{"damage_healed":0,"gold_gain":100,"player_choice":"Bet on Murderer","damage_taken":0,"max_hp_gain":0,"max_hp_loss":0,"event_name":"The Joust","floor":20,"gold_loss":50}],"is_beta":false,"boss_relics":[{"not_picked":["SacredBark","Busted Crown"],"picked":"Sozu"}],"items_purged_floors":[2],"is_endless":false,"potions_floor_spawned":[3,4,5,8,16,19,25],"killed_by":"Gremlin Leader","ascension_level":4}}