{"host":"ix07nhfx4o3nf6kx","time":1613120803,"event":{"mods":["BaseMod","Hermit","Minty Spire (QoL Compilation)","StSLib","The Bug Knight","The Cursed","The Dragon Tamer","The Hierophant","The Jungle","The Runesmith"],"gold_per_floor":[117,128,134,169,167,167,87,99,99,99,128,128,128,164,164,160,160],"floor_reached":16,"language":"KOR","playtime":1140,"items_purged":[],"score":121,"play_id":"34683815-fd23-4162-bcdb-076d80fb2df5","local_time":"20210212180643","is_ascension_mode":false,"campfire_choices":[{"floor":6,"key":"REST"},{"floor":12,"key":"REST"},{"data":"hierophant:CursedGold","floor":15,"key":"SMITH"}],"circlet_count":0,"master_deck":["hierophant:Strike_Hierophant","hierophant:Strike_Hierophant","hierophant:Strike_Hierophant","hierophant:Strike_Hierophant","hierophant:Punish","hierophant:Defend_Hierophant","hierophant:Defend_Hierophant","hierophant:Defend_Hierophant","hierophant:Defend_Hierophant","hierophant:ChurchCoffers","hierophant:EyeForCoin","hierophant:Doubloon","hierophant:PristineSoul","hierophant:Doubloon","hierophant:RustyCrate","hierophant:Doubloon","hierophant:Doubloon","hierophant:Doubloon","hierophant:Patience","hierophant:Doubloon","hierophant:DisplayOfPower","hierophant:CursedGold+1","hierophant:Doubloon","hierophant:Doubloon","hierophant:CoinFling","hierophant:RepressedViolence","hierophant:FieryStrike","hierophant:Doubloon"],"relics":["hierophant:PropheticMaskRelic","PreservedInsect","Regal Pillow"],"acts_visited":["Exordium"],"potions_floor_usage":[5,8,11],"damage_taken":[{"damage":18,"enemies":"Cultist","floor":1,"turns":7},{"damage":14,"enemies":"Jaw Worm","floor":2,"turns":5},{"damage":4,"enemies":"Small Slimes","floor":3,"turns":5},{"damage":14,"enemies":"3 Louse","floor":4,"turns":4},{"damage":16,"enemies":"Exordium Wildlife","floor":5,"turns":5},{"damage":33,"enemies":"Large Slime","floor":8,"turns":10},{"damage":7,"enemies":"Red Slaver","floor":11,"turns":6},{"damage":0,"enemies":"2 Fungi Beasts","floor":14,"turns":4},{"damage":50,"enemies":"The Guardian","floor":16,"turns":6}],"seed_played":"-4660364315276558149","potions_obtained":[{"floor":3,"key":"Weak Potion"},{"floor":5,"key":"Weak Potion"},{"floor":8,"key":"SkillPotion"},{"floor":10,"key":"SkillPotion"},{"floor":10,"key":"FairyPotion"},{"floor":10,"key":"BlessingOfTheForge"},{"floor":14,"key":"Strength Potion"}],"is_trial":false,"path_per_floor":["M","M","M","M","M","R","$","M","T","?","M","R","T","M","R","B"],"character_chosen":"HIEROPHANT","items_purchased":["hierophant:CursedGold"],"campfire_rested":2,"item_purchase_floors":[7],"current_hp_per_floor":[64,50,46,32,16,40,40,7,7,7,24,48,48,48,48,0,0],"gold":160,"neow_bonus":"TEN_PERCENT_HP_BONUS","is_daily":false,"chose_seed":false,"campfire_upgraded":1,"win_rate":0.0,"timestamp":1613120803,"path_taken":["M","M","M","?","M","R","$","M","T","?","?","R","?","M","R","BOSS"],"items_purchased_type":["Card"],"build_version":"2020-12-22","purchased_purges":0,"victory":false,"max_hp_per_floor":[82,82,82,82,82,82,82,82,82,82,82,82,82,82,82,82,82],"card_choices":[{"not_picked":["hierophant:AuricBeam","hierophant:FieryStrike"],"picked":"hierophant:EyeForCoin","floor":1},{"not_picked":["hierophant:OrnateBuckler","hierophant:FaithHealing"],"picked":"hierophant:PristineSoul","floor":2},{"not_picked":["hierophant:EyeForCoin","hierophant:Doubloon"],"picked":"hierophant:RustyCrate","floor":3},{"not_picked":["hierophant:AuricBeam","hierophant:PristineSoul"],"picked":"hierophant:Patience","floor":4},{"not_picked":["hierophant:FlamingChariot","hierophant:ConvertCurrency"],"picked":"hierophant:DisplayOfPower","floor":5},{"not_picked":["hierophant:DisplayOfPower","hierophant:Batter"],"picked":"hierophant:CoinFling","floor":8},{"not_picked":["hierophant:Embezzle","hierophant:PassingBell"],"picked":"hierophant:RepressedViolence","floor":11},{"not_picked":["hierophant:DisplayOfPower","hierophant:Purify"],"picked":"hierophant:FieryStrike","floor":14}],"player_experience":250136,"relics_obtained":[{"floor":9,"key":"PreservedInsect"},{"floor":13,"key":"Regal Pillow"}],"event_choices":[{"damage_healed":0,"gold_gain":0,"player_choice":"Got Potions","damage_taken":0,"max_hp_gain":0,"max_hp_loss":0,"event_name":"Lab","floor":10,"gold_loss":0}],"is_beta":false,"boss_relics":[],"items_purged_floors":[],"is_endless":false,"potions_floor_spawned":[3,5,8,14],"killed_by":"The Guardian","ascension_level":0}}