{"host":"56xwnffi6e9z5l58","time":1613149743,"event":{"mods":["Aspiration","BaseMod","Better Match","Better Note","Better Sensory Stone","BetterRewards","Colored Map","Colored Powertips","Conspire","Downfall","GifTheSpireLib","Hermit","Highlight Path","Hubris","Infinite Spire","Key Reminder","Minty Spire (QoL Compilation)","Permanent Neow","Quick Restart","Rare Cards Sparkle","Replay The Spire","StSLib","Stuff the Spire","SuperFastMode","Unceasing Turn Reminder"],"gold_per_floor":[99,114,124,141,51,51,51,36,70,70,95,80,80,91,104,205,205,205,205,105,122,122,133,155,155,155,182,182,182,182],"floor_reached":28,"language":"ENG","playtime":873,"items_purged":["hexamod:Strike"],"score":278,"play_id":"d7214c3e-87d0-44f6-813b-26d40560b222","local_time":"20210213010903","is_ascension_mode":false,"campfire_choices":[{"data":"hexamod:ForkedFlame","floor":1,"key":"SMITH"},{"data":"hexamod:Incineration","floor":10,"key":"SMITH"},{"floor":13,"key":"REST"},{"data":"hexamod:UnlimitedPower","floor":20,"key":"SMITH"},{"floor":25,"key":"REST"}],"circlet_count":0,"master_deck":["hexamod:Strike","hexamod:Strike","hexamod:Strike","hexamod:Defend+1","hexamod:Defend","hexamod:Defend","hexamod:Sear","hexamod:Float","hexamod:ForkedFlame+1","hexamod:HeatCrush+1","hexamod:Incineration+1","hexamod:FirstSeal","hexamod:NightmareStrike","hexamod:DynamicBlow","hexamod:UnlimitedPower+1","hexamod:PowerFromBeyond","hexamod:GhostflameBarrier","hexamod:FlamesFromBeyond+1","hexamod:CatchUp","hexamod:FifthSeal","hexamod:SixthSeal","hexamod:SpectersWail","hexamod:SecondSeal","hexamod:HauntingEcho+1","hexamod:ThirdSeal"],"relics":["hexamod:SpiritBrand","aspiration:BabyByrd","Question Card","ReplayTheSpireMod:Lightbulb","Mango","keyreminder:keyreminder","Replay:Bronze Core","downfall:HeartBlessingGreen","PreservedInsect"],"acts_visited":["Exordium","TheCity"],"potions_floor_usage":[11],"damage_taken":[{"damage":0,"enemies":"Jaw Worm","floor":2,"turns":3},{"damage":5,"enemies":"Small Slimes","floor":3,"turns":2},{"damage":0,"enemies":"2 Louse","floor":4,"turns":2},{"damage":5,"enemies":"downfall:FleeingMerchant","floor":5,"turns":4},{"damage":15,"enemies":"downfall:FleeingMerchant","floor":8,"turns":4},{"damage":17,"enemies":"3 Sentries","floor":9,"turns":5},{"damage":15,"enemies":"Gremlin Nob","floor":11,"turns":4},{"damage":20,"enemies":"downfall:FleeingMerchant","floor":12,"turns":4},{"damage":14,"enemies":"Blue Slaver","floor":14,"turns":4},{"damage":6,"enemies":"Large Slime","floor":15,"turns":3},{"damage":0,"enemies":"SI_SHIV_ARCHETYPE","floor":16,"turns":7},{"damage":13,"enemies":"Shell Parasite","floor":21,"turns":6},{"damage":36,"enemies":"Shelled Parasite and Fungi","floor":23,"turns":6},{"damage":29,"enemies":"Centurion and Healer","floor":24,"turns":8},{"damage":49,"enemies":"Snake Plant","floor":27,"turns":5},{"damage":10,"enemies":"downfall:FleeingMerchant","floor":28,"turns":2}],"seed_played":"5777433034077389139","potions_obtained":[{"floor":9,"key":"Toxic Potion"},{"floor":11,"key":"SpeedPotion"},{"floor":15,"key":"SkillPotion"},{"floor":16,"key":"SmokeBomb"}],"is_trial":false,"path_per_floor":["R","M","M","M","$","?","T","$","E","R","E","$","R","M","M","B",null,"PTL","PTL","R","M","?","M","M","R","T","M","$"],"character_chosen":"THE_SPIRIT","items_purchased":[],"campfire_rested":2,"item_purchase_floors":[],"current_hp_per_floor":[70,70,65,65,67,67,67,52,42,42,48,35,60,53,54,61,84,84,84,84,78,78,49,27,52,52,10,0,0,0],"gold":182,"neow_bonus":"ONE_RANDOM_RARE_CARD","is_daily":false,"chose_seed":false,"campfire_upgraded":3,"win_rate":0.0,"timestamp":1613149743,"path_taken":["R","M","M","M","$","?","T","$","E","R","E","$","R","M","M","BOSS","PTL","PTL","R","M","?","M","M","R","T","M","$"],"items_purchased_type":[],"build_version":"2020-12-22","purchased_purges":1,"victory":false,"max_hp_per_floor":[70,70,70,70,70,70,70,70,70,70,84,84,84,84,84,84,84,84,84,84,84,84,84,84,84,84,84,84,84,84],"card_choices":[{"not_picked":["hexamod:ThermalTransfer","hexamod:GhostOfSpireFuture"],"picked":"hexamod:HeatCrush","floor":2},{"not_picked":["hexamod:AdvancingGuard","hexamod:SwordOfDarkness"],"picked":"hexamod:Incineration","floor":3},{"not_picked":["hexamod:ShieldOfDarkness","hexamod:InspiringFlames"],"picked":"hexamod:FirstSeal","floor":4},{"not_picked":["hexamod:GhostLash","hexamod:FirstSeal"],"picked":"hexamod:NightmareStrike","floor":5},{"not_picked":["hexamod:ThermalTransfer","hexamod:FlamesFromBeyond","hexamod:SoulSteal"],"picked":"hexamod:DynamicBlow","floor":8},{"not_picked":["hexamod:AdvancingGuard","hexamod:HauntingEcho","hexamod:SwordOfDarkness"],"picked":"hexamod:UnlimitedPower","floor":9},{"not_picked":["hexamod:StepThrough","hexamod:PhantomCloak","hexamod:NightmareGuise"],"picked":"hexamod:PowerFromBeyond","floor":11},{"not_picked":["hexamod:SwordOfDarkness","hexamod:NightmareStrike","hexamod:BurningTouch"],"picked":"hexamod:GhostflameBarrier","floor":12},{"not_picked":["hexamod:NightmareGuise","hexamod:Again","hexamod:GhostLash"],"picked":"hexamod:FlamesFromBeyond","floor":14},{"not_picked":["hexamod:Incineration","hexamod:GhostLash","hexamod:PhantomFireball"],"picked":"hexamod:CatchUp","floor":15},{"not_picked":["hexamod:VolcanoVisage","hexamod:UnleashSpirits","hexamod:HexaLevel"],"picked":"hexamod:FifthSeal","floor":16},{"not_picked":["hexamod:ThirdSeal","hexamod:FirstSeal"],"picked":"hexamod:SixthSeal","floor":21},{"not_picked":["hexamod:SoulSteal+1","hexamod:ShieldOfDarkness","hexamod:DynamicBlow+1"],"picked":"hexamod:SpectersWail","floor":21},{"not_picked":["hexamod:FourthSeal","hexamod:ThirdSeal"],"picked":"hexamod:SecondSeal","floor":23},{"not_picked":["hexamod:Haunt","hexamod:AdvancingGuard","hexamod:SpectersWail+1"],"picked":"hexamod:HauntingEcho+1","floor":23},{"not_picked":["hexamod:FirstSeal","hexamod:SecondSeal"],"picked":"hexamod:ThirdSeal","floor":24},{"not_picked":["hexamod:SuperheatedStrike","hexamod:FirstSeal","hexamod:Rewind+1","hexamod:NightmareStrike"],"picked":"SKIP","floor":24},{"not_picked":["hexamod:NightmareStrike","hexamod:FlamesFromBeyond+1","hexamod:DynamicBlow","hexamod:Rewind"],"picked":"SKIP","floor":27},{"not_picked":["hexamod:BurningTouch","hexamod:GhostflameBarrier","hexamod:SuperheatedStrike","hexamod:ShieldOfDarkness"],"picked":"SKIP","floor":27}],"player_experience":1032184,"relics_obtained":[{"floor":7,"key":"Question Card"},{"floor":9,"key":"ReplayTheSpireMod:Lightbulb"},{"floor":11,"key":"Mango"},{"floor":26,"key":"PreservedInsect"}],"event_choices":[{"cards_removed":["hexamod:Defend"],"damage_healed":0,"gold_gain":0,"player_choice":"Offered Basic","damage_taken":0,"max_hp_gain":0,"max_hp_loss":0,"event_name":"Bonfire Elementals","floor":22,"gold_loss":0}],"is_beta":false,"boss_relics":[{"not_picked":["Runic Pyramid","Tiny House"],"picked":"Replay:Bronze Core"}],"items_purged_floors":[5],"is_endless":false,"potions_floor_spawned":[9,11,15,16,21],"killed_by":"downfall:FleeingMerchant","ascension_level":0}}