{"host":"3n5xmnb54n2y5mb4","time":1613105500,"event":{"mods":["BaseMod","Colored Map","Colored Powertips","Downfall","Minty Spire (QoL Compilation)","Permanent Neow","StSLib","Unceasing Turn Reminder","everything is the same but u backflip on backflip"],"gold_per_floor":[99,99,99,99,99,99,126,152,152,181,181,81,28,46,57,153,153,53,67,167,267,267,267,267,267],"floor_reached":23,"language":"ENG","playtime":1254,"items_purged":[],"score":201,"play_id":"e0e4ef21-ca25-47ca-8055-ef9d0cff4205","local_time":"20210211235140","is_ascension_mode":true,"campfire_choices":[{"floor":1,"key":"RECALL"},{"data":"hexamod:Sear","floor":6,"key":"SMITH"},{"floor":12,"key":"REST"},{"data":"hexamod:Float","floor":18,"key":"SMITH"}],"circlet_count":0,"master_deck":["hexamod:Strike","hexamod:Strike","hexamod:Defend","hexamod:Defend","hexamod:Defend","hexamod:Sear+1","hexamod:Float+1","hexamod:EtherealExpedition","hexamod:StepThrough","hexamod:FirstSeal","hexamod:GhostShield","hexamod:RecurringNightmare","hexamod:Hexaguard","hexamod:Haunt","hexamod:GhostShield","hexamod:CatchUp","hexamod:FlamesFromBeyond","hexamod:NightmareGuise","hexamod:UnleashSpirits","hexamod:Again+1","hexamod:InspiringFlames","hexamod:VolcanoVisage","hexamod:RainOfEmbers","J.A.X.","hexamod:AdvancingGuard","hexamod:ChargedBarrage"],"relics":["hexamod:SpiritBrand","downfall:HeartsMalice","Bag of Marbles","Prayer Wheel","Omamori","downfall:HeartBlessingGreen","Calling Bell","Anchor","Darkstone Periapt","Ginger","downfall:HeartBlessingRed","MutagenicStrength","Pocketwatch","Matryoshka"],"acts_visited":["Exordium","TheCity"],"potions_floor_usage":[8,10,16,23],"damage_taken":[{"damage":0,"enemies":"Jaw Worm","floor":2,"turns":1},{"damage":0,"enemies":"Cultist","floor":4,"turns":1},{"damage":0,"enemies":"Small Slimes","floor":5,"turns":1},{"damage":17,"enemies":"3 Sentries","floor":8,"turns":7},{"damage":19,"enemies":"Gremlin Nob","floor":10,"turns":5},{"damage":0,"enemies":"downfall:FleeingMerchant","floor":13,"turns":4},{"damage":0,"enemies":"3 Louse","floor":14,"turns":3},{"damage":7,"enemies":"Lots of Slimes","floor":15,"turns":6},{"damage":23,"enemies":"IC_STATUS_ARCHETYPE","floor":16,"turns":10},{"damage":0,"enemies":"Chosen","floor":19,"turns":4},{"damage":31,"enemies":"downfall:Augmenter","floor":20,"turns":10},{"damage":9,"enemies":"SI_SHIV_ARCHETYPE","floor":21,"turns":7},{"damage":45,"enemies":"Gremlin Leader","floor":23,"turns":4}],"seed_played":"-28421363693181915","potions_obtained":[{"floor":3,"key":"SkillPotion"},{"floor":3,"key":"SteroidPotion"},{"floor":3,"key":"SpeedPotion"},{"floor":8,"key":"Block Potion"},{"floor":10,"key":"Dexterity Potion"},{"floor":14,"key":"AttackPotion"},{"floor":15,"key":"sneckomod:MuddlingPotion"}],"is_trial":false,"path_per_floor":["R","M","?","M","M","R","T","E","?","E","?","R","$","M","M","B",null,"R","M","?","?","?","E"],"character_chosen":"THE_SPIRIT","items_purchased":["hexamod:Haunt"],"campfire_rested":1,"item_purchase_floors":[13],"current_hp_per_floor":[70,70,70,70,70,70,70,60,53,41,41,62,69,70,70,54,70,70,70,46,44,44,0,0,0],"gold":267,"neow_bonus":"THREE_ENEMY_KILL","is_daily":false,"chose_seed":false,"campfire_upgraded":2,"win_rate":0.0,"timestamp":1613105500,"path_taken":["R","M","?","?","M","R","T","E","?","E","?","R","$","?","M","BOSS","R","M","?","?","?","E"],"items_purchased_type":["Card"],"build_version":"2020-12-22","purchased_purges":0,"victory":false,"max_hp_per_floor":[70,70,70,70,70,70,70,70,70,70,70,70,70,70,70,70,70,70,70,70,70,70,70,70,70],"card_choices":[{"not_picked":["hexamod:NightmareStrike","hexamod:HauntingEcho"],"picked":"hexamod:EtherealExpedition","floor":2},{"not_picked":["hexamod:RainOfEmbers","hexamod:NightmareGuise"],"picked":"hexamod:StepThrough","floor":4},{"not_picked":["hexamod:Hexaguard","hexamod:RainOfEmbers"],"picked":"hexamod:FirstSeal","floor":5},{"not_picked":["hexamod:BacktrackSmack","hexamod:ThermalTransfer"],"picked":"hexamod:GhostShield","floor":8},{"not_picked":["hexamod:FirstSeal","hexamod:BacktrackSmack"],"picked":"hexamod:RecurringNightmare","floor":10},{"not_picked":["hexamod:NightmareStrike","hexamod:SearingWound"],"picked":"hexamod:Hexaguard","floor":13},{"not_picked":["hexamod:Firestarter","hexamod:GhostOfSpirePast"],"picked":"hexamod:GhostShield","floor":14},{"not_picked":["hexamod:RadiantFlame","hexamod:Hexaguard"],"picked":"hexamod:CatchUp","floor":14},{"not_picked":["hexamod:GhostOfSpirePast","hexamod:SecondSeal"],"picked":"hexamod:FlamesFromBeyond","floor":15},{"not_picked":["hexamod:BurningTouch","hexamod:GhostShield"],"picked":"hexamod:NightmareGuise","floor":15},{"not_picked":["hexamod:UnlimitedPower","hexamod:ParanormalForm"],"picked":"hexamod:UnleashSpirits","floor":16},{"not_picked":["hexamod:BurningTouch+1","hexamod:SpectersWail"],"picked":"hexamod:Again+1","floor":19},{"not_picked":["hexamod:Firestarter+1","hexamod:StepThrough"],"picked":"hexamod:InspiringFlames","floor":19},{"not_picked":[],"picked":"J.A.X.","floor":20},{"not_picked":["hexamod:HauntingEcho","hexamod:BacktrackSmack"],"picked":"hexamod:AdvancingGuard","floor":20},{"not_picked":["hexamod:HeatShield","hexamod:NightmareStrike"],"picked":"hexamod:ChargedBarrage","floor":21}],"player_experience":1052044,"relics_obtained":[{"floor":7,"key":"Bag of Marbles"},{"floor":8,"key":"Prayer Wheel"},{"floor":10,"key":"Omamori"},{"floor":17,"key":"Anchor"},{"floor":17,"key":"Darkstone Periapt"},{"floor":17,"key":"Ginger"},{"floor":20,"key":"MutagenicStrength"},{"floor":21,"key":"Pocketwatch"},{"floor":21,"key":"Matryoshka"}],"event_choices":[{"damage_healed":0,"gold_gain":0,"player_choice":"Got Potions","damage_taken":0,"max_hp_gain":0,"max_hp_loss":0,"event_name":"Lab","floor":3,"gold_loss":0},{"damage_healed":0,"gold_gain":0,"player_choice":"Fled","damage_taken":7,"max_hp_gain":0,"max_hp_loss":0,"event_name":"Scrap Ooze","floor":9,"gold_loss":0}],"is_beta":false,"boss_relics":[{"not_picked":["Philosopher\u0027s Stone","Tiny House"],"picked":"Calling Bell"}],"items_purged_floors":[],"is_endless":false,"potions_floor_spawned":[8,10,14,15],"killed_by":"Gremlin Leader","ascension_level":1}}