{"host":"1vqon1dbpr5c1qll","time":1613129574,"event":{"mods":["2.2 Compatiblity","AchievementEnabler","BaseMod","BetterRewards","Colored Map","DeckTracker","Hermit","Highlight Path","Lobotomy","Minty Spire (QoL Compilation)","Permanent Neow","Quick Restart","Random Character Button","Replay The Spire","StSLib","SuperFastMode","The Cursed","The Servant 0.9.4","everything is the same but u backflip on backflip"],"gold_per_floor":[99,99,135,165,207,309,390,492,492,582,675,771,867,954,954,1188,1188,1248,1290,469,523,42,132,132,210,262,355,442,490,580,619,619,847,847,886,356,389,67,124,229,319,77,132,219,324,426,507,555,555,577,591,591,591,291,374,392],"floor_reached":57,"language":"KOR","playtime":4183,"items_purged":[],"score":4088,"play_id":"44245641-444a-4793-a8a3-cd90dad309ef","local_time":"20210212203254","daily_mods":["SealedDeck","Specialized","Vintage","Allstar","Colorless Cards","Heirloom","Flight","DeadlyEvents","Elite Swarm","Midas"],"is_ascension_mode":true,"campfire_choices":[{"floor":15,"key":"REST"},{"floor":24,"key":"RECALL"},{"data":"1","floor":32,"key":"LIFT"},{"data":"2","floor":49,"key":"LIFT"}],"circlet_count":0,"master_deck":["AscendersBane","Panacea+1","Panacea","Panacea","Panacea","Panacea","TheCursedMod:TacticalStrike","TheCursedMod:SmokeScreen","TheCursedMod:CursedAmulet","TheCursedMod:CursedBlade+1","TheCursedMod:CursedShiv","TheCursedMod:CursedBlade","TheCursedMod:CursedBoomerang","TheCursedMod:SmokeScreen","TheCursedMod:TacticalStrike","TheCursedMod:SurpriseAttack","TheCursedMod:DemonSword","Sadistic Nature","TheCursedMod:DarkBarrier","TheCursedMod:CircleOfAbyss","TheCursedMod:AntiAging+1","ReplayTheSpireMod:Necrogeddon","ReplayTheSpireMod:Brewmster","TheCursedMod:CursedRelics","TheCursedMod:BlessingInDisguise","TheCursedMod:HellsGateOpen","TheCursedMod:RapidMovement","TheCursedMod:CursedStaff","Swift Strike","TheCursedMod:Obscuration","TheCursedMod:HellfireBreathing+1","TheCursedMod:HellfireBreathing+1","TheCursedMod:FuryStrike","TheCursedMod:Neurasthenia","TheCursedMod:DarkBarrier","Apotheosis","ReplayTheSpireMod:Brewmster+1","TheCursedMod:VoidForm+1","TheCursedMod:StunningStrike+1","TheCursedMod:LuckyCharm+1","TheCursedMod:SpitefulStrike+1","TheCursedMod:SpitefulStrike+1","TheCursedMod:CursedBlade+1","TheCursedMod:Obscuration","TheCursedMod:CursedAmulet","TheCursedMod:CursedMace+1","TheCursedMod:CollectTribute+1","TheCursedMod:DarkBarrier","TheCursedMod:WearCloak","TheCursedMod:SpitefulStrike+1","TheCursedMod:SpitefulStrike+1","TheCursedMod:CursedRelics+1","TheCursedMod:ForbiddenAlchemy","ReplayTheSpireMod:Brewmster+1","TheCursedMod:VoidForm+1","TheCursedMod:WearCloak","TheCursedMod:WearCloak","TheCursedMod:NeowsMight"],"relics":["TheCursedMod:BlackMagic101","Ginger","Bronze Scales","Letter Opener","Smiling Mask","Girya","Pocketwatch","Replay:Wax Seal","Mirror","Onion Ring","Turnip","Strawberry","MealTicket","Fusion Hammer","Gremlin Horn","Garlic","OrangePellets","Pondfish Scales","Blue Candle","Frozen Egg 2","Potion Belt","Boot","Blue Doll","Molten Egg 2","Replay:Mystery Machine","Replay:Accelerometer","Pet Ghost","Honey Jar","White Beast Statue","War Paint","ReplayFunnel","Bottled Tornado","Kunai","Bottled Lightning","Prayer Wheel","Dream Catcher","Medical Kit","PreservedInsect","Replay:Multitool","TheCursedMod:Tack","Centennial Puzzle","Counterbalance","Replay:Bandana","Mummified Hand","Replay:Ringing Soul"],"acts_visited":["Exordium","TheCity","TheBeyond","TheEnding"],"potions_floor_usage":[6,6,8,10,14,23,28,30,30,33,33,33,37,39,39,40,40,40,40,40,40,40,44,44,44,45,45,45,46,47,47,47,47,47,48,50,51,55,56,56,56,56,56,56,56,56,56,56,56,56,56,56,56,56,56],"damage_taken":[{"damage":4,"enemies":"Jaw Worm","floor":3,"turns":2},{"damage":0,"enemies":"2 Louse","floor":4,"turns":1},{"damage":0,"enemies":"Cultist","floor":5,"turns":3},{"damage":18,"enemies":"Replay:BlueRogue","floor":6,"turns":4},{"damage":3,"enemies":"Gremlin Nob","floor":7,"turns":3},{"damage":1,"enemies":"Lagavulin","floor":8,"turns":5},{"damage":3,"enemies":"Replay:BlueRogue","floor":10,"turns":4},{"damage":1,"enemies":"Lagavulin","floor":11,"turns":5},{"damage":6,"enemies":"Gremlin Nob","floor":12,"turns":3},{"damage":0,"enemies":"Replay:BlueRogue","floor":13,"turns":4},{"damage":0,"enemies":"3 Sentries","floor":14,"turns":4},{"damage":22,"enemies":"The Guardian","floor":16,"turns":10},{"damage":7,"enemies":"Chosen","floor":18,"turns":3},{"damage":0,"enemies":"Spheric Guardian","floor":19,"turns":3},{"damage":0,"enemies":"Chosen and Byrds","floor":21,"turns":4},{"damage":24,"enemies":"Book of Stabbing","floor":23,"turns":4},{"damage":8,"enemies":"Gremlin Leader","floor":25,"turns":3},{"damage":0,"enemies":"Slavers","floor":27,"turns":4},{"damage":0,"enemies":"Gremlin Leader","floor":28,"turns":3},{"damage":0,"enemies":"3 Cultists","floor":29,"turns":4},{"damage":4,"enemies":"Book of Stabbing","floor":30,"turns":4},{"damage":0,"enemies":"Cultist and Chosen","floor":31,"turns":3},{"damage":5,"enemies":"Pondfish","floor":33,"turns":10},{"damage":0,"enemies":"Orb Walker","floor":35,"turns":3},{"damage":0,"enemies":"3 Darklings","floor":37,"turns":3},{"damage":3,"enemies":"Transient","floor":39,"turns":6},{"damage":0,"enemies":"Giant Head","floor":40,"turns":5},{"damage":14,"enemies":"R_Hoarder","floor":41,"turns":6},{"damage":0,"enemies":"Reptomancer","floor":44,"turns":5},{"damage":2,"enemies":"Giant Head","floor":45,"turns":4},{"damage":0,"enemies":"R_Hoarder","floor":46,"turns":5},{"damage":0,"enemies":"Giant Head","floor":47,"turns":4},{"damage":1,"enemies":"4 Shapes","floor":48,"turns":5},{"damage":0,"enemies":"Donu and Deca","floor":50,"turns":4},{"damage":39,"enemies":"Replay:Hell Engine","floor":51,"turns":5},{"damage":0,"enemies":"Shield and Spear","floor":55,"turns":6},{"damage":0,"enemies":"The Heart","floor":56,"turns":6}],"seed_played":"1491932307128195126","potions_obtained":[{"floor":3,"key":"Dexterity Potion"},{"floor":5,"key":"EssenceOfSteel"},{"floor":6,"key":"SkillPotion"},{"floor":8,"key":"Strength Potion"},{"floor":11,"key":"Fire Potion"},{"floor":18,"key":"LiquidBronze"},{"floor":27,"key":"Weak Potion"},{"floor":29,"key":"Adrenaline Potion"},{"floor":30,"key":"BlessingOfTheForge"},{"floor":33,"key":"Adrenaline Potion"},{"floor":35,"key":"AttackPotion"},{"floor":37,"key":"Swift Potion"},{"floor":39,"key":"FearPotion"},{"floor":40,"key":"Strength Potion"},{"floor":41,"key":"Strength Potion"},{"floor":44,"key":"DistilledChaos"},{"floor":45,"key":"Elixir"},{"floor":46,"key":"Block Potion"},{"floor":47,"key":"Swift Potion"},{"floor":48,"key":"DuplicationPotion"},{"floor":55,"key":"Adrenaline Potion"}],"is_trial":true,"path_per_floor":["?","?","M","M","M","E","E","E","T","E","E","E","E","E","R","B",null,"M","M","$","M","$","E","R","E","T","E","E","M","E","M","R_BF","B",null,"M","$","M","$","M","E","E","$","T","E","E","E","E","M","R_BF","B","B",null,"R","$","E","B",null],"character_chosen":"THE_CURSED","items_purchased":["OrangePellets","Pondfish Scales","TheCursedMod:BlessingInDisguise","TheCursedMod:HellsGateOpen","TheCursedMod:RapidMovement","TheCursedMod:CursedStaff","Swift Strike","Frozen Egg 2","TheCursedMod:Obscuration","TheCursedMod:HellfireBreathing+1","TheCursedMod:FuryStrike","War Paint","ReplayFunnel","TheCursedMod:LuckyCharm+1","TheCursedMod:SpitefulStrike+1","TheCursedMod:CursedBlade+1","TheCursedMod:Obscuration","TheCursedMod:CursedAmulet","Kunai","TheCursedMod:CursedMace+1","Medical Kit","TheCursedMod:WearCloak","TheCursedMod:SpitefulStrike+1","Mummified Hand","TheCursedMod:WearCloak"],"campfire_rested":1,"item_purchase_floors":[20,20,20,20,20,20,20,22,22,22,22,36,36,36,36,36,36,36,38,38,42,42,42,54,54],"current_hp_per_floor":[64,64,60,60,60,42,39,38,38,35,34,30,37,39,63,43,74,69,69,84,86,88,64,64,56,56,56,56,58,56,56,56,54,85,85,95,98,98,98,101,90,105,105,105,106,106,109,111,111,114,78,111,104,119,125,128],"gold":392,"neow_bonus":"","is_daily":false,"chose_seed":false,"campfire_upgraded":0,"win_rate":0.0,"timestamp":1613129574,"path_taken":["?","?","M","M","M","E","E","E","T","E","E","E","E","E","R","BOSS","M","M","$","M","$","E","R","E","T","E","E","M","E","M","R_BF","BOSS","M","$","M","$","M","E","E","$","T","E","E","E","E","M","R_BF","BOSS","BOSS","R","$","E","BOSS"],"items_purchased_type":["Relic","Relic","Card","Card","Card","Card","Card","Relic","Card","Card","Card","Relic","Relic","Card","Card","Card","Card","Card","Relic","Card","Relic","Card","Card","Relic","Card"],"build_version":"2020-12-22","purchased_purges":0,"victory":true,"max_hp_per_floor":[71,71,71,71,71,71,71,71,71,71,71,73,80,82,82,84,84,86,86,86,88,88,88,88,88,88,88,88,90,92,92,92,95,95,95,95,98,98,101,104,107,107,107,107,110,110,113,116,116,119,122,122,122,122,128,131],"card_choices":[{"not_picked":["Mayhem","TheCursedMod:ShockAndAwe"],"picked":"TheCursedMod:DemonSword","floor":6},{"not_picked":["TheCursedMod:VoidForm","Chrysalis"],"picked":"Sadistic Nature","floor":7},{"not_picked":["Magnetism","ReplayTheSpireMod:Brewmster"],"picked":"TheCursedMod:DarkBarrier","floor":8},{"not_picked":["Panache","TheCursedMod:VoidForm"],"picked":"TheCursedMod:CircleOfAbyss","floor":10},{"not_picked":["Magnetism","ReplayTheSpireMod:Necrogeddon"],"picked":"TheCursedMod:AntiAging","floor":11},{"not_picked":["The Bomb","Metamorphosis"],"picked":"ReplayTheSpireMod:Necrogeddon","floor":12},{"not_picked":["Magnetism","ReplayUltimateDefense"],"picked":"ReplayTheSpireMod:Brewmster","floor":13},{"not_picked":["ReplayUltimateDefense","HandOfGreed","ReplayTheSpireMod:Brewmster"],"picked":"SKIP","floor":14},{"not_picked":["Transmutation","TheCursedMod:OutForBlood"],"picked":"TheCursedMod:CursedRelics","floor":16},{"not_picked":["Sadistic Nature+1","TheCursedMod:DemonSword"],"picked":"TheCursedMod:Neurasthenia","floor":23},{"not_picked":["Chrysalis","TheCursedMod:UltimatePain"],"picked":"TheCursedMod:DarkBarrier","floor":25},{"not_picked":["Midas Touch","TheCursedMod:NeowsMight"],"picked":"Apotheosis","floor":27},{"not_picked":["Chrysalis","The Bomb"],"picked":"ReplayTheSpireMod:Brewmster+1","floor":28},{"not_picked":["ReplayTheSpireMod:Brewmster+1","TheCursedMod:UltimatePain"],"picked":"TheCursedMod:VoidForm+1","floor":30},{"not_picked":["Panache+1","Secret Weapon"],"picked":"TheCursedMod:StunningStrike+1","floor":33},{"not_picked":["Poisoned Strike+1","Mayhem+1","Thinking Ahead"],"picked":"TheCursedMod:CollectTribute+1","floor":40},{"not_picked":["Chrysalis","TheCursedMod:ParallelWorld","The Bomb"],"picked":"TheCursedMod:DarkBarrier","floor":41},{"not_picked":["Poisoned Strike+1","TheCursedMod:VoidForm+1","TheCursedMod:NeowsMight"],"picked":"TheCursedMod:CursedRelics+1","floor":44},{"not_picked":["Apotheosis","Thinking Ahead","Violence"],"picked":"TheCursedMod:ForbiddenAlchemy","floor":45},{"not_picked":["Secret Weapon","Secret Technique","Magnetism+1"],"picked":"ReplayTheSpireMod:Brewmster+1","floor":46},{"not_picked":["Apotheosis","Chrysalis","HandOfGreed+1"],"picked":"TheCursedMod:VoidForm+1","floor":47},{"not_picked":["TheCursedMod:ForbiddenAlchemy","Chrysalis","Panache+1"],"picked":"TheCursedMod:NeowsMight","floor":55}],"player_experience":980459,"relics_obtained":[{"floor":3,"key":"Bronze Scales"},{"floor":4,"key":"Letter Opener"},{"floor":5,"key":"Smiling Mask"},{"floor":6,"key":"Girya"},{"floor":7,"key":"Pocketwatch"},{"floor":8,"key":"Replay:Wax Seal"},{"floor":10,"key":"Mirror"},{"floor":11,"key":"Onion Ring"},{"floor":12,"key":"Turnip"},{"floor":13,"key":"Strawberry"},{"floor":14,"key":"MealTicket"},{"floor":18,"key":"Gremlin Horn"},{"floor":19,"key":"Garlic"},{"floor":21,"key":"Blue Candle"},{"floor":23,"key":"Potion Belt"},{"floor":25,"key":"Boot"},{"floor":26,"key":"Blue Doll"},{"floor":27,"key":"Molten Egg 2"},{"floor":29,"key":"Replay:Mystery Machine"},{"floor":30,"key":"Replay:Accelerometer"},{"floor":31,"key":"Pet Ghost"},{"floor":35,"key":"White Beast Statue"},{"floor":37,"key":"Bottled Tornado"},{"floor":39,"key":"Bottled Lightning"},{"floor":40,"key":"Prayer Wheel"},{"floor":41,"key":"Dream Catcher"},{"floor":43,"key":"PreservedInsect"},{"floor":44,"key":"Replay:Multitool"},{"floor":45,"key":"TheCursedMod:Tack"},{"floor":46,"key":"Centennial Puzzle"},{"floor":47,"key":"Counterbalance"},{"floor":48,"key":"Replay:Bandana"},{"floor":55,"key":"Replay:Ringing Soul"}],"event_choices":[{"damage_healed":0,"gold_gain":0,"player_choice":"Upgraded","damage_taken":0,"max_hp_gain":0,"max_hp_loss":0,"event_name":"Upgrade Shrine","floor":2,"gold_loss":0,"cards_upgraded":["TheCursedMod:CursedBlade"]},{"damage_healed":0,"gold_gain":0,"player_choice":"Bought 0 Potions","damage_taken":0,"max_hp_gain":0,"max_hp_loss":0,"event_name":"The Woman in Blue","floor":53,"gold_loss":0}],"is_beta":false,"boss_relics":[{"not_picked":["Philosopher\u0027s Stone","Snecko Heart"],"picked":"Fusion Hammer"},{"not_picked":["Snecko Eye","Replay:Wanted Poster"],"picked":"Honey Jar"}],"items_purged_floors":[],"is_endless":false,"potions_floor_spawned":[3,5,6,8,11,18,21,27,29,30,33,35,37,39,40,41,44,45,46,47,48,55],"ascension_level":20}}