{"host":"8pvw2tcf9wctlvur","time":1613100994,"event":{"mods":["BaseMod","Better Third Choice","Colored Powertips","Curses Come First","Minty Spire (QoL Compilation)","Rare Cards Sparkle","Relic Stats","StSLib","SuperFastMode"],"gold_per_floor":[112,39,0,0,13,47,47,47,47,47,47,79,95,129,129,129,129],"floor_reached":16,"language":"ENG","playtime":568,"items_purged":[],"score":141,"play_id":"8ade500f-9e22-4df8-b348-b618c17cbb4d","local_time":"20210211203634","is_ascension_mode":false,"campfire_choices":[{"floor":7,"key":"REST"},{"floor":11,"key":"REST"},{"floor":15,"key":"REST"}],"circlet_count":0,"master_deck":["Strike_P","Strike_P","Strike_P","Strike_P","Defend_P","Defend_P","Eruption","Vigilance","Brilliance","JustLucky","FollowUp","ReachHeaven","Enlightenment","FlurryOfBlows+1","ReachHeaven","Worship","Prostrate","FollowUp"],"relics":["PureWater","Prayer Wheel","Kunai","Bag of Marbles","Smiling Mask"],"acts_visited":["Exordium"],"potions_floor_usage":[6,14],"damage_taken":[{"damage":0,"enemies":"Cultist","floor":1,"turns":3},{"damage":7,"enemies":"Jaw Worm","floor":5,"turns":3},{"damage":44,"enemies":"Lagavulin","floor":6,"turns":4},{"damage":0,"enemies":"Gremlin Nob","floor":12,"turns":2},{"damage":0,"enemies":"2 Louse","floor":13,"turns":2},{"damage":33,"enemies":"Lagavulin","floor":14,"turns":3},{"damage":56,"enemies":"The Guardian","floor":16,"turns":6}],"seed_played":"7826357245877209629","potions_obtained":[{"floor":5,"key":"Regen Potion"},{"floor":13,"key":"SteroidPotion"}],"is_trial":false,"path_per_floor":["M","$","?","?","M","E","R","?","T","$","R","E","M","E","R","B"],"character_chosen":"WATCHER","items_purchased":["ReachHeaven"],"campfire_rested":3,"item_purchase_floors":[2],"current_hp_per_floor":[65,65,71,71,64,25,46,46,46,46,67,67,67,34,55,0,0],"gold":129,"neow_bonus":"TRANSFORM_TWO_CARDS","is_daily":false,"chose_seed":false,"campfire_upgraded":0,"win_rate":0.0,"timestamp":1613100994,"path_taken":["M","$","?","?","M","E","R","?","T","$","R","E","?","E","R","BOSS"],"items_purchased_type":["Card"],"build_version":"2020-12-22","purchased_purges":0,"victory":false,"max_hp_per_floor":[65,65,71,71,71,71,71,71,71,71,71,71,71,71,71,71,71],"relic_stats":{"counters":[7,23],"Prayer Wheel":1,"Kunai":[8],"Smiling Mask":0,"obtain_stats":[{"Prayer Wheel":6,"Bag of Marbles":12,"Kunai":9,"PureWater":0,"Smiling Mask":14},{"Prayer Wheel":3,"Bag of Marbles":4,"Kunai":3,"PureWater":0,"Smiling Mask":6},{"Prayer Wheel":10,"Bag of Marbles":12,"Kunai":10,"PureWater":0,"Smiling Mask":17}]},"card_choices":[{"not_picked":["EmptyFist","EmptyMind"],"picked":"FollowUp","floor":1},{"not_picked":["BowlingBash","Evaluate"],"picked":"FlurryOfBlows","floor":5},{"not_picked":["CarveReality","FlyingSleeves"],"picked":"ReachHeaven","floor":6},{"not_picked":["Tantrum","EmptyMind"],"picked":"Worship","floor":12},{"not_picked":["BowlingBash","EmptyMind"],"picked":"Prostrate","floor":13},{"not_picked":["Halt","ThirdEye","Sanctity"],"picked":"SKIP","floor":13},{"not_picked":["Halt","ThirdEye","Sanctity"],"picked":"SKIP","floor":13},{"not_picked":["Nirvana","Wallop"],"picked":"FollowUp","floor":14}],"player_experience":281060,"relics_obtained":[{"floor":6,"key":"Prayer Wheel"},{"floor":9,"key":"Kunai"},{"floor":12,"key":"Bag of Marbles"},{"floor":14,"key":"Smiling Mask"}],"event_choices":[{"damage_healed":0,"gold_gain":0,"player_choice":"RENOUNCE","damage_taken":39,"max_hp_gain":0,"max_hp_loss":0,"event_name":"betterThird:BetterSerpent","floor":3,"gold_loss":39,"cards_obtained":["Enlightenment"]},{"damage_healed":0,"gold_gain":0,"player_choice":"Left","damage_taken":0,"max_hp_gain":0,"max_hp_loss":0,"event_name":"betterThird:BetterGoop","floor":4,"gold_loss":0},{"damage_healed":0,"gold_gain":0,"player_choice":"Upgraded","damage_taken":0,"max_hp_gain":0,"max_hp_loss":0,"event_name":"Upgrade Shrine","floor":8,"gold_loss":0,"cards_upgraded":["FlurryOfBlows"]}],"is_beta":false,"boss_relics":[],"items_purged_floors":[],"is_endless":false,"potions_floor_spawned":[5,13],"killed_by":"The Guardian","ascension_level":0}}