{"host":"3yynf0dn84873kbr","time":1613118779,"event":{"mods":["Act Like it!","Arknights","BaseMod","CapriCore","Gensokyo","Marisa（F雨　魔理沙）","Minty Spire (QoL Compilation)","StSLib","WarShipGirlsR/战舰少女R mod","[IsaacMod]以撒尖塔","残留之物"],"gold_per_floor":[114,128,128,145,145,145,145,173,197,127,162,173,188,206,206,302,302,318,338,59,72,91,91,91,91,166,166,179,179,211,211,211,308,308,322,334,383,383,399,399,399,399,399,412,412,427,444,464,464,464],"floor_reached":51,"language":"ZHS","playtime":2677,"items_purged":[],"score":746,"play_id":"bd39e07a-9578-4f66-8bd4-e2ce2ba03802","local_time":"20210212163259","is_ascension_mode":false,"campfire_choices":[{"data":"PlaceholderMod:HardStinger","floor":6,"key":"SMITH"},{"data":"PlaceholderMod:Crystallization","floor":15,"key":"SMITH"},{"data":"PlaceholderMod:ComplexForm","floor":23,"key":"SMITH"},{"data":"PlaceholderMod:DirectingGroup","floor":25,"key":"SMITH"},{"data":"PlaceholderMod:HardStrike","floor":27,"key":"SMITH"},{"floor":29,"key":"REST"},{"floor":32,"key":"REST"},{"data":"PlaceholderMod:EvolutionSpray","floor":40,"key":"SMITH"},{"data":"PlaceholderMod:Corrosion","floor":42,"key":"SMITH"},{"data":"PlaceholderMod:Inner","floor":49,"key":"SMITH"}],"circlet_count":0,"master_deck":["PlaceholderMod:BaseStrike","PlaceholderMod:BaseStrike","PlaceholderMod:BaseStrike","PlaceholderMod:BaseStrike","PlaceholderMod:BaseStrike","PlaceholderMod:BaseDefend","PlaceholderMod:BaseDefend","PlaceholderMod:BaseDefend","PlaceholderMod:BaseDefend","PlaceholderMod:BaseDefend","PlaceholderMod:Crystal","PlaceholderMod:PoisonWhip","PlaceholderMod:ChainPoly","PlaceholderMod:HardStinger+1","PlaceholderMod:TriggerStrike","PlaceholderMod:HardStinger","PlaceholderMod:Crystallization+1","PlaceholderMod:RadicalHit","PlaceholderMod:AttackAsDefend","PlaceholderMod:SelfCoupling","PlaceholderMod:HardStrike+1","PlaceholderMod:Inner+1","PlaceholderMod:ComplexForm+1","PlaceholderMod:PoisonExcitation+1","PlaceholderMod:PoisonBlast","PlaceholderMod:Stratification","PlaceholderMod:DirectingGroup+1","PlaceholderMod:Eat","PlaceholderMod:EvolutionSpray+1","PlaceholderMod:CorePoison","PlaceholderMod:ThreeBenzyolStart+1","PlaceholderMod:SeverePoisonStrike+1","PlaceholderMod:Corrosion+1","PlaceholderMod:StressReaction","Dramatic Entrance","PlaceholderMod:PoisonAbsorb","PlaceholderMod:Hyperplasia+1"],"relics":["PlaceholderMod:Tancle","HushsDoor","NeowsBlessing","HowToJump","Odd Mushroom","Blood Vial","Omamori","PlaceholderMod:LiveLive","Frozen Egg 2","MutagenicStrength","Bottled Flame","Eternal Feather","Enchiridion","SacredBark","CatCart","Meat on the Bone","Bag of Preparation"],"acts_visited":["Exordium","TheCity","TheBeyond"],"potions_floor_usage":[30,33,50,50,50],"damage_taken":[{"damage":0,"enemies":"ats:Genji","floor":1,"turns":1},{"damage":0,"enemies":"Jaw Worm","floor":2,"turns":1},{"damage":0,"enemies":"2 Louse","floor":4,"turns":1},{"damage":13,"enemies":"The Mushroom Lair","floor":8,"turns":5},{"damage":0,"enemies":"Lagavulin","floor":11,"turns":8},{"damage":0,"enemies":"Looter","floor":12,"turns":4},{"damage":13,"enemies":"Exordium Wildlife","floor":13,"turns":4},{"damage":9,"enemies":"Exordium Thugs","floor":14,"turns":6},{"damage":41,"enemies":"Hexaghost","floor":16,"turns":10},{"damage":0,"enemies":"2 Thieves","floor":18,"turns":5},{"damage":0,"enemies":"Chosen","floor":19,"turns":6},{"damage":29,"enemies":"Snake Plant","floor":21,"turns":5},{"damage":19,"enemies":"Snecko","floor":22,"turns":8},{"damage":4,"enemies":"Centurion and Healer","floor":28,"turns":9},{"damage":28,"enemies":"Slavers","floor":30,"turns":8},{"damage":63,"enemies":"Collector","floor":33,"turns":14},{"damage":9,"enemies":"3 Shapes","floor":35,"turns":4},{"damage":4,"enemies":"Orb Walker","floor":36,"turns":3},{"damage":20,"enemies":"Orin","floor":37,"turns":7},{"damage":19,"enemies":"Maw","floor":39,"turns":7},{"damage":53,"enemies":"4 Shapes","floor":44,"turns":6},{"damage":2,"enemies":"Transient","floor":46,"turns":5},{"damage":36,"enemies":"Spire Growth","floor":47,"turns":4},{"damage":12,"enemies":"Jaw Worm Horde","floor":48,"turns":3},{"damage":73,"enemies":"Time Eater","floor":50,"turns":6}],"seed_played":"-4509245373745321926","potions_obtained":[{"floor":4,"key":"Energy Potion"},{"floor":8,"key":"Weak Potion"},{"floor":13,"key":"FearPotion"},{"floor":30,"key":"DuplicationPotion"},{"floor":33,"key":"SkillPotion"}],"is_trial":false,"path_per_floor":["M","M","?","M","?","R","$","?","T","$","E","M","M","M","R","B",null,"M","M","$","M","M","R","?","R","T","R","M","R","E","?","R","B",null,"M","M","?","?","M","R","?","R","T","M","T","M","M","M","R","B",null],"character_chosen":"THE_PLACEHOLDER","items_purchased":["PlaceholderMod:Crystallization","PlaceholderMod:PoisonBlast","Frozen Egg 2"],"campfire_rested":2,"item_purchase_floors":[10,20,20],"current_hp_per_floor":[78,78,78,78,88,88,88,75,75,75,77,79,68,61,61,22,88,88,88,88,59,42,42,42,42,42,42,40,66,44,28,69,12,88,83,85,71,71,58,76,76,88,88,51,51,55,33,39,60,52],"gold":464,"neow_bonus":"THREE_ENEMY_KILL","is_daily":false,"chose_seed":false,"campfire_upgraded":8,"win_rate":0.0,"timestamp":1613118779,"path_taken":["M","M","?","M","?","R","$","?","T","?","E","?","M","M","R","BOSS","M","M","$","M","M","R","?","R","T","R","M","R","E","?","R","BOSS","M","M","?","?","M","R","?","R","T","M","?","M","M","M","R","BOSS"],"items_purchased_type":["Card","Card","Relic"],"build_version":"2020-12-22","purchased_purges":0,"victory":true,"max_hp_per_floor":[78,78,78,78,88,88,88,88,88,88,88,88,88,88,88,88,88,88,88,88,88,88,88,88,88,88,88,88,88,88,88,88,88,88,88,88,88,88,88,88,88,88,88,88,88,88,88,88,88,88],"card_choices":[{"not_picked":[],"picked":"BloodyBrimstone","floor":0},{"not_picked":["PlaceholderMod:HardStinger","PlaceholderMod:SprayAttack"],"picked":"PlaceholderMod:ChainPoly","floor":1},{"not_picked":["PlaceholderMod:Break","PlaceholderMod:ParasiteChange"],"picked":"PlaceholderMod:HardStinger","floor":2},{"not_picked":["PlaceholderMod:SprayAttack","PlaceholderMod:Turn"],"picked":"PlaceholderMod:TriggerStrike","floor":4},{"not_picked":["Bomb","PlaceholderMod:SelectReaction"],"picked":"PlaceholderMod:HardStinger","floor":8},{"not_picked":["PlaceholderMod:ParasiteChange","PlaceholderMod:SevereHeat"],"picked":"PlaceholderMod:RadicalHit","floor":11},{"not_picked":["PlaceholderMod:Internalization","PlaceholderMod:ChainPoly"],"picked":"PlaceholderMod:AttackAsDefend","floor":12},{"not_picked":["PlaceholderMod:NutritionAbsorb","PlaceholderMod:UnpureUse"],"picked":"PlaceholderMod:SelfCoupling","floor":13},{"not_picked":["PlaceholderMod:AttackAsDefend","PlaceholderMod:ContinueSpray"],"picked":"PlaceholderMod:HardStrike","floor":14},{"not_picked":["PlaceholderMod:FinalSpray","PlaceholderMod:PericyclicReaction"],"picked":"PlaceholderMod:Inner","floor":16},{"not_picked":["PlaceholderMod:ParasiteChange","PlaceholderMod:OHStrongAttack+1"],"picked":"PlaceholderMod:ComplexForm","floor":18},{"not_picked":["PlaceholderMod:Polyp","PlaceholderMod:PoisonAbsorb"],"picked":"PlaceholderMod:PoisonExcitation+1","floor":19},{"not_picked":["PlaceholderMod:ComplexForm+1","PlaceholderMod:Internalization"],"picked":"PlaceholderMod:Stratification","floor":21},{"not_picked":["PlaceholderMod:AngryAttack+1","PlaceholderMod:HornyBlast"],"picked":"PlaceholderMod:DirectingGroup","floor":22},{"not_picked":["PlaceholderMod:StressReaction","PlaceholderMod:HealingAttack"],"picked":"PlaceholderMod:Eat","floor":28},{"not_picked":["PlaceholderMod:SprayAttack+1","PlaceholderMod:ConsolidateHit"],"picked":"PlaceholderMod:EvolutionSpray","floor":30},{"not_picked":["PlaceholderMod:HornyCollision","PlaceholderMod:Inner+1"],"picked":"PlaceholderMod:CorePoison","floor":33},{"not_picked":["PlaceholderMod:DiffusionChemical+1","PlaceholderMod:NutritionAbsorb+1"],"picked":"PlaceholderMod:ThreeBenzyolStart+1","floor":35},{"not_picked":["PlaceholderMod:AngryAttack","PlaceholderMod:AttackAsDefend+1"],"picked":"PlaceholderMod:SeverePoisonStrike+1","floor":36},{"not_picked":["PlaceholderMod:PoisonExcitation","PlaceholderMod:SeverePoisonStrike"],"picked":"PlaceholderMod:Corrosion","floor":37},{"not_picked":["PlaceholderMod:ChainPoly","PlaceholderMod:OHStrongAttack+1"],"picked":"PlaceholderMod:StressReaction","floor":39},{"not_picked":["Flash of Steel","Violence"],"picked":"Dramatic Entrance","floor":41},{"not_picked":["PlaceholderMod:Stratification","PlaceholderMod:DirectingGroup","PlaceholderMod:MultipleOxi"],"picked":"SKIP","floor":44},{"not_picked":["PlaceholderMod:ParasiteChange+1","PlaceholderMod:CycleAttack+1"],"picked":"PlaceholderMod:PoisonAbsorb","floor":46},{"not_picked":["PlaceholderMod:Stratification+1","PlaceholderMod:Package"],"picked":"PlaceholderMod:Hyperplasia+1","floor":47},{"not_picked":["PlaceholderMod:PoisonAbsorb+1","PlaceholderMod:DirectingGroup+1","PlaceholderMod:ContinueSpray+1"],"picked":"SKIP","floor":48}],"player_experience":148692,"relics_obtained":[{"floor":8,"key":"Odd Mushroom"},{"floor":9,"key":"Blood Vial"},{"floor":11,"key":"Omamori"},{"floor":26,"key":"Bottled Flame"},{"floor":30,"key":"Eternal Feather"},{"floor":31,"key":"Enchiridion"},{"floor":37,"key":"CatCart"},{"floor":43,"key":"Meat on the Bone"},{"floor":45,"key":"Bag of Preparation"}],"event_choices":[{"cards_removed":["BloodyBrimstone"],"damage_healed":0,"gold_gain":0,"player_choice":"Offered Rare","damage_taken":0,"max_hp_gain":10,"max_hp_loss":0,"event_name":"Bonfire Elementals","floor":5,"gold_loss":0},{"damage_healed":0,"gold_gain":0,"player_choice":"Fought Mushrooms","damage_taken":0,"max_hp_gain":0,"max_hp_loss":0,"event_name":"Mushrooms","floor":8,"gold_loss":0},{"damage_healed":0,"gold_gain":0,"player_choice":"Inject Mutagens","damage_taken":0,"relics_obtained":["MutagenicStrength"],"max_hp_gain":0,"max_hp_loss":0,"event_name":"Drug Dealer","floor":24,"gold_loss":0},{"damage_healed":0,"gold_gain":0,"player_choice":"Obtained Book","damage_taken":16,"max_hp_gain":0,"max_hp_loss":0,"event_name":"Cursed Tome","floor":31,"gold_loss":0},{"damage_healed":0,"gold_gain":0,"player_choice":"Fight","damage_taken":0,"max_hp_gain":0,"max_hp_loss":0,"event_name":"OrinTheCat","floor":37,"gold_loss":0},{"damage_healed":0,"gold_gain":0,"player_choice":"Memory 1","damage_taken":0,"max_hp_gain":0,"max_hp_loss":0,"event_name":"SensoryStone","floor":41,"gold_loss":0}],"is_beta":false,"boss_relics":[{"not_picked":["Cursed Key","Calling Bell"],"picked":"PlaceholderMod:LiveLive"},{"not_picked":[]},{"not_picked":["Runic Dome","Pandora\u0027s Box"],"picked":"SacredBark"},{"not_picked":[]}],"items_purged_floors":[],"is_endless":false,"potions_floor_spawned":[4,8,13,14,16,21,30,33,37,44,46,47,48],"ascension_level":0}}