{"host":"z2qbs5oitkx9dzyk","time":1613100822,"event":{"mods":["BaseMod","Colored Map","Colored Powertips","Minty Spire (QoL Compilation)"],"gold_per_floor":[111,130,95,95,115,115,115,128,128,128,143,68,68,91,91,215,215,240,240,339,5,21,21,21,21,21,64,64,64,97,116,116,116,116],"floor_reached":33,"language":"ENG","playtime":1234,"items_purged":["Injury"],"score":273,"play_id":"ecebbbc7-25cf-479b-8df7-4b2a30990505","local_time":"20210211213342","is_ascension_mode":false,"campfire_choices":[{"floor":6.0,"key":"DIG"},{"floor":7.0,"key":"DIG"},{"floor":13.0,"key":"DIG"},{"floor":15.0,"key":"DIG"},{"floor":23.0,"key":"DIG"},{"floor":25.0,"key":"DIG"},{"floor":28.0,"key":"DIG"},{"floor":32.0,"key":"REST"}],"circlet_count":0,"master_deck":["Strike_R","Strike_R","Strike_R","Strike_R","Strike_R","Defend_R","Defend_R","Defend_R","Defend_R","Bash","Inflame","Anger","Sentinel","Havoc","Armaments","Fiend Fire","Flex+1","Armaments+1","Sentinel+1","Fire Breathing+1","Shrug It Off+1"],"relics":["Burning Blood","Shovel","WingedGreaves","MealTicket","Charon\u0027s Ashes","Golden Idol","Frozen Egg 2","Toxic Egg 2","Runic Cube","DollysMirror","Red Skull","Art of War","Blue Candle","Unceasing Top","Vajra","Mummified Hand"],"acts_visited":["Exordium","TheCity"],"potions_floor_usage":[33],"damage_taken":[{"damage":6.0,"enemies":"Cultist","floor":1.0,"turns":3.0},{"damage":5.0,"enemies":"Jaw Worm","floor":2.0,"turns":4.0},{"damage":2.0,"enemies":"Small Slimes","floor":5.0,"turns":3.0},{"damage":9.0,"enemies":"Blue Slaver","floor":8.0,"turns":3.0},{"damage":10.0,"enemies":"Exordium Wildlife","floor":11.0,"turns":5.0},{"damage":5.0,"enemies":"Looter","floor":14.0,"turns":3.0},{"damage":61.0,"enemies":"The Guardian","floor":16.0,"turns":11.0},{"damage":17.0,"enemies":"Spheric Guardian","floor":18.0,"turns":4.0},{"damage":20.0,"enemies":"2 Thieves","floor":22.0,"turns":4.0},{"damage":42.0,"enemies":"Slavers","floor":27.0,"turns":6.0},{"damage":28.0,"enemies":"Gremlin Leader","floor":30.0,"turns":7.0},{"damage":9.0,"enemies":"Shelled Parasite and Fungi","floor":31.0,"turns":3.0},{"damage":47,"enemies":"Champ","floor":33,"turns":7}],"seed_played":"7772619497659855595","potions_obtained":[{"floor":5.0,"key":"Strength Potion"},{"floor":11.0,"key":"ElixirPotion"},{"floor":14.0,"key":"ColorlessPotion"},{"floor":27.0,"key":"PowerPotion"},{"floor":30.0,"key":"SpeedPotion"}],"is_trial":false,"path_per_floor":["M","M","?","?","M","R","R","M","T","?","M","$","R","M","R","B",null,"M","?","?","$","M","R","?","R","T","E","R","$","E","M","R","B"],"character_chosen":"IRONCLAD","items_purchased":["DollysMirror","Red Skull","Fire Breathing+1"],"campfire_rested":1,"item_purchase_floors":[21,21,21],"current_hp_per_floor":[56,57,77,77,80,80,80,77,77,77,73,80,80,80,80,25,80,69,69,69,80,66,66,66,66,66,30,30,45,23,20,44,0,0],"gold":116,"neow_bonus":"ONE_RARE_RELIC","is_daily":false,"chose_seed":false,"campfire_upgraded":0,"win_rate":0.0,"timestamp":1613100822,"path_taken":["M","M","?","?","M","R","R","?","T","?","M","$","R","M","R","BOSS","M","?","?","$","M","R","?","R","T","E","R","?","E","M","R","BOSS"],"items_purchased_type":["Relic","Relic","Card"],"build_version":"2020-12-22","purchased_purges":1,"victory":false,"max_hp_per_floor":[80,80,80,80,80,80,80,80,80,80,80,80,80,80,80,80,80,80,80,80,80,80,80,80,80,80,80,80,80,80,80,80,80,80],"card_choices":[{"not_picked":["Wild Strike","Clothesline"],"picked":"Inflame","floor":1.0},{"not_picked":["Pummel","Clash"],"picked":"Anger","floor":2.0},{"not_picked":["Dropkick","Reckless Charge"],"picked":"Havoc","floor":5.0},{"not_picked":["Heavy Blade","Clash","Anger"],"picked":"SKIP","floor":8.0},{"not_picked":["Sword Boomerang","Cleave"],"picked":"Armaments","floor":11.0},{"not_picked":["Sever Soul","Warcry","Cleave"],"picked":"SKIP","floor":14.0},{"not_picked":["Double Tap+1","Barricade+1"],"picked":"Fiend Fire","floor":16.0},{"not_picked":["Headbutt","Carnage"],"picked":"Flex+1","floor":18.0},{"not_picked":["Sever Soul","Perfected Strike","Body Slam"],"picked":"SKIP","floor":22.0},{"not_picked":["Burning Pact+1","Clothesline","Battle Trance+1"],"picked":"SKIP","floor":27.0},{"not_picked":["Sever Soul+1","Blood for Blood"],"picked":"Shrug It Off+1","floor":30.0},{"not_picked":["Clothesline","Pommel Strike","Headbutt"],"picked":"SKIP","floor":31.0}],"player_experience":408077,"relics_obtained":[{"floor":6.0,"key":"WingedGreaves"},{"floor":7.0,"key":"MealTicket"},{"floor":9.0,"key":"Charon\u0027s Ashes"},{"floor":13.0,"key":"Frozen Egg 2"},{"floor":15.0,"key":"Toxic Egg 2"},{"floor":23.0,"key":"Art of War"},{"floor":25.0,"key":"Blue Candle"},{"floor":27.0,"key":"Unceasing Top"},{"floor":28.0,"key":"Vajra"},{"floor":30.0,"key":"Mummified Hand"}],"event_choices":[{"damage_healed":20.0,"max_hp_gain":0.0,"max_hp_loss":0.0,"gold_gain":0.0,"event_name":"The Cleric","player_choice":"Healed","floor":3.0,"gold_loss":35.0,"damage_taken":0.0},{"damage_healed":0.0,"max_hp_gain":0.0,"max_hp_loss":0.0,"gold_gain":0.0,"event_name":"Match and Keep!","player_choice":"1 cards matched","floor":4.0,"gold_loss":0.0,"damage_taken":0.0,"cards_obtained":["Sentinel"]},{"damage_healed":0.0,"max_hp_gain":0.0,"max_hp_loss":0.0,"gold_gain":0.0,"event_name":"Golden Idol","player_choice":"Take Wound","floor":10.0,"gold_loss":0.0,"damage_taken":0.0,"relics_obtained":["Golden Idol"],"cards_obtained":["Injury"]},{"damage_healed":0.0,"max_hp_gain":0.0,"max_hp_loss":0.0,"gold_gain":0.0,"event_name":"The Library","player_choice":"Read","floor":19.0,"gold_loss":0.0,"damage_taken":0.0,"cards_obtained":["Armaments"]},{"damage_healed":0.0,"max_hp_gain":0.0,"max_hp_loss":0.0,"gold_gain":99.0,"event_name":"Nest","player_choice":"Stole From Cult","floor":20.0,"gold_loss":0.0,"damage_taken":0.0},{"damage_healed":0.0,"max_hp_gain":0.0,"max_hp_loss":0.0,"gold_gain":0.0,"event_name":"Ghosts","player_choice":"Ignored","floor":24.0,"gold_loss":0.0,"damage_taken":0.0}],"is_beta":false,"boss_relics":[{"not_picked":["Busted Crown","Philosopher\u0027s Stone"],"picked":"Runic Cube"}],"items_purged_floors":[12],"is_endless":false,"potions_floor_spawned":[5,11,14,27,30],"killed_by":"Champ","ascension_level":0}}