{"host":"oeeu8njhzvf3llor","time":1613152000,"event":{"mods":["BaseMod","Better Match","Better Note","Better Skull","Better Third Choice","Colored Map","Hubris","Minty Spire (QoL Compilation)","Rare Cards Sparkle","Replay The Spire","Shop Mod","Spicy Shops","StSLib","Swap Starting Deck Mod"],"gold_per_floor":[119,219,229,242,260,260,323,179,179,209,209,242,255,255,255,351,351,369,388,414,425,438,438,209,235,315,325,100,100,125,136,136,234,234,253,253,303,327,339,339,364,292,292,303,82,113,129,157,157,157,157,157,0,33,33,33],"floor_reached":55,"language":"ENG","playtime":2269,"items_purged":[],"score":818,"play_id":"291122df-bd48-4898-8dab-841ccb4c4acb","local_time":"20210212124640","is_ascension_mode":true,"campfire_choices":[{"data":"Eviscerate","floor":6,"key":"SMITH"},{"data":"All Out Attack","floor":11,"key":"SMITH"},{"data":"Concentrate","floor":15,"key":"SMITH"},{"data":"Die Die Die","floor":23,"key":"SMITH"},{"data":"Envenom","floor":32,"key":"SMITH"},{"data":"A Thousand Cuts","floor":40,"key":"SMITH"},{"floor":49,"key":"RECALL"},{"data":"ReplayTheSpireMod:Scrap Shanks","floor":52,"key":"SMITH"}],"circlet_count":0,"master_deck":["Underhanded Strike+1","Underhanded Strike","Underhanded Strike+1","Eviscerate+1","Acrobatics","Backflip","Backflip","Backflip","Backflip","Prepared","Terror","All Out Attack+1","hubris:SlightOfHand","Backstab","Concentrate+1","Backstab","Die Die Die+1","Prepared","Calculated Gamble","Envenom+1","A Thousand Cuts+1","Prepared","Noxious Fumes","ReplayTheSpireMod:Scrap Shanks+1","Acrobatics+1","Concentrate","Choke+1"],"relics":["Ring of the Snake","swapstartingdeckmod:Bellows","ReplayTheSpireMod:Ninjato","MerchantsRug","Ancient Tea Set","Pen Nib","Lantern","MealTicket","Busted Crown","Juzu Bracelet","Mummified Hand","Mirror","Strange Spoon","Centennial Puzzle","Sozu","WingedGreaves","Bronze Scales","Durian","Replay:Baseball","Orrery","Whetstone","Regal Pillow","Bag of Marbles","Vajra"],"acts_visited":["Exordium","TheCity","TheBeyond","TheEnding"],"potions_floor_usage":[16,46,54,55],"damage_taken":[{"damage":7,"enemies":"Small Slimes","floor":1,"turns":3},{"damage":0,"enemies":"Cultist","floor":3,"turns":2},{"damage":0,"enemies":"2 Louse","floor":4,"turns":1},{"damage":0,"enemies":"Gremlin Gang","floor":5,"turns":2},{"damage":0,"enemies":"Gremlin Nob","floor":7,"turns":2},{"damage":9,"enemies":"3 Sentries","floor":10,"turns":2},{"damage":0,"enemies":"Gremlin Nob","floor":12,"turns":1},{"damage":0,"enemies":"Red Slaver","floor":13,"turns":1},{"damage":16,"enemies":"Hexaghost","floor":16,"turns":4},{"damage":0,"enemies":"Chosen","floor":18,"turns":1},{"damage":0,"enemies":"2 Thieves","floor":19,"turns":1},{"damage":0,"enemies":"Cultist and Chosen","floor":21,"turns":1},{"damage":0,"enemies":"Sentry and Sphere","floor":22,"turns":1},{"damage":0,"enemies":"Book of Stabbing","floor":25,"turns":2},{"damage":5,"enemies":"Snecko","floor":27,"turns":3},{"damage":9,"enemies":"Slavers","floor":30,"turns":2},{"damage":0,"enemies":"Cultist and Chosen","floor":31,"turns":2},{"damage":0,"enemies":"Pondfish","floor":33,"turns":3},{"damage":0,"enemies":"3 Darklings","floor":35,"turns":2},{"damage":0,"enemies":"Mind Bloom Boss Battle","floor":37,"turns":1},{"damage":0,"enemies":"Orb Walker","floor":39,"turns":1},{"damage":40,"enemies":"Nemesis","floor":41,"turns":3},{"damage":0,"enemies":"Maw","floor":44,"turns":3},{"damage":0,"enemies":"R_Hoarder","floor":46,"turns":2},{"damage":0,"enemies":"Transient","floor":47,"turns":2},{"damage":8,"enemies":"Nemesis","floor":48,"turns":3},{"damage":0,"enemies":"Replay:Hell Engine","floor":50,"turns":1},{"damage":15,"enemies":"Shield and Spear","floor":54,"turns":2},{"damage":60,"enemies":"The Heart","floor":55,"turns":3}],"seed_played":"-1056811650380055103","potions_obtained":[{"floor":1,"key":"Adrenaline Potion"},{"floor":3,"key":"BlessingOfTheForge"},{"floor":10,"key":"Languid Potion"},{"floor":16,"key":"Fire Potion"},{"floor":25,"key":"SkillPotion"},{"floor":30,"key":"SkillPotion"}],"is_trial":false,"path_per_floor":["M","?","M","M","M","R","?","$","T","E","R","E","M","?","R","B",null,"M","M","T","M","M","R","$","E","T","M","$","?","E","M","R","B",null,"M","$","?","T","M","R","E","$","T","M","$","E","M","E","R","B",null,"R","$","E","B"],"character_chosen":"THE_SILENT","items_purchased":["MerchantsRug","Calculated Gamble","Envenom","Noxious Fumes","Strange Spoon","ReplayTheSpireMod:Scrap Shanks","Replay:Baseball","Orrery","Bag of Marbles"],"campfire_rested":0,"item_purchase_floors":[8,24,24,28,28,42,45,45,53],"current_hp_per_floor":[63,63,63,63,63,63,63,63,63,54,54,54,54,54,54,38,70,70,70,70,70,70,70,70,70,70,65,70,70,61,61,61,61,70,70,70,70,70,70,70,30,45,50,50,65,65,65,57,57,57,75,75,75,60,0,0],"gold":33,"neow_bonus":"","is_daily":false,"chose_seed":false,"campfire_upgraded":7,"win_rate":0.0,"timestamp":1613152000,"path_taken":["M","?","?","M","M","R","?","$","T","E","R","E","M","?","R","BOSS","M","?","?","M","M","R","$","E","T","M","?","?","E","M","R","BOSS","M","$","?","?","M","R","E","$","T","M","?","E","M","E","R","BOSS","R","$","E","BOSS"],"items_purchased_type":["Relic","Card","Card","Card","Relic","Card","Relic","Relic","Relic"],"build_version":"2020-12-22","purchased_purges":0,"victory":false,"max_hp_per_floor":[70,70,70,70,70,70,70,70,70,70,70,70,70,70,70,70,70,70,70,70,70,70,70,70,70,70,70,70,70,70,70,70,70,70,70,70,70,70,70,70,70,70,75,75,75,75,75,75,75,75,75,75,75,75,75,75],"card_choices":[{"not_picked":["Flechettes","Bouncing Flask"],"picked":"Terror","floor":1},{"not_picked":["Flying Knee","hubris:TrickCloak"],"picked":"All Out Attack","floor":3},{"not_picked":["Crippling Poison","ReplayTheSpireMod:Speed Training"],"picked":"hubris:SlightOfHand","floor":4},{"not_picked":["Caltrops","Blade Dance","Deflect"],"picked":"SKIP","floor":5},{"not_picked":["hubris:Counter","Crippling Poison"],"picked":"Backstab","floor":10},{"not_picked":["Flechettes","Dodge and Roll"],"picked":"Concentrate","floor":12},{"not_picked":["hubris:SlightOfHand","Outmaneuver"],"picked":"Backstab","floor":13},{"not_picked":["Venomology","Unload"],"picked":"Die Die Die","floor":16},{"not_picked":["Riddle With Holes"],"picked":"SKIP","floor":18},{"not_picked":[],"picked":"Prepared","floor":19},{"not_picked":["Replay:Poison Smokescreen"],"picked":"SKIP","floor":21},{"not_picked":["Hidden Blade"],"picked":"SKIP","floor":22},{"not_picked":[],"picked":"A Thousand Cuts","floor":25},{"not_picked":[],"picked":"Prepared","floor":27},{"not_picked":["hubris:SlightOfHand"],"picked":"SKIP","floor":30},{"not_picked":["Blade Dance+1"],"picked":"SKIP","floor":31},{"not_picked":["Dodge and Roll+1"],"picked":"SKIP","floor":35},{"not_picked":["Blade Dance+1"],"picked":"SKIP","floor":39},{"not_picked":["hubris:SlightOfHand+1"],"picked":"SKIP","floor":41},{"not_picked":["ReplayTheSpireMod:The Works"],"picked":"SKIP","floor":44},{"not_picked":[],"picked":"Acrobatics+1","floor":45},{"not_picked":[],"picked":"Concentrate","floor":45},{"not_picked":["Backflip"],"picked":"SKIP","floor":46},{"not_picked":["Quick Slash"],"picked":"SKIP","floor":47},{"not_picked":["Escape Plan+1"],"picked":"SKIP","floor":48},{"not_picked":[],"picked":"Choke+1","floor":54}],"player_experience":512646,"relics_obtained":[{"floor":7,"key":"ReplayTheSpireMod:Ninjato"},{"floor":9,"key":"Ancient Tea Set"},{"floor":10,"key":"Pen Nib"},{"floor":12,"key":"Lantern"},{"floor":20,"key":"Juzu Bracelet"},{"floor":25,"key":"Mummified Hand"},{"floor":26,"key":"Mirror"},{"floor":30,"key":"Centennial Puzzle"},{"floor":37,"key":"WingedGreaves"},{"floor":41,"key":"Bronze Scales"},{"floor":43,"key":"Durian"},{"floor":46,"key":"Whetstone"},{"floor":48,"key":"Regal Pillow"},{"floor":54,"key":"Vajra"}],"event_choices":[{"damage_healed":0,"gold_gain":100,"player_choice":"Pray","damage_taken":0,"max_hp_gain":0,"max_hp_loss":0,"event_name":"Golden Shrine","floor":2,"gold_loss":0},{"damage_healed":0,"gold_gain":0,"player_choice":"Searched \u00271\u0027 times","damage_taken":0,"max_hp_gain":0,"max_hp_loss":0,"event_name":"Dead Adventurer","floor":7,"gold_loss":0},{"damage_healed":0,"gold_gain":0,"player_choice":"Gave Potion","damage_taken":0,"relics_obtained":["MealTicket"],"max_hp_gain":0,"max_hp_loss":0,"event_name":"WeMeetAgain","floor":14,"gold_loss":0},{"damage_healed":0,"gold_gain":0,"player_choice":"Bought 0 Potions","damage_taken":0,"max_hp_gain":0,"max_hp_loss":0,"event_name":"The Woman in Blue","floor":29,"gold_loss":0},{"damage_healed":0,"gold_gain":0,"player_choice":"Fight","damage_taken":0,"max_hp_gain":0,"max_hp_loss":0,"event_name":"MindBloom","floor":37,"gold_loss":0}],"is_beta":false,"boss_relics":[{"not_picked":["Honey Jar","Runic Dome"],"picked":"Busted Crown"},{"not_picked":["Tiny House","Painkiller Herb"],"picked":"Sozu"}],"items_purged_floors":[],"is_endless":false,"potions_floor_spawned":[1,3,10,13,16,25,27,30,31,44,46,48],"killed_by":"The Heart","ascension_level":1}}