{"host":"06m9oppdo8i5oa5j","time":1613108094,"event":{"mods":["AchievementEnabler","BaseMod","Block Reminder","Colored Map","Colored Powertips","Downfall","Minty Spire (QoL Compilation)","Rare Cards Sparkle","StSLib"],"gold_per_floor":[99,113,24,24,35,60,60,79,79,93,93,106,16,41,57,162,162,162,178,197,9,40,25,25,25,25,25,25,37,70,80,91,187,187,187,206,221,241,252,252,275,375,392,417,427,451,451,463,478,478],"floor_reached":51,"language":"ENG","playtime":15083,"items_purged":["Slimebound:Defend_Slimebound","Slimebound:Strike_Slimebound","Slimebound:Strike_Slimebound"],"score":736,"play_id":"4a8afb81-a10e-47ae-9292-0d8ea4c71e60","local_time":"20210211213454","is_ascension_mode":false,"campfire_choices":[{"data":"Slimebound:Split","floor":1.0,"key":"SMITH"},{"data":"Slimebound:SpikyOuterGoop","floor":9.0,"key":"SMITH"},{"data":"Slimebound:CorrosiveSpit","floor":11.0,"key":"SMITH"},{"data":"Slimebound:GoopSpray","floor":18.0,"key":"SMITH"},{"data":"Slimebound:Teamwork","floor":25,"key":"SMITH"},{"data":"Slimebound:SamplingLick","floor":28,"key":"SMITH"},{"data":"Slimebound:SlimeSlap","floor":35,"key":"SMITH"},{"data":"Slimebound:HauntingLick","floor":40,"key":"SMITH"},{"data":"Slimebound:OozeBath","floor":47,"key":"SMITH"}],"circlet_count":0,"master_deck":["Slimebound:Tackle","Slimebound:Defend_Slimebound","Slimebound:Defend_Slimebound","Slimebound:Defend_Slimebound","Slimebound:Split+1","Slimebound:CorrosiveSpit+1","Slimebound:ItLooksTasty","Slimebound:ViciousTackle","Slimebound:AcidTongue","Slimebound:SpikyOuterGoop+1","Slimebound:SplitLeeching","Slimebound:LeechingTouch","Slimebound:GoopSpray+1","Slimebound:ComboTackle","Slimebound:HauntingLick","Slimebound:Replication","Slimebound:Teamwork+1","Slimebound:LeechingTouch+1","Slimebound:LivingWall+1","Slimebound:Repurpose","Slimebound:SamplingLick+1","Slimebound:GoopSpray+1","Slimebound:Equalize","Slimebound:HauntingLick+1","Slimebound:SlimeSlap+1","Slimebound:ViciousTackle+1","Slimebound:FinishingTackle+1","Slimebound:SlimeSlap+1","Slimebound:OozeBath+1","Slimebound:GoopSpray+1","Slimebound:MegaLick+1","Slimebound:Repurpose+1","Slimebound:RainOfGoop+1"],"relics":["Slimebound:AbsorbEndCombatUpgraded","Gambling Chip","InkBottle","Matryoshka","Red Mask","Potion Belt","Art of War","Calipers","Slimebound:TarBlob","DollysMirror","Bronze Scales","Pen Nib","downfall:GremlinWheel","Nunchaku","Smiling Mask"],"acts_visited":["Exordium","TheCity","TheBeyond"],"potions_floor_usage":[22,33,42,43,44,44,49,50,50],"damage_taken":[{"damage":0.0,"enemies":"2 Louse","floor":2.0,"turns":3.0},{"damage":0.0,"enemies":"downfall:FleeingMerchant","floor":3.0,"turns":4.0},{"damage":10.0,"enemies":"Small Slimes","floor":5.0,"turns":3.0},{"damage":32.0,"enemies":"Gremlin Nob","floor":6.0,"turns":4.0},{"damage":0.0,"enemies":"Cultist","floor":8.0,"turns":4.0},{"damage":3.0,"enemies":"Exordium Thugs","floor":10.0,"turns":6.0},{"damage":12.0,"enemies":"Lots of Slimes","floor":12.0,"turns":5.0},{"damage":0.0,"enemies":"downfall:FleeingMerchant","floor":13.0,"turns":4.0},{"damage":0.0,"enemies":"Lagavulin","floor":14.0,"turns":6.0},{"damage":0.0,"enemies":"Exordium Wildlife","floor":15.0,"turns":3.0},{"damage":23.0,"enemies":"IC_STATUS_ARCHETYPE","floor":16.0,"turns":7.0},{"damage":3.0,"enemies":"3 Byrds","floor":19.0,"turns":6.0},{"damage":2.0,"enemies":"Spheric Guardian","floor":20.0,"turns":6.0},{"damage":2,"enemies":"downfall:FleeingMerchant","floor":21,"turns":4},{"damage":14,"enemies":"Masked Bandits","floor":22,"turns":5},{"damage":16,"enemies":"downfall:FleeingMerchant","floor":23,"turns":4},{"damage":0,"enemies":"Shelled Parasite and Fungi","floor":29,"turns":5},{"damage":6,"enemies":"Gremlin Leader","floor":30,"turns":5},{"damage":1,"enemies":"Centurion and Healer","floor":31,"turns":5},{"damage":9,"enemies":"Chosen and Byrds","floor":32,"turns":8},{"damage":24,"enemies":"SI_MIRROR_ARCHETYPE","floor":33,"turns":16},{"damage":7,"enemies":"Orb Walker","floor":36,"turns":4},{"damage":0,"enemies":"3 Darklings","floor":37,"turns":5},{"damage":6,"enemies":"Transient","floor":38,"turns":5},{"damage":4,"enemies":"downfall:FleeingMerchant","floor":39,"turns":3},{"damage":15,"enemies":"downfall:FleeingMerchant","floor":42,"turns":2},{"damage":18,"enemies":"Maw","floor":43,"turns":6},{"damage":14,"enemies":"Reptomancer","floor":44,"turns":4},{"damage":6,"enemies":"4 Shapes","floor":45,"turns":3},{"damage":20,"enemies":"Spire Growth","floor":48,"turns":7},{"damage":6,"enemies":"Jaw Worm Horde","floor":49,"turns":4},{"damage":51,"enemies":"DF_ARCHETYPE_ORBS","floor":50,"turns":9}],"seed_played":"-1218169922108616236","potions_obtained":[{"floor":5.0,"key":"Ancient Potion"},{"floor":6.0,"key":"Dexterity Potion"},{"floor":12.0,"key":"Guardian:BlockOnCardUsePotion"},{"floor":15.0,"key":"Slimebound:SlimedPotion"},{"floor":29,"key":"Swift Potion"},{"floor":30,"key":"LiquidBronze"},{"floor":31,"key":"PowerPotion"},{"floor":32,"key":"SkillPotion"},{"floor":33,"key":"LiquidBronze"},{"floor":36,"key":"AttackPotion"},{"floor":38,"key":"Guardian:BlockOnCardUsePotion"},{"floor":42,"key":"sneckomod:MuddlingPotion"},{"floor":48,"key":"hexamod:SoulburnPotion"}],"is_trial":false,"path_per_floor":["R","M","$","?","M","E","T","M","R","M","R","M","$","E","M","B",null,"R","M","M","$","?","$","T","R","?","?","R","M","E","M","M","B",null,"R","M","M","M","$","R","T","?","M","E","M","T","R","M","M","B",null],"character_chosen":"SLIMEBOUND","items_purchased":["Slimebound:AcidTongue","Slimebound:Repurpose","DollysMirror","Slimebound:OozeBath"],"campfire_rested":0,"item_purchase_floors":[3,21,39,39],"current_hp_per_floor":[71,71,71,71,65,39,39,45,45,50,50,42,50,58,64,49,71,71,71,71,71,63,62,62,62,62,62,62,71,71,71,71,61,71,71,70,71,68,70,70,70,71,70,69,71,71,71,64,71,40],"gold":478,"neow_bonus":"TEN_PERCENT_HP_BONUS","is_daily":false,"chose_seed":false,"campfire_upgraded":9,"win_rate":0.0,"timestamp":1613108094,"path_taken":["R","M","$","?","M","E","T","M","R","M","R","M","$","E","M","BOSS","R","M","M","$","?","$","T","R","?","?","R","M","E","M","M","BOSS","R","M","M","M","$","R","T","?","?","E","M","?","R","M","M","BOSS"],"items_purchased_type":["Card","Card","Relic","Card"],"build_version":"2020-12-22","purchased_purges":3,"victory":true,"max_hp_per_floor":[71,71,71,71,71,71,71,71,71,71,71,71,71,71,71,71,71,71,71,71,71,71,71,71,71,71,71,71,71,71,71,71,71,71,71,71,71,71,71,71,71,71,71,71,71,71,71,71,71,71],"card_choices":[{"not_picked":["Slimebound:ComboTackle","Slimebound:SlimeBrawl"],"picked":"Slimebound:ItLooksTasty","floor":2.0},{"not_picked":["Slimebound:TongueLash","Slimebound:GoopTackle"],"picked":"Slimebound:ViciousTackle","floor":3.0},{"not_picked":["Slimebound:SplitLeeching","Slimebound:LeechEnergy"],"picked":"Slimebound:SpikyOuterGoop","floor":5.0},{"not_picked":["Slimebound:LeadByExample","Slimebound:Grow"],"picked":"Slimebound:SplitLeeching","floor":6.0},{"not_picked":["Slimebound:SplitAcid","Slimebound:FinishingTackle","Slimebound:SplitLeeching"],"picked":"SKIP","floor":8.0},{"not_picked":["Slimebound:PressTheAttack","Slimebound:LeadByExample"],"picked":"Slimebound:LeechingTouch","floor":10.0},{"not_picked":["Slimebound:SamplingLick","Slimebound:PrepareCrush"],"picked":"Slimebound:GoopSpray","floor":12.0},{"not_picked":["Slimebound:LeechingTouch","Slimebound:PressTheAttack"],"picked":"Slimebound:ComboTackle","floor":13.0},{"not_picked":["Slimebound:LeechEnergy","Slimebound:FormOfPuddle"],"picked":"Slimebound:HauntingLick","floor":14.0},{"not_picked":["Slimebound:ForwardTackle","Slimebound:PressTheAttack"],"picked":"Slimebound:Replication","floor":15.0},{"not_picked":["Slimebound:OneTwoCombo","Slimebound:OozeBath"],"picked":"Slimebound:Teamwork","floor":16.0},{"not_picked":["Slimebound:GrowthPunch","Slimebound:SlimeBarrage"],"picked":"Slimebound:LeechingTouch+1","floor":19.0},{"not_picked":["Slimebound:GoopTackle","Slimebound:LeechEnergy"],"picked":"Slimebound:LivingWall+1","floor":20},{"not_picked":["Slimebound:SplitLeeching+1","Slimebound:PressTheAttack","Slimebound:FinishingTackle"],"picked":"SKIP","floor":21},{"not_picked":["Slimebound:ComboTackle","Slimebound:BestDefense"],"picked":"Slimebound:SamplingLick","floor":22},{"not_picked":["Slimebound:Schlurp+1","Slimebound:ForwardTackle"],"picked":"Slimebound:GoopSpray+1","floor":23},{"not_picked":["Slimebound:RollThrough+1","Slimebound:ItLooksTasty","Slimebound:AcidTongue+1"],"picked":"SKIP","floor":29},{"not_picked":["Slimebound:FormOfPuddle","Slimebound:MassRepurpose"],"picked":"Slimebound:Equalize","floor":30},{"not_picked":["Slimebound:LeechingTouch+1","Slimebound:FinishingTackle"],"picked":"Slimebound:HauntingLick","floor":31},{"not_picked":["Slimebound:LivingWall","Slimebound:GoopTackle","Slimebound:ViciousTackle"],"picked":"SKIP","floor":32},{"not_picked":["Slimebound:DuplicatedForm","Slimebound:FirmFortitude"],"picked":"Slimebound:SlimeSlap","floor":33},{"not_picked":["Slimebound:SlimeBarrage","Slimebound:FlameTackle","Slimebound:LeadByExample"],"picked":"SKIP","floor":36},{"not_picked":["Slimebound:SplitMire","Slimebound:LeechEnergy+1"],"picked":"Slimebound:ViciousTackle+1","floor":37},{"not_picked":["Slimebound:ComboTackle","Slimebound:ForwardTackle+1"],"picked":"Slimebound:FinishingTackle+1","floor":38},{"not_picked":["Slimebound:PressTheAttack","Slimebound:LeechingTouch+1","Slimebound:Dissolve"],"picked":"SKIP","floor":39},{"not_picked":["Slimebound:Equalize","Slimebound:SplitMire+1"],"picked":"Slimebound:GoopSpray+1","floor":43},{"not_picked":["Slimebound:Chomp","Slimebound:FinishingTackle+1","Slimebound:ItLooksTasty"],"picked":"SKIP","floor":44},{"not_picked":["Slimebound:SamplingLick","Slimebound:LeechingTouch+1"],"picked":"Slimebound:MegaLick+1","floor":45},{"not_picked":["Slimebound:ComboTackle","Slimebound:LeechEnergy+1"],"picked":"Slimebound:Repurpose+1","floor":48},{"not_picked":["Slimebound:ComboTackle+1","Slimebound:SelfFormingGoo"],"picked":"Slimebound:RainOfGoop+1","floor":49}],"player_experience":221209,"relics_obtained":[{"floor":6.0,"key":"Gambling Chip"},{"floor":7.0,"key":"InkBottle"},{"floor":14.0,"key":"Matryoshka"},{"floor":22,"key":"Red Mask"},{"floor":24,"key":"Potion Belt"},{"floor":24,"key":"Art of War"},{"floor":30,"key":"Calipers"},{"floor":41,"key":"Bronze Scales"},{"floor":41,"key":"Pen Nib"},{"floor":42,"key":"downfall:GremlinWheel"},{"floor":44,"key":"Nunchaku"},{"floor":46,"key":"Smiling Mask"}],"event_choices":[{"damage_healed":0,"gold_gain":0,"player_choice":"Fought Bandits","damage_taken":0,"max_hp_gain":0,"max_hp_loss":0,"event_name":"Masked Bandits","floor":22,"gold_loss":0},{"damage_healed":0,"gold_gain":0,"player_choice":"Ignored","damage_taken":0,"max_hp_gain":0,"max_hp_loss":0,"event_name":"Ghosts","floor":26,"gold_loss":0},{"damage_healed":0,"gold_gain":0,"player_choice":"Ignored","damage_taken":0,"max_hp_gain":0,"max_hp_loss":0,"event_name":"Vampires","floor":27,"gold_loss":0}],"is_beta":false,"boss_relics":[{"not_picked":["Coffee Dripper","Astrolabe"],"picked":"Slimebound:AbsorbEndCombatUpgraded"},{"not_picked":["Snecko Eye","Black Star"],"picked":"Slimebound:TarBlob"}],"items_purged_floors":[13,21,39],"is_endless":false,"potions_floor_spawned":[5,6,12,14,15,29,30,31,32,33,36,38,42,48],"ascension_level":0}}