{"host":"dvpvhz1t6etneyb3","time":1613096313,"event":{"mods":["AchievementEnabler","BaseMod","Colored Map","Highlight Path","Minty Spire (QoL Compilation)","Permanent Neow","Quick Restart"],"gold_per_floor":[114,129,146,51,21,51,51,84,84,105,115,132,132,158,158,229,229,245,258,16,16,16,16,32,66,91,91,104,18,28,53,53,53,53],"floor_reached":33,"language":"ENG","playtime":1381,"items_purged":["Strike_B"],"score":610,"play_id":"2a5383a9-d7c5-464a-b9ff-740bef4c81c3","local_time":"20210211211833","is_ascension_mode":true,"campfire_choices":[{"floor":7.0,"key":"REST"},{"floor":13.0,"key":"REST"},{"data":"Defragment","floor":15.0,"key":"SMITH"},{"data":"Fission","floor":23.0,"key":"SMITH"},{"data":"Static Discharge","floor":27.0,"key":"SMITH"},{"data":"Capacitor","floor":32,"key":"SMITH"}],"circlet_count":0,"master_deck":["AscendersBane","Strike_B","Strike_B","Defend_B","Defend_B","Defend_B","Zap","Dualcast","Ball Lightning","Go for the Eyes","Cold Snap+1","Chill","Ball Lightning+1","Defragment+1","Self Repair","Fission+1","Glacier","Static Discharge+1","Undo","RitualDagger","Loop","Capacitor+1","Glacier"],"relics":["Empty Cage","Prayer Wheel","Lizard Tail","Pear","Ginger","Odd Mushroom","Bag of Preparation","Runic Dome","Lee\u0027s Waffle","Pen Nib","Whetstone","Akabeko"],"acts_visited":["Exordium","TheCity"],"potions_floor_usage":[],"damage_taken":[{"damage":7.0,"enemies":"Small Slimes","floor":1.0,"turns":3.0},{"damage":2.0,"enemies":"Cultist","floor":2.0,"turns":4.0},{"damage":7.0,"enemies":"Jaw Worm","floor":3.0,"turns":2.0},{"damage":46.0,"enemies":"3 Sentries","floor":6.0,"turns":9.0},{"damage":13.0,"enemies":"Lagavulin","floor":8.0,"turns":7.0},{"damage":10.0,"enemies":"The Mushroom Lair","floor":10.0,"turns":5.0},{"damage":0.0,"enemies":"Large Slime","floor":11.0,"turns":5.0},{"damage":7.0,"enemies":"Blue Slaver","floor":12.0,"turns":4.0},{"damage":10.0,"enemies":"Gremlin Nob","floor":14.0,"turns":4.0},{"damage":2.0,"enemies":"Slime Boss","floor":16.0,"turns":7.0},{"damage":12.0,"enemies":"Chosen","floor":18.0,"turns":4.0},{"damage":27.0,"enemies":"3 Byrds","floor":19.0,"turns":5.0},{"damage":11.0,"enemies":"Snecko","floor":24.0,"turns":8.0},{"damage":35.0,"enemies":"Slavers","floor":25.0,"turns":5.0},{"damage":8.0,"enemies":"Snake Plant","floor":28.0,"turns":5.0},{"damage":30.0,"enemies":"Cultist and Chosen","floor":30.0,"turns":5.0},{"damage":37.0,"enemies":"Gremlin Leader","floor":31.0,"turns":9.0},{"damage":59,"enemies":"Champ","floor":33,"turns":18}],"seed_played":"5774772138275272067","potions_obtained":[{"floor":2.0,"key":"Regen Potion"},{"floor":6.0,"key":"Energy Potion"},{"floor":14.0,"key":"AttackPotion"},{"floor":16.0,"key":"Fire Potion"},{"floor":18.0,"key":"PotionOfCapacity"},{"floor":22.0,"key":"CultistPotion"}],"is_trial":false,"path_per_floor":["M","M","M","?","$","E","R","E","T","?","M","M","R","E","R","B",null,"M","M","$","?","?","R","M","E","T","R","M","$","M","E","R","B"],"character_chosen":"DEFECT","items_purchased":["Cold Snap","Lee\u0027s Waffle","Capacitor"],"campfire_rested":2,"item_purchase_floors":[5,20,29],"current_hp_per_floor":[57,55,48,48,48,17,38,35,35,25,25,18,42,32,32,37,70,65,45,88,82,82,82,78,50,50,50,49,49,26,40,40,0,0],"gold":53,"neow_bonus":"BOSS_RELIC","is_daily":false,"chose_seed":false,"campfire_upgraded":4,"win_rate":0.0,"timestamp":1613096313,"path_taken":["M","M","M","?","?","E","R","E","T","?","?","M","R","E","R","BOSS","M","M","$","?","?","R","M","E","T","R","M","$","?","E","R","BOSS"],"items_purchased_type":["Card","Relic","Card"],"build_version":"2020-12-22","purchased_purges":1,"victory":false,"max_hp_per_floor":[71,71,71,71,71,71,71,81,81,81,81,81,81,81,81,81,81,81,81,88,88,88,88,88,88,88,88,88,88,88,88,88,88,88],"card_choices":[{"not_picked":["Conserve Battery","Redo"],"picked":"Ball Lightning","floor":1.0},{"not_picked":["Hello World","Barrage","Leap"],"picked":"SKIP","floor":2.0},{"not_picked":["Streamline","Beam Cell"],"picked":"Go for the Eyes","floor":3.0},{"not_picked":["Aggregate","Hologram"],"picked":"Chill","floor":6.0},{"not_picked":["Leap","Fusion","Coolheaded"],"picked":"SKIP","floor":8.0},{"not_picked":["Compile Driver","Beam Cell"],"picked":"Ball Lightning","floor":11.0},{"not_picked":["Hello World","Melter","Gash"],"picked":"SKIP","floor":11.0},{"not_picked":["Go for the Eyes","Doom and Gloom"],"picked":"Defragment","floor":12.0},{"not_picked":["Steam","Hologram","Cold Snap"],"picked":"SKIP","floor":12.0},{"not_picked":["Tempest","Streamline"],"picked":"Self Repair","floor":14.0},{"not_picked":["Machine Learning","Meteor Strike"],"picked":"Fission","floor":16.0},{"not_picked":["Genetic Algorithm","Barrage"],"picked":"Glacier","floor":18.0},{"not_picked":["Turbo","Leap"],"picked":"Static Discharge","floor":18.0},{"not_picked":["Chill","Stack"],"picked":"Undo","floor":19.0},{"not_picked":["Chill","Rip and Tear","Beam Cell"],"picked":"SKIP","floor":19.0},{"not_picked":["Steam","Chaos","Turbo+1"],"picked":"SKIP","floor":24.0},{"not_picked":["Streamline","Reprogram","Turbo"],"picked":"SKIP","floor":24.0},{"not_picked":["Sunder","Cold Snap+1","Undo"],"picked":"SKIP","floor":25.0},{"not_picked":["Reboot","Stack"],"picked":"Loop","floor":28.0},{"not_picked":["Leap","Redo","Conserve Battery"],"picked":"SKIP","floor":28.0},{"not_picked":["Fusion","Leap"],"picked":"Glacier","floor":30.0},{"not_picked":["FTL","Hologram","Turbo"],"picked":"SKIP","floor":30.0},{"not_picked":["FTL","Sweeping Beam","Rebound+1"],"picked":"SKIP","floor":31.0}],"player_experience":2192599,"relics_obtained":[{"floor":6.0,"key":"Lizard Tail"},{"floor":8.0,"key":"Pear"},{"floor":9.0,"key":"Ginger"},{"floor":10.0,"key":"Odd Mushroom"},{"floor":14.0,"key":"Bag of Preparation"},{"floor":25.0,"key":"Pen Nib"},{"floor":26.0,"key":"Whetstone"},{"floor":31.0,"key":"Akabeko"}],"event_choices":[{"damage_healed":0.0,"max_hp_gain":0.0,"max_hp_loss":0.0,"gold_gain":0.0,"event_name":"WeMeetAgain","player_choice":"Paid Gold","floor":4.0,"gold_loss":95.0,"damage_taken":0.0,"relics_obtained":["Prayer Wheel"]},{"damage_healed":0.0,"max_hp_gain":0.0,"max_hp_loss":0.0,"gold_gain":0.0,"event_name":"Mushrooms","player_choice":"Fought Mushrooms","floor":10.0,"gold_loss":0.0,"damage_taken":0.0},{"damage_healed":0.0,"max_hp_gain":0.0,"max_hp_loss":0.0,"gold_gain":0.0,"event_name":"Nest","player_choice":"Joined the Cult","floor":21.0,"gold_loss":0.0,"damage_taken":6.0,"cards_obtained":["RitualDagger"]},{"damage_healed":0.0,"max_hp_gain":0.0,"max_hp_loss":0.0,"gold_gain":0.0,"event_name":"Lab","player_choice":"Got Potions","floor":22.0,"gold_loss":0.0,"damage_taken":0.0}],"is_beta":false,"boss_relics":[{"not_picked":["SacredBark","Tiny House"],"picked":"Runic Dome"}],"items_purged_floors":[20],"is_endless":false,"potions_floor_spawned":[2,6,14,16,18,24],"killed_by":"Champ","ascension_level":20}}