{"host":"188x3om7sf6mgxv1","time":1613105011,"event":{"mods":["BaseMod","Block Reminder","Jorbs\u0027s Wanderer Trilogy","Minty Spire (QoL Compilation)","Relic Stats","StSLib"],"gold_per_floor":[111,111,129,211,211,211,275,275,299,331,331,19,34,53,53,151,151,170,181,199,17,17,48,48,48,48,82,82,8,20,48,48,152,152,169,169,189,189,539,539,568,568,593,628,641,641,652,680,680,680,680,680,247,277,277],"floor_reached":56,"language":"ENG","playtime":3775,"items_purged":["stsjorbsmod:Strike_Wanderer+1"],"score":1479,"play_id":"303fbd72-6674-460f-805d-3867487b4035","local_time":"20210211234331","is_ascension_mode":true,"campfire_choices":[{"data":"stsjorbsmod:ScorchingRay","floor":6,"key":"SMITH"},{"data":"stsjorbsmod:TollTheDead","floor":8,"key":"SMITH"},{"data":"stsjorbsmod:Aid","floor":11,"key":"SMITH"},{"data":"stsjorbsmod:FindFamiliar","floor":15,"key":"SMITH"},{"data":"stsjorbsmod:SmithingStrike","floor":32,"key":"SMITH"},{"floor":40,"key":"RECALL"},{"data":"stsjorbsmod:Fireball","floor":42,"key":"SMITH"},{"data":"1","floor":46,"key":"LIFT"},{"data":"2","floor":49,"key":"LIFT"},{"data":"3","floor":52,"key":"LIFT"}],"circlet_count":0,"master_deck":["stsjorbsmod:ForbiddenGrimoire+1","stsjorbsmod:Strike_Wanderer+1","stsjorbsmod:Strike_Wanderer+1","stsjorbsmod:Defend_Wanderer+1","stsjorbsmod:Defend_Wanderer+1","stsjorbsmod:Defend_Wanderer+1","stsjorbsmod:FreshAdventure+1","stsjorbsmod:EyeOfTheStorm","stsjorbsmod:ScorchingRay+1","stsjorbsmod:TollTheDead+1","stsjorbsmod:Hibernate","stsjorbsmod:BlackTentacles+1","stsjorbsmod:Aid+1","stsjorbsmod:FracturedMind","stsjorbsmod:SmithingStrike+1","stsjorbsmod:FindFamiliar+1","stsjorbsmod:Fireball+1","stsjorbsmod:ScorchingRay+1","stsjorbsmod:Hibernate+1","stsjorbsmod:RayOfFrost","stsjorbsmod:Withdraw+1","stsjorbsmod:Withdraw+1","stsjorbsmod:ArcaneForm","stsjorbsmod:SmithingStrike+1","stsjorbsmod:Patron","Apotheosis","stsjorbsmod:Thorns+1","stsjorbsmod:AnimateObjects+1","stsjorbsmod:BookOfTongues+1","stsjorbsmod:Pyromancy","stsjorbsmod:AnimateObjects+1","stsjorbsmod:WeightOfMemory","stsjorbsmod:Thorns+1"],"relics":["stsjorbsmod:GrimoireRelic","Kunai","Matryoshka","Juzu Bracelet","Happy Flower","Strawberry","Dead Branch","Snecko Eye","Membership Card","War Paint","Blood Vial","Meat on the Bone","stsjorbsmod:BottledMemoryRelic","Torii","SacredBark","Old Coin","Toxic Egg 2","Boot","Girya","Ancient Tea Set","Whetstone","Akabeko","Sling","Mango"],"acts_visited":["Exordium","TheCity","TheBeyond","TheEnding"],"potions_floor_usage":[31,33,35,35,54,55,55],"damage_taken":[{"damage":1,"enemies":"2 Louse","floor":1,"turns":2},{"damage":7,"enemies":"Jaw Worm","floor":3,"turns":4},{"damage":16,"enemies":"3 Sentries","floor":7,"turns":7},{"damage":14,"enemies":"Gremlin Nob","floor":10,"turns":3},{"damage":0,"enemies":"Small Slimes","floor":13,"turns":3},{"damage":0,"enemies":"Red Slaver","floor":14,"turns":3},{"damage":18,"enemies":"Slime Boss","floor":16,"turns":7},{"damage":13,"enemies":"2 Thieves","floor":18,"turns":4},{"damage":12,"enemies":"Shell Parasite","floor":19,"turns":2},{"damage":13,"enemies":"3 Cultists","floor":20,"turns":5},{"damage":8,"enemies":"Book of Stabbing","floor":23,"turns":7},{"damage":0,"enemies":"Gremlin Leader","floor":27,"turns":5},{"damage":2,"enemies":"Centurion and Healer","floor":30,"turns":4},{"damage":30,"enemies":"Slavers","floor":31,"turns":4},{"damage":19,"enemies":"Automaton","floor":33,"turns":7},{"damage":6,"enemies":"3 Shapes","floor":35,"turns":6},{"damage":2,"enemies":"3 Darklings","floor":37,"turns":4},{"damage":1,"enemies":"Mind Bloom Boss Battle","floor":39,"turns":5},{"damage":46,"enemies":"Nemesis","floor":41,"turns":7},{"damage":46,"enemies":"Reptomancer","floor":44,"turns":6},{"damage":1,"enemies":"Sphere and 2 Shapes","floor":45,"turns":7},{"damage":26,"enemies":"4 Shapes","floor":47,"turns":3},{"damage":8,"enemies":"Nemesis","floor":48,"turns":5},{"damage":44,"enemies":"Donu and Deca","floor":50,"turns":7},{"damage":0,"enemies":"Shield and Spear","floor":54,"turns":5},{"damage":57,"enemies":"The Heart","floor":55,"turns":7}],"seed_played":"2782544134232955632","potions_obtained":[{"floor":10,"key":"Dexterity Potion"},{"floor":14,"key":"EntropicBrew"},{"floor":20,"key":"stsjorbsmod:BurningPotion"},{"floor":31,"key":"Energy Potion"},{"floor":37,"key":"BlessingOfTheForge"}],"is_trial":false,"path_per_floor":["M","?","M","T","?","R","E","R","T","E","R","$","M","M","R","B",null,"M","M","M","$","?","E","?","?","T","E","?","$","M","E","R","B",null,"M","?","M","?","?","R","E","R","T","E","M","R","M","E","R","B",null,"R","$","E","B",null],"character_chosen":"WANDERER","items_purchased":["Dead Branch","stsjorbsmod:FracturedMind","Membership Card","stsjorbsmod:RayOfFrost","stsjorbsmod:BottledMemoryRelic","stsjorbsmod:Pyromancy","stsjorbsmod:AnimateObjects+1","Block Potion","Ancient Potion","Whetstone","stsjorbsmod:WeightOfMemory","Akabeko","Sling"],"campfire_rested":0,"item_purchase_floors":[12,12,21,21,29,53,53,53,53,53,53,53,53],"current_hp_per_floor":[68,73,70,70,63,63,49,49,49,43,43,43,45,47,47,29,82,72,61,52,52,52,49,49,49,49,53,50,50,54,42,42,40,82,82,82,82,82,82,82,57,57,57,33,50,50,42,55,55,33,86,86,86,100,55],"gold":277,"neow_bonus":"THREE_CARDS","is_daily":false,"chose_seed":false,"campfire_upgraded":6,"win_rate":0.0,"timestamp":1613105011,"path_taken":["M","?","M","?","?","R","E","R","T","E","R","$","M","M","R","BOSS","M","M","M","$","?","E","?","?","T","E","?","$","M","E","R","BOSS","M","?","M","?","?","R","E","R","T","E","M","R","M","E","R","BOSS","R","$","E","BOSS"],"items_purchased_type":["Relic","Card","Relic","Card","Relic","Card","Card","Potion","Potion","Relic","Card","Relic","Relic"],"build_version":"2020-12-22","purchased_purges":1,"victory":true,"max_hp_per_floor":[68,73,75,75,75,75,75,75,75,82,82,82,82,82,82,82,82,82,82,82,82,82,82,82,82,82,82,82,82,82,82,82,82,82,82,82,82,82,82,82,84,84,84,86,86,86,86,86,86,86,86,86,86,100,100],"relic_stats":{"Happy Flower":[39],"Torii":36,"counters":[26,129],"Dead Branch":[169],"Juzu Bracelet":2,"Whetstone":["stsjorbsmod:BlackTentacles","stsjorbsmod:FreshAdventure"],"War Paint":["stsjorbsmod:ScorchingRay","stsjorbsmod:Withdraw"],"Boot":[37],"Blood Vial":18,"Snecko Eye":[178,174,164,166],"Kunai":[18],"obtain_stats":[{"Girya":44,"stsjorbsmod:BottledMemoryRelic":29,"Happy Flower":9,"Torii":31,"Dead Branch":12,"SacredBark":34,"stsjorbsmod:GrimoireRelic":0,"Mango":54,"Juzu Bracelet":9,"Whetstone":53,"War Paint":23,"Boot":43,"Ancient Tea Set":48,"Sling":53,"Akabeko":53,"Old Coin":39,"Blood Vial":26,"Matryoshka":7,"Strawberry":10,"Snecko Eye":17,"Kunai":4,"Membership Card":21,"Toxic Egg 2":41,"Meat on the Bone":27},{"Girya":20,"stsjorbsmod:BottledMemoryRelic":12,"Happy Flower":3,"Torii":14,"Dead Branch":4,"SacredBark":15,"stsjorbsmod:GrimoireRelic":0,"Mango":25,"Juzu Bracelet":3,"Whetstone":24,"War Paint":11,"Boot":19,"Ancient Tea Set":23,"Sling":24,"Akabeko":24,"Old Coin":18,"Blood Vial":11,"Matryoshka":3,"Strawberry":4,"Snecko Eye":7,"Kunai":2,"Membership Card":10,"Toxic Egg 2":19,"Meat on the Bone":12},{"Girya":95,"stsjorbsmod:BottledMemoryRelic":52,"Happy Flower":13,"Torii":60,"Dead Branch":16,"SacredBark":67,"stsjorbsmod:GrimoireRelic":0,"Mango":122,"Juzu Bracelet":13,"Whetstone":117,"War Paint":47,"Boot":89,"Ancient Tea Set":110,"Sling":117,"Akabeko":117,"Old Coin":82,"Blood Vial":47,"Matryoshka":13,"Strawberry":16,"Snecko Eye":29,"Kunai":6,"Membership Card":40,"Toxic Egg 2":89,"Meat on the Bone":52}],"Meat on the Bone":108},"card_choices":[{"not_picked":["stsjorbsmod:FlameWard","stsjorbsmod:Index"],"picked":"stsjorbsmod:ScorchingRay","floor":0},{"not_picked":["stsjorbsmod:Message","stsjorbsmod:Hurt"],"picked":"stsjorbsmod:TollTheDead","floor":1},{"not_picked":["stsjorbsmod:Index","stsjorbsmod:ParryingBlow"],"picked":"stsjorbsmod:Hibernate","floor":3},{"not_picked":["stsjorbsmod:MageArmor","stsjorbsmod:ParryingBlow"],"picked":"stsjorbsmod:BlackTentacles","floor":7},{"not_picked":["stsjorbsmod:Firebolt","stsjorbsmod:Introspection"],"picked":"stsjorbsmod:Aid","floor":10},{"not_picked":["stsjorbsmod:Channel","stsjorbsmod:MistyStep"],"picked":"stsjorbsmod:SmithingStrike","floor":13},{"not_picked":["stsjorbsmod:Counterspell","stsjorbsmod:Hurt"],"picked":"stsjorbsmod:FindFamiliar","floor":14},{"not_picked":["stsjorbsmod:Determination","stsjorbsmod:ThirstingSword"],"picked":"stsjorbsmod:Fireball","floor":16},{"not_picked":["stsjorbsmod:Hibernate","stsjorbsmod:UnseenServant"],"picked":"stsjorbsmod:ScorchingRay","floor":18},{"not_picked":["stsjorbsmod:Aid","stsjorbsmod:Stalwart"],"picked":"stsjorbsmod:Hibernate+1","floor":19},{"not_picked":["stsjorbsmod:ParryingBlow","stsjorbsmod:DoubleCheck","stsjorbsmod:DisguiseSelf"],"picked":"SKIP","floor":20},{"not_picked":["stsjorbsmod:Message+1","stsjorbsmod:Channel"],"picked":"stsjorbsmod:Withdraw","floor":23},{"not_picked":["stsjorbsmod:Hibernate","stsjorbsmod:Patron","stsjorbsmod:ColorSpray"],"picked":"SKIP","floor":27},{"not_picked":["stsjorbsmod:FracturedMind","stsjorbsmod:BlackTentacles","stsjorbsmod:Mindworm"],"picked":"SKIP","floor":30},{"not_picked":["stsjorbsmod:Prestidigitation","stsjorbsmod:Hibernate","stsjorbsmod:TollTheDead"],"picked":"SKIP","floor":31},{"not_picked":["stsjorbsmod:IvoryTower","stsjorbsmod:DeathThroes"],"picked":"stsjorbsmod:ArcaneForm","floor":33},{"not_picked":["stsjorbsmod:RayOfFrost+1","stsjorbsmod:Prestidigitation+1"],"picked":"stsjorbsmod:SmithingStrike+1","floor":35},{"not_picked":["stsjorbsmod:Patron","stsjorbsmod:ChatteringStrike+1","stsjorbsmod:Prepare+1"],"picked":"SKIP","floor":37},{"not_picked":["stsjorbsmod:ChatteringStrike+1","stsjorbsmod:Prepare+1"],"picked":"stsjorbsmod:Patron","floor":37},{"not_picked":["Deep Breath","Purity"],"picked":"Apotheosis","floor":38},{"not_picked":["stsjorbsmod:ChainLightning","stsjorbsmod:FindFamiliar+1"],"picked":"stsjorbsmod:Thorns+1","floor":41},{"not_picked":["stsjorbsmod:Rest+1","stsjorbsmod:ArcaneForm"],"picked":"stsjorbsmod:AnimateObjects+1","floor":44},{"not_picked":["stsjorbsmod:TrueStrike+1","stsjorbsmod:Hurt+1","stsjorbsmod:FindFamiliar"],"picked":"SKIP","floor":45},{"not_picked":["stsjorbsmod:Prepare+1","stsjorbsmod:UnseenServant+1"],"picked":"stsjorbsmod:BookOfTongues+1","floor":47},{"not_picked":["stsjorbsmod:Index+1","stsjorbsmod:MageArmor+1","stsjorbsmod:Mindworm"],"picked":"SKIP","floor":48},{"not_picked":["stsjorbsmod:TinyHut","stsjorbsmod:Will+1"],"picked":"stsjorbsmod:Thorns+1","floor":54}],"player_experience":66880,"relics_obtained":[{"floor":4,"key":"Kunai"},{"floor":7,"key":"Matryoshka"},{"floor":9,"key":"Juzu Bracelet"},{"floor":9,"key":"Happy Flower"},{"floor":10,"key":"Strawberry"},{"floor":23,"key":"War Paint"},{"floor":26,"key":"Blood Vial"},{"floor":27,"key":"Meat on the Bone"},{"floor":31,"key":"Torii"},{"floor":39,"key":"Old Coin"},{"floor":41,"key":"Toxic Egg 2"},{"floor":43,"key":"Boot"},{"floor":44,"key":"Girya"},{"floor":48,"key":"Ancient Tea Set"},{"floor":54,"key":"Mango"}],"event_choices":[{"damage_healed":0,"gold_gain":0,"player_choice":"Donut","damage_taken":0,"max_hp_gain":5,"max_hp_loss":0,"event_name":"Big Fish","floor":2,"gold_loss":0},{"cards_removed":["stsjorbsmod:Strike_Wanderer"],"damage_healed":0,"gold_gain":0,"player_choice":"Card Removal","damage_taken":7,"max_hp_gain":0,"max_hp_loss":0,"event_name":"Golden Wing","floor":5,"gold_loss":0},{"damage_healed":0,"gold_gain":0,"player_choice":"Ignored","damage_taken":0,"max_hp_gain":0,"max_hp_loss":0,"event_name":"The Mausoleum","floor":22,"gold_loss":0},{"damage_healed":0,"gold_gain":0,"player_choice":"Copied","damage_taken":0,"max_hp_gain":0,"max_hp_loss":0,"event_name":"Duplicator","floor":24,"gold_loss":0,"cards_obtained":["stsjorbsmod:Withdraw"]},{"damage_healed":0,"gold_gain":0,"player_choice":"Simplicity","damage_taken":0,"max_hp_gain":0,"max_hp_loss":0,"event_name":"Back to Basics","floor":25,"gold_loss":0,"cards_upgraded":["stsjorbsmod:Strike_Wanderer","stsjorbsmod:Strike_Wanderer","stsjorbsmod:Strike_Wanderer","stsjorbsmod:Defend_Wanderer","stsjorbsmod:Defend_Wanderer","stsjorbsmod:Defend_Wanderer","stsjorbsmod:Defend_Wanderer"]},{"damage_healed":0,"gold_gain":0,"player_choice":"Punched","damage_taken":3,"max_hp_gain":0,"max_hp_loss":0,"event_name":"Designer","floor":28,"gold_loss":0},{"cards_removed":["stsjorbsmod:Defend_Wanderer"],"damage_healed":0,"gold_gain":0,"player_choice":"Removed Skill","damage_taken":0,"max_hp_gain":0,"max_hp_loss":0,"event_name":"Falling","floor":36,"gold_loss":0},{"damage_healed":0,"gold_gain":0,"player_choice":"Memory 1","damage_taken":0,"max_hp_gain":0,"max_hp_loss":0,"event_name":"SensoryStone","floor":38,"gold_loss":0},{"damage_healed":0,"gold_gain":0,"player_choice":"Fight","damage_taken":0,"max_hp_gain":0,"max_hp_loss":0,"event_name":"MindBloom","floor":39,"gold_loss":0}],"is_beta":false,"boss_relics":[{"not_picked":["Runic Pyramid","Tiny House"],"picked":"Snecko Eye"},{"not_picked":["Busted Crown","Runic Dome"],"picked":"SacredBark"}],"items_purged_floors":[53],"is_endless":false,"potions_floor_spawned":[10,14,20,23,30,31,37,39,47],"ascension_level":2}}