{"host":"17trt2gvjgnh9jmc","time":1613157049,"event":{"mods":["AchievementEnabler","BaseMod","Bestiary","Colored Map","Minty Spire (QoL Compilation)","Relic Stats"],"gold_per_floor":[118,118,133,148,162,162,20,20,20,53,53,53,73,84,84,180,180,190,190,202,117,117,149,149,175,175,201,201,229,243,274,274,374,374,387,407,418,418,26,61,61,96,96,96,111,125,139,139,139,139,139],"floor_reached":50,"language":"ENG","playtime":13453,"items_purged":["Defend_G","Parasite"],"score":820,"play_id":"a15e2c96-7e11-4b50-9ab9-fd6a23f208c6","local_time":"20210212201049","is_ascension_mode":true,"campfire_choices":[{"floor":6,"key":"REST"},{"floor":11,"key":"REST"},{"data":"Tactician","floor":15,"key":"SMITH"},{"data":"Calculated Gamble","floor":24,"key":"SMITH"},{"data":"Tactician","floor":28,"key":"SMITH"},{"data":"Calculated Gamble","floor":32,"key":"SMITH"},{"floor":44,"key":"DIG"},{"floor":49,"key":"DIG"}],"circlet_count":0,"master_deck":["Survivor","Dagger Spray","PiercingWail","Underhanded Strike","Well Laid Plans","Predator","Underhanded Strike","Deadly Poison","Calculated Gamble+1","Tactician+1","Tools of the Trade","Noxious Fumes","Terror","Reflex","Underhanded Strike","Adrenaline","Leg Sweep","Predator","Dodge and Roll+1","Well Laid Plans","Calculated Gamble+1","Dagger Throw+1","Tactician+1","Crippling Poison","Dagger Throw","Underhanded Strike+1","Madness","Madness","Acrobatics","Deadly Poison","Poisoned Stab+1","Doppelganger"],"relics":["Snecko Eye","GremlinMask","Bottled Lightning","Eternal Feather","Pandora\u0027s Box","Nunchaku","MealTicket","Darkstone Periapt","HornCleat","Dream Catcher","Bag of Preparation","Singing Bowl","WristBlade","CaptainsWheel","Vajra","Shovel","Torii","Pantograph"],"acts_visited":["Exordium","TheCity","TheBeyond"],"potions_floor_usage":[20,23],"damage_taken":[{"damage":1,"enemies":"2 Louse","floor":1,"turns":4},{"damage":12,"enemies":"Cultist","floor":3,"turns":6},{"damage":6,"enemies":"Small Slimes","floor":4,"turns":4},{"damage":16,"enemies":"Blue Slaver","floor":5,"turns":6},{"damage":21,"enemies":"Lagavulin","floor":10,"turns":8},{"damage":3,"enemies":"Exordium Wildlife","floor":13,"turns":3},{"damage":0,"enemies":"3 Louse","floor":14,"turns":2},{"damage":14,"enemies":"Hexaghost","floor":16,"turns":9},{"damage":11,"enemies":"Spheric Guardian","floor":18,"turns":3},{"damage":0,"enemies":"Shell Parasite","floor":20,"turns":3},{"damage":0,"enemies":"Book of Stabbing","floor":23,"turns":5},{"damage":4,"enemies":"Gremlin Leader","floor":25,"turns":5},{"damage":0,"enemies":"Book of Stabbing","floor":27,"turns":3},{"damage":0,"enemies":"Gremlin Leader","floor":29,"turns":4},{"damage":0,"enemies":"Shelled Parasite and Fungi","floor":30,"turns":2},{"damage":0,"enemies":"Slavers","floor":31,"turns":4},{"damage":13,"enemies":"Automaton","floor":33,"turns":7},{"damage":4,"enemies":"3 Shapes","floor":35,"turns":2},{"damage":0,"enemies":"Orb Walker","floor":36,"turns":2},{"damage":2,"enemies":"Writhing Mass","floor":37,"turns":5},{"damage":32,"enemies":"Nemesis","floor":40,"turns":7},{"damage":8,"enemies":"Giant Head","floor":42,"turns":6},{"damage":12,"enemies":"Spire Growth","floor":45,"turns":4},{"damage":2,"enemies":"4 Shapes","floor":46,"turns":5},{"damage":2,"enemies":"3 Darklings","floor":47,"turns":3},{"damage":89,"enemies":"Time Eater","floor":50,"turns":8}],"seed_played":"-2091396026658944212","potions_obtained":[{"floor":4,"key":"Dexterity Potion"},{"floor":13,"key":"SneckoOil"},{"floor":18,"key":"ColorlessPotion"},{"floor":20,"key":"Weak Potion"},{"floor":25,"key":"Strength Potion"},{"floor":27,"key":"LiquidBronze"}],"is_trial":false,"path_per_floor":["M","?","M","M","M","R","$","?","T","E","R","?","M","M","R","B",null,"M","?","M","?","?","E","R","E","T","E","R","E","M","E","R","B",null,"M","M","M","?","$","E","$","E","T","R","M","M","M","?","R","B"],"character_chosen":"THE_SILENT","items_purchased":["Predator","CaptainsWheel"],"campfire_rested":2,"item_purchase_floors":[7,39],"current_hp_per_floor":[69,69,57,51,35,56,56,49,49,28,58,58,55,55,64,50,70,59,59,59,59,59,59,70,66,66,66,70,70,70,72,72,61,74,72,74,78,67,81,49,64,58,58,76,66,64,62,62,80,0,0],"gold":139,"neow_bonus":"BOSS_RELIC","is_daily":false,"chose_seed":false,"campfire_upgraded":4,"win_rate":0.0,"timestamp":1613157049,"path_taken":["M","?","?","M","M","R","?","?","T","E","R","?","M","?","R","BOSS","M","?","M","?","?","E","R","E","T","E","R","E","?","E","R","BOSS","M","M","M","?","$","E","$","E","T","R","M","M","M","?","R","BOSS"],"items_purchased_type":["Card","Relic"],"build_version":"2020-12-22","purchased_purges":2,"victory":false,"max_hp_per_floor":[70,70,70,70,70,70,70,70,70,70,70,70,70,70,70,70,70,70,70,70,70,70,70,70,70,70,70,70,70,70,72,72,74,74,76,78,84,84,81,81,81,83,83,83,85,85,85,85,85,85,85],"relic_stats":{"Darkstone Periapt":6,"Singing Bowl":12,"Torii":7,"counters":[26,120],"Eternal Feather":69,"Bag of Preparation":[24],"Nunchaku":[20],"Dream Catcher":0,"Shovel":2,"Pantograph":5,"Snecko Eye":[314,283,280,280],"Pandora\u0027s Box":["Noxious Fumes","Terror","Masterful Stab","Reflex","Underhanded Strike","Adrenaline","Leg Sweep"],"MealTicket":30,"obtain_stats":[{"Darkstone Periapt":25,"Singing Bowl":31,"Torii":43,"Vajra":40,"GremlinMask":2,"Eternal Feather":10,"Bag of Preparation":29,"Nunchaku":21,"Dream Catcher":27,"CaptainsWheel":39,"HornCleat":26,"Shovel":42,"WristBlade":34,"Pantograph":44,"Snecko Eye":0,"Pandora\u0027s Box":17,"MealTicket":23,"Bottled Lightning":9,"Ring of the Snake":0},{"Darkstone Periapt":12,"Singing Bowl":16,"Torii":22,"Vajra":21,"GremlinMask":1,"Eternal Feather":5,"Bag of Preparation":14,"Nunchaku":10,"Dream Catcher":13,"CaptainsWheel":20,"HornCleat":12,"Shovel":22,"WristBlade":17,"Pantograph":22,"Snecko Eye":0,"Pandora\u0027s Box":8,"MealTicket":11,"Bottled Lightning":4,"Ring of the Snake":0},{"Darkstone Periapt":58,"Singing Bowl":71,"Torii":100,"Vajra":94,"GremlinMask":4,"Eternal Feather":28,"Bag of Preparation":65,"Nunchaku":48,"Dream Catcher":61,"CaptainsWheel":87,"HornCleat":58,"Shovel":100,"WristBlade":78,"Pantograph":100,"Snecko Eye":0,"Pandora\u0027s Box":42,"MealTicket":53,"Bottled Lightning":20,"Ring of the Snake":0}]},"card_choices":[{"not_picked":["Flying Knee","Flechettes"],"picked":"Dagger Spray","floor":1},{"not_picked":["Catalyst","Bane"],"picked":"PiercingWail","floor":3},{"not_picked":["Dodge and Roll","Deadly Poison"],"picked":"Underhanded Strike","floor":4},{"not_picked":["Slice","Glass Knife"],"picked":"Well Laid Plans","floor":5},{"not_picked":["Catalyst","Poisoned Stab"],"picked":"Underhanded Strike","floor":10},{"not_picked":["Endless Agony","Poisoned Stab"],"picked":"Calculated Gamble","floor":13},{"not_picked":["Endless Agony","Accuracy"],"picked":"Tactician","floor":14},{"not_picked":["Doppelganger","Envenom"],"picked":"Tools of the Trade","floor":16},{"not_picked":["Riddle With Holes","Dagger Spray+1"],"picked":"Predator","floor":18},{"not_picked":["Outmaneuver","Cloak And Dagger+1"],"picked":"Dodge and Roll+1","floor":20},{"not_picked":["Dash","PiercingWail"],"picked":"Calculated Gamble","floor":23},{"not_picked":["Venomology","Prepared"],"picked":"Dagger Throw+1","floor":25},{"not_picked":["Finisher","Poisoned Stab"],"picked":"Tactician","floor":27},{"not_picked":["Finisher","Poisoned Stab"],"picked":"Crippling Poison","floor":29},{"not_picked":["Quick Slash+1","Expertise"],"picked":"Dagger Throw","floor":30},{"not_picked":["Cloak And Dagger+1","Prepared","Calculated Gamble"],"picked":"Singing Bowl","floor":31},{"not_picked":["Venomology","Bullet Time","Wraith Form v2"],"picked":"Singing Bowl","floor":33},{"not_picked":["Prepared+1","Concentrate","Dagger Throw"],"picked":"Singing Bowl","floor":35},{"not_picked":["Bane+1","Riddle With Holes","Flechettes"],"picked":"Singing Bowl","floor":36},{"not_picked":["Poisoned Stab+1","Distraction+1"],"picked":"Underhanded Strike+1","floor":37},{"not_picked":["Slice","Poisoned Stab"],"picked":"Acrobatics","floor":40},{"not_picked":["Corpse Explosion","Predator+1","Flying Knee"],"picked":"Singing Bowl","floor":42},{"not_picked":["Bane","Accuracy","Quick Slash+1"],"picked":"Singing Bowl","floor":45},{"not_picked":["Blade Dance+1","Quick Slash+1"],"picked":"Deadly Poison","floor":46},{"not_picked":["Sucker Punch+1","Flying Knee"],"picked":"Poisoned Stab+1","floor":47}],"player_experience":470025,"relics_obtained":[{"floor":9,"key":"Bottled Lightning"},{"floor":10,"key":"Eternal Feather"},{"floor":23,"key":"MealTicket"},{"floor":25,"key":"Darkstone Periapt"},{"floor":26,"key":"HornCleat"},{"floor":27,"key":"Dream Catcher"},{"floor":29,"key":"Bag of Preparation"},{"floor":31,"key":"Singing Bowl"},{"floor":40,"key":"Vajra"},{"floor":42,"key":"Shovel"},{"floor":43,"key":"Torii"},{"floor":44,"key":"Pantograph"}],"event_choices":[{"damage_healed":0,"gold_gain":0,"player_choice":"Trade","damage_taken":0,"relics_obtained":["GremlinMask"],"max_hp_gain":0,"max_hp_loss":0,"event_name":"FaceTrader","floor":2,"gold_loss":0},{"cards_removed":["Strike_G"],"damage_healed":0,"gold_gain":0,"player_choice":"Card Removal","damage_taken":7,"max_hp_gain":0,"max_hp_loss":0,"event_name":"Golden Wing","floor":8,"gold_loss":0},{"damage_healed":0,"gold_gain":0,"cards_transformed":["Strike_G"],"player_choice":"Change","damage_taken":0,"max_hp_gain":0,"max_hp_loss":0,"event_name":"Living Wall","floor":12,"gold_loss":0,"cards_obtained":["Deadly Poison"]},{"cards_removed":["Neutralize"],"damage_healed":0,"gold_gain":0,"player_choice":"Elegance","damage_taken":0,"max_hp_gain":0,"max_hp_loss":0,"event_name":"Back to Basics","floor":19,"gold_loss":0},{"damage_healed":0,"gold_gain":0,"player_choice":"Obtained Relic","damage_taken":0,"relics_obtained":["Nunchaku"],"max_hp_gain":0,"max_hp_loss":0,"event_name":"Addict","floor":21,"gold_loss":85},{"damage_healed":0,"gold_gain":0,"player_choice":"Copied","damage_taken":0,"max_hp_gain":0,"max_hp_loss":0,"event_name":"Duplicator","floor":22,"gold_loss":0,"cards_obtained":["Well Laid Plans"]},{"damage_healed":0,"gold_gain":0,"player_choice":"Embrace Madness","damage_taken":11,"max_hp_gain":0,"max_hp_loss":0,"event_name":"Winding Halls","floor":38,"gold_loss":0,"cards_obtained":["Madness","Madness"]},{"damage_healed":0,"gold_gain":0,"cards_transformed":["Masterful Stab"],"player_choice":"Transformed","damage_taken":0,"max_hp_gain":0,"max_hp_loss":0,"event_name":"Transmorgrifier","floor":48,"gold_loss":0,"cards_obtained":["Doppelganger"]}],"is_beta":false,"boss_relics":[{"not_picked":["Ectoplasm","Black Star"],"picked":"Pandora\u0027s Box"},{"not_picked":["Runic Dome","Sozu"],"picked":"WristBlade"}],"items_purged_floors":[7,39],"is_endless":false,"potions_floor_spawned":[4,13,18,20,25,27,30,35,37,47],"killed_by":"Time Eater","ascension_level":2}}