{"host":"ktoxvvst1mwxww91","time":1613124620,"event":{"mods":["BaseMod","Downfall","Hermit","Minty Spire (QoL Compilation)","StSLib","The Hierophant"],"gold_per_floor":[99,117,27,12,12,0,27,52,69,69,86,71,71,106,120,224,224,224,244,254,254,115,126,171,171,185,199,228,228,248,248,248,349,349,249,299,137,157,175,199,276,310,310,310,310],"floor_reached":43,"language":"ENG","playtime":1947,"items_purged":["bronze:Strike","bronze:Strike","bronze:Strike"],"score":608,"play_id":"e7c95d0e-f4fd-4122-a31e-ca8b7aa1990e","local_time":"20210212111020","is_ascension_mode":true,"campfire_choices":[{"data":"bronze:Replicate","floor":1,"key":"SMITH"},{"data":"bronze:Iterate","floor":10,"key":"SMITH"},{"data":"bronze:Branch","floor":13,"key":"SMITH"},{"data":"bronze:HardenedForm","floor":18,"key":"SMITH"},{"data":"bronze:Philosophize","floor":25,"key":"SMITH"},{"floor":29,"key":"REST"},{"floor":35,"key":"RECALL"}],"circlet_count":0,"master_deck":["bronze:Strike","bronze:Defend","bronze:Defend+1","bronze:Defend","bronze:Defend+1","bronze:Replicate+1","bronze:Goto","bronze:WhirlingStrike","bronze:Fortify","bronze:Repair","bronze:InfiniteLoop","bronze:ChildClass","bronze:Iterate+1","bronze:Repulsor","bronze:Branch+1","bronze:CutThrough","bronze:Iterate","bronze:HardenedForm+1","bronze:Philosophize+1","bronze:MaxOutput","bronze:Iterate","bronze:MaxOutput+1","bronze:AlphaBuild","bronze:BitShift","Pride","bronze:Verify","bronze:Repulsor+1","bronze:InfiniteBeams","bronze:BitShift+1","bronze:Branch+1"],"relics":["Philosopher\u0027s Stone","War Paint","Dream Catcher","MealTicket","bronze:ElectromagneticCoil","Bronze Scales","Mummified Hand","Orichalcum","Slimebound:StickyStick","Boot","InkBottle","Runic Pyramid","downfall:HeartBlessingGreen","Ice Cream","bronze:CableSpool","Lantern"],"acts_visited":["Exordium","TheCity","TheBeyond"],"potions_floor_usage":[14,16,19,19,28,28,32,39,39],"damage_taken":[{"damage":2,"enemies":"Cultist","floor":2,"turns":3},{"damage":0,"enemies":"downfall:FleeingMerchant","floor":3,"turns":4},{"damage":5,"enemies":"downfall:FleeingMerchant","floor":4,"turns":4},{"damage":19,"enemies":"downfall:FleeingMerchant","floor":6,"turns":4},{"damage":4,"enemies":"Lagavulin","floor":8,"turns":7},{"damage":0,"enemies":"Jaw Worm","floor":9,"turns":2},{"damage":0,"enemies":"Small Slimes","floor":11,"turns":3},{"damage":17,"enemies":"downfall:FleeingMerchant","floor":12,"turns":4},{"damage":0,"enemies":"Gremlin Nob","floor":14,"turns":3},{"damage":0,"enemies":"Exordium Wildlife","floor":15,"turns":3},{"damage":5,"enemies":"SI_SHIV_ARCHETYPE","floor":16,"turns":6},{"damage":0,"enemies":"Spheric Guardian","floor":19,"turns":3},{"damage":50,"enemies":"Snake Plant","floor":20,"turns":6},{"damage":15,"enemies":"downfall:FleeingMerchant","floor":22,"turns":4},{"damage":0,"enemies":"Centurion and Healer","floor":23,"turns":6},{"damage":14,"enemies":"Snecko","floor":26,"turns":4},{"damage":18,"enemies":"Shelled Parasite and Fungi","floor":27,"turns":4},{"damage":16,"enemies":"Gremlin Leader","floor":28,"turns":4},{"damage":6,"enemies":"Chosen and Byrds","floor":30,"turns":3},{"damage":0,"enemies":"Snake Plant","floor":32,"turns":1},{"damage":46,"enemies":"WA_ARCHETYPE_CALM","floor":33,"turns":8},{"damage":5,"enemies":"WA_ARCHETYPE_CALM","floor":36,"turns":5},{"damage":4,"enemies":"3 Shapes","floor":38,"turns":4},{"damage":8,"enemies":"3 Darklings","floor":39,"turns":5},{"damage":65,"enemies":"Giant Head","floor":42,"turns":8},{"damage":17,"enemies":"4 Shapes","floor":43,"turns":1}],"seed_played":"-5524826243784832429","potions_obtained":[{"floor":2,"key":"Swift Potion"},{"floor":9,"key":"Fire Potion"},{"floor":14,"key":"SneckoOil"},{"floor":15,"key":"PowerPotion"},{"floor":20,"key":"Ancient Potion"},{"floor":26,"key":"BlessingOfTheForge"},{"floor":27,"key":"EssenceOfSteel"},{"floor":30,"key":"SmokeBomb"},{"floor":33,"key":"Dexterity Potion"},{"floor":36,"key":"bronze:FreeFunctionsPotion"}],"is_trial":false,"path_per_floor":["R","M","$","$","?","$","T","E","M","R","M","$","R","E","M","B",null,"R","M","M","?","$","M","T","R","M","M","E","R","M","?","M","B",null,"R","?","$","M","M","T","T","E","M"],"character_chosen":"THE_AUTOMATON","items_purchased":["Mummified Hand","Orichalcum","bronze:InfiniteBeams"],"campfire_rested":1,"item_purchase_floors":[22,22,37],"current_hp_per_floor":[70,68,68,63,68,56,56,59,59,59,66,56,56,56,56,58,75,75,75,32,32,39,46,46,46,39,28,19,41,42,42,42,3,75,75,70,75,71,67,67,67,9,0,0,0],"gold":310,"neow_bonus":"BOSS_RELIC","is_daily":false,"chose_seed":false,"campfire_upgraded":5,"win_rate":0.0,"timestamp":1613124620,"path_taken":["R","M","?","$","?","?","T","E","M","R","M","$","R","E","M","BOSS","R","M","M","?","$","M","T","R","M","M","E","R","M","?","M","BOSS","R","?","$","M","M","?","T","E","M"],"items_purchased_type":["Relic","Relic","Card"],"build_version":"2020-12-22","purchased_purges":3,"victory":false,"max_hp_per_floor":[70,70,70,70,75,75,75,75,75,75,75,75,75,75,75,75,75,75,75,75,75,75,75,75,75,75,75,75,75,75,75,75,75,75,75,75,75,75,75,75,75,75,75,75,75],"card_choices":[{"not_picked":["bronze:Shield","bronze:Frontload"],"picked":"bronze:WhirlingStrike","floor":2},{"not_picked":["bronze:DelayedGuard","bronze:DelayedSlice"],"picked":"bronze:Fortify","floor":3},{"not_picked":["bronze:Constructor","bronze:DelayedGuard"],"picked":"bronze:Repair","floor":4},{"not_picked":["bronze:Separator","bronze:ClassDefault"],"picked":"bronze:InfiniteLoop","floor":6},{"not_picked":["bronze:Return","bronze:Shield"],"picked":"bronze:ChildClass","floor":8},{"not_picked":["bronze:Branch","bronze:WildBeam"],"picked":"bronze:Iterate","floor":9},{"not_picked":["bronze:BitShift","bronze:Overheat"],"picked":"bronze:Repulsor","floor":11},{"not_picked":["bronze:CutThrough","bronze:Repulsor"],"picked":"bronze:Branch","floor":12},{"not_picked":["bronze:BugBarrage","bronze:Allocate"],"picked":"bronze:CutThrough","floor":14},{"not_picked":["bronze:Shield","bronze:Repulsor"],"picked":"bronze:Iterate","floor":15},{"not_picked":["bronze:SpaghettiCode","bronze:Format"],"picked":"bronze:HardenedForm","floor":16},{"not_picked":["bronze:FineTuning","bronze:Overload"],"picked":"bronze:Philosophize","floor":19},{"not_picked":["bronze:Overheat","bronze:Backtrace","bronze:Turbo"],"picked":"SKIP","floor":20},{"not_picked":["bronze:BronzeArmor+1","bronze:DelayedGuard"],"picked":"bronze:MaxOutput","floor":22},{"not_picked":["bronze:Invalidate+1","bronze:Flail"],"picked":"bronze:Iterate","floor":23},{"not_picked":["bronze:DelayedSlice","bronze:Iterate+1"],"picked":"bronze:MaxOutput+1","floor":26},{"not_picked":["bronze:DigitalCarnage","bronze:Separator","bronze:WildBeam"],"picked":"SKIP","floor":27},{"not_picked":["bronze:Philosophize","bronze:Overheat"],"picked":"bronze:AlphaBuild","floor":28},{"not_picked":["bronze:Safeguard+1","bronze:Return"],"picked":"bronze:BitShift","floor":30},{"not_picked":["bronze:ShipIt","bronze:BurnOut"],"picked":"bronze:Verify","floor":33},{"not_picked":["bronze:Flail","bronze:Separator"],"picked":"bronze:Repulsor+1","floor":36},{"not_picked":["bronze:WhirlingStrike+1","bronze:WildBeam"],"picked":"bronze:BitShift+1","floor":38},{"not_picked":["bronze:Turbo","bronze:WhirlingStrike","bronze:Iterate+1"],"picked":"SKIP","floor":39},{"not_picked":["bronze:GetLatest","bronze:BugBarrage"],"picked":"bronze:Branch+1","floor":42}],"player_experience":1107169,"relics_obtained":[{"floor":7,"key":"War Paint"},{"floor":8,"key":"Dream Catcher"},{"floor":14,"key":"MealTicket"},{"floor":24,"key":"Slimebound:StickyStick"},{"floor":28,"key":"Boot"},{"floor":36,"key":"Ice Cream"},{"floor":41,"key":"bronze:CableSpool"},{"floor":42,"key":"Lantern"}],"event_choices":[{"damage_healed":0,"gold_gain":0,"player_choice":"Donut","damage_taken":0,"max_hp_gain":5,"max_hp_loss":0,"event_name":"Big Fish","floor":5,"gold_loss":0},{"damage_healed":0,"gold_gain":0,"player_choice":"Stole Relic","damage_taken":0,"relics_obtained":["InkBottle"],"max_hp_gain":0,"max_hp_loss":0,"event_name":"Addict","floor":31,"gold_loss":0,"cards_obtained":["Pride"]}],"is_beta":false,"boss_relics":[{"not_picked":["SlaversCollar","Tiny House"],"picked":"bronze:ElectromagneticCoil"},{"not_picked":["Sozu","bronze:MakeshiftBattery"],"picked":"Runic Pyramid"}],"items_purged_floors":[3,22,37],"is_endless":false,"potions_floor_spawned":[2,9,14,15,20,26,27,30,33,36,38],"killed_by":"4 Shapes","ascension_level":4}}