{"host":"rw1trt79hfpl7pom","time":1613109287,"event":{"mods":["BaseMod","Bestiary","Colored Map","Minty Spire (QoL Compilation)","Relic Stats","StSLib","SuperFastMode"],"gold_per_floor":[115,115,132,142,142,180,180,223,296,331,331,371,391,28,28,117,117,132,156,156,156,176,176,189,189,189,189,189,189,232,357,357,448,448,462,478,71,94,110,110,110,154,206,239,255,255,275,21,21,21,21,21,21,21,57,57,57],"floor_reached":56,"language":"ENG","playtime":3918,"items_purged":["Normality"],"score":2031,"play_id":"1f7fcfdd-345e-4649-9490-8028495df1bc","local_time":"20210211215447","is_ascension_mode":true,"campfire_choices":[{"floor":7.0,"key":"REST"},{"floor":11.0,"key":"DIG"},{"data":"Demon Form","floor":15.0,"key":"SMITH"},{"floor":23.0,"key":"REST"},{"floor":25.0,"key":"DIG"},{"floor":27.0,"key":"DIG"},{"floor":29.0,"key":"REST"},{"floor":32.0,"key":"REST"},{"floor":40.0,"key":"DIG"},{"floor":46.0,"key":"RECALL"},{"floor":49.0,"key":"REST"},{"data":"Feel No Pain","floor":53.0,"key":"SMITH"}],"circlet_count":0,"master_deck":["AscendersBane","Strike_R","Strike_R","Strike_R","Defend_R","Defend_R","Defend_R","Defend_R","Bash","Shrug It Off","Inflame","Dropkick","Sword Boomerang","Demon Form+1","Spot Weakness","Uppercut","Feel No Pain+1","Burning Pact+1","Exhume+1","Dual Wield+1","Armaments+1","Power Through+1","Headbutt","Evolve+1","Heavy Blade","Impervious+1","Flame Barrier+1","Shrug It Off+1","Offering+1","Second Wind+1","Impervious+1","Dark Embrace","Sword Boomerang","Flame Barrier+1","Clumsy","Heavy Blade","Exhume+1","Uppercut+1"],"relics":["Cursed Key","Golden Idol","Shovel","Orichalcum","The Courier","Bag of Preparation","Letter Opener","PreservedInsect","Toxic Egg 2","SlaversCollar","White Beast Statue","Nunchaku","Red Skull","CaptainsWheel","Pear","Runic Cube","Regal Pillow","Bronze Scales","Lantern","Gambling Chip","Bag of Marbles"],"acts_visited":["Exordium","TheCity","TheBeyond","TheEnding"],"potions_floor_usage":[56,56,56,56],"damage_taken":[{"damage":2.0,"enemies":"Jaw Worm","floor":1.0,"turns":3.0},{"damage":0.0,"enemies":"Cultist","floor":3.0,"turns":3.0},{"damage":4.0,"enemies":"Small Slimes","floor":4.0,"turns":3.0},{"damage":27.0,"enemies":"3 Sentries","floor":6.0,"turns":7.0},{"damage":8.0,"enemies":"Gremlin Nob","floor":8.0,"turns":3.0},{"damage":23.0,"enemies":"3 Sentries","floor":10.0,"turns":5.0},{"damage":2.0,"enemies":"Gremlin Nob","floor":12.0,"turns":3.0},{"damage":1.0,"enemies":"3 Louse","floor":13.0,"turns":3.0},{"damage":17.0,"enemies":"Slime Boss","floor":16.0,"turns":5.0},{"damage":11.0,"enemies":"Chosen","floor":18.0,"turns":4.0},{"damage":25.0,"enemies":"Shell Parasite","floor":19.0,"turns":5.0},{"damage":9.0,"enemies":"Snake Plant","floor":22.0,"turns":5.0},{"damage":14.0,"enemies":"Sentry and Sphere","floor":24.0,"turns":4.0},{"damage":5.0,"enemies":"Slavers","floor":30.0,"turns":3.0},{"damage":21.0,"enemies":"Colosseum Slavers","floor":31.0,"turns":4.0},{"damage":2.0,"enemies":"Colosseum Nobs","floor":31.0,"turns":2.0},{"damage":29.0,"enemies":"Collector","floor":33.0,"turns":6.0},{"damage":3.0,"enemies":"3 Shapes","floor":35.0,"turns":10.0},{"damage":12.0,"enemies":"Orb Walker","floor":36.0,"turns":5.0},{"damage":0.0,"enemies":"Transient","floor":38.0,"turns":6.0},{"damage":15.0,"enemies":"Jaw Worm Horde","floor":39.0,"turns":5.0},{"damage":0.0,"enemies":"Nemesis","floor":42.0,"turns":7.0},{"damage":6.0,"enemies":"Giant Head","floor":44.0,"turns":4.0},{"damage":8.0,"enemies":"4 Shapes","floor":45.0,"turns":11.0},{"damage":9.0,"enemies":"Spire Growth","floor":47.0,"turns":8.0},{"damage":20.0,"enemies":"Time Eater","floor":50.0,"turns":8.0},{"damage":22.0,"enemies":"Donu and Deca","floor":51.0,"turns":9.0},{"damage":19.0,"enemies":"Shield and Spear","floor":55.0,"turns":11.0},{"damage":43,"enemies":"The Heart","floor":56,"turns":8}],"seed_played":"-6175089439347052044","potions_obtained":[{"floor":4.0,"key":"Swift Potion"},{"floor":8.0,"key":"PowerPotion"},{"floor":10.0,"key":"Swift Potion"},{"floor":12.0,"key":"SpeedPotion"},{"floor":13.0,"key":"ElixirPotion"},{"floor":19.0,"key":"Explosive Potion"},{"floor":24.0,"key":"Weak Potion"},{"floor":30.0,"key":"BloodPotion"},{"floor":31.0,"key":"Ancient Potion"},{"floor":33.0,"key":"ColorlessPotion"},{"floor":35.0,"key":"LiquidBronze"},{"floor":36.0,"key":"SneckoOil"},{"floor":38.0,"key":"EssenceOfSteel"},{"floor":39.0,"key":"Swift Potion"},{"floor":42.0,"key":"EntropicBrew"},{"floor":45.0,"key":"SpeedPotion"},{"floor":47.0,"key":"Swift Potion"},{"floor":55.0,"key":"GamblersBrew"}],"is_trial":false,"path_per_floor":["M","?","M","M","?","E","R","E","T","E","R","E","M","$","R","B",null,"M","M","?","?","M","R","M","R","T","R","?","R","E","?","R","B",null,"M","M","$","M","M","R","?","E","T","E","M","R","M","$","R","B","B",null,"R","$","E","B"],"character_chosen":"IRONCLAD","items_purchased":["Toxic Egg 2","Feel No Pain","Burning Pact+1","Flame Barrier+1","Shrug It Off+1","Offering+1","Second Wind+1","Impervious+1","Gambling Chip"],"campfire_rested":5,"item_purchase_floors":[14,14,14,37,37,37,37,37,48],"current_hp_per_floor":[66,66,66,62,62,35,55,47,47,24,24,22,21,21,21,4,52,41,16,16,10,1,21,7,7,7,7,7,27,22,22,45,16,63,60,48,48,48,33,33,33,33,33,27,19,19,10,10,48,28,6,60,60,60,41,0,0],"gold":57,"neow_bonus":"BOSS_RELIC","is_daily":false,"chose_seed":false,"campfire_upgraded":2,"win_rate":0.0,"timestamp":1613109287,"path_taken":["M","?","M","M","?","E","R","E","T","E","R","E","M","$","R","BOSS","M","M","?","?","?","R","M","R","T","R","?","R","E","?","R","BOSS","M","M","$","M","M","R","?","E","T","E","M","R","M","$","R","BOSS","BOSS","R","$","E","BOSS"],"items_purchased_type":["Relic","Card","Card","Card","Card","Card","Card","Card","Relic"],"build_version":"2020-12-22","purchased_purges":1,"victory":false,"max_hp_per_floor":[75,75,75,75,68,68,68,68,68,68,68,68,68,68,68,68,68,68,68,68,68,68,68,68,68,68,68,68,68,68,78,78,78,78,78,78,78,78,78,78,78,78,78,78,78,78,78,78,78,78,78,78,78,78,78,78,78],"relic_stats":{"Regal Pillow":15,"counters":[29,160],"Golden Idol":203,"PreservedInsect":336,"Bag of Preparation":[46],"Letter Opener":[203],"Orichalcum":[138],"Cursed Key":2,"Nunchaku":[14],"Shovel":4,"Bronze Scales":[279],"Gambling Chip":[25],"obtain_stats":[{"Regal Pillow":40,"Lantern":44,"Pear":31,"Golden Idol":5,"The Courier":9,"PreservedInsect":12,"Bag of Preparation":10,"Letter Opener":11,"Orichalcum":8,"Cursed Key":0,"Burning Blood":0,"White Beast Statue":25,"SlaversCollar":17,"Nunchaku":27,"CaptainsWheel":31,"Shovel":6,"Bronze Scales":42,"Gambling Chip":48,"Bag of Marbles":55,"Toxic Egg 2":14,"Red Skull":30,"Runic Cube":34},{"Regal Pillow":21,"Lantern":23,"Pear":16,"Golden Idol":3,"The Courier":5,"PreservedInsect":7,"Bag of Preparation":6,"Letter Opener":6,"Orichalcum":5,"Cursed Key":0,"Burning Blood":0,"White Beast Statue":13,"SlaversCollar":9,"Nunchaku":13,"CaptainsWheel":16,"Shovel":4,"Bronze Scales":22,"Gambling Chip":25,"Bag of Marbles":28,"Toxic Egg 2":8,"Red Skull":14,"Runic Cube":17},{"Regal Pillow":94,"Lantern":105,"Pear":62,"Golden Idol":9,"The Courier":19,"PreservedInsect":27,"Bag of Preparation":24,"Letter Opener":24,"Orichalcum":19,"Cursed Key":0,"Burning Blood":0,"White Beast Statue":53,"SlaversCollar":35,"Nunchaku":53,"CaptainsWheel":62,"Shovel":16,"Bronze Scales":101,"Gambling Chip":124,"Bag of Marbles":152,"Toxic Egg 2":30,"Red Skull":56,"Runic Cube":68}],"Runic Cube":[29]},"card_choices":[{"not_picked":["Rage","Perfected Strike"],"picked":"Shrug It Off","floor":1.0},{"not_picked":["Sentinel","Bloodletting"],"picked":"Dropkick","floor":3.0},{"not_picked":["Clash","Armaments"],"picked":"Sword Boomerang","floor":4.0},{"not_picked":["Battle Trance","Wild Strike"],"picked":"Demon Form","floor":6.0},{"not_picked":["Cleave","Infernal Blade"],"picked":"Spot Weakness","floor":8.0},{"not_picked":["Searing Blow","Wild Strike","Thunderclap"],"picked":"SKIP","floor":10.0},{"not_picked":["Thunderclap","Reckless Charge","Sever Soul"],"picked":"SKIP","floor":12.0},{"not_picked":["Twin Strike","Cleave"],"picked":"Uppercut","floor":13.0},{"not_picked":["Juggernaut","Berserk"],"picked":"Exhume+1","floor":16.0},{"not_picked":["Rupture","Iron Wave"],"picked":"Dual Wield+1","floor":18.0},{"not_picked":["Carnage","Perfected Strike"],"picked":"Armaments+1","floor":19.0},{"not_picked":["Sever Soul","Blood for Blood"],"picked":"Headbutt","floor":22.0},{"not_picked":["Clash","Sever Soul+1","Carnage"],"picked":"SKIP","floor":24.0},{"not_picked":["Clash","Dual Wield+1"],"picked":"Evolve+1","floor":30.0},{"not_picked":["Body Slam","Anger"],"picked":"Heavy Blade","floor":31.0},{"not_picked":["Demon Form","Juggernaut"],"picked":"Impervious+1","floor":33.0},{"not_picked":["Fire Breathing","Twin Strike","Headbutt"],"picked":"SKIP","floor":35.0},{"not_picked":["Iron Wave","Twin Strike","Anger"],"picked":"SKIP","floor":36.0},{"not_picked":["Warcry+1","Shrug It Off+1"],"picked":"Dark Embrace","floor":38.0},{"not_picked":["Pommel Strike+1","Warcry+1"],"picked":"Sword Boomerang","floor":39.0},{"not_picked":["Havoc+1","Flex+1"],"picked":"Flame Barrier+1","floor":42.0},{"not_picked":["Rage+1","Anger"],"picked":"Heavy Blade","floor":44.0},{"not_picked":["Clash+1","Body Slam+1"],"picked":"Exhume+1","floor":45.0},{"not_picked":["Anger","Perfected Strike","Wild Strike"],"picked":"SKIP","floor":47.0},{"not_picked":["Cleave","Metallicize"],"picked":"Uppercut+1","floor":55.0}],"player_experience":2693563,"relics_obtained":[{"floor":6.0,"key":"Shovel"},{"floor":8.0,"key":"Orichalcum"},{"floor":9.0,"key":"The Courier"},{"floor":10.0,"key":"Bag of Preparation"},{"floor":11.0,"key":"Letter Opener"},{"floor":12.0,"key":"PreservedInsect"},{"floor":25.0,"key":"White Beast Statue"},{"floor":27.0,"key":"Nunchaku"},{"floor":30.0,"key":"Red Skull"},{"floor":31.0,"key":"CaptainsWheel"},{"floor":31.0,"key":"Pear"},{"floor":40.0,"key":"Regal Pillow"},{"floor":42.0,"key":"Bronze Scales"},{"floor":44.0,"key":"Lantern"},{"floor":55.0,"key":"Bag of Marbles"}],"event_choices":[{"damage_healed":0.0,"max_hp_gain":0.0,"max_hp_loss":0.0,"gold_gain":0.0,"cards_transformed":["Strike_R"],"event_name":"Living Wall","player_choice":"Change","floor":2.0,"gold_loss":0.0,"damage_taken":0.0,"cards_obtained":["Inflame"]},{"damage_healed":0.0,"max_hp_gain":0.0,"max_hp_loss":7.0,"gold_gain":0.0,"event_name":"Golden Idol","player_choice":"Lose Max HP","floor":5.0,"gold_loss":0.0,"damage_taken":0.0,"relics_obtained":["Golden Idol"]},{"damage_healed":0.0,"max_hp_gain":0.0,"max_hp_loss":0.0,"gold_gain":0.0,"event_name":"The Library","player_choice":"Read","floor":20.0,"gold_loss":0.0,"damage_taken":0.0,"cards_obtained":["Power Through"]},{"damage_healed":0.0,"max_hp_gain":0.0,"max_hp_loss":0.0,"gold_gain":0.0,"event_name":"Knowing Skull","player_choice":"","floor":21.0,"potions_obtained":[],"gold_loss":0.0,"damage_taken":6.0,"cards_obtained":[]},{"damage_healed":0.0,"max_hp_gain":0.0,"max_hp_loss":0.0,"gold_gain":0.0,"event_name":"Vampires","player_choice":"Ignored","floor":28.0,"gold_loss":0.0,"damage_taken":0.0},{"damage_healed":0.0,"max_hp_gain":0.0,"max_hp_loss":0.0,"gold_gain":0.0,"event_name":"Colosseum","player_choice":"Fight","floor":31.0,"gold_loss":0.0,"damage_taken":0.0},{"damage_healed":0.0,"max_hp_gain":0.0,"max_hp_loss":0.0,"gold_gain":0.0,"event_name":"Colosseum","player_choice":"Fought Nobs","floor":31.0,"gold_loss":0.0,"damage_taken":0.0},{"cards_removed":["Strike_R"],"damage_healed":0.0,"max_hp_gain":0.0,"max_hp_loss":0.0,"gold_gain":0.0,"event_name":"Falling","player_choice":"Removed Attack","floor":41.0,"gold_loss":0.0,"damage_taken":0.0}],"is_beta":false,"boss_relics":[{"not_picked":["Tiny House","Ectoplasm"],"picked":"SlaversCollar"},{"not_picked":["Sozu","Coffee Dripper"],"picked":"Runic Cube"}],"items_purged_floors":[14],"is_endless":false,"potions_floor_spawned":[4,8,10,12,13,19,24,30,31,31,33,35,36,38,39,42,44,45,47,55],"killed_by":"The Heart","ascension_level":20}}