{"host":"y3h3n3f7seyagppx","time":1613161995,"event":{"mods":["AlwaysNeverKeys","BaseMod","Better Vampires","Colored Powertips","DeckTracker","Emptier Cage","Minty Spire (QoL Compilation)","Permanent Neow","Quick Restart","Rare Cards Sparkle","Relic Sorter","Relic Stats","StSLib","Transform Curses"],"gold_per_floor":[110,70,83,94,113,113,138,156,205,33,64,81,106,126,126,200,200,212,212,162,180,192,224,224,253,305,331,331,348,362,396,396,396,396],"floor_reached":33,"language":"ENG","playtime":6363,"items_purged":[],"score":698,"play_id":"281f772b-c3a4-43ce-8e4e-815e9becd2cb","local_time":"20210212153315","is_ascension_mode":true,"campfire_choices":[{"data":"Perfected Strike","floor":6.0,"key":"SMITH"},{"data":"Armaments","floor":15.0,"key":"SMITH"},{"data":"Immolate","floor":24,"key":"SMITH"},{"data":"Uppercut","floor":32,"key":"SMITH"}],"circlet_count":0,"master_deck":["AscendersBane","Defend_R","Defend_R","Defend_R","Defend_R","Bash","Uppercut+1","Armaments+1","Offering","Shrug It Off","Offering","Immolate+1","Bite","Bite","Bite","Impervious","Feed","True Grit+1","Sword Boomerang","Feel No Pain"],"relics":["Burning Blood","MealTicket","Singing Bowl","Nunchaku","Medical Kit","Mummified Hand","Red Skull","Empty Cage","Charon\u0027s Ashes","Kunai","Vajra","Torii","Pear"],"acts_visited":["Exordium","TheCity"],"potions_floor_usage":[18,23,27,31,33],"damage_taken":[{"damage":7.0,"enemies":"Jaw Worm","floor":1.0,"turns":3.0},{"damage":1.0,"enemies":"Cultist","floor":3.0,"turns":3.0},{"damage":3.0,"enemies":"2 Louse","floor":4.0,"turns":2.0},{"damage":4.0,"enemies":"Exordium Wildlife","floor":5.0,"turns":5.0},{"damage":26.0,"enemies":"Gremlin Nob","floor":7.0,"turns":4.0},{"damage":20.0,"enemies":"Gremlin Gang","floor":8.0,"turns":5.0},{"damage":11.0,"enemies":"3 Sentries","floor":11.0,"turns":5.0},{"damage":3.0,"enemies":"Looter","floor":12.0,"turns":2.0},{"damage":7.0,"enemies":"Gremlin Nob","floor":13.0,"turns":3.0},{"damage":8.0,"enemies":"Exordium Wildlife","floor":14.0,"turns":4.0},{"damage":25.0,"enemies":"Hexaghost","floor":16.0,"turns":7.0},{"damage":31,"enemies":"3 Byrds","floor":18,"turns":3},{"damage":12,"enemies":"Shell Parasite","floor":21,"turns":2},{"damage":7,"enemies":"3 Cultists","floor":22,"turns":4},{"damage":17,"enemies":"Slavers","floor":23,"turns":3},{"damage":14,"enemies":"Gremlin Leader","floor":25,"turns":4},{"damage":43,"enemies":"Book of Stabbing","floor":27,"turns":5},{"damage":12,"enemies":"Chosen and Byrds","floor":29,"turns":3},{"damage":7,"enemies":"Centurion and Healer","floor":30,"turns":6},{"damage":63,"enemies":"Gremlin Leader","floor":31,"turns":6},{"damage":85,"enemies":"Collector","floor":33,"turns":10}],"seed_played":"8739522984924828904","potions_obtained":[{"floor":2.0,"key":"DistilledChaos"},{"floor":2.0,"key":"EssenceOfSteel"},{"floor":5.0,"key":"Fire Potion"},{"floor":8.0,"key":"Fire Potion"},{"floor":11.0,"key":"ColorlessPotion"},{"floor":13.0,"key":"Explosive Potion"},{"floor":18,"key":"Explosive Potion"},{"floor":23,"key":"Dexterity Potion"},{"floor":30,"key":"ColorlessPotion"},{"floor":31,"key":"SteroidPotion"}],"is_trial":false,"path_per_floor":["M","?","M","M","M","R","E","M","T","$","E","M","E","M","R","B",null,"M","?","?","M","M","E","R","E","T","E","?","M","M","E","R","B"],"character_chosen":"IRONCLAD","items_purchased":["Medical Kit"],"campfire_rested":0,"item_purchase_floors":[10],"current_hp_per_floor":[67,67,72,75,75,75,55,41,41,56,51,54,55,55,55,36,68,45,45,45,48,60,52,52,50,50,28,76,80,83,56,56,0,0],"gold":396,"neow_bonus":"RANDOM_COMMON_RELIC","is_daily":false,"chose_seed":false,"campfire_upgraded":4,"win_rate":0.0,"timestamp":1613161995,"path_taken":["M","?","M","?","M","R","E","M","T","$","E","M","E","M","R","BOSS","M","?","?","M","?","E","R","E","T","E","?","?","M","E","R","BOSS"],"items_purchased_type":["Relic"],"build_version":"2020-12-22","purchased_purges":0,"victory":false,"max_hp_per_floor":[75,75,75,75,75,75,75,75,75,75,75,75,77,79,79,79,79,81,66,66,68,70,70,70,70,70,76,76,80,83,93,93,93,93],"relic_stats":{"Nunchaku":[11],"Singing Bowl":12,"Torii":7,"counters":[21,89],"Mummified Hand":[13],"MealTicket":15,"Charon\u0027s Ashes":[159],"Kunai":[9],"Medical Kit":[7],"obtain_stats":[{"Pear":31,"Singing Bowl":7,"Torii":27,"Vajra":26,"Charon\u0027s Ashes":23,"Medical Kit":10,"Empty Cage":17,"Burning Blood":0,"Nunchaku":9,"Mummified Hand":11,"MealTicket":0,"Kunai":25,"Red Skull":13},{"Pear":20,"Singing Bowl":5,"Torii":17,"Vajra":16,"Charon\u0027s Ashes":15,"Medical Kit":6,"Empty Cage":11,"Burning Blood":0,"Nunchaku":6,"Mummified Hand":7,"MealTicket":0,"Kunai":16,"Red Skull":9},{"Pear":79,"Singing Bowl":17,"Torii":64,"Vajra":59,"Charon\u0027s Ashes":55,"Medical Kit":22,"Empty Cage":43,"Burning Blood":0,"Nunchaku":22,"Mummified Hand":27,"MealTicket":0,"Kunai":59,"Red Skull":32}],"Burning Blood":113},"card_choices":[{"not_picked":["Wild Strike","Bloodletting"],"picked":"Perfected Strike","floor":1.0},{"not_picked":["Flex","Pommel Strike"],"picked":"Uppercut","floor":3.0},{"not_picked":["Wild Strike","Cleave","Seeing Red"],"picked":"SKIP","floor":4.0},{"not_picked":["Warcry","Thunderclap"],"picked":"Armaments","floor":5.0},{"not_picked":["Wild Strike","Corruption"],"picked":"Offering","floor":7.0},{"not_picked":["True Grit","Havoc"],"picked":"Fire Breathing","floor":8.0},{"not_picked":["Anger","Clash"],"picked":"Shrug It Off","floor":11.0},{"not_picked":["Cleave","Clothesline"],"picked":"Offering","floor":12.0},{"not_picked":["Armaments","Dropkick","Havoc"],"picked":"Singing Bowl","floor":13.0},{"not_picked":["Thunderclap","Clothesline","Entrench"],"picked":"Singing Bowl","floor":14.0},{"not_picked":["Impervious","Juggernaut"],"picked":"Immolate","floor":16.0},{"not_picked":["Havoc","Wild Strike","Warcry"],"picked":"Singing Bowl","floor":18},{"not_picked":["Seeing Red","Blood for Blood","Anger"],"picked":"Singing Bowl","floor":21},{"not_picked":["Armaments","Pommel Strike","Intimidate"],"picked":"Singing Bowl","floor":22},{"not_picked":["Anger","Spot Weakness"],"picked":"Impervious","floor":23},{"not_picked":["Rupture","Combust"],"picked":"Feed","floor":25},{"not_picked":["Flex","Sever Soul","Second Wind"],"picked":"Singing Bowl","floor":27},{"not_picked":["Anger","Iron Wave"],"picked":"True Grit+1","floor":29},{"not_picked":["Warcry","Wild Strike"],"picked":"Sword Boomerang","floor":30},{"not_picked":["Anger","Whirlwind+1"],"picked":"Feel No Pain","floor":31}],"player_experience":22151127,"relics_obtained":[{"floor":7.0,"key":"Singing Bowl"},{"floor":9.0,"key":"Nunchaku"},{"floor":11.0,"key":"Mummified Hand"},{"floor":13.0,"key":"Red Skull"},{"floor":23,"key":"Charon\u0027s Ashes"},{"floor":25,"key":"Kunai"},{"floor":26,"key":"Vajra"},{"floor":27,"key":"Torii"},{"floor":31,"key":"Pear"}],"event_choices":[{"damage_healed":0.0,"max_hp_gain":0.0,"max_hp_loss":0.0,"gold_gain":0.0,"event_name":"The Woman in Blue","player_choice":"Bought 3 Potions","floor":2.0,"gold_loss":0.0,"damage_taken":0.0},{"damage_healed":0,"gold_gain":0,"player_choice":"Became a vampire","damage_taken":0,"max_hp_gain":0,"max_hp_loss":15,"event_name":"Vampires","floor":19,"gold_loss":0,"cards_obtained":["Bite","Bite","Bite"]},{"damage_healed":0,"gold_gain":0,"player_choice":"Bet on Murderer","damage_taken":0,"max_hp_gain":0,"max_hp_loss":0,"event_name":"The Joust","floor":20,"gold_loss":50},{"cards_removed":["Fire Breathing"],"damage_healed":48,"gold_gain":0,"player_choice":"Offered Uncommon","damage_taken":0,"max_hp_gain":0,"max_hp_loss":0,"event_name":"Bonfire Elementals","floor":28,"gold_loss":0}],"is_beta":false,"boss_relics":[{"not_picked":["Busted Crown","Runic Cube"],"picked":"Empty Cage"}],"items_purged_floors":[],"is_endless":false,"potions_floor_spawned":[5,8,11,13,16,18,23,30,31],"killed_by":"Collector","ascension_level":20}}