{"host":"59jh88lrys5rvd4j","time":1613169645,"event":{"mods":["2.2 Compatiblity","Aspiration","BaseMod","Conspire","Defuse TimeMaze Blight","Energized Spire","FutureSeer","GifTheSpireLib","Halation","Hubris","Infinite Spire","Magitek Elite","Minty Spire (QoL Compilation)","Reliquary","Remove Card Discount Mod","RumiaBox-????????","StSLib","Stuff the Spire","The Mystic","The Runesmith","The Wild Card","The_Crusader"],"gold_per_floor":[138,138,91,145,90,192,288,330,355,199,199,238,319,394,394,679,679,715,715,630,630,630,735,685,734,757,442,496,586,586,432,432,744,744,786,746,776,439,475,571,571,571,571,571,571,571,652,700,700,1003,1003,1037,1037,733,758,625,717,739,739,786,786,751,751,804,804,804,1095,1095,1114,1134,1166,1199,1222,1222,1222,980,980,980,1012,1085,1131,968,968,1273,1273,1289,1289,1562,1562,1586,1618,1645,1678,1296,1377,1402,1402,1402,1466,1543,1556,1654,1709,1709,1934,1934,1939,1939,1939,1331,1331,1398,1481,1566,1566,1409,1409,1478,1519,1549,1549,1845,1845,1788,1822,1824,1966,1966,1966,1332,1332,1332,886,939,1025,1025,1025,1025,1245,1245,1245,940,1017,948],"floor_reached":145,"language":"ENG","playtime":6703,"items_purged":["Iron Wave","Disarm","Wild Strike","Flex","Feel No Pain","Dark Embrace+1","Disarm","Combust+1","StuffTheSpire:BloodClot+1"],"score":4583,"play_id":"798d84c5-7040-4a77-94b7-115aaf5d2295","local_time":"20210212174045","daily_mods":["SealedDeck","Heirloom","Time Dilation","Flight","Midas"],"is_ascension_mode":false,"campfire_choices":[{"floor":15,"key":"REST"},{"floor":30,"key":"REST"},{"floor":32,"key":"REST"},{"floor":42,"key":"REST"},{"floor":49,"key":"REST"},{"floor":66,"key":"REST"},{"floor":74,"key":"REST"},{"floor":83,"key":"REST"},{"floor":104,"key":"REST"},{"floor":121,"key":"REST"},{"floor":129,"key":"REST"},{"floor":131,"key":"REST"},{"floor":138,"key":"REST"},{"floor":141,"key":"REST"}],"circlet_count":0,"master_deck":["Anger","Clash","Anger","Pommel Strike","Perfected Strike","Pommel Strike","Perfected Strike","Twin Strike","Offering","Rage","Perfected Strike","Feed","Demon Form","Perfected Strike","Perfected Strike","Twin Strike+1","Whirlwind","Metallicize","infinitespire:FinalStrike","hubris:Rewind","Offering","Pommel Strike","Bandage Up","Inflame+1","Twin Strike","Anger","Twin Strike","Pommel Strike","Pommel Strike+1","Thunderclap","infinitespire:FinalStrike","Seeing Red","infinitespire:FutureSight","Rage","Clash+1","Perfected Strike","Anger+1","hubris:StunningStrike","Bandage Up","Pommel Strike","Perfected Strike","Clash","Perfected Strike","Pommel Strike","Pommel Strike","hubris:Fate","Perfected Strike","Demon Form+1","Perfected Strike+1","Seeing Red","infinitespire:FinalStrike","Sword Boomerang","Sword Boomerang+1","Perfected Strike+1","Twin Strike+1","Rage+1","Twin Strike","Perfected Strike+1","Reaper","Pommel Strike","Pommel Strike"],"relics":["Burning Blood","Prayer Wheel","Orichalcum","conspire:TopHat","Tiny Chest","halation:WeightlessCrab","energizedSpire:TabascoSauce","reliquary:TatteredRug","infinitespire:CheckeredPen","hubris:Icosahedron","conspire:GlowingRock","Anchor","conspire:InfiniteJournal","reliquary:Knoch","StuffTheSpire:Experiment12","hubris:VirtuousBlindfold","Eternal Feather","halation:AfternoonTea","infinitespire:FocusingShard","Strawberry","halation:Thesaurus","GodSword6","HornCleat","Self Forming Clay","hubris:BottledRain","Brimstone","reliquary:QuartzCube","aspiration:PoetsPen_weak","Dead Branch","infinitespire:PuzzleCube","GodSword1","Oddly Smooth Stone","ChaoDraw","energizedSpire:NeverEndingSparkler","MealTicket","StuffTheSpire:ForceGauntlet","Frozen Egg 2","reliquary:RosewoodLute","Paper Frog","conspire:SpecialSausage","energizedSpire:MagnifyingGlass","Vajra","halation:Sosunser","Ribbon","hubris:MysteriousPyramids","StuffTheSpire:Barrel","reliquary:PartyBalloon","Empty Cage","GodSword7","Lee\u0027s Waffle","StuffTheSpire:DarkSteelAnvil","halation:LettersToHer","reliquary:Stiletto","PreservedInsect","reliquary:BoilingFlask","TungstenRod","DollysMirror","Bottled Tornado","CaptainsWheel","halation:TwoAmDonut","StuffTheSpire:DullRazor","conspire:DeflatedDodgeball","halation:Toothbrush","Unceasing Top","reliquary:Buckler","Guard_Bracelet","halation:Jellyphish","Runesmith:Nanobots","infinitespire:Satchel","SacredBark","StuffTheSpire:PointBlank","hubris:NiceRug","Angel_Ring","conspire:SpecialSausage"],"acts_visited":["Exordium","TheCity","TheBeyond","Exordium","TheCity","TheBeyond","Exordium","TheCity","TheBeyond","TheEnding"],"potions_floor_usage":[29,33,47,50,84,88,88,135,135],"damage_taken":[{"damage":0,"enemies":"2 Louse","floor":1,"turns":1},{"damage":0,"enemies":"Cultist","floor":4,"turns":2},{"damage":6,"enemies":"Gremlin Nob","floor":6,"turns":2},{"damage":18,"enemies":"3 Sentries","floor":7,"turns":3},{"damage":6,"enemies":"Small Slimes","floor":8,"turns":1},{"damage":0,"enemies":"Gremlin Gang","floor":12,"turns":3},{"damage":6,"enemies":"Gremlin Nob","floor":13,"turns":2},{"damage":46,"enemies":"Hexaghost","floor":16,"turns":5},{"damage":8,"enemies":"conspire:FuzzyDice","floor":18,"turns":3},{"damage":6,"enemies":"conspire:SneckoGhost","floor":23,"turns":2},{"damage":6,"enemies":"Chosen","floor":28,"turns":2},{"damage":13,"enemies":"Nightmare","floor":29,"turns":4},{"damage":7,"enemies":"Collector","floor":33,"turns":3},{"damage":4,"enemies":"3 Darklings","floor":35,"turns":2},{"damage":6,"enemies":"Orb Walker","floor":37,"turns":1},{"damage":9,"enemies":"Jaw Worm Horde","floor":39,"turns":2},{"damage":30,"enemies":"Reptomancer","floor":40,"turns":3},{"damage":75,"enemies":"Nightmare","floor":47,"turns":5},{"damage":0,"enemies":"Maw","floor":48,"turns":3},{"damage":61,"enemies":"conspire:OrnateMirror","floor":50,"turns":5},{"damage":0,"enemies":"2 Louse","floor":52,"turns":1},{"damage":6,"enemies":"Gremlin Nob","floor":57,"turns":1},{"damage":8,"enemies":"Cultist","floor":58,"turns":1},{"damage":0,"enemies":"Jaw Worm","floor":64,"turns":1},{"damage":0,"enemies":"Slime Boss","floor":67,"turns":1},{"damage":0,"enemies":"2 Thieves","floor":69,"turns":1},{"damage":0,"enemies":"3 Byrds","floor":70,"turns":3},{"damage":6,"enemies":"Centurion and Healer","floor":71,"turns":1},{"damage":0,"enemies":"3 Cultists","floor":72,"turns":3},{"damage":0,"enemies":"Snecko","floor":73,"turns":1},{"damage":6,"enemies":"Centurion and Healer","floor":79,"turns":1},{"damage":0,"enemies":"Gremlin Leader","floor":80,"turns":1},{"damage":0,"enemies":"Chosen and Byrds","floor":81,"turns":1},{"damage":0,"enemies":"hubris:MusketHawk","floor":84,"turns":1},{"damage":0,"enemies":"3 Shapes","floor":86,"turns":3},{"damage":9,"enemies":"infinitespire:MassOfShapes","floor":88,"turns":1},{"damage":0,"enemies":"Small Slimes","floor":90,"turns":1},{"damage":0,"enemies":"Cultist","floor":91,"turns":1},{"damage":0,"enemies":"2 Louse","floor":92,"turns":1},{"damage":0,"enemies":"Exordium Wildlife","floor":93,"turns":1},{"damage":0,"enemies":"Lagavulin","floor":95,"turns":2},{"damage":0,"enemies":"Large Slime","floor":96,"turns":1},{"damage":6,"enemies":"3 Sentries","floor":99,"turns":3},{"damage":0,"enemies":"Nightmare","floor":100,"turns":1},{"damage":10,"enemies":"3 Louse","floor":101,"turns":3},{"damage":0,"enemies":"Gremlin Nob","floor":102,"turns":1},{"damage":0,"enemies":"Blue Slaver","floor":103,"turns":1},{"damage":0,"enemies":"Hexaghost","floor":105,"turns":1},{"damage":0,"enemies":"3 Byrds","floor":107,"turns":3},{"damage":0,"enemies":"Slavers","floor":112,"turns":3},{"damage":0,"enemies":"Book of Stabbing","floor":113,"turns":1},{"damage":0,"enemies":"Nightmare","floor":114,"turns":1},{"damage":0,"enemies":"Book of Stabbing","floor":118,"turns":1},{"damage":0,"enemies":"Shell Parasite","floor":119,"turns":1},{"damage":0,"enemies":"Cultist and Chosen","floor":120,"turns":1},{"damage":0,"enemies":"Collector","floor":122,"turns":1},{"damage":0,"enemies":"3 Darklings","floor":124,"turns":3},{"damage":0,"enemies":"3 Shapes","floor":125,"turns":3},{"damage":0,"enemies":"3 Darklings","floor":126,"turns":3},{"damage":0,"enemies":"Mind Bloom Boss Battle","floor":127,"turns":1},{"damage":0,"enemies":"Reptomancer","floor":134,"turns":1},{"damage":52,"enemies":"Nightmare_Alpha","floor":135,"turns":2},{"damage":0,"enemies":"infinitespire:LordOfFortification","floor":139,"turns":4},{"damage":0,"enemies":"hubris:Merchant","floor":142,"turns":2},{"damage":1,"enemies":"Shield and Spear","floor":143,"turns":1},{"damage":0,"enemies":"The Heart","floor":144,"turns":3}],"seed_played":"8382491459268765635","potions_obtained":[{"floor":1,"key":"FairyPotion"},{"floor":16,"key":"FearPotion"},{"floor":23,"key":"EssenceOfSteel"},{"floor":35,"key":"ElixirPotion"},{"floor":36,"key":"CultistPotion"},{"floor":36,"key":"Swift Potion"},{"floor":39,"key":"BloodPotion"},{"floor":47,"key":"SpeedPotion"},{"floor":48,"key":"SpeedPotion"},{"floor":52,"key":"Weak Potion"},{"floor":65,"key":"infinitespire:BlackPotion"},{"floor":65,"key":"HeartOfIron"},{"floor":65,"key":"Regen Potion"},{"floor":72,"key":"FairyPotion"},{"floor":80,"key":"DistilledChaos"},{"floor":84,"key":"Block Potion"},{"floor":92,"key":"Fire Potion"},{"floor":93,"key":"SkillPotion"},{"floor":99,"key":"PowerPotion"},{"floor":143,"key":"Energy Potion"}],"is_trial":true,"path_per_floor":["M","?","$","M","$","E","E","M","T","$","?","M","E","?","R","B",null,"M","T","?","AVR","?","E","?","T","T","$","M","NM","R","$","R","B",null,"M","?","M","$","M","E","$","R","T","T","AVR","?","NM","M","R","B",null,"M","?","$","T","$","E","M","AVR","T","?","?","T","M","?","R","B",null,"M","M","M","M","M","R","AVR","$","T","T","M","E","M","$","R","B",null,"M","?","B",null,"M","M","M","M","$","E","M","AVR","T","E","NM","M","E","M","R","B",null,"M","?","T","$","?","E","E","NM","T","$","AVR","E","M","M","R","B",null,"M","M","M","?","T","R","$","R","T","$","E","NM","AVR","?","R","B",null,"R","$","E","B",null],"character_chosen":"IRONCLAD","items_purchased":["Twin Strike","Perfected Strike","Tiny Chest","conspire:InfiniteJournal","StuffTheSpire:Experiment12","Eternal Feather","Bandage Up","infinitespire:FocusingShard","Strawberry","halation:Thesaurus","HornCleat","Dead Branch","Pommel Strike","Feel No Pain","StuffTheSpire:ForceGauntlet","Bandage Up","Dark Embrace+1","Vajra","halation:Sosunser","Combust+1","BlessingOfTheForge","Lee\u0027s Waffle","StuffTheSpire:DarkSteelAnvil","halation:LettersToHer","DollysMirror","StuffTheSpire:DullRazor","conspire:DeflatedDodgeball","halation:Toothbrush","reliquary:Buckler","Guard_Bracelet","halation:Jellyphish","StuffTheSpire:PointBlank","Pommel Strike"],"campfire_rested":14,"item_purchase_floors":[3,5,10,27,31,38,38,41,41,41,41,54,56,56,76,82,82,94,94,94,94,110,110,110,116,130,130,130,133,133,133,142,142],"current_hp_per_floor":[80,80,80,80,80,80,71,74,74,74,74,83,86,77,92,52,92,88,88,88,88,88,86,86,86,86,86,84,74,95,95,95,91,95,94,94,92,92,87,62,11,53,53,53,53,53,15,20,65,15,100,100,100,100,100,100,97,92,92,92,92,100,100,100,100,100,100,100,100,100,97,100,100,100,100,100,100,100,97,100,100,100,100,100,100,100,100,97,100,100,100,100,100,100,100,100,100,100,100,100,96,99,101,101,101,101,101,81,81,104,104,104,104,104,104,104,104,104,104,104,104,104,104,104,104,104,104,104,104,105,105,105,105,105,56,56,56,105,105,105,105,105,105,105],"gold":948,"neow_bonus":"","is_daily":false,"chose_seed":false,"campfire_upgraded":0,"win_rate":0.0,"timestamp":1613169645,"path_taken":["M","?","$","?","$","E","E","?","T","$","?","?","E","?","R","BOSS","M","?","?","AVR","?","E","?","?","T","$","M","NM","R","$","R","BOSS","M","?","M","$","?","E","?","R","T","?","AVR","?","NM","?","R","BOSS","M","?","$","?","?","E","M","AVR","T","?","?","?","?","?","R","BOSS","M","?","M","M","M","R","AVR","$","T","?","M","E","M","$","R","BOSS","M","?","BOSS","M","M","M","M","$","E","M","AVR","T","E","NM","?","E","M","R","BOSS","M","?","?","$","?","E","E","NM","T","$","AVR","E","M","?","R","BOSS","M","M","M","?","?","R","$","R","T","$","E","NM","AVR","?","R","BOSS","R","$","E","BOSS"],"items_purchased_type":["Card","Card","Relic","Relic","Relic","Relic","Card","Relic","Relic","Relic","Relic","Relic","Card","Card","Relic","Card","Card","Relic","Relic","Card","Potion","Relic","Relic","Relic","Relic","Relic","Relic","Relic","Relic","Relic","Relic","Relic","Card"],"build_version":"2020-12-22","purchased_purges":9,"victory":true,"max_hp_per_floor":[80,80,80,80,80,80,83,86,86,86,86,89,92,92,92,92,92,93,93,93,93,93,94,94,94,94,94,95,95,95,95,95,95,95,95,95,96,96,97,97,100,100,100,100,100,100,100,100,100,100,100,100,100,100,100,100,100,100,100,100,100,100,100,100,100,100,100,100,100,100,100,100,100,100,100,100,100,100,100,100,100,100,100,100,100,100,100,100,100,100,100,100,100,100,100,100,100,100,100,100,101,101,101,101,101,101,101,101,101,104,104,104,104,104,104,104,104,104,104,104,104,104,104,104,104,104,104,104,104,105,105,105,105,105,105,105,105,105,105,105,105,105,105,105],"card_choices":[{"not_picked":["Armaments","Cleave"],"picked":"Disarm","floor":1},{"not_picked":["Flex","Sword Boomerang","StuffTheSpire:Incineration"],"picked":"SKIP","floor":1},{"not_picked":["Shrug It Off","Armaments"],"picked":"Offering","floor":4},{"not_picked":["Flex","StuffTheSpire:Slingshot"],"picked":"Rage","floor":4},{"not_picked":["Body Slam","Rupture"],"picked":"Feed","floor":6},{"not_picked":["Armaments","conspire:ExplosiveBarrier","hubris:ReadiedAction"],"picked":"SKIP","floor":7},{"not_picked":["Rupture","Iron Wave","Shockwave"],"picked":"SKIP","floor":8},{"not_picked":["hubris:ReadiedAction","Armaments","Havoc"],"picked":"SKIP","floor":8},{"not_picked":["Iron Wave","StuffTheSpire:BloodClot"],"picked":"Perfected Strike","floor":12},{"not_picked":["Havoc","Flex"],"picked":"Perfected Strike","floor":12},{"not_picked":["Spot Weakness","Brutality"],"picked":"Twin Strike","floor":13},{"not_picked":["Havoc","Flex"],"picked":"Whirlwind","floor":18},{"not_picked":["Headbutt","Sword Boomerang"],"picked":"Metallicize","floor":18},{"not_picked":["Combust","Dual Wield","Armaments"],"picked":"SKIP","floor":23},{"not_picked":["Battle Trance","Thunderclap","Dropkick"],"picked":"SKIP","floor":28},{"not_picked":["Wild Strike","Sword Boomerang","StuffTheSpire:Incineration"],"picked":"SKIP","floor":28},{"not_picked":["Body Slam","StuffTheSpire:Incineration","Spot Weakness+1"],"picked":"SKIP","floor":29},{"not_picked":["Juggernaut","Feed"],"picked":"Offering","floor":33},{"not_picked":["Fire Breathing","Havoc"],"picked":"Pommel Strike","floor":35},{"not_picked":["True Grit+1","Clothesline","Havoc+1"],"picked":"SKIP","floor":35},{"not_picked":["True Grit+1","Clothesline","Havoc+1"],"picked":"SKIP","floor":35},{"not_picked":["StuffTheSpire:RockThrow","Sword Boomerang","Juggernaut"],"picked":"SKIP","floor":37},{"not_picked":["StuffTheSpire:Incineration","Heavy Blade+1","Wild Strike"],"picked":"SKIP","floor":37},{"not_picked":["Heavy Blade","Shockwave+1"],"picked":"Inflame+1","floor":39},{"not_picked":["Headbutt+1","Feel No Pain+1","conspire:Charge+1"],"picked":"SKIP","floor":39},{"not_picked":["Pummel+1","StuffTheSpire:RagingBull+1","Carnage"],"picked":"SKIP","floor":40},{"not_picked":["conspire:ExplosiveBarrier","Evolve","Hemokinesis+1"],"picked":"SKIP","floor":47},{"not_picked":["Evolve","Clothesline"],"picked":"Twin Strike","floor":48},{"not_picked":["StuffTheSpire:Slingshot+1","Iron Wave","Flame Barrier"],"picked":"SKIP","floor":48},{"not_picked":["hubris:ReadiedAction","StuffTheSpire:Incineration"],"picked":"Anger","floor":52},{"not_picked":["StuffTheSpire:Incineration","Headbutt"],"picked":"Twin Strike","floor":52},{"not_picked":["Disarm","Pummel"],"picked":"Pommel Strike","floor":57},{"not_picked":["StuffTheSpire:BloodClot","StuffTheSpire:Incineration"],"picked":"Thunderclap","floor":58},{"not_picked":["Shrug It Off","StuffTheSpire:Incineration","conspire:ExplosiveBarrier"],"picked":"SKIP","floor":58},{"not_picked":["Shrug It Off","StuffTheSpire:Incineration","conspire:ExplosiveBarrier"],"picked":"SKIP","floor":58},{"not_picked":["Whirlwind","Cleave"],"picked":"Seeing Red","floor":64},{"not_picked":["Shockwave","StuffTheSpire:RockThrow","Bloodletting"],"picked":"SKIP","floor":64},{"not_picked":["infinitespire:NeuralNetwork","infinitespire:Oblivion"],"picked":"infinitespire:FutureSight","floor":67},{"not_picked":["Thunderclap+1","Shockwave"],"picked":"Rage","floor":69},{"not_picked":["Shrug It Off","Feel No Pain","Rampage"],"picked":"SKIP","floor":69},{"not_picked":["Shrug It Off","Feel No Pain","Rampage"],"picked":"SKIP","floor":69},{"not_picked":["StuffTheSpire:Pyroclast+1","Warcry","Rupture"],"picked":"SKIP","floor":70},{"not_picked":["infinitespire:OneForAll+1","StuffTheSpire:RockThrow","Reckless Charge"],"picked":"SKIP","floor":70},{"not_picked":["hubris:CleavingFinish+1","Flex","Warcry"],"picked":"SKIP","floor":71},{"not_picked":["Reckless Charge","Body Slam+1","Iron Wave+1"],"picked":"SKIP","floor":71},{"not_picked":["Wild Strike+1","Perfected Strike"],"picked":"Clash+1","floor":72},{"not_picked":["hubris:ReadiedAction","Reckless Charge","Intimidate+1"],"picked":"SKIP","floor":72},{"not_picked":["hubris:ReadiedAction","Reckless Charge","Intimidate+1"],"picked":"SKIP","floor":72},{"not_picked":["Thunderclap","Twin Strike"],"picked":"Perfected Strike","floor":73},{"not_picked":["Armaments","Bludgeon","conspire:Charge"],"picked":"SKIP","floor":73},{"not_picked":["Shrug It Off","Dropkick+1","Clothesline"],"picked":"SKIP","floor":79},{"not_picked":["Flex+1","Havoc+1","Clothesline"],"picked":"SKIP","floor":79},{"not_picked":["Dropkick+1","Clothesline+1","Exhume"],"picked":"SKIP","floor":80},{"not_picked":["hubris:ReadiedAction+1","Wild Strike+1"],"picked":"Anger+1","floor":81},{"not_picked":["Wild Strike","Clothesline"],"picked":"hubris:StunningStrike","floor":81},{"not_picked":["Sentinel","Rampage"],"picked":"Pommel Strike","floor":86},{"not_picked":["StuffTheSpire:Incineration+1","Armaments+1","Shrug It Off+1"],"picked":"SKIP","floor":86},{"not_picked":["Heavy Blade","hubris:CleavingFinish"],"picked":"Perfected Strike","floor":90},{"not_picked":["StuffTheSpire:Slingshot","Evolve+1","Clothesline"],"picked":"SKIP","floor":90},{"not_picked":["Clash","StuffTheSpire:RockThrow"],"picked":"Disarm","floor":91},{"not_picked":["hubris:SharpeningStone","Iron Wave"],"picked":"Clash","floor":91},{"not_picked":["StuffTheSpire:RockThrow","Limit Break"],"picked":"Perfected Strike","floor":92},{"not_picked":["Clash","Dropkick","Searing Blow"],"picked":"SKIP","floor":92},{"not_picked":["Second Wind","Pummel"],"picked":"Pommel Strike","floor":93},{"not_picked":["infinitespire:OneForAll","StuffTheSpire:Incineration","Havoc"],"picked":"SKIP","floor":93},{"not_picked":["Feed","StuffTheSpire:Slingshot"],"picked":"Clash","floor":95},{"not_picked":["StuffTheSpire:Slingshot","Combust+1","Dual Wield"],"picked":"SKIP","floor":96},{"not_picked":["Evolve+1","Metallicize+1","Shrug It Off"],"picked":"SKIP","floor":96},{"not_picked":["hubris:ReadiedAction","hubris:StunningStrike"],"picked":"Pommel Strike","floor":99},{"not_picked":["infinitespire:UltimateForm","infinitespire:TheBestDefense"],"picked":"hubris:Fate","floor":100},{"not_picked":["Power Through","Anger","Headbutt"],"picked":"SKIP","floor":100},{"not_picked":["Blood for Blood","Flame Barrier","Carnage"],"picked":"SKIP","floor":101},{"not_picked":["Exhume","Anger","hubris:CleavingFinish"],"picked":"SKIP","floor":101},{"not_picked":["hubris:ReadiedAction","StuffTheSpire:Incineration","Wild Strike"],"picked":"SKIP","floor":102},{"not_picked":["StuffTheSpire:Slingshot","StuffTheSpire:Incineration"],"picked":"Perfected Strike","floor":103},{"not_picked":["Heavy Blade","StuffTheSpire:Incineration","Dark Embrace+1"],"picked":"SKIP","floor":103},{"not_picked":["Double Tap","Immolate"],"picked":"Demon Form+1","floor":105},{"not_picked":["True Grit","Havoc"],"picked":"Perfected Strike+1","floor":107},{"not_picked":["Second Wind","StuffTheSpire:Slingshot","Seeing Red"],"picked":"SKIP","floor":107},{"not_picked":["Cleave","hubris:SharpeningStone","hubris:ReadiedAction"],"picked":"SKIP","floor":112},{"not_picked":["Iron Wave","Barricade+1","Shockwave+1"],"picked":"SKIP","floor":113},{"not_picked":["True Grit","Carnage","Cleave"],"picked":"SKIP","floor":114},{"not_picked":["True Grit","Anger"],"picked":"Sword Boomerang","floor":118},{"not_picked":["Spot Weakness","Blood for Blood"],"picked":"Sword Boomerang+1","floor":119},{"not_picked":["Warcry+1","True Grit+1","Dropkick"],"picked":"SKIP","floor":119},{"not_picked":["Reckless Charge","True Grit+1"],"picked":"Perfected Strike+1","floor":120},{"not_picked":["Hemokinesis","Flex","Combust+1"],"picked":"SKIP","floor":120},{"not_picked":["Dropkick+1","Clash"],"picked":"StuffTheSpire:BloodClot+1","floor":124},{"not_picked":["Entrench","True Grit"],"picked":"Twin Strike+1","floor":124},{"not_picked":["Blood for Blood","Sentinel"],"picked":"Rage+1","floor":125},{"not_picked":["Sword Boomerang+1","Wild Strike","conspire:HitWhereItHurts"],"picked":"SKIP","floor":125},{"not_picked":["True Grit","Pummel+1"],"picked":"Twin Strike","floor":126},{"not_picked":["Disarm+1","Battle Trance+1","Fire Breathing+1"],"picked":"SKIP","floor":126},{"not_picked":["Flex","Body Slam+1"],"picked":"Perfected Strike+1","floor":127},{"not_picked":["True Grit+1","Heavy Blade","StuffTheSpire:Incineration+1"],"picked":"SKIP","floor":134},{"not_picked":["StuffTheSpire:TitanForm+1","Rampage+1","Bloodletting"],"picked":"SKIP","floor":135},{"not_picked":["Barricade+1","Brutality+1"],"picked":"Reaper","floor":139},{"not_picked":["Clash"],"picked":"SKIP","floor":142},{"not_picked":["conspire:ExplosiveBarrier"],"picked":"SKIP","floor":142},{"not_picked":["True Grit"],"picked":"SKIP","floor":142},{"not_picked":["Metallicize+1"],"picked":"SKIP","floor":142},{"not_picked":["PanicButton"],"picked":"SKIP","floor":142},{"not_picked":["Secret Technique"],"picked":"SKIP","floor":142},{"not_picked":["Clash+1","Body Slam+1"],"picked":"Pommel Strike","floor":143}],"player_experience":488130,"relics_obtained":[{"floor":7,"key":"Orichalcum"},{"floor":9,"key":"conspire:TopHat"},{"floor":13,"key":"halation:WeightlessCrab"},{"floor":19,"key":"reliquary:TatteredRug"},{"floor":23,"key":"conspire:GlowingRock"},{"floor":25,"key":"Anchor"},{"floor":29,"key":"reliquary:Knoch"},{"floor":40,"key":"halation:AfternoonTea"},{"floor":43,"key":"Self Forming Clay"},{"floor":44,"key":"hubris:BottledRain"},{"floor":47,"key":"reliquary:QuartzCube"},{"floor":55,"key":"infinitespire:PuzzleCube"},{"floor":57,"key":"GodSword1"},{"floor":60,"key":"Oddly Smooth Stone"},{"floor":63,"key":"ChaoDraw"},{"floor":77,"key":"Frozen Egg 2"},{"floor":78,"key":"reliquary:RosewoodLute"},{"floor":80,"key":"Paper Frog"},{"floor":95,"key":"Ribbon"},{"floor":98,"key":"hubris:MysteriousPyramids"},{"floor":99,"key":"StuffTheSpire:Barrel"},{"floor":102,"key":"reliquary:PartyBalloon"},{"floor":109,"key":"GodSword7"},{"floor":112,"key":"reliquary:Stiletto"},{"floor":113,"key":"PreservedInsect"},{"floor":114,"key":"reliquary:BoilingFlask"},{"floor":115,"key":"halation:LettersToHer"},{"floor":115,"key":"TungstenRod"},{"floor":118,"key":"Bottled Tornado"},{"floor":127,"key":"CaptainsWheel"},{"floor":128,"key":"halation:LettersToHer"},{"floor":128,"key":"halation:TwoAmDonut"},{"floor":132,"key":"halation:LettersToHer"},{"floor":132,"key":"Unceasing Top"},{"floor":134,"key":"Runesmith:Nanobots"},{"floor":135,"key":"infinitespire:Satchel"},{"floor":143,"key":"Angel_Ring"},{"floor":144,"key":"conspire:SpecialSausage"}],"event_choices":[{"damage_healed":0,"gold_gain":0,"player_choice":"1 cards matched","damage_taken":0,"max_hp_gain":0,"max_hp_loss":0,"event_name":"Match and Keep!","floor":11,"gold_loss":0,"cards_obtained":["Demon Form"]},{"damage_healed":0,"gold_gain":75,"player_choice":"Touch","damage_taken":9,"max_hp_gain":0,"max_hp_loss":0,"event_name":"FaceTrader","floor":14,"gold_loss":0},{"damage_healed":0,"gold_gain":0,"player_choice":"Obtained Relic","damage_taken":0,"relics_obtained":["reliquary:NewFriend"],"max_hp_gain":0,"max_hp_loss":0,"event_name":"Addict","floor":20,"gold_loss":85},{"damage_healed":0,"gold_gain":0,"player_choice":"Bet on Murderer","damage_taken":0,"max_hp_gain":0,"max_hp_loss":0,"event_name":"The Joust","floor":24,"gold_loss":50},{"damage_healed":0,"gold_gain":0,"player_choice":"Bought 3 Potions","damage_taken":0,"max_hp_gain":0,"max_hp_loss":0,"event_name":"The Woman in Blue","floor":36,"gold_loss":0},{"damage_healed":0,"gold_gain":0,"player_choice":"Ignored","damage_taken":0,"max_hp_gain":0,"max_hp_loss":0,"event_name":"NoteForYourself","floor":46,"gold_loss":0},{"damage_healed":0,"gold_gain":0,"player_choice":"0 cards matched","damage_taken":0,"max_hp_gain":0,"max_hp_loss":0,"event_name":"Match and Keep!","floor":53,"gold_loss":0,"cards_obtained":[]},{"damage_healed":25,"gold_gain":0,"player_choice":"Healed","damage_taken":0,"max_hp_gain":0,"max_hp_loss":0,"event_name":"The Cleric","floor":62,"gold_loss":35},{"damage_healed":0,"gold_gain":0,"player_choice":"Got Potions","damage_taken":0,"max_hp_gain":0,"max_hp_loss":0,"event_name":"Lab","floor":65,"gold_loss":0},{"damage_healed":0,"gold_gain":0,"player_choice":"Took Portal","damage_taken":0,"max_hp_gain":0,"max_hp_loss":0,"event_name":"SecretPortal","floor":87,"gold_loss":0},{"damage_healed":0,"gold_gain":0,"cards_transformed":["StuffTheSpire:DeathNote"],"player_choice":"Transformed","damage_taken":0,"max_hp_gain":0,"max_hp_loss":0,"event_name":"Transmorgrifier","floor":111,"gold_loss":0,"cards_obtained":["Seeing Red"]},{"damage_healed":0,"gold_gain":0,"player_choice":"Fight","damage_taken":0,"max_hp_gain":0,"max_hp_loss":0,"event_name":"MindBloom","floor":127,"gold_loss":0},{"damage_healed":0,"gold_gain":0,"player_choice":"Memory 1","damage_taken":0,"max_hp_gain":0,"max_hp_loss":0,"event_name":"SensoryStone","floor":137,"gold_loss":0}],"is_beta":false,"boss_relics":[{"not_picked":["halation:Risk","energizedSpire:SpiderWeb"],"picked":"energizedSpire:TabascoSauce"},{"not_picked":["StuffTheSpire:ModemDavis","aspiration:WatcherSkillbook"],"picked":"hubris:VirtuousBlindfold"},{"not_picked":["energizedSpire:NeverEndingSparkler","reliquary:RedPaperclip"],"picked":"aspiration:PoetsPen_weak"},{"not_picked":["conspire:RunicOctahedron","hubris:CrackedHourglass"],"picked":"energizedSpire:NeverEndingSparkler"},{"not_picked":["conspire:SeveredTorchhead","reliquary:RedPaperclip"],"picked":"conspire:SpecialSausage"},{"not_picked":["Busted Crown","Mark of Pain"],"picked":"energizedSpire:MagnifyingGlass"},{"not_picked":["aspiration:SecretTechniqueScroll","reliquary:Ember"],"picked":"Empty Cage"},{"not_picked":["aspiration:FutureDiary","infinitespire:Cupcake","aspiration:RunicSpoon"]},{"not_picked":["Cursed Key","energizedSpire:RedRose"],"picked":"SacredBark"}],"items_purged_floors":[5,5,5,5,56,82,94,94,130],"is_endless":true,"potions_floor_spawned":[1,4,16,23,35,39,47,48,52,67,72,73,80,81,84,92,93,96,99,103,107,112,113,118,119,125,126,143,144],"ascension_level":0}}