{"host":"2yqfi47fogfu1ic4","time":1613149564,"event":{"mods":["AchievementEnabler","BaseMod","Colored Map","Colored Powertips","Highlight Path","Minty Spire (QoL Compilation)","Permanent Neow","Relic Stats","StSLib"],"gold_per_floor":[109,119,129,144,144,144,160,174,225,253,54,54,79,4,4,78,78,89,7,27,27,42,42,42,42,96,96,96,96,36,53,53,53,53],"floor_reached":33,"language":"DEU","playtime":2229,"items_purged":["Strike_G"],"score":650,"play_id":"b25ef24b-7802-46a7-917a-bb7707af4008","local_time":"20210212180604","is_ascension_mode":true,"campfire_choices":[{"data":"Crippling Poison","floor":6,"key":"SMITH"},{"data":"Flechettes","floor":12,"key":"SMITH"},{"data":"Finisher","floor":15,"key":"SMITH"},{"data":"Phantasmal Killer","floor":23,"key":"SMITH"},{"data":"Flechettes","floor":27,"key":"SMITH"},{"floor":32,"key":"REST"}],"circlet_count":0,"master_deck":["AscendersBane","Strike_G","Strike_G","Defend_G","Defend_G","Defend_G","Defend_G","Defend_G","Survivor","Neutralize","Flechettes+1","Crippling Poison+1","Poisoned Stab","Blade Dance","Finisher+1","All Out Attack","Slice","Masterful Stab","Cloak And Dagger","Phantasmal Killer+1","PiercingWail","Blade Dance","Blade Dance","Flechettes+1","RitualDagger"],"relics":["Runic Pyramid","MealTicket","Bag of Marbles","The Courier","SacredBark","Pen Nib"],"acts_visited":["Exordium","TheCity"],"potions_floor_usage":[4,16,18,22,24,31],"damage_taken":[{"damage":0,"enemies":"Cultist","floor":1,"turns":4},{"damage":7,"enemies":"Jaw Worm","floor":2,"turns":4},{"damage":0,"enemies":"Small Slimes","floor":3,"turns":4},{"damage":15,"enemies":"Exordium Thugs","floor":4,"turns":4},{"damage":9,"enemies":"Blue Slaver","floor":7,"turns":4},{"damage":9,"enemies":"3 Louse","floor":8,"turns":2},{"damage":7,"enemies":"Lagavulin","floor":10,"turns":6},{"damage":3,"enemies":"Gremlin Nob","floor":13,"turns":3},{"damage":0,"enemies":"Slime Boss","floor":16,"turns":4},{"damage":0,"enemies":"Spheric Guardian","floor":18,"turns":2},{"damage":6,"enemies":"3 Byrds","floor":20,"turns":4},{"damage":14,"enemies":"Snecko","floor":22,"turns":8},{"damage":0,"enemies":"Book of Stabbing","floor":24,"turns":2},{"damage":26,"enemies":"Shelled Parasite and Fungi","floor":31,"turns":5},{"damage":98,"enemies":"Automaton","floor":33,"turns":6}],"seed_played":"-7863902318834003157","potions_obtained":[{"floor":3,"key":"Explosive Potion"},{"floor":4,"key":"PowerPotion"},{"floor":8,"key":"SteroidPotion"},{"floor":16,"key":"AttackPotion"},{"floor":18,"key":"Weak Potion"},{"floor":20,"key":"Swift Potion"},{"floor":22,"key":"SmokeBomb"}],"is_trial":false,"path_per_floor":["M","M","M","M","?","R","M","M","T","E","$","R","E","?","R","B",null,"M","$","M","?","M","R","E","$","T","R","?","?","$","M","R","B"],"character_chosen":"THE_SILENT","items_purchased":["Bag of Marbles","Masterful Stab","Blade Dance","Blade Dance"],"campfire_rested":1,"item_purchase_floors":[11,11,19,19],"current_hp_per_floor":[59,52,52,37,59,59,50,41,41,34,49,49,46,46,46,46,61,61,66,60,60,46,46,46,61,61,61,43,37,52,26,47,0,0],"gold":53,"neow_bonus":"BOSS_RELIC","is_daily":false,"chose_seed":false,"campfire_upgraded":5,"win_rate":0.0,"timestamp":1613149564,"path_taken":["M","M","M","M","?","R","M","M","T","E","$","R","E","?","R","BOSS","M","$","M","?","M","R","E","?","T","R","?","?","?","M","R","BOSS"],"items_purchased_type":["Relic","Card","Card","Card"],"build_version":"2020-12-22","purchased_purges":1,"victory":false,"max_hp_per_floor":[66,66,66,66,66,66,66,66,66,66,66,66,66,66,66,66,66,66,66,66,66,66,66,66,66,66,66,71,71,71,71,71,71,71],"relic_stats":{"counters":[15,62],"MealTicket":50,"Pen Nib":[3],"obtain_stats":[{"SacredBark":17,"MealTicket":10,"The Courier":13,"Pen Nib":26,"Bag of Marbles":11,"Ring of the Snake":0,"Runic Pyramid":0},{"SacredBark":9,"MealTicket":7,"The Courier":8,"Pen Nib":13,"Bag of Marbles":7,"Ring of the Snake":0,"Runic Pyramid":0},{"SacredBark":35,"MealTicket":28,"The Courier":31,"Pen Nib":51,"Bag of Marbles":28,"Ring of the Snake":0,"Runic Pyramid":0}]},"card_choices":[{"not_picked":["Backflip","Choke"],"picked":"Flechettes","floor":1},{"not_picked":["Flying Knee","Outmaneuver"],"picked":"Crippling Poison","floor":2},{"not_picked":["Deflect","Underhanded Strike"],"picked":"Poisoned Stab","floor":3},{"not_picked":["Deadly Poison","Accuracy"],"picked":"Blade Dance","floor":4},{"not_picked":["Quick Slash","Masterful Stab"],"picked":"Finisher","floor":7},{"not_picked":["Acrobatics","Deadly Poison"],"picked":"All Out Attack","floor":8},{"not_picked":["Choke","Deadly Poison"],"picked":"Slice","floor":10},{"not_picked":["Tools of the Trade","Poisoned Stab"],"picked":"Cloak And Dagger","floor":13},{"not_picked":["Die Die Die","Night Terror"],"picked":"Phantasmal Killer","floor":16},{"not_picked":["Acrobatics","Expertise"],"picked":"PiercingWail","floor":18},{"not_picked":["Distraction","Outmaneuver","Dagger Throw"],"picked":"SKIP","floor":20},{"not_picked":["Deflect","Infinite Blades"],"picked":"Flechettes","floor":22},{"not_picked":["All Out Attack","Riddle With Holes","Flying Knee"],"picked":"SKIP","floor":31}],"player_experience":1793766,"relics_obtained":[{"floor":10,"key":"MealTicket"},{"floor":13,"key":"The Courier"},{"floor":26,"key":"Pen Nib"}],"event_choices":[{"damage_healed":22,"gold_gain":0,"player_choice":"Banana","damage_taken":0,"max_hp_gain":0,"max_hp_loss":0,"event_name":"Big Fish","floor":5,"gold_loss":0},{"cards_removed":["Strike_G"],"damage_healed":0,"gold_gain":0,"player_choice":"Card Removal","damage_taken":0,"max_hp_gain":0,"max_hp_loss":0,"event_name":"The Cleric","floor":14,"gold_loss":75},{"cards_removed":["Strike_G"],"damage_healed":0,"gold_gain":0,"player_choice":"Offered Basic","damage_taken":0,"max_hp_gain":0,"max_hp_loss":0,"event_name":"Bonfire Elementals","floor":21,"gold_loss":0},{"damage_healed":0,"gold_gain":0,"player_choice":"Shed Blood","damage_taken":23,"max_hp_gain":5,"max_hp_loss":0,"event_name":"Forgotten Altar","floor":28,"gold_loss":0},{"damage_healed":0,"gold_gain":0,"player_choice":"Joined the Cult","damage_taken":6,"max_hp_gain":0,"max_hp_loss":0,"event_name":"Nest","floor":29,"gold_loss":0,"cards_obtained":["RitualDagger"]}],"is_beta":false,"boss_relics":[{"not_picked":["Tiny House","Busted Crown"],"picked":"SacredBark"}],"items_purged_floors":[30],"is_endless":false,"potions_floor_spawned":[3,4,8,16,18,20,22,24],"killed_by":"Automaton","ascension_level":20}}