{"host":"8injpn8qs0kr8sd6","time":1613102499,"event":{"mods":["Act Like it!","BaseMod","Downfall","KinomotoSakuraMod(Ä¾Ö®±¾Ó£)","Marisa£¨ìFÓê¡¡Ä§ÀíÉ³£©","Minty Spire (QoL Compilation)","Quick Restart","Reimu£¨²©ÀöÁéÃÎ£©","RumiaBox-Â¶Ã×æ«µÄÉñÃØºÐ×Ó","Spicy Shops","StSLib","¡¾ÒÅÎï¿¨ÅÆ¡¿REMEMod"],"gold_per_floor":[99,109,109,119,119,394,394,102,102,117,217,252,152,183,205,315,327,339,368,580,592,70,81,129,129,152,183,183,235,254,271,305,440,440,440,450,450,459,219,260,260,294,294,37,91,131,31,86,106,106],"floor_reached":51,"language":"ZHS","playtime":5133,"items_purged":["Regret","Strike_MRS","Strike_MRS"],"score":1081,"play_id":"7043ade5-95e2-441f-a45e-2a0bc9744c0f","local_time":"20210212120137","is_ascension_mode":true,"campfire_choices":[{"data":"ManaRampage","floor":1.0,"key":"SMITH"},{"data":"MysteriousBeam","floor":9.0,"key":"SMITH"},{"data":"SuperPerseids","floor":13.0,"key":"SMITH"},{"data":"UltimateShortwave","floor":18.0,"key":"SMITH"},{"data":"SuperNova","floor":28.0,"key":"SMITH"},{"data":"MillisecondPulsars","floor":35.0,"key":"SMITH"},{"data":"Acceleration","floor":47,"key":"SMITH"}],"circlet_count":0,"master_deck":["Defend_MRS","Defend_MRS","Defend_MRS+1","MasterSpark","UpSweep","ManaRampage+1","Acceleration","MeteoricShower+1","Orbital","MysteriousBeam+1","GasGiant","AlicesGift","SuperPerseids+1","Acceleration+1","OortCloud","UltimateShortwave+1","GrandCross+1","downfall:Haunted","Ghostly","Ghostly+1","Ghostly","Ghostly","Ghostly","SuperNova+1","Doubt","Robbery+1","ManaGlint:ReiMu+1","Immolate+1","MillisecondPulsars+1","Wraith","Deep Breath","sneckomod:UnknownClassMARISA_COLOR+1","OpenUniverse+1"],"relics":["MiniHakkero","Letter Opener","GodSword5","downfall:HeartBlessingGreen","MawBank","ExperimentalFamiliar","PrismaticShard","ClockworkSouvenir","TungstenRod","Blood Vial","ZombieArmy","Mastiff:ReiMu","RedLine:ReiMu","CeramicFish","MagicBroom","PreservedInsect","TheAbacus","Toxic Egg 2","Mercury Hourglass","War Paint","downfall:HeartBlessingBlue"],"acts_visited":["Exordium","TheCity","TheBeyond"],"potions_floor_usage":[50],"damage_taken":[{"damage":1.0,"enemies":"Cultist","floor":2.0,"turns":3.0},{"damage":9.0,"enemies":"2 Louse","floor":4.0,"turns":3.0},{"damage":15.0,"enemies":"downfall:FleeingMerchant","floor":8.0,"turns":4.0},{"damage":0.0,"enemies":"Small Slimes","floor":10.0,"turns":1.0},{"damage":12.0,"enemies":"downfall:Heads","floor":11.0,"turns":3.0},{"damage":0.0,"enemies":"Gremlin Nob","floor":12.0,"turns":2.0},{"damage":0.0,"enemies":"Lagavulin","floor":14.0,"turns":2.0},{"damage":0.0,"enemies":"Exordium Wildlife","floor":15.0,"turns":2.0},{"damage":0.0,"enemies":"DF_ARCHETYPE_STREAMLINE","floor":16.0,"turns":3.0},{"damage":0.0,"enemies":"Shell Parasite","floor":19.0,"turns":2.0},{"damage":5.0,"enemies":"downfall:FleeingMerchant","floor":22.0,"turns":4.0},{"damage":0.0,"enemies":"Spheric Guardian","floor":23.0,"turns":1.0},{"damage":0.0,"enemies":"Book of Stabbing","floor":27.0,"turns":3.0},{"damage":6.0,"enemies":"Slavers","floor":29.0,"turns":3.0},{"damage":10.0,"enemies":"Cultist and Chosen","floor":30.0,"turns":4.0},{"damage":0.0,"enemies":"3 Cultists","floor":31.0,"turns":2.0},{"damage":0.0,"enemies":"Centurion and Healer","floor":32.0,"turns":4.0},{"damage":14.0,"enemies":"WA_ARCHETYPE_CALM","floor":33.0,"turns":7.0},{"damage":0.0,"enemies":"3 Darklings","floor":36.0,"turns":1.0},{"damage":0.0,"enemies":"downfall:FleeingMerchant","floor":39.0,"turns":3.0},{"damage":0.0,"enemies":"Nemesis","floor":40.0,"turns":3.0},{"damage":10.0,"enemies":"Orb Walker","floor":42.0,"turns":2.0},{"damage":11,"enemies":"3 Darklings","floor":45,"turns":2},{"damage":0,"enemies":"Maw","floor":46,"turns":5},{"damage":0,"enemies":"Spire Growth","floor":48,"turns":3},{"damage":0,"enemies":"Jaw Worm Horde","floor":49,"turns":2},{"damage":3,"enemies":"SI_POISON_ARCHETYPE","floor":50,"turns":6}],"seed_played":"4542780694389149232","potions_obtained":[{"floor":4.0,"key":"Guardian:BlockOnCardUsePotion"},{"floor":11.0,"key":"Fire Potion"},{"floor":12.0,"key":"DistilledChaos"},{"floor":15.0,"key":"LiquidMemories"},{"floor":23.0,"key":"champ:CounterPotion"},{"floor":29.0,"key":"BlessingOfTheForge"},{"floor":30.0,"key":"SteroidPotion"},{"floor":32.0,"key":"MagicPotion:ReiMu"},{"floor":36.0,"key":"SteroidPotion"},{"floor":45,"key":"MagicPotion:ReiMu"}],"is_trial":false,"path_per_floor":["R","M","?","M","?","?","T","$","R","M","?","E","R","E","M","B",null,"R","M","?","?","$","M","T","?","T","E","R","E","M","M","M","B",null,"R","M","?","?","$","E","T","M","?","$","M","M","R","M","M","B",null],"character_chosen":"MARISA","items_purchased":["Orbital","MysteriousBeam","PrismaticShard","ClockworkSouvenir","TungstenRod","MagicBroom","PreservedInsect","TheAbacus","Deep Breath","OpenUniverse+1","War Paint"],"campfire_rested":0,"item_purchase_floors":[8,8,22,22,22,39,39,39,39,44,44],"current_hp_per_floor":[54,53,53,44,44,44,44,29,29,29,17,17,17,17,17,17,75,75,75,75,37,32,32,32,32,32,34,34,30,22,24,26,14,37,37,37,37,37,37,37,37,27,27,27,18,20,32,34,36,35],"gold":106,"neow_bonus":"THREE_RARE_CARDS","is_daily":false,"chose_seed":false,"campfire_upgraded":7,"win_rate":0.0,"timestamp":1613102497,"path_taken":["R","M","?","M","?","?","T","$","R","?","?","E","R","E","M","BOSS","R","M","?","?","?","M","T","?","?","E","R","E","M","M","M","BOSS","R","M","?","?","?","E","T","?","?","$","M","?","R","M","M","BOSS"],"items_purchased_type":["Card","Card","Relic","Relic","Relic","Relic","Relic","Relic","Card","Card","Relic"],"build_version":"2020-12-22","purchased_purges":3,"victory":true,"max_hp_per_floor":[75,75,75,75,75,75,75,75,75,75,75,75,75,75,75,75,75,75,75,75,37,37,37,37,37,37,37,37,37,37,37,37,37,37,37,37,37,37,37,37,37,37,37,37,37,37,47,47,47,47],"card_choices":[{"not_picked":["MillisecondPulsars","BlazingStar"],"picked":"ManaRampage","floor":0.0},{"not_picked":["ShootingEcho","DarkMatter"],"picked":"Acceleration","floor":2.0},{"not_picked":["GalacticHalo","Orbital"],"picked":"MeteoricShower","floor":4.0},{"not_picked":["EnergyRecoil","OrrerysSun","NonDirectionalLaser"],"picked":"SKIP","floor":8.0},{"not_picked":["Acceleration","GrandCross"],"picked":"GasGiant","floor":10.0},{"not_picked":["GravityBeat","DoubleSpark"],"picked":"SuperPerseids","floor":11.0},{"not_picked":["EnergyRecoil","OrrerysSun","DoubleSpark"],"picked":"SKIP","floor":12.0},{"not_picked":["ShootTheMoon","DeepEcoloBomb"],"picked":"Acceleration","floor":14.0},{"not_picked":["Occultation","RefractionSpark"],"picked":"OortCloud","floor":15.0},{"not_picked":["SatelliteIllusion","JA"],"picked":"UltimateShortwave","floor":16.0},{"not_picked":["EnergyRecoil","Acceleration"],"picked":"GrandCross+1","floor":19.0},{"not_picked":["StarBarrage+1","GalacticHalo+1"],"picked":"SuperNova","floor":22.0},{"not_picked":["LikeWater","ClowCardTheVoice"],"picked":"Robbery+1","floor":23.0},{"not_picked":["Dual Wield","CutThroughFate"],"picked":"ManaGlint:ReiMu+1","floor":27.0},{"not_picked":["Heavy Blade","ClowCardTheShot+1"],"picked":"Immolate","floor":29.0},{"not_picked":["Conserve Battery","bronze:BuggyMess","Evolve"],"picked":"SKIP","floor":30.0},{"not_picked":["Guardian:ArmoredProtocol+1","Guardian:ShieldCharger","bronze:WhirlingStrike+1"],"picked":"SKIP","floor":31.0},{"not_picked":["ClearTheMind","Slimebound:SplitBruiser","Guardian:Gem_Cyan"],"picked":"SKIP","floor":32.0},{"not_picked":["hexamod:ParanormalForm","ClowCardTheFight"],"picked":"MillisecondPulsars","floor":33.0},{"not_picked":["champ:GutPunch+1","FlyingSleeves","Guardian:MultiBeam+1"],"picked":"SKIP","floor":36.0},{"not_picked":["sneckomod:RainOfDice","bronze:Fortify","ClowCardTheLock+1"],"picked":"SKIP","floor":39.0},{"not_picked":["expansioncontent:GuardianWhirl","bronze:Repulsor+1"],"picked":"sneckomod:UnknownClassMARISA_COLOR+1","floor":40.0},{"not_picked":["Intimidate+1","champ:FaceSlap+1","Slimebound:GoopTackle+1"],"picked":"SKIP","floor":42.0},{"not_picked":["bronze:Flail","Guardian:WalkerClaw","hexamod:SwordOfDarkness"],"picked":"SKIP","floor":45},{"not_picked":["Guardian:WalkerClaw+1","sneckomod:UnknownClassRED+1","Slimebound:SlimeBrawl+1"],"picked":"SKIP","floor":46},{"not_picked":["Armaments+1","champ:Haymaker","hexamod:ThermalTransfer+1"],"picked":"SKIP","floor":48},{"not_picked":["hexamod:FastForward+1","UnstableBomb+1","Distraction+1"],"picked":"SKIP","floor":49}],"player_experience":483519,"relics_obtained":[{"floor":7.0,"key":"Letter Opener"},{"floor":12.0,"key":"GodSword5"},{"floor":14.0,"key":"MawBank"},{"floor":24.0,"key":"Blood Vial"},{"floor":27.0,"key":"ZombieArmy"},{"floor":29.0,"key":"Mastiff:ReiMu"},{"floor":37.0,"key":"CeramicFish"},{"floor":40.0,"key":"Toxic Egg 2"},{"floor":41.0,"key":"Mercury Hourglass"}],"event_choices":[{"damage_healed":0.0,"max_hp_gain":0.0,"max_hp_loss":38.0,"gold_gain":0.0,"event_name":"Ghosts","player_choice":"Became a Ghost","floor":21.0,"gold_loss":0.0,"damage_taken":0.0,"cards_obtained":["Ghostly","Ghostly","Ghostly","Ghostly","Ghostly"]},{"damage_healed":0.0,"max_hp_gain":0.0,"max_hp_loss":0.0,"gold_gain":0.0,"event_name":"Vampires","player_choice":"Ignored","floor":25.0,"gold_loss":0.0,"damage_taken":0.0},{"damage_healed":0.0,"max_hp_gain":0.0,"max_hp_loss":0.0,"gold_gain":0.0,"event_name":"OrinTheCat","player_choice":"Ignored","floor":38.0,"gold_loss":0.0,"damage_taken":0.0},{"damage_healed":0.0,"max_hp_gain":0.0,"max_hp_loss":0.0,"gold_gain":0.0,"event_name":"Accursed Blacksmith","player_choice":"Forge","floor":43.0,"gold_loss":0.0,"damage_taken":0.0,"cards_upgraded":["Immolate"]}],"is_beta":false,"boss_relics":[{"not_picked":["Busted Crown","RampagingMagicTools"],"picked":"ExperimentalFamiliar"},{"not_picked":["Runic Dome","SlaversCollar"],"picked":"RedLine:ReiMu"}],"items_purged_floors":[8,22,39],"is_endless":false,"potions_floor_spawned":[4,11,12,15,23,29,30,32,36,40,45],"ascension_level":3}}