{"host":"wuernuywc9gl215o","time":1613126344,"event":{"mods":["2.2 Compatiblity","AchievementEnabler","BaseMod","Bestiary","Block Reminder","Displayed Cursed Tome","Highlight Path","Key Reminder","Minty Spire (QoL Compilation)","Permanent Neow","Potion Indicator Mod","Quick Restart","Rare Cards Sparkle","Relic Stats","ojb\u0027s Info Mod"],"gold_per_floor":[111,129,140,140,153,153,180,180,206,218,29,64,84,111,111,111,111],"floor_reached":16,"language":"ENG","playtime":1300,"items_purged":[],"score":153,"play_id":"a1ab6e56-9ce9-4abf-8836-93c093408a62","local_time":"20210212103904","is_ascension_mode":true,"campfire_choices":[{"data":"Hyperbeam","floor":6.0,"key":"SMITH"},{"data":"Fusion","floor":8.0,"key":"SMITH"},{"floor":15.0,"key":"REST"}],"circlet_count":0,"master_deck":["Strike_B","Strike_B","Strike_B","Defend_B","Defend_B","Defend_B","Defend_B","Zap","Dualcast","CurseOfTheBell","Conserve Battery","Streamline","Chill","Fusion+1","Hyperbeam+1","Redo","FTL","Ball Lightning","Stack"],"relics":["Calling Bell","Blood Vial","White Beast Statue","Turnip","Bag of Preparation","MealTicket","ClockworkSouvenir","Tiny Chest","keyreminder:keyreminder","Sundial"],"acts_visited":["Exordium"],"potions_floor_usage":[16,16,16],"damage_taken":[{"damage":9.0,"enemies":"Jaw Worm","floor":1.0,"turns":5.0},{"damage":0.0,"enemies":"Small Slimes","floor":2.0,"turns":2.0},{"damage":1.0,"enemies":"Cultist","floor":3.0,"turns":4.0},{"damage":8.0,"enemies":"Looter","floor":5.0,"turns":4.0},{"damage":13.0,"enemies":"Gremlin Nob","floor":7.0,"turns":3.0},{"damage":0.0,"enemies":"Large Slime","floor":10.0,"turns":2.0},{"damage":21.0,"enemies":"Lagavulin","floor":12.0,"turns":8.0},{"damage":0.0,"enemies":"2 Fungi Beasts","floor":13.0,"turns":3.0},{"damage":40.0,"enemies":"Gremlin Nob","floor":14.0,"turns":5.0},{"damage":39,"enemies":"The Guardian","floor":16,"turns":10}],"seed_played":"-8597233335647329877","potions_obtained":[{"floor":1.0,"key":"AttackPotion"},{"floor":2.0,"key":"FearPotion"},{"floor":3.0,"key":"LiquidBronze"},{"floor":5.0,"key":"LiquidBronze"},{"floor":7.0,"key":"SneckoOil"},{"floor":10.0,"key":"ColorlessPotion"},{"floor":12.0,"key":"SkillPotion"}],"is_trial":false,"path_per_floor":["M","M","M","?","M","R","E","R","T","M","$","E","M","E","R","B"],"character_chosen":"DEFECT","items_purchased":["ClockworkSouvenir","FTL"],"campfire_rested":1,"item_purchase_floors":[11,11],"current_hp_per_floor":[66,68,69,69,63,63,52,52,52,54,69,50,52,14,36,0,0],"gold":111,"neow_bonus":"BOSS_RELIC","is_daily":false,"chose_seed":false,"campfire_upgraded":2,"win_rate":0.0,"timestamp":1613126344,"path_taken":["M","M","M","?","M","R","E","R","T","M","$","E","M","E","R","BOSS"],"items_purchased_type":["Relic","Card"],"build_version":"2020-12-22","purchased_purges":0,"victory":false,"max_hp_per_floor":[75,75,75,75,75,75,75,75,75,75,75,75,75,75,75,75,75],"relic_stats":{"Blood Vial":18,"counters":[10,46],"Sundial":[2],"MealTicket":15,"Tiny Chest":0,"Turnip":[0],"Bag of Preparation":[10],"obtain_stats":[{"Calling Bell":0,"Blood Vial":0,"keyreminder:keyreminder":12,"Sundial":14,"MealTicket":9,"Tiny Chest":12,"Turnip":0,"Bag of Preparation":7,"Cracked Core":0,"White Beast Statue":0,"ClockworkSouvenir":11},{"Calling Bell":0,"Blood Vial":0,"keyreminder:keyreminder":7,"Sundial":9,"MealTicket":5,"Tiny Chest":7,"Turnip":0,"Bag of Preparation":5,"Cracked Core":0,"White Beast Statue":0,"ClockworkSouvenir":6},{"Calling Bell":0,"Blood Vial":0,"keyreminder:keyreminder":28,"Sundial":36,"MealTicket":18,"Tiny Chest":28,"Turnip":0,"Bag of Preparation":18,"Cracked Core":0,"White Beast Statue":0,"ClockworkSouvenir":20}]},"card_choices":[{"not_picked":["Hologram","Steam"],"picked":"Conserve Battery","floor":1.0},{"not_picked":["Darkness","Rebound"],"picked":"Streamline","floor":2.0},{"not_picked":["Hologram","Gash"],"picked":"Chill","floor":3.0},{"not_picked":["Steam","Barrage"],"picked":"Hyperbeam","floor":5.0},{"not_picked":["Chaos","Coolheaded","Chill"],"picked":"SKIP","floor":7.0},{"not_picked":["Thunder Strike","Coolheaded"],"picked":"Redo","floor":10.0},{"not_picked":["Conserve Battery","Leap"],"picked":"Ball Lightning","floor":12.0},{"not_picked":["Glacier","Redo","Leap"],"picked":"SKIP","floor":13.0},{"not_picked":["Redo","Coolheaded"],"picked":"Stack","floor":14.0}],"player_experience":918117,"relics_obtained":[{"floor":0.0,"key":"Blood Vial"},{"floor":0.0,"key":"White Beast Statue"},{"floor":0.0,"key":"Turnip"},{"floor":7.0,"key":"Bag of Preparation"},{"floor":9.0,"key":"MealTicket"},{"floor":12.0,"key":"Tiny Chest"},{"floor":14.0,"key":"Sundial"}],"event_choices":[{"damage_healed":0.0,"max_hp_gain":0.0,"max_hp_loss":0.0,"gold_gain":0.0,"cards_transformed":["Strike_B"],"event_name":"Living Wall","player_choice":"Change","floor":4.0,"gold_loss":0.0,"damage_taken":0.0,"cards_obtained":["Fusion"]}],"is_beta":false,"boss_relics":[],"items_purged_floors":[],"is_endless":false,"potions_floor_spawned":[1,2,3,5,7,10,12,13,14],"killed_by":"The Guardian","ascension_level":5}}