{"host":"dhlnk6yox2l1s6up","time":1613102579,"event":{"mods":["BaseMod","Minty Spire (QoL Compilation)","Relic Stats","StSLib","ojb\u0027s Info Mod"],"gold_per_floor":[109,125,125,140,20,55,75,75,75,100,100,131,145,170,170,272,272,289,299,317,317,22,53,53,87,135,153,186,186,1,34,34,134,134,148,148,148,159,177,203,203,253,278,294,52,72,97,108,108,108,108,108,37,62,62],"floor_reached":56,"language":"ENG","playtime":4445,"items_purged":["Regret","Strike_R+1","Bash"],"score":1948,"play_id":"280b62f7-6d56-4a9d-9355-17eba4e02a7f","local_time":"20210211220259","is_ascension_mode":true,"campfire_choices":[{"data":"Metallicize","floor":11,"key":"SMITH"},{"data":"Armaments","floor":15,"key":"SMITH"},{"data":"Juggernaut","floor":24,"key":"SMITH"},{"floor":32,"key":"DIG"},{"floor":41,"key":"REST"},{"floor":49,"key":"RECALL"},{"floor":52,"key":"DIG"}],"circlet_count":0,"master_deck":["AscendersBane","Defend_R+1","Defend_R+1","Defend_R+1","Defend_R+1","Juggernaut","Flame Barrier+1","Metallicize+1","Armaments+1","Iron Wave","Metallicize","Thunderclap","Sword Boomerang","Offering","Immolate","Fire Breathing","Shrug It Off","Bloodletting","Impervious","Juggernaut+1","Shockwave+1","Body Slam+1","Rupture","Brutality","Impervious","Sentinel+1","Inflame+1","Bludgeon+1","Metallicize","Madness","Madness","True Grit+1","Impervious","Barricade","Shrug It Off","Power Through","Entrench"],"relics":["Burning Blood","Art of War","HornCleat","Pocketwatch","Regal Pillow","Incense Burner","Velvet Choker","War Paint","Blood Vial","Pantograph","Strawberry","Vajra","Shovel","Magic Flower","Astrolabe","Smiling Mask","Torii","Gremlin Horn","Eternal Feather","Happy Flower"],"acts_visited":["Exordium","TheCity","TheBeyond","TheEnding"],"potions_floor_usage":[18,25,28,55,55,55],"damage_taken":[{"damage":12,"enemies":"Small Slimes","floor":1,"turns":5},{"damage":9,"enemies":"Cultist","floor":2,"turns":5},{"damage":2,"enemies":"2 Louse","floor":4,"turns":4},{"damage":10,"enemies":"Gremlin Nob","floor":6,"turns":5},{"damage":15,"enemies":"Lots of Slimes","floor":7,"turns":6},{"damage":14,"enemies":"3 Sentries","floor":10,"turns":11},{"damage":0,"enemies":"Lagavulin","floor":12,"turns":7},{"damage":2,"enemies":"2 Fungi Beasts","floor":13,"turns":3},{"damage":13,"enemies":"Gremlin Nob","floor":14,"turns":5},{"damage":8,"enemies":"Hexaghost","floor":16,"turns":8},{"damage":6,"enemies":"Spheric Guardian","floor":18,"turns":3},{"damage":0,"enemies":"3 Byrds","floor":19,"turns":6},{"damage":8,"enemies":"3 Cultists","floor":20,"turns":5},{"damage":3,"enemies":"Slavers","floor":23,"turns":5},{"damage":41,"enemies":"Gremlin Leader","floor":25,"turns":6},{"damage":17,"enemies":"Snake Plant","floor":27,"turns":3},{"damage":11,"enemies":"Book of Stabbing","floor":28,"turns":6},{"damage":0,"enemies":"Slavers","floor":31,"turns":4},{"damage":9,"enemies":"Collector","floor":33,"turns":7},{"damage":0,"enemies":"Orb Walker","floor":35,"turns":4},{"damage":3,"enemies":"3 Shapes","floor":38,"turns":4},{"damage":19,"enemies":"Transient","floor":39,"turns":5},{"damage":39,"enemies":"Giant Head","floor":40,"turns":10},{"damage":3,"enemies":"Mind Bloom Boss Battle","floor":42,"turns":5},{"damage":17,"enemies":"4 Shapes","floor":44,"turns":4},{"damage":28,"enemies":"Writhing Mass","floor":46,"turns":8},{"damage":4,"enemies":"Nemesis","floor":47,"turns":7},{"damage":22,"enemies":"Jaw Worm Horde","floor":48,"turns":6},{"damage":33,"enemies":"Time Eater","floor":50,"turns":11},{"damage":33,"enemies":"Shield and Spear","floor":54,"turns":8},{"damage":16,"enemies":"The Heart","floor":55,"turns":12}],"seed_played":"1904131163689429140","potions_obtained":[{"floor":4,"key":"Swift Potion"},{"floor":6,"key":"Strength Potion"},{"floor":7,"key":"Fruit Juice"},{"floor":18,"key":"Swift Potion"},{"floor":21,"key":"BloodPotion"},{"floor":21,"key":"Dexterity Potion"},{"floor":25,"key":"Energy Potion"},{"floor":42,"key":"HeartOfIron"}],"is_trial":false,"path_per_floor":["M","M","?","M","$","E","M","?","T","E","R","E","M","E","R","B",null,"M","M","M","?","$","E","R","E","T","M","E","?","$","E","R","B",null,"M","?","?","M","M","E","R","?","T","M","$","M","E","M","R","B",null,"R","$","E","B",null],"character_chosen":"IRONCLAD","items_purchased":["Iron Wave","War Paint","Impervious","Rupture","ColorlessPotion","Barricade","Shrug It Off","Ancient Potion"],"campfire_rested":1,"item_purchase_floors":[5,22,22,30,30,45,45,53],"current_hp_per_floor":[66,63,63,67,67,63,54,54,54,46,46,52,56,49,49,47,72,77,83,81,81,81,84,84,67,74,65,62,62,62,70,70,92,92,92,80,80,89,82,55,92,92,92,84,84,68,76,66,66,68,86,86,86,65,85],"gold":62,"neow_bonus":"TRANSFORM_TWO_CARDS","is_daily":false,"chose_seed":false,"campfire_upgraded":3,"win_rate":0.0,"timestamp":1613102579,"path_taken":["M","M","?","?","$","E","M","?","T","E","R","E","M","E","R","BOSS","M","?","M","?","$","E","R","E","T","?","E","?","?","E","R","BOSS","M","?","?","M","M","E","R","?","T","M","$","M","E","M","R","BOSS","R","$","E","BOSS"],"items_purchased_type":["Card","Relic","Card","Card","Potion","Card","Card","Potion"],"build_version":"2020-12-22","purchased_purges":3,"victory":true,"max_hp_per_floor":[80,80,80,80,80,80,80,80,80,80,80,80,80,80,80,80,80,85,85,85,85,85,85,85,85,92,92,92,92,92,92,92,92,92,92,92,92,92,92,92,92,92,92,92,92,92,92,92,92,92,92,92,92,92,92],"relic_stats":{"Regal Pillow":10,"Torii":2,"Gremlin Horn":[3,3],"Happy Flower":[4],"counters":[31,188],"Astrolabe":["Sentinel","Inflame","Bludgeon"],"Magic Flower":[43],"Eternal Feather":0,"War Paint":["Defend_R","Flame Barrier"],"Smiling Mask":75,"Burning Blood":210,"Blood Vial":28,"Shovel":2,"Pantograph":75,"Art of War":[53],"obtain_stats":[{"Regal Pillow":12,"Torii":42,"Gremlin Horn":47,"Happy Flower":54,"Astrolabe":34,"Velvet Choker":17,"Vajra":28,"Magic Flower":32,"Eternal Feather":52,"Incense Burner":14,"War Paint":22,"Smiling Mask":40,"Burning Blood":0,"Blood Vial":23,"HornCleat":9,"Shovel":31,"Pantograph":25,"Strawberry":26,"Art of War":6,"Pocketwatch":10},{"Regal Pillow":7,"Torii":24,"Gremlin Horn":27,"Happy Flower":30,"Astrolabe":19,"Velvet Choker":10,"Vajra":17,"Magic Flower":18,"Eternal Feather":29,"Incense Burner":9,"War Paint":13,"Smiling Mask":23,"Burning Blood":0,"Blood Vial":14,"HornCleat":5,"Shovel":18,"Pantograph":15,"Strawberry":15,"Art of War":4,"Pocketwatch":6},{"Regal Pillow":43,"Torii":132,"Gremlin Horn":151,"Happy Flower":176,"Astrolabe":104,"Velvet Choker":59,"Vajra":93,"Magic Flower":97,"Eternal Feather":168,"Incense Burner":51,"War Paint":73,"Smiling Mask":127,"Burning Blood":0,"Blood Vial":78,"HornCleat":25,"Shovel":97,"Pantograph":84,"Strawberry":84,"Art of War":19,"Pocketwatch":36}],"Pocketwatch":[198]},"card_choices":[{"not_picked":["True Grit","Carnage"],"picked":"Flame Barrier","floor":1},{"not_picked":["Iron Wave","Heavy Blade"],"picked":"Metallicize","floor":2},{"not_picked":["Pommel Strike","Pummel"],"picked":"Armaments","floor":4},{"not_picked":["Cleave","Twin Strike"],"picked":"Metallicize","floor":6},{"not_picked":["Berserk","Shockwave"],"picked":"Thunderclap","floor":7},{"not_picked":["Headbutt","Twin Strike","Dual Wield"],"picked":"SKIP","floor":10},{"not_picked":["Wild Strike","Warcry","Flex"],"picked":"SKIP","floor":12},{"not_picked":["Wild Strike","Entrench"],"picked":"Sword Boomerang","floor":13},{"not_picked":["Flame Barrier","Juggernaut"],"picked":"Offering","floor":14},{"not_picked":["Double Tap","Exhume"],"picked":"Immolate","floor":16},{"not_picked":["Twin Strike","Carnage"],"picked":"Fire Breathing","floor":18},{"not_picked":["Sentinel+1","Rage"],"picked":"Shrug It Off","floor":19},{"not_picked":["Blood for Blood+1","Cleave"],"picked":"Bloodletting","floor":20},{"not_picked":["Havoc","Seeing Red"],"picked":"Juggernaut","floor":23},{"not_picked":["Impervious","Rampage"],"picked":"Shockwave+1","floor":25},{"not_picked":["Cleave+1","Heavy Blade+1","Anger"],"picked":"SKIP","floor":27},{"not_picked":["Twin Strike","Shockwave"],"picked":"Body Slam+1","floor":28},{"not_picked":["Rampage","Anger"],"picked":"Brutality","floor":31},{"not_picked":["Juggernaut","Double Tap"],"picked":"Impervious","floor":33},{"not_picked":["Combust+1","Twin Strike"],"picked":"Metallicize","floor":35},{"not_picked":["Warcry","Rupture","Havoc"],"picked":"SKIP","floor":38},{"not_picked":["Headbutt+1","Armaments+1"],"picked":"True Grit+1","floor":39},{"not_picked":["Reckless Charge+1","Dropkick"],"picked":"Impervious","floor":40},{"not_picked":["Iron Wave+1","Thunderclap+1","Anger+1"],"picked":"SKIP","floor":44},{"not_picked":["Flex+1","Sword Boomerang+1"],"picked":"Power Through","floor":46},{"not_picked":["Havoc","Bloodletting","Twin Strike+1"],"picked":"SKIP","floor":47},{"not_picked":["Thunderclap+1","Immolate","Inflame"],"picked":"SKIP","floor":48},{"not_picked":["Pommel Strike","Shrug It Off+1"],"picked":"Entrench","floor":54}],"player_experience":6197514,"relics_obtained":[{"floor":6,"key":"Art of War"},{"floor":9,"key":"HornCleat"},{"floor":10,"key":"Pocketwatch"},{"floor":12,"key":"Regal Pillow"},{"floor":14,"key":"Incense Burner"},{"floor":23,"key":"Blood Vial"},{"floor":25,"key":"Pantograph"},{"floor":26,"key":"Strawberry"},{"floor":28,"key":"Vajra"},{"floor":31,"key":"Shovel"},{"floor":32,"key":"Magic Flower"},{"floor":40,"key":"Smiling Mask"},{"floor":42,"key":"Torii"},{"floor":47,"key":"Gremlin Horn"},{"floor":52,"key":"Eternal Feather"},{"floor":54,"key":"Happy Flower"}],"event_choices":[{"damage_healed":0,"gold_gain":0,"cards_transformed":["Strike_R"],"player_choice":"Transformed","damage_taken":0,"max_hp_gain":0,"max_hp_loss":0,"event_name":"Transmorgrifier","floor":3,"gold_loss":0,"cards_obtained":["Searing Blow"]},{"damage_healed":0,"gold_gain":0,"player_choice":"Ignored","damage_taken":0,"max_hp_gain":0,"max_hp_loss":0,"event_name":"NoteForYourself","floor":8,"gold_loss":0},{"damage_healed":0,"gold_gain":0,"player_choice":"Got Potions","damage_taken":0,"max_hp_gain":0,"max_hp_loss":0,"event_name":"Lab","floor":21,"gold_loss":0},{"damage_healed":0,"gold_gain":0,"player_choice":"Simplicity","damage_taken":0,"max_hp_gain":0,"max_hp_loss":0,"event_name":"Back to Basics","floor":29,"gold_loss":0,"cards_upgraded":["Strike_R","Strike_R","Defend_R","Defend_R","Defend_R"]},{"damage_healed":0,"gold_gain":0,"player_choice":"Embrace Madness","damage_taken":12,"max_hp_gain":0,"max_hp_loss":0,"event_name":"Winding Halls","floor":36,"gold_loss":0,"cards_obtained":["Madness","Madness"]},{"damage_healed":0,"gold_gain":0,"player_choice":"Ignored","damage_taken":0,"max_hp_gain":0,"max_hp_loss":0,"event_name":"Tomb of Lord Red Mask","floor":37,"gold_loss":0},{"damage_healed":0,"gold_gain":0,"player_choice":"Fight","damage_taken":0,"max_hp_gain":0,"max_hp_loss":0,"event_name":"MindBloom","floor":42,"gold_loss":0}],"is_beta":false,"boss_relics":[{"not_picked":["Cursed Key","SacredBark"],"picked":"Velvet Choker"},{"not_picked":["Fusion Hammer","Black Blood"],"picked":"Astrolabe"}],"items_purged_floors":[5,30,45],"is_endless":false,"potions_floor_spawned":[4,6,7,18,25,27,33,39,40,42,44,47,54],"ascension_level":10}}