{"host":"pszcj3piwl6eu8b1","time":1613149919,"event":{"mods":["2.2 Compatiblity","Act Like it!","Aspiration","BaseMod","Better Altar","Better Match","Better Note","Better Sensory Stone","Better Skull","Better Third Choice","Better Vampires","CCEM2","Downfall","Elementarium","Energized Spire","Gensokyo","GifTheSpireLib","Hallownest","Hubris","Marisa????????","Menagerie","Minty Spire (QoL Compilation)","Permanent Neow","Quarter Circle Forward PUNCH!","Quick Restart","Replay The Spire","Shop Mod","StSLib","Stuff the Spire","The Animator","The Blue Laboratory"],"gold_per_floor":[99,123,123,138,152,152,152,191,219,591,611,632,632,632,659,752,752,752,767,782,295,295,182,236,274,295,311,326,326,356,405,425,508,508,508,530,541,595,613,641,694,705,705,761,806,856,892,912,925,1015],"floor_reached":51,"language":"ENG","playtime":4998,"items_purged":[],"score":1508,"play_id":"3b0b7c89-4a30-4fa6-9d76-74129a3a8d36","local_time":"20210212091159","daily_mods":["SealedDeck","downfall:Enraging"],"is_ascension_mode":true,"campfire_choices":[{"data":"animator:Geryuganshoop","floor":1.0,"key":"SMITH"},{"data":"animator:Togame","floor":6.0,"key":"SMITH"},{"floor":13.0,"key":"REST"},{"data":"hubris:DuctTapeCard","floor":29.0,"key":"SMITH"}],"circlet_count":0,"master_deck":["AscendersBane","animator:Midou","animator:Geryuganshoop+1","animator:Chris","animator:Mikaela","animator:Yuuichirou","animator:Azekura","animator:Togame+1","animator:YoshinoHaruhiko+1","animator:Emonzaemon","animator:Shichika+1","animator:Demiurge","animator:Rimuru","animator:ItamiYouji+1","animator:HigakiRinne+1","animator:Boros+1","animator:ZankiKiguchi","animator:Hakurou","animator:Entoma+9","animator:Raven","animator:Eve","animator:Mitsurugi","animator:Vesta","animator:ZankiKiguchi","animator:Kuribayashi","animator:TukaLunaMarceau","animator:Aqua","animator:Shichika","hubris:DuctTapeCard","animator:Elesis"],"relics":["animator:LivingPicture","animator:TheMissingPiece","Ring of Chaos","animator:PurgingStone","hubris:BundleOfHerbs","Guardian:PocketSentry","Strawberry","hubris:PeanutButter","Busted Crown","Red Mask","hubris:DuctTape","Lizard Tail","DataDisk","Bag of Preparation","Art of War","Orichalcum","energizedSpire:DeadBattery","CatCart","Prayer Wheel","StuffTheSpire:Barrel","CCEMRelics:TechnogenicHelmet","StuffTheSpire:GrapeVine"],"acts_visited":["Hallownest:Greenpath","Hallownest:CityofTears","TheBeyond"],"potions_floor_usage":[],"damage_taken":[{"damage":0.0,"enemies":"Hallownest:monsterHuskGuard","floor":2.0,"turns":2.0},{"damage":0.0,"enemies":"Hallownest:monsterHuskWarrior","floor":4.0,"turns":3.0},{"damage":0.0,"enemies":"Hallownest:2_Baldur","floor":5.0,"turns":1.0},{"damage":7.0,"enemies":"Hallownest:eliteVengeflyKing","floor":8.0,"turns":3.0},{"damage":0.0,"enemies":"Hallownest:monsterAspidMother","floor":9.0,"turns":1.0},{"damage":0.0,"enemies":"Hallownest:Guard_and_Warrior","floor":11.0,"turns":2.0},{"damage":3.0,"enemies":"Hallownest:MossCreep_and_Mosskin","floor":12.0,"turns":2.0},{"damage":0.0,"enemies":"Hallownest:monsterFoolEater","floor":15.0,"turns":9.0},{"damage":4.0,"enemies":"SI_SHIV_ARCHETYPE","floor":16.0,"turns":5.0},{"damage":0.0,"enemies":"Hallownest:2_Mistakes","floor":19.0,"turns":2.0},{"damage":0.0,"enemies":"Hallownest:Guard_and_Sentry","floor":20.0,"turns":2.0},{"damage":0.0,"enemies":"downfall:FleeingMerchant","floor":21.0,"turns":4.0},{"damage":6.0,"enemies":"Hallownest:eliteWatcherKnight","floor":25.0,"turns":6.0},{"damage":0.0,"enemies":"Hallownest:monsterMisterMushroom","floor":26.0,"turns":2.0},{"damage":0.0,"enemies":"Hallownest:Warrior_and_Youth","floor":27.0,"turns":2.0},{"damage":20.0,"enemies":"Hallownest:3_Mistakes","floor":28.0,"turns":3.0},{"damage":0.0,"enemies":"Hallownest:Nosk","floor":30.0,"turns":2.0},{"damage":0.0,"enemies":"Hallownest:Glutton_and_Coward","floor":31.0,"turns":2.0},{"damage":0.0,"enemies":"Hallownest:2_Husk_Sentries","floor":32.0,"turns":3.0},{"damage":0.0,"enemies":"DF_ARCHETYPE_CLAW","floor":33.0,"turns":3.0},{"damage":2.0,"enemies":"Orb Walker","floor":36.0,"turns":2.0},{"damage":0.0,"enemies":"3 Darklings","floor":37.0,"turns":2.0},{"damage":34.0,"enemies":"Orin","floor":38.0,"turns":6.0},{"damage":0.0,"enemies":"Spire Growth","floor":39.0,"turns":3.0},{"damage":0.0,"enemies":"Maw","floor":40.0,"turns":4.0},{"damage":3.0,"enemies":"3 Darklings","floor":42.0,"turns":3.0},{"damage":24.0,"enemies":"Giant Head","floor":44.0,"turns":5.0},{"damage":10.0,"enemies":"Writhing Mass","floor":47.0,"turns":2.0},{"damage":10.0,"enemies":"4 Shapes","floor":48.0,"turns":2.0},{"damage":0.0,"enemies":"3 Darklings","floor":49.0,"turns":2.0},{"damage":9,"enemies":"IC_BLOCK_ARCHETYPE","floor":50,"turns":6}],"seed_played":"-3984705118403892842","potions_obtained":[{"floor":4.0,"key":"Swift Potion"},{"floor":11.0,"key":"champ:CounterPotion"},{"floor":15.0,"key":"sneckomod:MuddlingPotion"},{"floor":33.0,"key":"blueLaboratory:ImpenetrablePotion"},{"floor":42.0,"key":"Energy Potion"},{"floor":44.0,"key":"blueLaboratory:BubblePotion"},{"floor":45.0,"key":"Adrenaline Potion"},{"floor":47.0,"key":"SkillPotion"},{"floor":49.0,"key":"Block Potion"}],"is_trial":true,"path_per_floor":["R","M","?","M","M","R","T","E","M","?","M","M","R","?","M","B",null,"R","M","M","$","?","?","T","E","M","M","M","R","E","M","M","B",null,"R","M","M","?","M","M","T","M","?","E","?","?","M","M","M","B",null],"character_chosen":"THE_ANIMATOR","items_purchased":["hubris:DuctTape","Lizard Tail","DataDisk"],"campfire_rested":1,"item_purchase_floors":[21,21,21],"current_hp_per_floor":[54,54,57,57,57,57,57,50,50,13,13,10,28,17,17,13,54,54,54,54,54,54,54,54,54,54,55,38,38,38,40,43,45,65,72,72,76,44,47,47,47,46,46,27,1,1,41,31,33,34],"gold":1015,"neow_bonus":"","is_daily":false,"chose_seed":true,"campfire_upgraded":3,"win_rate":0.0,"timestamp":1613149919,"path_taken":["R","M","?","M","?","R","T","E","M","?","?","M","R","?","M","BOSS","R","M","M","$","?","?","T","E","M","M","M","R","E","M","M","BOSS","R","M","M","?","M","M","T","M","?","E","?","?","M","M","M","BOSS"],"items_purchased_type":["Relic","Relic","Relic"],"build_version":"2020-12-22","purchased_purges":0,"victory":true,"max_hp_per_floor":[60,60,60,60,60,60,60,60,60,60,60,60,60,67,67,67,67,67,67,67,67,67,67,67,67,67,68,68,68,68,70,70,72,72,72,74,76,78,78,78,78,80,80,80,80,80,81,81,83,85],"card_choices":[{"not_picked":["animator:Emonzaemon","animator:Togame","animator:Shuna"],"picked":"SKIP","floor":2.0},{"not_picked":["animator:Togame","animator:Shuna"],"picked":"animator:Emonzaemon","floor":2.0},{"not_picked":["animator:ChihayaOhtori","animator:Mitsurugi","animator:Shion"],"picked":"SKIP","floor":4.0},{"not_picked":["animator:Millim","animator:Laby","animator:Souei"],"picked":"SKIP","floor":5.0},{"not_picked":["animator:Azekura","animator:Nanami"],"picked":"animator:Shichika","floor":8.0},{"not_picked":["animator:MamiTomoe","animator:Laby","animator:CrowleyEusford"],"picked":"SKIP","floor":9.0},{"not_picked":["animator:Cocytus","animator:Ara","animator:Lu"],"picked":"SKIP","floor":11.0},{"not_picked":["animator:Add","animator:Laby","animator:Shuna"],"picked":"SKIP","floor":12.0},{"not_picked":["animator:Evileye","animator:NarberalGamma"],"picked":"animator:Demiurge","floor":15.0},{"not_picked":["animator:GoblinSlayer","animator:KotarouTennouji"],"picked":"animator:Rimuru","floor":16.0},{"not_picked":["animator:Kuribayashi"],"picked":"SKIP","floor":19.0},{"not_picked":["animator:Shion"],"picked":"SKIP","floor":20.0},{"not_picked":[],"picked":"animator:ItamiYouji+1","floor":23.0},{"not_picked":[],"picked":"animator:HigakiRinne+1","floor":23.0},{"not_picked":[],"picked":"animator:Boros+1","floor":23.0},{"not_picked":[],"picked":"animator:ZankiKiguchi","floor":25.0},{"not_picked":["animator:Ara"],"picked":"SKIP","floor":26.0},{"not_picked":[],"picked":"animator:Hakurou","floor":27.0},{"not_picked":[],"picked":"animator:Entoma","floor":28.0},{"not_picked":["animator:Shigure"],"picked":"SKIP","floor":31.0},{"not_picked":[],"picked":"animator:Raven","floor":32.0},{"not_picked":[],"picked":"animator:Eve","floor":33.0},{"not_picked":["animator:YunYun"],"picked":"SKIP","floor":36.0},{"not_picked":["animator:Mitsurugi"],"picked":"SKIP","floor":39.0},{"not_picked":[],"picked":"animator:Mitsurugi","floor":39.0},{"not_picked":["animator:Witch"],"picked":"SKIP","floor":40.0},{"not_picked":["animator:TsurugaMeisai+1"],"picked":"SKIP","floor":40.0},{"not_picked":["animator:HiiragiShinya"],"picked":"SKIP","floor":42.0},{"not_picked":[],"picked":"animator:Vesta","floor":44.0},{"not_picked":[],"picked":"animator:ZankiKiguchi","floor":45.0},{"not_picked":[],"picked":"animator:Kuribayashi","floor":47.0},{"not_picked":[],"picked":"animator:TukaLunaMarceau","floor":47.0},{"not_picked":[],"picked":"animator:Entoma","floor":48.0},{"not_picked":["animator:HomuraAkemi"],"picked":"SKIP","floor":48.0},{"not_picked":[],"picked":"animator:Aqua","floor":49.0},{"not_picked":[],"picked":"animator:Shichika","floor":49.0},{"not_picked":[],"picked":"animator:Elesis","floor":50}],"player_experience":1414207,"relics_obtained":[{"floor":7.0,"key":"hubris:BundleOfHerbs"},{"floor":8.0,"key":"Guardian:PocketSentry"},{"floor":24.0,"key":"Bag of Preparation"},{"floor":25.0,"key":"Art of War"},{"floor":30.0,"key":"Orichalcum"},{"floor":38.0,"key":"CatCart"},{"floor":41.0,"key":"StuffTheSpire:Barrel"},{"floor":44.0,"key":"CCEMRelics:TechnogenicHelmet"},{"floor":45.0,"key":"StuffTheSpire:GrapeVine"}],"event_choices":[{"damage_healed":0.0,"max_hp_gain":0.0,"max_hp_loss":0.0,"gold_gain":372.0,"event_name":"betterSkull:BetterSkull","player_choice":"GO GO GO GO ","floor":10.0,"gold_loss":0.0,"damage_taken":41.0,"cards_upgraded":[],"relics_obtained":[]},{"damage_healed":0.0,"max_hp_gain":0.0,"max_hp_loss":0.0,"gold_gain":0.0,"event_name":"betterMatch:BetterMatch","player_choice":"3","floor":23.0,"gold_loss":0.0,"damage_taken":0.0,"cards_obtained":["betterMatch:RareCard"]},{"damage_healed":0.0,"max_hp_gain":0.0,"max_hp_loss":0.0,"gold_gain":0.0,"event_name":"OrinTheCat","player_choice":"Fight","floor":38.0,"gold_loss":0.0,"damage_taken":0.0}],"is_beta":false,"boss_relics":[{"not_picked":["Kintsugi","aspiration:FutureDiary"],"picked":"Busted Crown"},{"not_picked":["Mark of Pain","Ring of Chaos"],"picked":"energizedSpire:DeadBattery"}],"items_purged_floors":[],"is_endless":true,"potions_floor_spawned":[4,11,15,16,20,25,26,27,32,33,37,42,44,47,49],"ascension_level":20}}