{"host":"JIN","time":1613120927,"event":{"mods":["BaseMod","Custom Start","DeckTracker","Hermit","Minty Spire (QoL Compilation)","Shop Mod","StSLib","SuperFastMode"],"gold_per_floor":[112,337,437,456,470,511,41,76,76,76,126,162,162,20,20,149,149,173,199,249,37,63,111,111,152,178,202,230,280,280,358,358,488,488,523,906,72,106,134,134,177,177,177,177,209,252,302,328,328,328,328,328,42,88,100],"floor_reached":56,"language":"KOR","playtime":2293,"items_purged":["hermit:Strike_Hermit","hermit:Strike_Hermit","hermit:Defend_Hermit"],"score":2232,"play_id":"00a70a2d-7d75-477c-a492-09a58ec35e15","local_time":"20210212180847","is_ascension_mode":true,"campfire_choices":[{"data":"hermit:Manifest","floor":10,"key":"SMITH"},{"data":"hermit:FlashPowder","floor":13,"key":"SMITH"},{"data":"hermit:TakeAim","floor":15,"key":"SMITH"},{"data":"hermit:WideOpen","floor":24,"key":"SMITH"},{"data":"hermit:WideOpen","floor":30,"key":"SMITH"},{"data":"hermit:Brawl","floor":32,"key":"SMITH"},{"data":"Sadistic Nature","floor":40,"key":"SMITH"},{"data":"hermit:Brawl","floor":42,"key":"SMITH"},{"data":"hermit:Snapshot","floor":44,"key":"SMITH"},{"floor":49,"key":"RECALL"},{"data":"hermit:Covet","floor":52,"key":"SMITH"}],"circlet_count":0,"master_deck":["hermit:Strike_Hermit+1","hermit:Defend_Hermit","hermit:Defend_Hermit+1","hermit:Snapshot+1","hermit:Covet+1","Sadistic Nature+1","hermit:Manifest+1","hermit:WideOpen+1","hermit:WideOpen+1","hermit:FlashPowder+1","hermit:Brawl+1","hermit:Scavenge+1","hermit:TakeAim+1","hermit:Roughhouse+1","hermit:Horror+1","hermit:Scavenge","hermit:Dive+1","hermit:WideOpen+1","hermit:Brawl+1","hermit:FlashPowder+1","hermit:Manifest+1","hermit:GhostlyPresence+1","hermit:Enervate+1","Good Instincts","hermit:Determination+1"],"relics":["hermit:ClaspedLocket","Question Card","Prayer Wheel","The Courier","Smiling Mask","Membership Card","SsserpentHead","Omamori","Black Star","Mummified Hand","Ornamental Fan","Bag of Preparation","Medical Kit","Thread and Needle","MealTicket","Lizard Tail","FossilizedHelix","Art of War","hermit:Spyglass","Regal Pillow","Ginger","Singing Bowl","hermit:RyeStalk","Enchiridion","Sling","Matryoshka","Whetstone","Sundial","Anchor","Ancient Tea Set","Question Card","Happy Flower","hermit:Horseshoe","Empty Cage","Golden Idol","Blue Candle","Juzu Bracelet","Strawberry","Gambling Chip","Potion Belt","Boot","Gremlin Horn","Vajra","Mango","Frozen Egg 2","Shuriken","Pantograph","Mercury Hourglass","War Paint","Kunai","Darkstone Periapt","hermit:PetGhost","Lantern","Nunchaku","Toy Ornithopter","Pen Nib"],"acts_visited":["Exordium","TheCity","TheBeyond","TheEnding"],"potions_floor_usage":[16,16,23,54,55,55,55],"damage_taken":[{"damage":7,"enemies":"2 Louse","floor":1,"turns":3},{"damage":0,"enemies":"Jaw Worm","floor":4,"turns":3},{"damage":0,"enemies":"Small Slimes","floor":5,"turns":3},{"damage":15,"enemies":"Lagavulin","floor":6,"turns":7},{"damage":2,"enemies":"Gremlin Nob","floor":8,"turns":5},{"damage":0,"enemies":"Lagavulin","floor":12,"turns":6},{"damage":0,"enemies":"Slime Boss","floor":16,"turns":8},{"damage":0,"enemies":"Shell Parasite","floor":18,"turns":5},{"damage":0,"enemies":"Chosen","floor":19,"turns":4},{"damage":0,"enemies":"Snecko","floor":22,"turns":4},{"damage":0,"enemies":"Gremlin Leader","floor":23,"turns":6},{"damage":0,"enemies":"Slavers","floor":25,"turns":5},{"damage":0,"enemies":"Centurion and Healer","floor":27,"turns":5},{"damage":0,"enemies":"Snake Plant","floor":28,"turns":4},{"damage":0,"enemies":"Snecko","floor":31,"turns":5},{"damage":0,"enemies":"Champ","floor":33,"turns":8},{"damage":0,"enemies":"Orb Walker","floor":35,"turns":4},{"damage":0,"enemies":"3 Darklings","floor":38,"turns":5},{"damage":0,"enemies":"Maw","floor":39,"turns":5},{"damage":0,"enemies":"Reptomancer","floor":41,"turns":4},{"damage":0,"enemies":"Transient","floor":45,"turns":5},{"damage":0,"enemies":"Giant Head","floor":46,"turns":8},{"damage":0,"enemies":"Sphere and 2 Shapes","floor":48,"turns":5},{"damage":11,"enemies":"Awakened One","floor":50,"turns":14},{"damage":20,"enemies":"Shield and Spear","floor":54,"turns":7},{"damage":19,"enemies":"The Heart","floor":55,"turns":9}],"seed_played":"-1917021696048088806","potions_obtained":[{"floor":1,"key":"LiquidMemories"},{"floor":4,"key":"Explosive Potion"},{"floor":8,"key":"Fire Potion"},{"floor":23,"key":"BlessingOfTheForge"},{"floor":25,"key":"PowerPotion"},{"floor":28,"key":"PowerPotion"},{"floor":33,"key":"Swift Potion"},{"floor":38,"key":"FearPotion"},{"floor":39,"key":"GamblersBrew"}],"is_trial":false,"path_per_floor":["M","?","?","M","M","E","$","E","T","R","?","E","R","$","R","B",null,"M","M","?","$","M","E","R","E","T","M","M","?","R","M","R","B",null,"M","?","$","M","M","R","E","R","T","R","M","E","?","M","R","B",null,"R","$","E","B",null],"character_chosen":"HERMIT","items_purchased":["Bag of Preparation","Medical Kit","Thread and Needle","MealTicket","Lizard Tail","Singing Bowl","hermit:RyeStalk","hermit:TakeAim","Sling","Matryoshka","Blue Candle","Juzu Bracelet","Strawberry","Gambling Chip","Potion Belt","Boot","Gremlin Horn","Vajra","Mango","Frozen Egg 2","Shuriken","hermit:PetGhost","Lantern","Nunchaku","Dexterity Potion","Good Instincts"],"campfire_rested":0,"item_purchase_floors":[7,7,7,7,7,14,14,14,21,21,37,37,37,37,37,37,37,37,37,37,37,53,53,53,53,53],"current_hp_per_floor":[43,43,43,43,43,28,28,26,26,26,26,26,26,41,41,41,67,67,71,55,70,70,72,72,72,72,76,80,80,80,82,82,84,91,93,93,116,118,120,120,122,122,122,122,124,126,126,130,130,119,127,127,130,110,111],"gold":100,"neow_bonus":"RANDOM_COLORLESS_2","is_daily":false,"chose_seed":false,"campfire_upgraded":10,"win_rate":0.0,"timestamp":1613120927,"path_taken":["M","?","?","M","M","E","$","E","T","R","?","E","R","?","R","BOSS","M","M","?","$","M","E","R","E","T","M","M","?","R","?","R","BOSS","M","?","$","M","M","R","E","R","T","R","M","E","?","M","R","BOSS","R","$","E","BOSS"],"items_purchased_type":["Relic","Relic","Relic","Relic","Relic","Relic","Relic","Card","Relic","Relic","Relic","Relic","Relic","Relic","Relic","Relic","Relic","Relic","Relic","Relic","Relic","Relic","Relic","Relic","Potion","Card"],"build_version":"2020-12-18","purchased_purges":3,"victory":true,"max_hp_per_floor":[75,75,75,75,75,75,75,75,75,75,75,75,75,75,75,75,75,75,79,79,79,79,81,81,81,81,85,89,89,89,91,91,93,93,95,95,116,118,120,120,122,122,122,122,124,126,126,130,130,130,130,130,130,130,130],"card_choices":[{"not_picked":["Mayhem","HandOfGreed"],"picked":"Sadistic Nature","floor":0},{"not_picked":["hermit:Coalescence","hermit:Combo","hermit:BodyArmor"],"picked":"hermit:Manifest","floor":1},{"not_picked":["hermit:Misfire","hermit:Quickdraw","hermit:Midnight"],"picked":"hermit:WideOpen","floor":1},{"not_picked":["hermit:HighCaliber","hermit:BlackWind","hermit:Headshot"],"picked":"hermit:WideOpen","floor":4},{"not_picked":["hermit:LowProfile","hermit:NoHoldsBarred","hermit:Grudge","hermit:Feint"],"picked":"SKIP","floor":4},{"not_picked":["hermit:BigShot","hermit:Feint","hermit:DeadMansHand"],"picked":"hermit:FlashPowder","floor":5},{"not_picked":["hermit:LowProfile","hermit:Virtue","hermit:HoleUp","hermit:Feint"],"picked":"SKIP","floor":5},{"not_picked":["hermit:GhostlyPresence","hermit:Quickdraw","hermit:Glare"],"picked":"hermit:Brawl","floor":6},{"not_picked":["hermit:Combo","hermit:EyeOfTheStorm","hermit:Ricochet"],"picked":"hermit:Scavenge","floor":8},{"not_picked":["hermit:TrackingShot","hermit:Desperado","hermit:LuckOfTheDraw","hermit:BigShot"],"picked":"SKIP","floor":12},{"not_picked":["hermit:FatalDesire","hermit:HeroicBravado","hermit:DeadOrAlive"],"picked":"hermit:Roughhouse","floor":16},{"not_picked":["hermit:Deadeye+1","hermit:Vantage","hermit:Headshot"],"picked":"hermit:Horror+1","floor":18},{"not_picked":["hermit:Vantage","hermit:Gestalt","hermit:Manifest"],"picked":"hermit:Determination","floor":18},{"not_picked":["hermit:WideOpen","hermit:Feint+1","hermit:Cheat","hermit:Ricochet"],"picked":"Singing Bowl","floor":19},{"not_picked":["hermit:BigShot+1","hermit:PistolWhip","hermit:Snipe","hermit:Headshot"],"picked":"Singing Bowl","floor":19},{"not_picked":["hermit:HighCaliber","hermit:CalledShot","hermit:HighNoon"],"picked":"hermit:Scavenge","floor":22},{"not_picked":["hermit:GoldenBullet","hermit:Gestalt+1","hermit:HighCaliber"],"picked":"hermit:Dive+1","floor":22},{"not_picked":["hermit:Spite","hermit:HeroicBravado","hermit:Desperado+1","hermit:CalledShot"],"picked":"Singing Bowl","floor":23},{"not_picked":["hermit:Quickdraw","hermit:CalledShot","hermit:ItchyTrigger+1"],"picked":"hermit:WideOpen+1","floor":25},{"not_picked":["hermit:LoneWolf","hermit:Desperado+1","hermit:Vantage","hermit:Coalescence+1","hermit:Glare"],"picked":"Singing Bowl","floor":27},{"not_picked":["hermit:Snipe","hermit:HighCaliber","hermit:Quickdraw","hermit:Desperado","hermit:Roughhouse"],"picked":"Singing Bowl","floor":27},{"not_picked":["hermit:Gestalt","hermit:ItchyTrigger","hermit:Snipe","hermit:EyeOfTheStorm","hermit:TakeCover"],"picked":"Singing Bowl","floor":28},{"not_picked":["hermit:LowProfile","hermit:Coalescence","hermit:ItchyTrigger","hermit:Vantage","hermit:Roulette"],"picked":"SKIP","floor":28},{"not_picked":["hermit:LowProfile","hermit:Coalescence","hermit:ItchyTrigger","hermit:Vantage","hermit:Roulette"],"picked":"Singing Bowl","floor":28},{"not_picked":["hermit:CursedWeapon","hermit:FullyLoaded+1","hermit:CalledShot","hermit:HighCaliber"],"picked":"hermit:Brawl","floor":31},{"not_picked":["hermit:HoleUp","hermit:Vantage+1","hermit:Ricochet","hermit:Feint","hermit:Determination"],"picked":"Singing Bowl","floor":31},{"not_picked":["hermit:OverwhelmingPower","hermit:RoundhouseKick","hermit:Roughhouse","hermit:Dissolve","hermit:DeadOrAlive"],"picked":"Singing Bowl","floor":33},{"not_picked":["hermit:Roulette","hermit:Combo+1","hermit:BodyArmor","hermit:WideOpen"],"picked":"hermit:FlashPowder+1","floor":35},{"not_picked":["hermit:Vantage","hermit:Misfire","hermit:Headshot+1","hermit:HoleUp","hermit:CalledShot"],"picked":"Singing Bowl","floor":35},{"not_picked":["hermit:Brawl+1","hermit:Glare","hermit:Gestalt+1","hermit:TrackingShot"],"picked":"hermit:Manifest+1","floor":38},{"not_picked":["hermit:Dive","hermit:FinalCanter","hermit:Feint","hermit:Horror","hermit:Grudge+1"],"picked":"Singing Bowl","floor":38},{"not_picked":["hermit:Ricochet","hermit:LowProfile+1","hermit:Dive+1","hermit:Manifest"],"picked":"hermit:GhostlyPresence+1","floor":39},{"not_picked":["hermit:BodyArmor","hermit:CalledShot+1","hermit:Grudge+1","hermit:Spite+1","hermit:Roulette"],"picked":"Singing Bowl","floor":39},{"not_picked":["hermit:SprayPray+1","hermit:Coalescence+1","hermit:Roulette","hermit:Manifest","hermit:Desperado"],"picked":"Singing Bowl","floor":41},{"not_picked":["hermit:SprayPray","hermit:Maintenance+1","hermit:Snipe","hermit:FinalCanter","hermit:Feint+1"],"picked":"Singing Bowl","floor":45},{"not_picked":["hermit:LowProfile+1","hermit:HighCaliber","hermit:Desperado+1","hermit:HoleUp"],"picked":"hermit:Enervate+1","floor":45},{"not_picked":["hermit:SprayPray","hermit:CalledShot+1","hermit:BodyArmor","hermit:Purgatory","hermit:HoleUp"],"picked":"Singing Bowl","floor":46},{"not_picked":["hermit:HoleUp+1","hermit:Combo+1","hermit:FullyLoaded+1","hermit:LoneWolf","hermit:Virtue"],"picked":"Singing Bowl","floor":48},{"not_picked":["hermit:Glare","hermit:Dive","hermit:Manifest+1","hermit:LowProfile","hermit:Enervate"],"picked":"Singing Bowl","floor":48},{"not_picked":["hermit:Vantage","hermit:Grudge+1","hermit:HoleUp+1","hermit:HeroicBravado"],"picked":"hermit:Determination+1","floor":54}],"player_experience":1256328,"relics_obtained":[{"floor":6,"key":"Mummified Hand"},{"floor":6,"key":"Ornamental Fan"},{"floor":8,"key":"FossilizedHelix"},{"floor":8,"key":"Art of War"},{"floor":9,"key":"hermit:Spyglass"},{"floor":12,"key":"Regal Pillow"},{"floor":12,"key":"Ginger"},{"floor":20,"key":"Enchiridion"},{"floor":23,"key":"Whetstone"},{"floor":23,"key":"Sundial"},{"floor":25,"key":"Anchor"},{"floor":25,"key":"Ancient Tea Set"},{"floor":26,"key":"Question Card"},{"floor":26,"key":"Happy Flower"},{"floor":41,"key":"Pantograph"},{"floor":41,"key":"Mercury Hourglass"},{"floor":43,"key":"War Paint"},{"floor":46,"key":"Kunai"},{"floor":46,"key":"Darkstone Periapt"},{"floor":54,"key":"Toy Ornithopter"},{"floor":54,"key":"Pen Nib"}],"event_choices":[{"damage_healed":0,"gold_gain":175,"player_choice":"AGREE","damage_taken":0,"max_hp_gain":0,"max_hp_loss":0,"event_name":"Liars Game","floor":2,"gold_loss":0,"cards_obtained":["Doubt"]},{"damage_healed":0,"gold_gain":50,"player_choice":"Gained Gold","damage_taken":0,"max_hp_gain":0,"max_hp_loss":0,"event_name":"Golden Wing","floor":3,"gold_loss":0},{"damage_healed":0,"gold_gain":0,"player_choice":"Ignored","damage_taken":0,"max_hp_gain":0,"max_hp_loss":0,"event_name":"Golden Idol","floor":11,"gold_loss":0},{"damage_healed":0,"gold_gain":0,"player_choice":"Obtained Book","damage_taken":16,"max_hp_gain":0,"max_hp_loss":0,"event_name":"Cursed Tome","floor":20,"gold_loss":0},{"damage_healed":0,"gold_gain":0,"player_choice":"Gave Potion","damage_taken":0,"relics_obtained":["hermit:Horseshoe"],"max_hp_gain":0,"max_hp_loss":0,"event_name":"WeMeetAgain","floor":29,"gold_loss":0},{"damage_healed":0,"gold_gain":333,"player_choice":"Gave Idol","damage_taken":0,"max_hp_gain":0,"max_hp_loss":0,"event_name":"The Moai Head","floor":36,"relics_lost":["Golden Idol"],"gold_loss":0},{"cards_removed":["hermit:Determination"],"damage_healed":0,"gold_gain":0,"player_choice":"Removed Power","damage_taken":0,"max_hp_gain":0,"max_hp_loss":0,"event_name":"Falling","floor":47,"gold_loss":0}],"is_beta":true,"boss_relics":[{"not_picked":["Ectoplasm","Pandora\u0027s Box"],"picked":"hermit:ClaspedLocket"},{"not_picked":["Fusion Hammer","Velvet Choker"],"picked":"Empty Cage"}],"items_purged_floors":[7,21,53],"is_endless":false,"potions_floor_spawned":[1,4,8,23,25,28,33,38,39,45],"ascension_level":10}}