{"host":"6r762osam2bvfm66","time":1613171037,"event":{"mods":["BaseMod","Bestiary","Colored Map","Highlight Path","Minty Spire (QoL Compilation)","Relic Stats"],"gold_per_floor":[117,292,292,302,313,313,344,344,344,369,388,388,428,443,443,571,571,590,82,97,111,21,52,52,87,134,150,150,175,18,31,31,150,150,175,125,125,49,63,101,101,115,115,135,60,74,74,74,74,74],"floor_reached":51,"language":"ENG","playtime":3254,"items_purged":["Strike_G","Strike_G"],"score":937,"play_id":"5c86d618-b04f-4e58-9e54-f60715a42606","local_time":"20210212170357","is_ascension_mode":true,"campfire_choices":[{"data":"Blade Dance","floor":6,"key":"SMITH"},{"data":"Phantasmal Killer","floor":8,"key":"SMITH"},{"floor":15,"key":"REST"},{"data":"Burst","floor":24,"key":"SMITH"},{"floor":28,"key":"REST"},{"floor":32,"key":"REST"},{"data":"Catalyst","floor":41,"key":"SMITH"},{"floor":47,"key":"REST"},{"floor":49,"key":"REST"}],"circlet_count":0,"master_deck":["Strike_G+1","Defend_G","Defend_G","Defend_G","Defend_G","Survivor+1","Neutralize","Unload","Sucker Punch","Doubt","Phantasmal Killer+1","Dagger Spray+1","Blade Dance+1","Terror","Corpse Explosion","Caltrops+1","Burst+1","Crippling Poison+1","Footwork+1","Mayhem+1","Deadly Poison","PiercingWail","Leg Sweep","Deflect+1","Finisher+1","Dodge and Roll","Footwork+1","Accuracy+1","A Thousand Cuts+1","Blade Dance+1","Corpse Explosion","Catalyst+1","Calculated Gamble","Blade Dance","Blur","Dash+1"],"relics":["Ring of the Serpent","Ornamental Fan","Toy Ornithopter","Anchor","Golden Idol","Frozen Egg 2","OrangePellets","Whetstone","Smiling Mask","Omamori","DollysMirror","SlaversCollar","Darkstone Periapt","Molten Egg 2"],"acts_visited":["Exordium","TheCity","TheBeyond"],"potions_floor_usage":[10,13,16,21,27,42,42,48,50,50],"damage_taken":[{"damage":0,"enemies":"2 Louse","floor":1,"turns":2},{"damage":0,"enemies":"Small Slimes","floor":4,"turns":4},{"damage":1,"enemies":"Jaw Worm","floor":5,"turns":3},{"damage":25,"enemies":"3 Sentries","floor":7,"turns":7},{"damage":18,"enemies":"Lagavulin","floor":10,"turns":6},{"damage":0,"enemies":"2 Fungi Beasts","floor":11,"turns":3},{"damage":0,"enemies":"3 Sentries","floor":13,"turns":3},{"damage":0,"enemies":"Red Slaver","floor":14,"turns":2},{"damage":15,"enemies":"Slime Boss","floor":16,"turns":5},{"damage":2,"enemies":"Chosen","floor":18,"turns":3},{"damage":25,"enemies":"Spheric Guardian","floor":20,"turns":5},{"damage":7,"enemies":"Snake Plant","floor":21,"turns":5},{"damage":8,"enemies":"Book of Stabbing","floor":23,"turns":5},{"damage":22,"enemies":"Slavers","floor":25,"turns":4},{"damage":9,"enemies":"Shelled Parasite and Fungi","floor":27,"turns":6},{"damage":2,"enemies":"Centurion and Healer","floor":29,"turns":5},{"damage":10,"enemies":"Sentry and Sphere","floor":31,"turns":9},{"damage":22,"enemies":"Champ","floor":33,"turns":13},{"damage":0,"enemies":"3 Shapes","floor":35,"turns":3},{"damage":18,"enemies":"3 Darklings","floor":39,"turns":5},{"damage":0,"enemies":"Giant Head","floor":40,"turns":7},{"damage":38,"enemies":"Transient","floor":42,"turns":5},{"damage":0,"enemies":"4 Shapes","floor":44,"turns":4},{"damage":10,"enemies":"Maw","floor":46,"turns":8},{"damage":0,"enemies":"Spire Growth","floor":48,"turns":1},{"damage":56,"enemies":"Time Eater","floor":50,"turns":10}],"seed_played":"-4796582962518748123","potions_obtained":[{"floor":1,"key":"SpeedPotion"},{"floor":4,"key":"EssenceOfSteel"},{"floor":11,"key":"DistilledChaos"},{"floor":16,"key":"SteroidPotion"},{"floor":18,"key":"BlessingOfTheForge"},{"floor":20,"key":"GamblersBrew"},{"floor":25,"key":"Regen Potion"},{"floor":29,"key":"Explosive Potion"},{"floor":35,"key":"Strength Potion"},{"floor":42,"key":"SmokeBomb"}],"is_trial":false,"path_per_floor":["M","?","?","M","M","R","E","R","T","E","M","?","E","M","R","B",null,"M","$","M","M","?","E","R","E","T","M","R","M","$","M","R","B",null,"M","$","?","$","M","E","R","M","T","M","$","M","R","M","R","B",null],"character_chosen":"THE_SILENT","items_purchased":["Footwork+1","OrangePellets","Mayhem+1","Deadly Poison","DollysMirror","Catalyst","Ancient Potion"],"campfire_rested":5,"item_purchase_floors":[19,19,19,19,30,38,45],"current_hp_per_floor":[49,49,49,49,48,48,23,23,23,10,10,10,15,15,34,24,65,63,63,38,36,36,28,28,6,6,17,36,34,34,24,43,21,65,65,65,65,65,47,47,47,19,19,19,19,9,28,33,52,6],"gold":74,"neow_bonus":"THREE_RARE_CARDS","is_daily":false,"chose_seed":false,"campfire_upgraded":4,"win_rate":0.0,"timestamp":1613171037,"path_taken":["M","?","?","M","M","R","E","R","T","E","M","?","E","M","R","BOSS","M","$","M","M","?","E","R","E","T","M","R","?","$","M","R","BOSS","M","$","?","?","?","E","R","M","T","M","?","?","R","M","R","BOSS"],"items_purchased_type":["Card","Relic","Card","Card","Relic","Card","Potion"],"build_version":"2020-12-22","purchased_purges":2,"victory":true,"max_hp_per_floor":[70,70,70,70,70,70,70,70,70,70,70,65,65,65,65,65,65,65,65,65,65,65,65,65,65,65,65,65,65,65,65,65,65,65,65,65,65,65,65,65,65,65,65,65,65,65,65,65,65,65],"relic_stats":{"Darkstone Periapt":0,"OrangePellets":[11],"counters":[26,133],"Ornamental Fan":[200],"Golden Idol":149,"Whetstone":["Dagger Spray","Strike_G"],"Smiling Mask":50,"obtain_stats":[{"Darkstone Periapt":40,"Golden Idol":12,"Omamori":26,"Whetstone":23,"Frozen Egg 2":13,"Smiling Mask":25,"OrangePellets":19,"SlaversCollar":34,"Anchor":10,"Ornamental Fan":7,"DollysMirror":30,"Molten Egg 2":43,"Toy Ornithopter":9,"Ring of the Serpent":17,"Ring of the Snake":0},{"Darkstone Periapt":21,"Golden Idol":6,"Omamori":14,"Whetstone":13,"Frozen Egg 2":7,"Smiling Mask":14,"OrangePellets":10,"SlaversCollar":18,"Anchor":5,"Ornamental Fan":4,"DollysMirror":16,"Molten Egg 2":22,"Toy Ornithopter":4,"Ring of the Serpent":9,"Ring of the Snake":0},{"Darkstone Periapt":105,"Golden Idol":25,"Omamori":57,"Whetstone":53,"Frozen Egg 2":28,"Smiling Mask":57,"OrangePellets":38,"SlaversCollar":90,"Anchor":22,"Ornamental Fan":16,"DollysMirror":68,"Molten Egg 2":110,"Toy Ornithopter":16,"Ring of the Serpent":35,"Ring of the Snake":0}],"Toy Ornithopter":50},"card_choices":[{"not_picked":["Wraith Form v2","Phantasmal Killer"],"picked":"Unload","floor":0},{"not_picked":["Flechettes","Calculated Gamble"],"picked":"Sucker Punch","floor":1},{"not_picked":["Choke","Cloak And Dagger"],"picked":"Dagger Spray","floor":4},{"not_picked":["Backflip","Slice"],"picked":"Blade Dance","floor":5},{"not_picked":["Calculated Gamble","Dodge and Roll"],"picked":"Terror","floor":7},{"not_picked":["Quick Slash","Dagger Throw","Endless Agony"],"picked":"SKIP","floor":10},{"not_picked":["Crippling Poison","Bane"],"picked":"Corpse Explosion","floor":11},{"not_picked":["Masterful Stab","Flechettes","Endless Agony"],"picked":"SKIP","floor":13},{"not_picked":["Choke","Calculated Gamble"],"picked":"Caltrops+1","floor":14},{"not_picked":["Die Die Die","Malaise"],"picked":"Burst","floor":16},{"not_picked":["Deflect","Eviscerate"],"picked":"Crippling Poison+1","floor":18},{"not_picked":["Underhanded Strike","Dodge and Roll"],"picked":"PiercingWail","floor":20},{"not_picked":["Deadly Poison","Quick Slash"],"picked":"Leg Sweep","floor":21},{"not_picked":["Poisoned Stab+1","Backstab"],"picked":"Deflect+1","floor":23},{"not_picked":["Unload","Backstab"],"picked":"Finisher+1","floor":25},{"not_picked":["Flying Knee","Terror","Skewer"],"picked":"SKIP","floor":27},{"not_picked":["Reflex","Dagger Throw"],"picked":"Dodge and Roll","floor":29},{"not_picked":["Caltrops+1","Noxious Fumes+1"],"picked":"Accuracy+1","floor":31},{"not_picked":["Phantasmal Killer","Corpse Explosion"],"picked":"A Thousand Cuts+1","floor":33},{"not_picked":["Slice","Footwork+1"],"picked":"Blade Dance+1","floor":35},{"not_picked":["Dagger Throw+1","Riddle With Holes"],"picked":"Calculated Gamble","floor":39},{"not_picked":["PiercingWail+1","Dodge and Roll+1"],"picked":"Blade Dance","floor":40},{"not_picked":["Quick Slash+1","PiercingWail","Dagger Throw"],"picked":"SKIP","floor":42},{"not_picked":["Choke+1","Riddle With Holes+1"],"picked":"Blur","floor":44},{"not_picked":["Dagger Spray+1","Blade Dance"],"picked":"Dash+1","floor":46}],"player_experience":86872,"relics_obtained":[{"floor":7,"key":"Ornamental Fan"},{"floor":9,"key":"Toy Ornithopter"},{"floor":10,"key":"Anchor"},{"floor":13,"key":"Frozen Egg 2"},{"floor":23,"key":"Whetstone"},{"floor":25,"key":"Smiling Mask"},{"floor":26,"key":"Omamori"},{"floor":40,"key":"Darkstone Periapt"},{"floor":43,"key":"Molten Egg 2"}],"event_choices":[{"damage_healed":0,"gold_gain":175,"player_choice":"AGREE","damage_taken":0,"max_hp_gain":0,"max_hp_loss":0,"event_name":"Liars Game","floor":2,"gold_loss":0,"cards_obtained":["Doubt"]},{"damage_healed":0,"gold_gain":0,"cards_transformed":["Strike_G"],"player_choice":"Change","damage_taken":0,"max_hp_gain":0,"max_hp_loss":0,"event_name":"Living Wall","floor":3,"gold_loss":0,"cards_obtained":["Phantasmal Killer"]},{"damage_healed":0,"gold_gain":0,"player_choice":"Lose Max HP","damage_taken":0,"relics_obtained":["Golden Idol"],"max_hp_gain":0,"max_hp_loss":5,"event_name":"Golden Idol","floor":12,"gold_loss":0},{"cards_removed":["Strike_G"],"damage_healed":0,"gold_gain":0,"player_choice":"Upgrade and Remove","damage_taken":0,"max_hp_gain":0,"max_hp_loss":0,"event_name":"Designer","floor":22,"gold_loss":90,"cards_upgraded":["Survivor"]},{"damage_healed":0,"gold_gain":0,"cards_transformed":["Defend_G"],"player_choice":"Transformed","damage_taken":0,"max_hp_gain":0,"max_hp_loss":0,"event_name":"Transmorgrifier","floor":37,"gold_loss":0,"cards_obtained":["Corpse Explosion"]}],"is_beta":false,"boss_relics":[{"not_picked":["Sozu","Philosopher\u0027s Stone"],"picked":"Ring of the Serpent"},{"not_picked":["Calling Bell","Empty Cage"],"picked":"SlaversCollar"}],"items_purged_floors":[19,36],"is_endless":false,"potions_floor_spawned":[1,4,11,16,18,20,25,29,35,39,42,48],"ascension_level":4}}