{"host":"znvnxllcillb3rtw","time":1613132022,"event":{"mods":["BaseMod","DeckTracker","Minty Spire (QoL Compilation)","Relic Stats","StSLib","SuperFastMode","everything is the same but u backflip on backflip"],"gold_per_floor":[14,33,47,47,63,63,35,35,61,61,81,99,119,35,35,109,109,121,133,133,133,113,113,132,132,158,171,171,191,191,206,206,282,282,297,317,317,317,242,277,277,311,363,378,378,390,402,419,419,419,419],"floor_reached":50,"language":"KOR","playtime":1893,"items_purged":["Go for the Eyes"],"score":1100,"play_id":"e36a5b3f-406c-41f4-9c92-017612bf1a22","local_time":"20210212211342","is_ascension_mode":true,"campfire_choices":[{"data":"Coolheaded","floor":6,"key":"SMITH"},{"floor":8,"key":"REST"},{"floor":10,"key":"REST"},{"floor":15,"key":"REST"},{"data":"Seek","floor":23,"key":"SMITH"},{"data":"Reboot","floor":25,"key":"SMITH"},{"data":"Double Energy","floor":28,"key":"SMITH"},{"data":"Chaos","floor":30,"key":"SMITH"},{"data":"White Noise","floor":32,"key":"SMITH"},{"data":"Recycle","floor":41,"key":"SMITH"},{"floor":49,"key":"RECALL"}],"circlet_count":0,"master_deck":["AscendersBane","Zap+1","Defragment+1","Coolheaded+1","Gash","Capacitor","Compile Driver","Chill","Seek+1","Double Energy+1","Reboot+1","Meteor Strike","Electrodynamics","White Noise+1","Coolheaded+1","Chaos+1","Recycle+1","Madness","Turbo+1","Madness","Madness"],"relics":["Cracked Core","War Paint","Anchor","Pandora\u0027s Box","Strawberry","SlaversCollar","Bag of Preparation","Frozen Egg 2"],"acts_visited":["Exordium","TheCity","TheBeyond"],"potions_floor_usage":[7,16,40,47],"damage_taken":[{"damage":2.0,"enemies":"Small Slimes","floor":1.0,"turns":3.0},{"damage":1.0,"enemies":"Cultist","floor":2.0,"turns":3.0},{"damage":3.0,"enemies":"2 Louse","floor":3.0,"turns":4.0},{"damage":38,"enemies":"Gremlin Gang","floor":5,"turns":7},{"damage":14,"enemies":"Exordium Thugs","floor":7,"turns":5},{"damage":8,"enemies":"Blue Slaver","floor":11,"turns":4},{"damage":4,"enemies":"Looter","floor":12,"turns":3},{"damage":16,"enemies":"Exordium Thugs","floor":13,"turns":4},{"damage":27,"enemies":"The Guardian","floor":16,"turns":10},{"damage":6,"enemies":"Shell Parasite","floor":18,"turns":5},{"damage":2,"enemies":"3 Byrds","floor":19,"turns":2},{"damage":7,"enemies":"Snecko","floor":24,"turns":4},{"damage":5,"enemies":"Chosen and Byrds","floor":27,"turns":6},{"damage":2,"enemies":"Snake Plant","floor":29,"turns":4},{"damage":4,"enemies":"Cultist and Chosen","floor":31,"turns":4},{"damage":22,"enemies":"Collector","floor":33,"turns":6},{"damage":0,"enemies":"3 Darklings","floor":35,"turns":3},{"damage":0,"enemies":"3 Shapes","floor":36,"turns":2},{"damage":23,"enemies":"Reptomancer","floor":40,"turns":5},{"damage":0,"enemies":"Nemesis","floor":42,"turns":3},{"damage":0,"enemies":"Sphere and 2 Shapes","floor":44,"turns":3},{"damage":0,"enemies":"4 Shapes","floor":46,"turns":3},{"damage":0,"enemies":"3 Darklings","floor":47,"turns":2},{"damage":14,"enemies":"Jaw Worm Horde","floor":48,"turns":3},{"damage":2,"enemies":"Donu and Deca","floor":50,"turns":1}],"seed_played":"-2293086120877234643","potions_obtained":[{"floor":5,"key":"SkillPotion"},{"floor":7,"key":"Strength Potion"},{"floor":16,"key":"Dexterity Potion"},{"floor":22,"key":"SteroidPotion"},{"floor":24,"key":"Swift Potion"},{"floor":42,"key":"Swift Potion"},{"floor":44,"key":"Energy Potion"},{"floor":47,"key":"SteroidPotion"}],"is_trial":false,"path_per_floor":["M","M","M","?","M","R","M","R","T","R","M","M","M","?","R","B",null,"M","M","?","?","?","R","M","R","T","M","R","M","R","M","R","B",null,"M","M","?","?","$","E","R","E","T","M","?","M","M","M","R","B"],"character_chosen":"DEFECT","items_purchased":[],"campfire_rested":3,"item_purchase_floors":[],"current_hp_per_floor":[62,61,58,58,20,20,6,27,27,48,40,36,20,20,41,14,57,51,49,49,49,49,49,42,42,49,44,44,42,42,38,38,16,63,63,63,53,53,53,30,30,30,30,30,16,16,16,2,2,0,0],"gold":419,"neow_bonus":"REMOVE_TWO","is_daily":false,"chose_seed":false,"campfire_upgraded":7,"win_rate":0.0,"timestamp":1613132022,"path_taken":["M","M","M","?","?","R","M","R","T","R","M","M","?","?","R","BOSS","M","?","?","?","?","R","M","R","T","?","R","M","R","M","R","BOSS","M","?","?","?","$","E","R","E","T","M","?","M","?","M","R","BOSS"],"items_purchased_type":[],"build_version":"2020-12-22","purchased_purges":1,"victory":false,"max_hp_per_floor":[71,71,71,71,71,71,71,71,71,71,71,71,71,71,71,71,71,71,71,71,71,71,71,71,71,78,78,78,78,78,78,78,78,78,78,78,78,78,78,78,78,78,78,78,78,78,78,78,78,78,78],"relic_stats":{"counters":[25,99],"Pandora\u0027s Box":["Double Energy","Go for the Eyes","Reboot","Meteor Strike","Electrodynamics","White Noise"],"Bag of Preparation":[12],"War Paint":["Defend_B","Zap"],"obtain_stats":[{"SlaversCollar":34,"Anchor":14,"Strawberry":26,"Pandora\u0027s Box":17,"Bag of Preparation":40,"War Paint":9,"Frozen Egg 2":42,"Cracked Core":0},{"SlaversCollar":16,"Anchor":8,"Strawberry":12,"Pandora\u0027s Box":9,"Bag of Preparation":19,"War Paint":5,"Frozen Egg 2":20,"Cracked Core":0},{"SlaversCollar":74,"Anchor":33,"Strawberry":54,"Pandora\u0027s Box":43,"Bag of Preparation":84,"War Paint":22,"Frozen Egg 2":87,"Cracked Core":0}]},"card_choices":[{"not_picked":["Coolheaded","Rebound"],"picked":"Defragment","floor":1.0},{"not_picked":["Leap","Conserve Battery"],"picked":"Coolheaded","floor":2.0},{"not_picked":["Beam Cell","Double Energy","Gash"],"picked":"SKIP","floor":3.0},{"not_picked":["Beam Cell","Double Energy"],"picked":"Gash","floor":3.0},{"not_picked":["Defragment","Turbo"],"picked":"Capacitor","floor":5},{"not_picked":["Ball Lightning","Hello World"],"picked":"Compile Driver","floor":7},{"not_picked":["Streamline","Stack"],"picked":"Chill","floor":11},{"not_picked":["Aggregate","Cold Snap","Conserve Battery"],"picked":"SKIP","floor":12},{"not_picked":["Compile Driver","Beam Cell","Rebound"],"picked":"SKIP","floor":13},{"not_picked":["Rainbow","Amplify"],"picked":"Seek","floor":16},{"not_picked":["Leap","Barrage","Aggregate"],"picked":"SKIP","floor":18},{"not_picked":["Force Field","Sunder","Hello World"],"picked":"SKIP","floor":19},{"not_picked":["Compile Driver","Beam Cell"],"picked":"Coolheaded+1","floor":24},{"not_picked":["Lockon","Coolheaded+1","Compile Driver"],"picked":"SKIP","floor":27},{"not_picked":["BootSequence","Hello World","Chaos"],"picked":"SKIP","floor":29},{"not_picked":["BootSequence","Hello World"],"picked":"Chaos","floor":29},{"not_picked":["Stack","Chaos","Hologram"],"picked":"SKIP","floor":31},{"not_picked":["Gash","Barrage+1","Cold Snap"],"picked":"SKIP","floor":35},{"not_picked":["Rip and Tear+1","Hologram"],"picked":"Recycle","floor":36},{"not_picked":["Jack Of All Trades","Mayhem"],"picked":"Madness","floor":37},{"not_picked":["Conserve Battery","Hologram+1","Undo"],"picked":"SKIP","floor":40},{"not_picked":["Go for the Eyes","Fission"],"picked":"Turbo+1","floor":42},{"not_picked":["Compile Driver+1","Go for the Eyes","Turbo"],"picked":"SKIP","floor":44},{"not_picked":["Compile Driver+1","Go for the Eyes","Turbo"],"picked":"SKIP","floor":44},{"not_picked":["Barrage","Go for the Eyes","Capacitor+1"],"picked":"SKIP","floor":46},{"not_picked":["Capacitor+1","Double Energy","Turbo+1"],"picked":"SKIP","floor":47},{"not_picked":["Steam Power+1","FTL","Chaos"],"picked":"SKIP","floor":48}],"player_experience":2897737,"relics_obtained":[{"floor":9,"key":"War Paint"},{"floor":26,"key":"Strawberry"},{"floor":40,"key":"Bag of Preparation"},{"floor":42,"key":"Frozen Egg 2"}],"event_choices":[{"damage_healed":0.0,"max_hp_gain":0.0,"max_hp_loss":0.0,"gold_gain":0.0,"event_name":"Upgrade Shrine","player_choice":"Upgraded","floor":4.0,"gold_loss":0.0,"damage_taken":0.0,"cards_upgraded":["Defragment"]},{"damage_healed":0,"gold_gain":0,"player_choice":"Paid Gold","damage_taken":0,"relics_obtained":["Anchor"],"max_hp_gain":0,"max_hp_loss":0,"event_name":"WeMeetAgain","floor":14,"gold_loss":84},{"cards_removed":["Dualcast"],"damage_healed":0,"gold_gain":0,"player_choice":"Elegance","damage_taken":0,"max_hp_gain":0,"max_hp_loss":0,"event_name":"Back to Basics","floor":20,"gold_loss":0},{"damage_healed":0,"gold_gain":0,"player_choice":"Ignored","damage_taken":0,"max_hp_gain":0,"max_hp_loss":0,"event_name":"Vampires","floor":21,"gold_loss":0},{"damage_healed":0,"gold_gain":0,"player_choice":"Bought 1 Potion","damage_taken":0,"max_hp_gain":0,"max_hp_loss":0,"event_name":"The Woman in Blue","floor":22,"gold_loss":0},{"damage_healed":0,"gold_gain":0,"player_choice":"Memory 3","damage_taken":10,"max_hp_gain":0,"max_hp_loss":0,"event_name":"SensoryStone","floor":37,"gold_loss":0},{"damage_healed":0,"gold_gain":0,"player_choice":"Ignored","damage_taken":0,"max_hp_gain":0,"max_hp_loss":0,"event_name":"Mysterious Sphere","floor":38,"gold_loss":0},{"damage_healed":0,"gold_gain":0,"player_choice":"Embrace Madness","damage_taken":14,"max_hp_gain":0,"max_hp_loss":0,"event_name":"Winding Halls","floor":45,"gold_loss":0,"cards_obtained":["Madness","Madness"]}],"is_beta":false,"boss_relics":[{"not_picked":["Philosopher\u0027s Stone","Sozu"],"picked":"Pandora\u0027s Box"},{"not_picked":["FrozenCore","Runic Dome"],"picked":"SlaversCollar"}],"items_purged_floors":[39],"is_endless":false,"potions_floor_spawned":[5,7,16,24,29,31,42,44,47,48],"killed_by":"Donu and Deca","ascension_level":20}}