{"host":"0ueeacaatm8t6jyh","time":1613133421,"event":{"mods":["AchievementEnabler","BaseMod","Colored Powertips","Minty Spire (QoL Compilation)","Quick Restart","Rare Cards Sparkle","Shop Mod","StSLib"],"gold_per_floor":[117,117,136,26,26,26,57,76,76,88,114,39,52,68,68,146,146,159,191,191,191,241,273,273,304,304,138,138,152,152,179,179,251,251,270,282,282,298,86,105,132,132,159,191,191,191,191],"floor_reached":46,"language":"ZHS","playtime":1763,"items_purged":["Vigilance","TalkToTheHand+1"],"score":1548,"play_id":"f3cecf49-0534-40d6-bf3e-d7e5c3154511","local_time":"20210212203701","is_ascension_mode":true,"campfire_choices":[{"floor":6.0,"key":"REST"},{"data":"Eruption","floor":15.0,"key":"SMITH"},{"floor":24.0,"key":"RECALL"},{"floor":30.0,"key":"DIG"},{"data":"Scrawl","floor":32.0,"key":"SMITH"},{"floor":42.0,"key":"DIG"},{"floor":45.0,"key":"DIG"}],"circlet_count":0,"master_deck":["AscendersBane","Eruption+1","FearNoEvil+1","Prostrate+1","FlurryOfBlows+1","Scrawl+1","MentalFortress+1"],"relics":["Pandora\u0027s Box","Yang","Pear","Oddly Smooth Stone","Calling Bell","Ancient Tea Set","Kunai","Shovel","Red Mask","Tiny Chest","Toy Ornithopter","Mercury Hourglass","Whetstone","Pantograph","Unceasing Top","Black Star","Membership Card","Orichalcum","CaptainsWheel","Lantern","Torii","War Paint","Omamori"],"acts_visited":["Exordium","TheCity","TheBeyond"],"potions_floor_usage":[46],"damage_taken":[{"damage":34.0,"enemies":"Cultist","floor":1.0,"turns":4.0},{"damage":0.0,"enemies":"Small Slimes","floor":3.0,"turns":2.0},{"damage":16.0,"enemies":"Gremlin Nob","floor":7.0,"turns":4.0},{"damage":0.0,"enemies":"2 Louse","floor":8.0,"turns":2.0},{"damage":0.0,"enemies":"Blue Slaver","floor":10.0,"turns":2.0},{"damage":22.0,"enemies":"3 Sentries","floor":11.0,"turns":8.0},{"damage":2.0,"enemies":"3 Louse","floor":13.0,"turns":2.0},{"damage":0.0,"enemies":"Looter","floor":14.0,"turns":2.0},{"damage":0.0,"enemies":"Hexaghost","floor":16.0,"turns":8.0},{"damage":0.0,"enemies":"Chosen","floor":18.0,"turns":3.0},{"damage":0.0,"enemies":"Masked Bandits","floor":19.0,"turns":4.0},{"damage":0.0,"enemies":"Gremlin Leader","floor":23.0,"turns":5.0},{"damage":0.0,"enemies":"Book of Stabbing","floor":25.0,"turns":4.0},{"damage":0.0,"enemies":"Spheric Guardian","floor":29.0,"turns":2.0},{"damage":0.0,"enemies":"Gremlin Leader","floor":31.0,"turns":3.0},{"damage":0.0,"enemies":"Automaton","floor":33.0,"turns":5.0},{"damage":0.0,"enemies":"3 Darklings","floor":35.0,"turns":2.0},{"damage":17.0,"enemies":"3 Shapes","floor":36.0,"turns":2.0},{"damage":0.0,"enemies":"Sphere and 2 Shapes","floor":38.0,"turns":3.0},{"damage":0.0,"enemies":"Writhing Mass","floor":40.0,"turns":2.0},{"damage":0.0,"enemies":"Nemesis","floor":41.0,"turns":3.0},{"damage":0.0,"enemies":"Giant Head","floor":44.0,"turns":2.0},{"damage":127,"enemies":"Nemesis","floor":46,"turns":7}],"seed_played":"-8641010384470116421","potions_obtained":[{"floor":7.0,"key":"Explosive Potion"},{"floor":10.0,"key":"SkillPotion"},{"floor":13.0,"key":"Block Potion"},{"floor":14.0,"key":"Swift Potion"},{"floor":25.0,"key":"SkillPotion"},{"floor":29.0,"key":"BottledMiracle"},{"floor":36.0,"key":"LiquidMemories"},{"floor":38.0,"key":"Ambrosia"}],"is_trial":false,"path_per_floor":["M","$","M","$","?","R","E","M","T","M","E","$","M","M","R","B",null,"M","?","?","?","?","E","R","E","T","$","?","M","R","E","R","B",null,"M","M","?","M","$","M","E","R","T","E","R","E"],"character_chosen":"WATCHER","items_purchased":["Halt","Prostrate","Whetstone","Membership Card"],"campfire_rested":1,"item_purchase_floors":[4,4,27,39],"current_hp_per_floor":[27,27,27,27,7,27,11,11,21,21,19,19,17,17,17,17,63,63,63,63,63,63,63,63,63,63,63,63,63,63,63,63,78,78,78,61,61,61,61,61,61,61,61,61,61,0,0],"gold":191,"neow_bonus":"BOSS_RELIC","is_daily":false,"chose_seed":false,"campfire_upgraded":2,"win_rate":0.0,"timestamp":1613133421,"path_taken":["M","$","M","$","?","R","E","M","T","M","E","$","M","M","R","BOSS","M","?","?","?","?","E","R","E","T","$","?","M","R","E","R","BOSS","M","M","?","M","$","M","E","R","T","E","R","E"],"items_purchased_type":["Card","Card","Relic","Relic"],"build_version":"2020-12-22","purchased_purges":2,"victory":false,"max_hp_per_floor":[68,68,68,68,68,68,68,68,78,78,78,78,78,78,78,78,78,78,78,78,78,78,78,78,78,78,78,78,78,78,78,78,78,78,78,78,78,78,78,78,78,78,78,78,78,78,78],"card_choices":[{"not_picked":["JustLucky","BowlingBash"],"picked":"FearNoEvil","floor":1.0},{"not_picked":["Protect","Consecrate"],"picked":"TalkToTheHand","floor":3.0},{"not_picked":["CarveReality","Crescendo","Evaluate"],"picked":"SKIP","floor":7.0},{"not_picked":["ThirdEye","TalkToTheHand"],"picked":"FlurryOfBlows","floor":8.0},{"not_picked":["Wallop","Conclude","SandsOfTime"],"picked":"SKIP","floor":10.0},{"not_picked":["Devotion","CarveReality","BowlingBash"],"picked":"SKIP","floor":11.0},{"not_picked":["CarveReality","Conclude","Crescendo"],"picked":"SKIP","floor":13.0},{"not_picked":["FlyingSleeves","Judgement","SignatureMove"],"picked":"SKIP","floor":14.0},{"not_picked":["Omniscience","Ragnarok"],"picked":"Scrawl","floor":16.0},{"not_picked":["Crescendo","ClearTheMind","Protect"],"picked":"SKIP","floor":18.0},{"not_picked":["EmptyBody","PathToVictory","FlyingSleeves"],"picked":"SKIP","floor":23.0},{"not_picked":["FlyingSleeves","PathToVictory","CutThroughFate+1"],"picked":"SKIP","floor":25.0},{"not_picked":["SpiritShield","EmptyBody","FlurryOfBlows"],"picked":"SKIP","floor":29.0},{"not_picked":["Crescendo","Omniscience","CutThroughFate"],"picked":"SKIP","floor":31.0},{"not_picked":["Halt+1","FollowUp","EmptyMind"],"picked":"SKIP","floor":35.0},{"not_picked":["FlurryOfBlows+1","SashWhip","CrushJoints"],"picked":"SKIP","floor":36.0},{"not_picked":["Weave+1","Indignation"],"picked":"MentalFortress+1","floor":38.0},{"not_picked":["CutThroughFate","CrushJoints","Indignation+1"],"picked":"SKIP","floor":40.0},{"not_picked":["Brilliance","PathToVictory","Crescendo+1"],"picked":"SKIP","floor":41.0},{"not_picked":["Brilliance","PathToVictory","Crescendo+1"],"picked":"SKIP","floor":41.0},{"not_picked":["FlyingSleeves","SignatureMove","Halt"],"picked":"SKIP","floor":44.0}],"player_experience":526789,"relics_obtained":[{"floor":7.0,"key":"Yang"},{"floor":9.0,"key":"Pear"},{"floor":11.0,"key":"Oddly Smooth Stone"},{"floor":17.0,"key":"Ancient Tea Set"},{"floor":17.0,"key":"Kunai"},{"floor":17.0,"key":"Shovel"},{"floor":19.0,"key":"Red Mask"},{"floor":23.0,"key":"Tiny Chest"},{"floor":25.0,"key":"Toy Ornithopter"},{"floor":26.0,"key":"Mercury Hourglass"},{"floor":30.0,"key":"Pantograph"},{"floor":31.0,"key":"Unceasing Top"},{"floor":41.0,"key":"Orichalcum"},{"floor":41.0,"key":"CaptainsWheel"},{"floor":42.0,"key":"Lantern"},{"floor":44.0,"key":"Torii"},{"floor":44.0,"key":"War Paint"},{"floor":45.0,"key":"Omamori"}],"event_choices":[{"damage_healed":0.0,"max_hp_gain":0.0,"max_hp_loss":0.0,"gold_gain":0.0,"event_name":"Shining Light","player_choice":"Entered Light","floor":5.0,"gold_loss":0.0,"damage_taken":20.0,"cards_upgraded":["Prostrate","TalkToTheHand"]},{"damage_healed":0.0,"max_hp_gain":0.0,"max_hp_loss":0.0,"gold_gain":0.0,"event_name":"Masked Bandits","player_choice":"Fought Bandits","floor":19.0,"gold_loss":0.0,"damage_taken":0.0},{"damage_healed":0.0,"max_hp_gain":0.0,"max_hp_loss":0.0,"gold_gain":0.0,"event_name":"The Mausoleum","player_choice":"Ignored","floor":20.0,"gold_loss":0.0,"damage_taken":0.0},{"cards_removed":["Halt"],"damage_healed":0.0,"max_hp_gain":0.0,"max_hp_loss":0.0,"gold_gain":0.0,"event_name":"Back to Basics","player_choice":"Elegance","floor":21.0,"gold_loss":0.0,"damage_taken":0.0},{"damage_healed":0.0,"max_hp_gain":0.0,"max_hp_loss":0.0,"gold_gain":50.0,"event_name":"Nest","player_choice":"Stole From Cult","floor":22.0,"gold_loss":0.0,"damage_taken":0.0},{"damage_healed":0.0,"max_hp_gain":0.0,"max_hp_loss":0.0,"gold_gain":0.0,"event_name":"Beggar","player_choice":"Ignored","floor":28.0,"gold_loss":0.0,"damage_taken":0.0},{"damage_healed":0.0,"max_hp_gain":0.0,"max_hp_loss":0.0,"gold_gain":0.0,"event_name":"SensoryStone","player_choice":"Memory 1","floor":37.0,"gold_loss":0.0,"damage_taken":0.0}],"is_beta":false,"boss_relics":[{"not_picked":["Ectoplasm","Tiny House"],"picked":"Calling Bell"},{"not_picked":["SacredBark","Cursed Key"],"picked":"Black Star"}],"items_purged_floors":[12,39],"is_endless":false,"potions_floor_spawned":[7,10,13,14,25,29,36,38,44],"killed_by":"Nemesis","ascension_level":19}}