{"host":"61s3c1o1s4fng5dr","time":1613166062,"event":{"mods":["AchievementEnabler","BaseMod","Bestiary","Colored Map","Googly Eyes","Highlight Path","Minty Spire (QoL Compilation)","Permanent Neow","Spire Birthday Party"],"gold_per_floor":[365,381,431,431,53,82,82,110,136,236,250,250,263,263,263,263,263],"floor_reached":16,"language":"ENG","playtime":1439,"items_purged":[],"score":113,"play_id":"b9b0917e-3d53-47b5-a081-b921bd162221","local_time":"20210212164102","is_ascension_mode":true,"campfire_choices":[{"data":"Searing Blow","floor":7.0,"key":"SMITH"},{"floor":15.0,"key":"REST"}],"circlet_count":0,"master_deck":["Strike_R","Strike_R","Strike_R","Strike_R","Strike_R","Defend_R","Defend_R","Defend_R","Defend_R","Bash","Searing Blow+2","Thunderclap","Metallicize","Berserk","Dual Wield","Dropkick"],"relics":["Burning Blood","MealTicket","Ginger","Blue Candle","Oddly Smooth Stone","Bag of Preparation","Unceasing Top"],"acts_visited":[],"potions_floor_usage":[16],"damage_taken":[{"damage":5.0,"enemies":"Cultist","floor":1.0,"turns":4.0},{"damage":11.0,"enemies":"Jaw Worm","floor":2.0,"turns":3.0},{"damage":27.0,"enemies":"Gremlin Nob","floor":6.0,"turns":5.0},{"damage":37.0,"enemies":"3 Sentries","floor":8.0,"turns":7.0},{"damage":1.0,"enemies":"Small Slimes","floor":11.0,"turns":3.0},{"damage":0.0,"enemies":"Gremlin Gang","floor":13.0,"turns":3.0},{"damage":51,"enemies":"Hexaghost","floor":16,"turns":9}],"seed_played":"4177864853680347838","potions_obtained":[{"floor":6.0,"key":"CultistPotion"},{"floor":11.0,"key":"Fire Potion"},{"floor":13.0,"key":"Swift Potion"}],"is_trial":false,"path_per_floor":["M","M","?","?","$","E","R","E","T","?","M","T","M","?","R","B"],"character_chosen":"IRONCLAD","items_purchased":["Ginger","Metallicize"],"campfire_rested":1,"item_purchase_floors":[5,5],"current_hp_per_floor":[72,67,67,55,70,49,49,18,18,18,23,23,29,29,50,0,0],"gold":263,"neow_bonus":"TWO_FIFTY_GOLD","is_daily":false,"chose_seed":false,"campfire_upgraded":1,"win_rate":0.0,"timestamp":1613166062,"path_taken":["M","M","?","?","$","E","R","E","T","?","?","?","M","?","R","BOSS"],"items_purchased_type":["Relic","Card"],"build_version":"2020-12-22","purchased_purges":0,"victory":false,"max_hp_per_floor":[72,72,72,72,72,72,72,72,72,72,72,72,72,72,72,72,72],"card_choices":[{"not_picked":["Havoc","Pommel Strike"],"picked":"Searing Blow","floor":1.0},{"not_picked":["Pommel Strike","Rupture"],"picked":"Thunderclap","floor":2.0},{"not_picked":["Flame Barrier","Sword Boomerang","Heavy Blade"],"picked":"SKIP","floor":6.0},{"not_picked":["Shrug It Off","Burning Pact"],"picked":"Berserk","floor":8.0},{"not_picked":["Hemokinesis","Flex"],"picked":"Dual Wield","floor":11.0},{"not_picked":["Body Slam","Heavy Blade"],"picked":"Dropkick","floor":13.0}],"player_experience":438872,"relics_obtained":[{"floor":6.0,"key":"Blue Candle"},{"floor":8.0,"key":"Oddly Smooth Stone"},{"floor":9.0,"key":"Bag of Preparation"},{"floor":12.0,"key":"Unceasing Top"}],"event_choices":[{"damage_healed":0.0,"max_hp_gain":0.0,"max_hp_loss":0.0,"gold_gain":50.0,"event_name":"Golden Wing","player_choice":"Gained Gold","floor":3.0,"gold_loss":0.0,"damage_taken":0.0},{"damage_healed":0.0,"max_hp_gain":0.0,"max_hp_loss":0.0,"gold_gain":0.0,"event_name":"Scrap Ooze","player_choice":"Success","floor":4.0,"gold_loss":0.0,"damage_taken":12.0,"relics_obtained":["MealTicket"]},{"damage_healed":0.0,"max_hp_gain":0.0,"max_hp_loss":0.0,"gold_gain":100.0,"event_name":"Golden Shrine","player_choice":"Pray","floor":10.0,"gold_loss":0.0,"damage_taken":0.0},{"damage_healed":0.0,"max_hp_gain":0.0,"max_hp_loss":0.0,"gold_gain":0.0,"event_name":"Living Wall","player_choice":"Grow","floor":14.0,"gold_loss":0.0,"damage_taken":0.0,"cards_upgraded":["Searing Blow"]}],"is_beta":false,"boss_relics":[],"items_purged_floors":[],"is_endless":false,"potions_floor_spawned":[6,11,13],"killed_by":"Hexaghost","ascension_level":1}}