{"host":"Sylvester","time":1613098258,"event":{"mods":["AchievementEnabler","BaseMod","Filter the Spire","Lobotomy","Minty Spire (QoL Compilation)","Replay The Spire","StSLib"],"gold_per_floor":[111,130,145,295,312,312,312,312],"floor_reached":7,"language":"ENG","playtime":248,"items_purged":[],"score":86,"play_id":"8f12bc26-0524-4598-bd72-08b83b56c66e","local_time":"20210211185058","is_ascension_mode":true,"campfire_choices":[{"data":"Dagger Spray","floor":6,"key":"SMITH"}],"circlet_count":0,"master_deck":["AscendersBane","Strike_G","Strike_G","Strike_G","Strike_G","Strike_G","Defend_G","Defend_G","Defend_G","Defend_G","Defend_G","Survivor","Neutralize","Defend_R","SpAim","Hidden Blade","All Out Attack","Doubt","Dagger Spray+1"],"relics":["Ring of the Snake","Du-Vu Doll"],"acts_visited":["Exordium"],"potions_floor_usage":[3],"damage_taken":[{"damage":6,"enemies":"Cultist","floor":1,"turns":4},{"damage":7,"enemies":"Small Slimes","floor":2,"turns":3},{"damage":2,"enemies":"Jaw Worm","floor":3,"turns":7},{"damage":6,"enemies":"Blue Slaver","floor":5,"turns":5},{"damage":54,"enemies":"Lagavulin","floor":7,"turns":6}],"seed_played":"-1059833583213249495","potions_obtained":[{"floor":1,"key":"LifebloodPotion"}],"is_trial":false,"path_per_floor":["M","M","M","?","M","R","E"],"character_chosen":"THE_SILENT","items_purchased":[],"campfire_rested":0,"item_purchase_floors":[],"current_hp_per_floor":[53,46,44,44,38,38,0,0],"gold":312,"neow_bonus":"ONE_RARE_RELIC","is_daily":false,"chose_seed":false,"campfire_upgraded":1,"win_rate":0.0,"timestamp":1613098258,"path_taken":["M","?","M","?","M","R","E"],"items_purchased_type":[],"build_version":"2020-11-17","purchased_purges":0,"victory":false,"max_hp_per_floor":[66,66,66,66,66,66,66,66],"card_choices":[{"not_picked":["Escape Plan","Backflip"],"picked":"Hidden Blade","floor":1},{"not_picked":["Hidden Blade","Replay:Poison Smokescreen","Distraction"],"picked":"SKIP","floor":2},{"not_picked":["Footwork","Setup"],"picked":"All Out Attack","floor":3},{"not_picked":["Backstab","ReplayTheSpireMod:Tripwire"],"picked":"Dagger Spray","floor":5}],"player_experience":241700,"relics_obtained":[],"event_choices":[{"damage_healed":0,"gold_gain":150,"player_choice":"AGREE","damage_taken":0,"max_hp_gain":0,"max_hp_loss":0,"event_name":"Liars Game","floor":4,"gold_loss":0,"cards_obtained":["Doubt"]}],"is_beta":true,"boss_relics":[],"items_purged_floors":[],"is_endless":false,"potions_floor_spawned":[1],"killed_by":"Lagavulin","ascension_level":20}}