{"host":"o1zz25k9c3caz5ms","time":1613146497,"event":{"mods":["BaseMod","BetterRewards","Card Forge","Gold Saver","Minty Spire (QoL Compilation)","Quick Restart","Remove Card Discount Mod","Shop Mod","StSLib"],"gold_per_floor":[216,491,509,356,369,369,396,419,444,529,152,177,177,207,207,302,302,315,315,315,330,341,341,366,376,376,410,425,460,476,476,476,574,574,592,476,486,288,288,320,320,349,349,384,398,411,444,461,461,461],"floor_reached":51,"language":"ENG","playtime":2551,"items_purged":["Regret"],"score":1891,"play_id":"af5bb959-9f73-4057-81cb-e8574a3df957","local_time":"20210212171457","is_ascension_mode":true,"campfire_choices":[{"floor":6,"key":"REST"},{"floor":13,"key":"REST"},{"floor":15,"key":"REST"},{"data":"Offering","floor":23,"key":"SMITH"},{"floor":32,"key":"REST"},{"floor":41,"key":"REST"},{"floor":49,"key":"REST"}],"circlet_count":0,"master_deck":["Bloodletting+1","Flex+1","Double Tap+1","Offering+1","Limit Break+1","Seeing Red+1","Spot Weakness+1","Whirlwind+1","Adrenaline+1","Bullet Time+1","Double Energy+1","J.A.X.+1","Master of Strategy+1","Miracle+1","Panache+1","Secret Technique+1","Secret Weapon+1","Thinking Ahead+1","Violence+1","ThroughViolence+1","Bloodletting+1","Flex+1","Inflame+1","Offering+1","Limit Break+1","Seeing Red+1","Whirlwind+1","Adrenaline+1","Burst+1","Choke+1","Concentrate+1","Die Die Die+1","Glass Knife+1","Outmaneuver+1","Double Energy+1","Sweeping Beam+1","Scrawl+1","Dramatic Entrance+1","Chrysalis+1","Insight+1","J.A.X.+1","Master of Strategy+1","Mind Blast+1","Miracle+1","Metamorphosis+1","Panache+1","Secret Technique+1","Secret Weapon+1","Thinking Ahead+1","Trip+1","Violence+1","ThroughViolence+1","Seeing Red+1","Adrenaline+1","Double Energy+1","J.A.X.+1","Mind Blast+1","Miracle+1","Panache+1","Offering+1","Offering+1","Whirlwind+1","Bloodletting+1","Cleave+1","Bloodletting+1","Havoc+1","Bloodletting+1"],"relics":["Burning Blood","Hammer of Thor","Seething Fire","Anvil of the Gods","Dream Catcher","Toy Ornithopter","Red Skull","MawBank","Bottled Lightning","Omamori","Happy Flower","SlaversCollar","MutagenicStrength","Oddly Smooth Stone","Juzu Bracelet","Singing Bowl","The Courier","Fusion Hammer","Bag of Preparation","Eternal Feather","Calipers","War Paint","Art of War","Strawberry","Pen Nib"],"acts_visited":["Exordium","TheCity","TheBeyond"],"potions_floor_usage":[33,50,50,50],"damage_taken":[{"damage":0,"enemies":"2 Louse","floor":1,"turns":1},{"damage":0,"enemies":"Cultist","floor":3,"turns":1},{"damage":0,"enemies":"Small Slimes","floor":5,"turns":1},{"damage":0,"enemies":"Gremlin Nob","floor":7,"turns":1},{"damage":6,"enemies":"Lagavulin","floor":12,"turns":1},{"damage":0,"enemies":"Gremlin Nob","floor":14,"turns":1},{"damage":12,"enemies":"Slime Boss","floor":16,"turns":1},{"damage":0,"enemies":"Shell Parasite","floor":18,"turns":1},{"damage":9,"enemies":"3 Byrds","floor":21,"turns":1},{"damage":0,"enemies":"Snake Plant","floor":22,"turns":1},{"damage":15,"enemies":"Slavers","floor":24,"turns":1},{"damage":6,"enemies":"Cultist and Chosen","floor":25,"turns":1},{"damage":18,"enemies":"Gremlin Leader","floor":27,"turns":1},{"damage":0,"enemies":"Centurion and Healer","floor":28,"turns":1},{"damage":9,"enemies":"Slavers","floor":29,"turns":1},{"damage":6,"enemies":"Shelled Parasite and Fungi","floor":30,"turns":1},{"damage":9,"enemies":"Automaton","floor":33,"turns":1},{"damage":3,"enemies":"3 Darklings","floor":35,"turns":1},{"damage":0,"enemies":"Orb Walker","floor":37,"turns":1},{"damage":18,"enemies":"Giant Head","floor":40,"turns":1},{"damage":0,"enemies":"Reptomancer","floor":42,"turns":1},{"damage":9,"enemies":"Giant Head","floor":44,"turns":1},{"damage":17,"enemies":"4 Shapes","floor":45,"turns":1},{"damage":9,"enemies":"Maw","floor":46,"turns":1},{"damage":6,"enemies":"Nemesis","floor":47,"turns":1},{"damage":0,"enemies":"3 Darklings","floor":48,"turns":1},{"damage":38,"enemies":"Awakened One","floor":50,"turns":2}],"seed_played":"-707374187791863085","potions_obtained":[{"floor":1,"key":"SkillPotion"},{"floor":5,"key":"Regen Potion"},{"floor":12,"key":"Dexterity Potion"},{"floor":14,"key":"Strength Potion"},{"floor":18,"key":"Energy Potion"},{"floor":21,"key":"SkillPotion"},{"floor":24,"key":"ColorlessPotion"},{"floor":37,"key":"Weak Potion"}],"is_trial":false,"path_per_floor":["M","?","M","$","M","R","E","T","T","?","$","E","R","E","R","B",null,"M","?","?","M","M","R","E","M","T","E","M","E","M","?","R","B",null,"M","$","M","$","?","E","R","E","T","E","M","M","E","M","R","B",null],"character_chosen":"IRONCLAD","items_purchased":["Dream Catcher","Offering","Bottled Lightning","Bag of Preparation","Eternal Feather"],"campfire_rested":6,"item_purchase_floors":[4,11,11,36,38],"current_hp_per_floor":[80,80,80,80,80,80,80,80,80,80,80,80,80,80,80,74,79,80,80,80,77,80,80,71,71,71,61,69,68,70,53,80,84,92,97,97,97,97,97,85,97,97,97,103,94,93,95,103,116,99],"gold":461,"neow_bonus":"HUNDRED_GOLD","is_daily":false,"chose_seed":false,"campfire_upgraded":1,"win_rate":0.0,"timestamp":1613146497,"path_taken":["M","?","M","$","?","R","E","?","T","?","$","E","R","E","R","BOSS","M","?","?","M","M","R","E","?","T","E","M","E","M","?","R","BOSS","M","$","M","$","?","E","R","E","T","E","M","M","E","M","R","BOSS"],"items_purchased_type":["Relic","Card","Relic","Relic","Relic"],"build_version":"2020-12-22","purchased_purges":1,"victory":true,"max_hp_per_floor":[80,80,80,80,80,80,80,80,80,80,80,80,80,80,80,80,80,80,80,80,80,80,80,80,80,80,82,84,86,88,93,93,95,95,97,97,97,97,97,97,97,97,97,106,108,110,112,114,116,116],"card_choices":[{"not_picked":["Sever Soul","Battle Trance","Heavy Blade"],"picked":"SKIP","floor":1},{"not_picked":["Clash","Body Slam","Reckless Charge"],"picked":"SKIP","floor":3},{"not_picked":["Cleave","Rage","Clothesline"],"picked":"SKIP","floor":5},{"not_picked":["Pummel","Battle Trance","Juggernaut"],"picked":"SKIP","floor":7},{"not_picked":["Rampage","Headbutt","Heavy Blade"],"picked":"SKIP","floor":12},{"not_picked":["Blood for Blood","Heavy Blade","Feel No Pain"],"picked":"SKIP","floor":14},{"not_picked":["Juggernaut","Feed"],"picked":"Offering","floor":16},{"not_picked":["Armaments+1","Warcry","Iron Wave"],"picked":"SKIP","floor":18},{"not_picked":["Cleave+1","Perfected Strike+1","Heavy Blade"],"picked":"SKIP","floor":21},{"not_picked":["Shockwave","Warcry","Battle Trance"],"picked":"SKIP","floor":22},{"not_picked":["Cleave","True Grit","Corruption"],"picked":"SKIP","floor":24},{"not_picked":["Twin Strike","Anger","Thunderclap"],"picked":"SKIP","floor":25},{"not_picked":["Wild Strike","Headbutt","Intimidate"],"picked":"Singing Bowl","floor":27},{"not_picked":["Thunderclap+1","Twin Strike","Inflame"],"picked":"Singing Bowl","floor":28},{"not_picked":["Ghostly Armor+1","Pommel Strike","True Grit+1"],"picked":"Singing Bowl","floor":29},{"not_picked":["Headbutt","Carnage","Dual Wield"],"picked":"Singing Bowl","floor":30},{"not_picked":["Dual Wield","Havoc+1"],"picked":"Bloodletting+1","floor":32},{"not_picked":["Berserk","Exhume","Double Tap"],"picked":"Singing Bowl","floor":33},{"not_picked":["Rupture+1","Shockwave+1","Perfected Strike+1"],"picked":"Singing Bowl","floor":35},{"not_picked":["Metallicize+1","Wild Strike+1"],"picked":"Cleave+1","floor":37},{"not_picked":["Berserk","Perfected Strike"],"picked":"Bloodletting+1","floor":40},{"not_picked":["Shrug It Off","Heavy Blade"],"picked":"Havoc+1","floor":41},{"not_picked":["Twin Strike","Wild Strike"],"picked":"Bloodletting+1","floor":42},{"not_picked":["Spot Weakness+1","Flex","Offering"],"picked":"Singing Bowl","floor":44},{"not_picked":["Shockwave","Rupture+1","True Grit"],"picked":"Singing Bowl","floor":45},{"not_picked":["Disarm+1","Headbutt+1","Iron Wave+1"],"picked":"Singing Bowl","floor":46},{"not_picked":["Twin Strike","Reckless Charge","Fiend Fire"],"picked":"Singing Bowl","floor":47},{"not_picked":["Rupture+1","Iron Wave+1","Combust+1"],"picked":"Singing Bowl","floor":48},{"not_picked":["Armaments","Fire Breathing","Warcry"],"picked":"Singing Bowl","floor":49}],"player_experience":335432,"relics_obtained":[{"floor":7,"key":"Toy Ornithopter"},{"floor":8,"key":"Red Skull"},{"floor":9,"key":"MawBank"},{"floor":12,"key":"Omamori"},{"floor":14,"key":"Happy Flower"},{"floor":24,"key":"Oddly Smooth Stone"},{"floor":26,"key":"Juzu Bracelet"},{"floor":27,"key":"Singing Bowl"},{"floor":29,"key":"The Courier"},{"floor":40,"key":"Calipers"},{"floor":42,"key":"War Paint"},{"floor":43,"key":"Art of War"},{"floor":44,"key":"Strawberry"},{"floor":47,"key":"Pen Nib"}],"event_choices":[{"damage_healed":0,"gold_gain":275,"player_choice":"Desecrate","damage_taken":0,"max_hp_gain":0,"max_hp_loss":0,"event_name":"Golden Shrine","floor":2,"gold_loss":0,"cards_obtained":["Regret"]},{"damage_healed":0,"gold_gain":73,"player_choice":"Gained Gold","damage_taken":0,"max_hp_gain":0,"max_hp_loss":0,"event_name":"Golden Wing","floor":10,"gold_loss":0},{"damage_healed":0,"gold_gain":0,"player_choice":"Inject Mutagens","damage_taken":0,"relics_obtained":["MutagenicStrength"],"max_hp_gain":0,"max_hp_loss":0,"event_name":"Drug Dealer","floor":19,"gold_loss":0},{"damage_healed":0,"gold_gain":0,"player_choice":"Copied","damage_taken":0,"max_hp_gain":0,"max_hp_loss":0,"event_name":"Duplicator","floor":20,"gold_loss":0,"cards_obtained":["Whirlwind"]},{"damage_healed":0,"gold_gain":0,"player_choice":"Shed Blood","damage_taken":22,"max_hp_gain":5,"max_hp_loss":0,"event_name":"Forgotten Altar","floor":31,"gold_loss":0},{"cards_removed":["Rupture"],"damage_healed":0,"gold_gain":0,"player_choice":"Removed Power","damage_taken":0,"max_hp_gain":0,"max_hp_loss":0,"event_name":"Falling","floor":39,"gold_loss":0}],"is_beta":false,"boss_relics":[{"not_picked":["Velvet Choker","Runic Dome"],"picked":"SlaversCollar"},{"not_picked":["Cursed Key","Sozu"],"picked":"Fusion Hammer"}],"items_purged_floors":[4],"is_endless":false,"potions_floor_spawned":[1,5,12,14,18,21,24,25,28,37,40,44,45,46,47],"ascension_level":5}}