{"host":"adt9pv9dmmkchns7","time":1613128012,"event":{"mods":["AchievementEnabler","Aspiration","BaseMod","Beaked The Cultist","Better Third Choice","Curses Come First","Energized Spire","Minty Spire (QoL Compilation)","Permanent Neow","Potionbrewer","Quick Restart","Reliquary","Replay The Spire","Robot Space Explorer","Shade Mod","Spicy Shops","StSLib","The Blackbeard","The Cursed","The Forsaken","The Gatherer","The Necromancer","Wandering Minibosses"],"gold_per_floor":[114,154,229,266,301,358,358,382,382,404,354,75,129,156,156,279,279,319,319,360,355,392,392,434,488,488,545,545,599,635,635,635,762,762,791,100,151,151,0,0,67,67,116,121,121,121],"floor_reached":44,"language":"ENG","playtime":5158,"items_purged":[],"score":782,"play_id":"0623ca0f-4407-4b78-967b-e49531bcfbca","local_time":"20210212120652","is_ascension_mode":true,"campfire_choices":[{"floor":7,"key":"RECALL"},{"floor":15,"key":"REST"},{"floor":23,"key":"REST"},{"floor":28,"key":"REST"},{"floor":32,"key":"REST"},{"data":"beaked:MaddeningMurmurs","floor":40,"key":"SMITH"},{"data":"blackbeard:ChaoticDefense","floor":42,"key":"SMITH"}],"circlet_count":0,"master_deck":["blackbeard:BlackbeardStrike","blackbeard:BlackbeardStrike","blackbeard:BlackbeardStrike","blackbeard:BlackbeardStrike","blackbeard:IntimidatingStrike","blackbeard:BlackbeardDefend","blackbeard:BlackbeardDefend+1","blackbeard:BlackbeardDefend","blackbeard:Cutlass+1","blackbeard:Bandana","blackbeard:GoldenCannonball","blackbeard:GoldenCannonball","blackbeard:BlindAttacks","blackbeard:Sword","blackbeard:Spear","blackbeard:GoldenDefense","blackbeard:PowderKeg","blackbeard:DoubleBottom","blackbeard:GoldenGuillotine","AbeCurse","blackbeard:GoldenCannonball","blackbeard:PiratesWill+1","blackbeard:Sword+1","blackbeard:BrownPants","blackbeard:InfiniteBarrage","blackbeard:ChaoticDefense+1","blackbeard:TheDrunkenSailor","blackbeard:PiratesWill+1","blackbeard:GoldenRain","theForsaken:PlagueCurse","blackbeard:BeatUp+1","blackbeard:MegaUpgrade","blackbeard:Boarding+1","beaked:FeelMyPain","beaked:FeelMyPain","beaked:Poke","beaked:DigDeeper","blackbeard:PowderKeg","beaked:Brainwash","beaked:MaddeningMurmurs+1","blackbeard:DeadlyArsenal+1"],"relics":["blackbeard:LoadTheCannons","aspiration:Nostalgia","PureWater","reliquary:Aerogel","potionbrewer:AlchemistFlask","reliquary:PartyBalloon","Abe\u0027s Treasure","Enchiridion","Lantern","Replay:Bottled Flurry","War Paint","Dream Catcher","theForsaken:PlagueMask","aspiration:BeakedSkillbook","Strange Spoon","blackbeard:Spearhead","CeramicFish","potionbrewer:BoosterPack","Replay:Rubber Ducky","Red Mask","reliquary:OuijaBoard","blackbeard:HipFlask"],"acts_visited":["Exordium","TheCity","TheBeyond"],"potions_floor_usage":[13,14,21,21,25,27,27,33],"damage_taken":[{"damage":1,"enemies":"Cultist","floor":1,"turns":3},{"damage":3,"enemies":"2 Louse","floor":2,"turns":2},{"damage":2,"enemies":"Small Slimes","floor":4,"turns":2},{"damage":2,"enemies":"3 Louse","floor":5,"turns":4},{"damage":25,"enemies":"3 Sentries","floor":6,"turns":8},{"damage":9,"enemies":"Blue Slaver","floor":8,"turns":3},{"damage":1,"enemies":"Looter","floor":10,"turns":2},{"damage":7,"enemies":"Lagavulin","floor":13,"turns":5},{"damage":0,"enemies":"Exordium Wildlife","floor":14,"turns":2},{"damage":0,"enemies":"Slime Boss","floor":16,"turns":4},{"damage":10,"enemies":"Chosen","floor":18,"turns":3},{"damage":0,"enemies":"3 Byrds","floor":20,"turns":3},{"damage":40,"enemies":"Snake Plant","floor":21,"turns":7},{"damage":0,"enemies":"3 Cultists","floor":22,"turns":3},{"damage":4,"enemies":"Centurion and Healer","floor":24,"turns":4},{"damage":13,"enemies":"Gremlin Leader","floor":25,"turns":3},{"damage":0,"enemies":"Book of Stabbing","floor":27,"turns":3},{"damage":14,"enemies":"Slavers","floor":29,"turns":5},{"damage":0,"enemies":"Sentry and Sphere","floor":30,"turns":4},{"damage":39,"enemies":"Automaton","floor":33,"turns":9},{"damage":17,"enemies":"Orb Walker","floor":35,"turns":3},{"damage":2,"enemies":"3 Darklings","floor":37,"turns":5},{"damage":2,"enemies":"R_Hoarder","floor":41,"turns":6},{"damage":65,"enemies":"Reptomancer","floor":44,"turns":3}],"seed_played":"-3257120143085237313","potions_obtained":[{"floor":4,"key":"potionbrewer:ToxicPotion"},{"floor":5,"key":"potionbrewer:CleansingPotion"},{"floor":6,"key":"Block Potion"},{"floor":14,"key":"GamblersBrew"},{"floor":21,"key":"Energy Potion"},{"floor":22,"key":"potionbrewer:AcidPotion"},{"floor":24,"key":"SteroidPotion"},{"floor":30,"key":"potionbrewer:BarricadePotion"},{"floor":41,"key":"Elixir"}],"is_trial":false,"path_per_floor":["M","M","?","M","M","E","R","M","T","M","?","$","E","M","R","B",null,"M","?","M","M","M","R","M","E","T","E","R","E","M","?","R","B",null,"M","$","M","?","?","R","E","R","T","E"],"character_chosen":"BLACKBEARD_CLASS","items_purchased":["reliquary:FerryPass","aspiration:FrozenJewel","Strange Spoon","blackbeard:Spearhead","CeramicFish","potionbrewer:BoosterPack","Replay:Rubber Ducky"],"campfire_rested":4,"item_purchase_floors":[12,12,36,36,36,36,36],"current_hp_per_floor":[74,71,64,62,60,35,35,26,26,25,25,25,18,18,40,40,75,65,49,49,9,9,31,27,14,14,14,36,22,22,22,44,5,75,58,58,56,56,56,56,64,64,64,0,0,0],"gold":121,"neow_bonus":"NOSTALGIA","is_daily":false,"chose_seed":false,"campfire_upgraded":2,"win_rate":0.0,"timestamp":1613128012,"path_taken":["M","M","?","?","M","E","R","M","T","M","?","$","E","M","R","BOSS","M","?","M","M","M","R","M","E","T","E","R","E","M","?","R","BOSS","M","$","M","?","?","R","E","R","T","E"],"items_purchased_type":["Relic","Relic","Relic","Relic","Relic","Relic","Relic"],"build_version":"2020-12-22","purchased_purges":0,"victory":false,"max_hp_per_floor":[75,75,75,75,75,75,75,75,75,75,75,75,75,75,75,75,75,75,75,75,75,75,75,75,75,75,75,75,75,75,75,75,75,75,75,75,75,71,71,71,71,71,71,71,71,71],"card_choices":[{"not_picked":["blackbeard:TacticalRetreat","blackbeard:WiseDefense"],"picked":"blackbeard:Bandana","floor":1},{"not_picked":["blackbeard:Eyepatch","blackbeard:Anchor"],"picked":"blackbeard:GoldenCannonball","floor":2},{"not_picked":["blackbeard:GoldenStrike","blackbeard:Spear"],"picked":"blackbeard:GoldenCannonball","floor":4},{"not_picked":["blackbeard:Anchor","blackbeard:Sharpening"],"picked":"blackbeard:BlindAttacks","floor":5},{"not_picked":["blackbeard:Sharpening","blackbeard:ArmorUp"],"picked":"blackbeard:Sword","floor":6},{"not_picked":["blackbeard:VengefulSpirit","blackbeard:Toast","blackbeard:GhostInTheRum"],"picked":"SKIP","floor":8},{"not_picked":["blackbeard:Shrapnel","blackbeard:Sharpening"],"picked":"blackbeard:Spear","floor":10},{"not_picked":["blackbeard:DeadlyArsenal","blackbeard:Dagger"],"picked":"blackbeard:PowderKeg","floor":13},{"not_picked":["blackbeard:Shrapnel","blackbeard:AgileStrike"],"picked":"blackbeard:DoubleBottom","floor":14},{"not_picked":["blackbeard:Murder","blackbeard:MegaUpgrade"],"picked":"blackbeard:GoldenGuillotine","floor":16},{"not_picked":["blackbeard:Scrap","blackbeard:DeadlyArsenal"],"picked":"blackbeard:GoldenCannonball","floor":18},{"not_picked":["blackbeard:WiseDefense","blackbeard:CloakAndCannonball"],"picked":"blackbeard:PiratesWill+1","floor":20},{"not_picked":["blackbeard:BuriedTreasure","blackbeard:Fencing"],"picked":"blackbeard:Sword+1","floor":21},{"not_picked":["blackbeard:BeatUp","blackbeard:Sword"],"picked":"blackbeard:BrownPants","floor":22},{"not_picked":["blackbeard:DelayedPain","blackbeard:FieryDefense"],"picked":"blackbeard:InfiniteBarrage","floor":24},{"not_picked":["blackbeard:BeatUp","blackbeard:FishingNets"],"picked":"blackbeard:ChaoticDefense","floor":25},{"not_picked":["blackbeard:GhostInTheRum","blackbeard:Toast"],"picked":"blackbeard:TheDrunkenSailor","floor":27},{"not_picked":["blackbeard:GoldenDefense","blackbeard:SwordDance"],"picked":"blackbeard:PiratesWill+1","floor":29},{"not_picked":["blackbeard:BeatUp","blackbeard:Rum"],"picked":"blackbeard:GoldenRain","floor":30},{"not_picked":["blackbeard:Upgrade","blackbeard:SwordDance+1"],"picked":"blackbeard:BeatUp+1","floor":32},{"not_picked":["blackbeard:Intoxication","blackbeard:BoostMorale"],"picked":"blackbeard:MegaUpgrade","floor":33},{"not_picked":["beaked:Redirect+1","blackbeard:ChaoticDefense","blackbeard:Spear"],"picked":"blackbeard:Boarding+1","floor":35},{"not_picked":["blackbeard:Upgrade","blackbeard:Toast","beaked:Flinch+1"],"picked":"beaked:MaddeningMurmurs","floor":37},{"not_picked":["blackbeard:Toast","beaked:DarkPact","beaked:Tradeoff+1"],"picked":"blackbeard:DeadlyArsenal+1","floor":41}],"player_experience":913783,"relics_obtained":[{"floor":6,"key":"reliquary:Aerogel"},{"floor":13,"key":"potionbrewer:AlchemistFlask"},{"floor":13,"key":"reliquary:PartyBalloon"},{"floor":19,"key":"Enchiridion"},{"floor":25,"key":"Lantern"},{"floor":26,"key":"Replay:Bottled Flurry"},{"floor":27,"key":"War Paint"},{"floor":29,"key":"Dream Catcher"},{"floor":41,"key":"reliquary:OuijaBoard"},{"floor":43,"key":"blackbeard:HipFlask"}],"event_choices":[{"damage_healed":0,"gold_gain":75,"player_choice":"Touch","damage_taken":7,"max_hp_gain":0,"max_hp_loss":0,"event_name":"FaceTrader","floor":3,"gold_loss":0},{"damage_healed":0,"gold_gain":0,"player_choice":"blackbeard:GoldenDefense","damage_taken":0,"max_hp_gain":0,"max_hp_loss":0,"event_name":"blackbeard:GoldsmithEvent","floor":11,"gold_loss":0,"cards_obtained":["blackbeard:GoldenDefense"]},{"damage_healed":0,"gold_gain":0,"player_choice":"Obtained Book","damage_taken":16,"max_hp_gain":0,"max_hp_loss":0,"event_name":"Cursed Tome","floor":19,"gold_loss":0},{"damage_healed":0,"gold_gain":0,"player_choice":"Obtain Plague Curse","damage_taken":0,"max_hp_gain":0,"max_hp_loss":0,"event_name":"Plague Doctor","floor":31,"gold_loss":0,"cards_obtained":["theForsaken:PlagueCurse"]},{"damage_healed":0,"gold_gain":0,"player_choice":"Max HP","damage_taken":0,"max_hp_gain":0,"max_hp_loss":4,"event_name":"Winding Halls","floor":38,"gold_loss":0},{"damage_healed":0,"gold_gain":0,"player_choice":"Paid","damage_taken":0,"relics_obtained":["Red Mask"],"max_hp_gain":0,"max_hp_loss":0,"event_name":"Tomb of Lord Red Mask","floor":39,"gold_loss":151}],"is_beta":false,"boss_relics":[{"not_picked":["blackbeard:LoadTheGoldenCannons","Calling Bell"],"picked":"Abe\u0027s Treasure"},{"not_picked":["Honey Jar","blackbeard:Karategi"],"picked":"aspiration:BeakedSkillbook"}],"items_purged_floors":[],"is_endless":false,"potions_floor_spawned":[4,5,6,8,14,21,22,24,30,41],"killed_by":"Reptomancer","ascension_level":4}}