{"host":"dl909bjyolgrn2uw","time":1613144949,"event":{"mods":["2.2 Compatiblity","AlwaysNeverKeys","BaseMod","Bestiary","Better Altar","Better Note","Better Sensory Stone","Better Skull","Better Third Choice","Better Vampires","Better-Laid Plans","BetterRewards","Colored Powertips","Curses Come First","Disable Question Mark Monsters","Displayed Cursed Tome","Emptier Cage","Evolution","Minty Spire (QoL Compilation)","Morshu Shopkeeper - ENHANCED","Permanent Neow","Quick Restart","Rare Cards Sparkle","Relic Stats","Shop Mod","Spicy Shops","StSLib","SuperFastMode","Transform Curses"],"gold_per_floor":[117,117,137,160,174,174,215,215,215,259,283,283,331,351,351,453,453,476,499,32,32,54,54,106,138,184,184,228,262,314,448,448,553,553,581,604,628,668,691,691,724,753,753,789,810,810,838,838,838,838,838,838,278,328,328],"floor_reached":56,"language":"ENG","playtime":2469,"items_purged":["Strike_R","Strike_R","Defend_R","Defend_R","Strike_R","Defend_R"],"score":3174,"play_id":"69822684-52d4-40bc-8e9f-16fb0f1c358e","local_time":"20210212094909","is_ascension_mode":true,"campfire_choices":[{"data":"1","floor":6,"key":"LIFT"},{"data":"Fiend Fire","floor":8,"key":"SMITH"},{"data":"2","floor":12,"key":"LIFT"},{"data":"3","floor":15,"key":"LIFT"},{"data":"Fiend Fire","floor":23,"key":"SMITH"},{"data":"Dark Embrace","floor":27,"key":"SMITH"},{"data":"Inflame","floor":32,"key":"SMITH"},{"data":"Dark Embrace","floor":40,"key":"SMITH"},{"floor":49,"key":"RECALL"},{"data":"Corruption","floor":52,"key":"SMITH"}],"circlet_count":0,"master_deck":["AscendersBane","Strike_R+1","Strike_R+1","Bash","Inflame","Shrug It Off+1","Battle Trance+1","Shrug It Off+1","Infernal Blade+1","Dark Embrace+1","Evolve","Power Through+1","Searing Blow","Inflame+1","Sword Boomerang","Twin Strike","Havoc+1","Power Through+1","Fiend Fire+1","Rage+1","Seeing Red+1","Shrug It Off+1","Fiend Fire+1","Bloodletting+1","Shockwave+1","Infernal Blade+1","Disarm+1","Power Through+1","Exhume+1","Dark Embrace+1","Clothesline+1","Limit Break+1","Inflame+1","Shockwave+1","Corruption+1","Pummel+1","Flame Barrier+1","Barricade","Offering+1","Heavy Blade+1"],"relics":["Burning Blood","EVO:Axolotl","Toxic Egg 2","PreservedInsect","Membership Card","Bag of Preparation","Girya","Omamori","Medical Kit","Akabeko","Anchor","Whetstone","Golden Idol","Bronze Scales","MealTicket","Bottled Lightning","CeramicFish","Cursed Key","Molten Egg 2","Potion Belt","Lantern","ClockworkSouvenir","Kunai","White Beast Statue","Juzu Bracelet","Pocketwatch","Self Forming Clay","Coffee Dripper","Dead Branch","Bottled Flame","Turnip","Nunchaku","Blood Vial","Oddly Smooth Stone","Boot","Toolbox","Pear"],"acts_visited":["Exordium","TheCity","TheBeyond","TheEnding"],"potions_floor_usage":[16,29,46,55,55,55,55,55,55,55],"damage_taken":[{"damage":0,"enemies":"Jaw Worm","floor":1,"turns":2},{"damage":0,"enemies":"Small Slimes","floor":3,"turns":2},{"damage":0,"enemies":"2 Louse","floor":4,"turns":1},{"damage":2,"enemies":"Exordium Thugs","floor":5,"turns":3},{"damage":0,"enemies":"Lagavulin","floor":7,"turns":5},{"damage":0,"enemies":"Gremlin Nob","floor":10,"turns":2},{"damage":0,"enemies":"Large Slime","floor":11,"turns":1},{"damage":0,"enemies":"Lagavulin","floor":13,"turns":3},{"damage":0,"enemies":"Lots of Slimes","floor":14,"turns":1},{"damage":27,"enemies":"The Guardian","floor":16,"turns":8},{"damage":0,"enemies":"3 Byrds","floor":18,"turns":2},{"damage":0,"enemies":"Spheric Guardian","floor":19,"turns":1},{"damage":10,"enemies":"3 Cultists","floor":22,"turns":4},{"damage":0,"enemies":"Slavers","floor":24,"turns":2},{"damage":0,"enemies":"Sentry and Sphere","floor":25,"turns":2},{"damage":0,"enemies":"Gremlin Leader","floor":28,"turns":1},{"damage":0,"enemies":"Cultist and Chosen","floor":29,"turns":2},{"damage":0,"enemies":"Book of Stabbing","floor":30,"turns":1},{"damage":0,"enemies":"Colosseum Slavers","floor":31,"turns":2},{"damage":0,"enemies":"Colosseum Nobs","floor":31,"turns":1},{"damage":0,"enemies":"Automaton","floor":33,"turns":2},{"damage":5,"enemies":"3 Shapes","floor":35,"turns":2},{"damage":0,"enemies":"Orb Walker","floor":36,"turns":1},{"damage":0,"enemies":"Transient","floor":37,"turns":5},{"damage":0,"enemies":"Mind Bloom Boss Battle","floor":38,"turns":1},{"damage":0,"enemies":"3 Darklings","floor":39,"turns":1},{"damage":0,"enemies":"Giant Head","floor":41,"turns":1},{"damage":0,"enemies":"Spire Growth","floor":42,"turns":1},{"damage":0,"enemies":"Nemesis","floor":44,"turns":1},{"damage":0,"enemies":"Maw","floor":45,"turns":1},{"damage":3,"enemies":"Writhing Mass","floor":47,"turns":1},{"damage":9,"enemies":"Awakened One","floor":50,"turns":2},{"damage":0,"enemies":"Shield and Spear","floor":54,"turns":3},{"damage":18,"enemies":"The Heart","floor":55,"turns":4}],"seed_played":"7414953856958147982","potions_obtained":[{"floor":3,"key":"AttackPotion"},{"floor":4,"key":"Block Potion"},{"floor":16,"key":"SkillPotion"},{"floor":22,"key":"SkillPotion"},{"floor":25,"key":"Energy Potion"},{"floor":29,"key":"SmokeBomb"},{"floor":31,"key":"FairyPotion"},{"floor":33,"key":"HeartOfIron"},{"floor":37,"key":"PowerPotion"},{"floor":46,"key":"Fruit Juice"},{"floor":46,"key":"Strength Potion"}],"is_trial":false,"path_per_floor":["M","?","M","M","M","R","E","R","T","E","M","R","E","M","R","B",null,"M","M","$","?","M","R","E","M","T","R","E","M","E","?","R","B",null,"M","M","M","?","M","R","E","M","T","E","M","?","M","?","R","B",null,"R","$","E","B",null],"character_chosen":"IRONCLAD","items_purchased":["Toxic Egg 2","Inflame","Shrug It Off+1","Battle Trance+1","PreservedInsect","Membership Card","Bag of Preparation","Girya","Shrug It Off+1","Infernal Blade+1","Dark Embrace","Omamori","Medical Kit","Evolve","Akabeko","Power Through+1","Anchor","Searing Blow","Whetstone","Inflame","Cleave","Molten Egg 2","Potion Belt","Lantern","Bloodletting+1","ClockworkSouvenir","Barricade","Nunchaku","EntropicBrew","Offering+1","Blood Vial","Oddly Smooth Stone","Boot","Toolbox"],"campfire_rested":0,"item_purchase_floors":[0,0,0,0,0,0,0,0,0,0,0,0,0,0,0,0,0,0,0,0,0,20,20,20,20,20,53,53,53,53,53,53,53,53],"current_hp_per_floor":[78,58,64,70,74,74,80,80,80,80,80,80,80,80,80,59,75,80,80,80,80,76,76,80,80,80,80,80,80,80,80,80,80,80,80,80,80,80,80,80,80,80,80,80,80,85,85,85,85,82,84,84,85,95,88],"gold":328,"neow_bonus":"","is_daily":false,"chose_seed":false,"campfire_upgraded":6,"win_rate":0.0,"timestamp":1613144949,"path_taken":["M","?","M","M","M","R","E","R","T","E","M","R","E","M","R","BOSS","M","M","$","?","M","R","E","M","T","R","E","M","E","?","R","BOSS","M","M","M","?","M","R","E","M","T","E","M","?","M","?","R","BOSS","R","$","E","BOSS"],"items_purchased_type":["Relic","Card","Card","Card","Relic","Relic","Relic","Relic","Card","Card","Card","Relic","Relic","Card","Relic","Card","Relic","Card","Relic","Card","Card","Relic","Relic","Relic","Card","Relic","Card","Relic","Potion","Card","Relic","Relic","Relic","Relic"],"build_version":"2020-12-22","purchased_purges":6,"victory":true,"max_hp_per_floor":[80,80,80,80,80,80,80,80,80,80,80,80,80,80,80,80,80,80,80,80,80,80,80,80,80,80,80,80,80,80,80,80,80,80,80,80,80,80,80,80,80,80,80,80,80,85,85,85,85,85,85,85,85,95,95],"relic_stats":{"counters":[215,848],"Golden Idol":251,"Self Forming Clay":[21],"CeramicFish":171,"Dead Branch":[272],"PreservedInsect":507,"Bag of Preparation":[192],"Juzu Bracelet":1,"Whetstone":["Strike_R","Strike_R"],"Medical Kit":[192],"Cursed Key":2,"Boot":[0],"Burning Blood":668,"Blood Vial":0,"Nunchaku":[4],"Bronze Scales":[233],"MealTicket":1,"Turnip":[2],"Kunai":[7],"obtain_stats":[{"Gremlin Horn":43,"CeramicFish":13,"Vajra":0,"EVO:Axolotl":0,"Ginger":0,"Whetstone":0,"Bottled Tornado":25,"Boot":9,"Blood Vial":48,"Centennial Puzzle":54,"HornCleat":30,"DollysMirror":19,"Sundial":45,"Strawberry":11,"Prayer Wheel":42,"Philosopher\u0027s Stone":34,"MealTicket":9,"Kunai":53,"Toxic Egg 2":0,"Girya":40,"Pear":54,"Happy Flower":26,"Dead Branch":36,"Oddly Smooth Stone":10,"Eternal Feather":40,"Pen Nib":26,"Letter Opener":54,"War Paint":24,"Question Card":0,"Akabeko":38,"WarpedTongs":37,"OrangePellets":0,"Bottled Flame":0,"Shuriken":26,"Bird Faced Urn":26,"Bronze Scales":47,"Snecko Eye":34,"Molten Egg 2":9,"Pandora\u0027s Box":17,"Mark of Pain":17,"StrikeDummy":48,"Pocketwatch":11,"Meat on the Bone":46,"Darkstone Periapt":27,"Regal Pillow":24,"Lantern":31,"Torii":31,"Singing Bowl":0,"Magic Flower":12,"Bag of Preparation":40,"Incense Burner":48,"Juzu Bracelet":28,"Cursed Key":17,"Smiling Mask":23,"Burning Blood":0,"ClockworkSouvenir":19,"Dream Catcher":7,"Nunchaku":8,"Matryoshka":23,"TheAbacus":53,"Mummified Hand":0,"Gambling Chip":0,"Pantograph":25,"Toolbox":53,"Tiny Chest":29,"Red Skull":44,"Runic Pyramid":17,"Potion Belt":20,"Lee\u0027s Waffle":53,"Golden Idol":5,"Self Forming Clay":31,"Thread and Needle":8,"The Courier":7,"PreservedInsect":9,"Omamori":0,"Orichalcum":44,"Frozen Egg 2":31,"MawBank":12,"Medical Kit":0,"White Beast Statue":20,"Mercury Hourglass":12,"Calling Bell":34,"Cauldron":0,"Anchor":0,"CaptainsWheel":44,"Busted Crown":34,"Ornamental Fan":54,"Orrery":53,"Turnip":44,"Bag of Marbles":19,"Art of War":40,"Coffee Dripper":34,"Membership Card":48,"Champion Belt":0,"Bottled Lightning":10,"FossilizedHelix":24},{"Gremlin Horn":115,"CeramicFish":189,"Vajra":28,"EVO:Axolotl":0,"Ginger":0,"Whetstone":28,"Bottled Tornado":70,"Boot":33,"Blood Vial":25,"Centennial Puzzle":27,"HornCleat":73,"DollysMirror":11,"Sundial":116,"Strawberry":156,"Prayer Wheel":115,"Philosopher\u0027s Stone":138,"MealTicket":186,"Kunai":26,"Toxic Egg 2":181,"Girya":80,"Pear":214,"Happy Flower":133,"Dead Branch":171,"Oddly Smooth Stone":155,"Eternal Feather":52,"Pen Nib":70,"Letter Opener":86,"War Paint":42,"Question Card":87,"Akabeko":112,"WarpedTongs":112,"OrangePellets":87,"Bottled Flame":55,"Shuriken":104,"Bird Faced Urn":12,"Bronze Scales":177,"Snecko Eye":110,"Molten Egg 2":60,"Pandora\u0027s Box":129,"Mark of Pain":65,"StrikeDummy":147,"Pocketwatch":61,"Meat on the Bone":145,"Darkstone Periapt":71,"Regal Pillow":12,"Lantern":137,"Torii":109,"Singing Bowl":119,"Magic Flower":95,"Bag of Preparation":22,"Incense Burner":84,"Juzu Bracelet":134,"Cursed Key":36,"Smiling Mask":164,"Burning Blood":0,"ClockworkSouvenir":11,"Dream Catcher":33,"Nunchaku":60,"Matryoshka":102,"TheAbacus":148,"Mummified Hand":119,"Gambling Chip":87,"Pantograph":133,"Toolbox":213,"Tiny Chest":15,"Red Skull":23,"Runic Pyramid":10,"Potion Belt":131,"Lee\u0027s Waffle":26,"Golden Idol":59,"Self Forming Clay":201,"Thread and Needle":93,"The Courier":5,"PreservedInsect":5,"Omamori":28,"Orichalcum":54,"Frozen Egg 2":109,"MawBank":7,"Medical Kit":55,"White Beast Statue":131,"Mercury Hourglass":35,"Calling Bell":169,"Cauldron":28,"Anchor":119,"CaptainsWheel":143,"Busted Crown":16,"Ornamental Fan":180,"Orrery":26,"Turnip":210,"Bag of Marbles":11,"Art of War":175,"Coffee Dripper":202,"Membership Card":84,"Champion Belt":87,"Bottled Lightning":187,"FossilizedHelix":132},{"Gremlin Horn":477,"CeramicFish":795,"Vajra":155,"EVO:Axolotl":0,"Ginger":0,"Whetstone":155,"Bottled Tornado":307,"Boot":170,"Blood Vial":128,"Centennial Puzzle":145,"HornCleat":317,"DollysMirror":48,"Sundial":478,"Strawberry":655,"Prayer Wheel":477,"Philosopher\u0027s Stone":573,"MealTicket":789,"Kunai":136,"Toxic Egg 2":776,"Girya":336,"Pear":844,"Happy Flower":543,"Dead Branch":731,"Oddly Smooth Stone":651,"Eternal Feather":255,"Pen Nib":307,"Letter Opener":356,"War Paint":204,"Question Card":361,"Akabeko":471,"WarpedTongs":471,"OrangePellets":361,"Bottled Flame":268,"Shuriken":436,"Bird Faced Urn":54,"Bronze Scales":757,"Snecko Eye":465,"Molten Egg 2":279,"Pandora\u0027s Box":531,"Mark of Pain":291,"StrikeDummy":619,"Pocketwatch":281,"Meat on the Bone":609,"Darkstone Periapt":311,"Regal Pillow":54,"Lantern":563,"Torii":457,"Singing Bowl":485,"Magic Flower":394,"Bag of Preparation":110,"Incense Burner":348,"Juzu Bracelet":547,"Cursed Key":179,"Smiling Mask":692,"Burning Blood":0,"ClockworkSouvenir":48,"Dream Catcher":170,"Nunchaku":279,"Matryoshka":423,"TheAbacus":629,"Mummified Hand":485,"Gambling Chip":361,"Pantograph":543,"Toolbox":841,"Tiny Chest":71,"Red Skull":117,"Runic Pyramid":41,"Potion Belt":535,"Lee\u0027s Waffle":136,"Golden Idol":274,"Self Forming Clay":822,"Thread and Needle":385,"The Courier":19,"PreservedInsect":19,"Omamori":155,"Orichalcum":264,"Frozen Egg 2":457,"MawBank":26,"Medical Kit":268,"White Beast Statue":535,"Mercury Hourglass":175,"Calling Bell":722,"Cauldron":155,"Anchor":485,"CaptainsWheel":599,"Busted Crown":79,"Ornamental Fan":770,"Orrery":136,"Turnip":837,"Bag of Marbles":48,"Art of War":745,"Coffee Dripper":824,"Membership Card":348,"Champion Belt":361,"Bottled Lightning":791,"FossilizedHelix":539}],"Pocketwatch":[0]},"card_choices":[{"not_picked":["Havoc+1","Twin Strike"],"picked":"Sword Boomerang","floor":1},{"not_picked":["Warcry+1","Blood for Blood"],"picked":"Twin Strike","floor":3},{"not_picked":["Body Slam","Blood for Blood"],"picked":"Havoc+1","floor":4},{"not_picked":["True Grit+1","Shrug It Off+1"],"picked":"Power Through+1","floor":5},{"not_picked":["Body Slam","Havoc+1"],"picked":"Fiend Fire","floor":7},{"not_picked":["Clothesline","Anger"],"picked":"Rage+1","floor":10},{"not_picked":["Infernal Blade+1","Shockwave+1"],"picked":"Seeing Red+1","floor":11},{"not_picked":["Thunderclap","Headbutt"],"picked":"Shrug It Off+1","floor":13},{"not_picked":["Pummel","Rage+1","Cleave"],"picked":"SKIP","floor":14},{"not_picked":["Barricade","Juggernaut"],"picked":"Fiend Fire","floor":16},{"not_picked":["Perfected Strike+1","Flex+1","Anger+1"],"picked":"SKIP","floor":18},{"not_picked":["Pummel","Shrug It Off+1","Rupture"],"picked":"SKIP","floor":19},{"not_picked":["Intimidate+1","Havoc+1"],"picked":"Shockwave+1","floor":22},{"not_picked":["Clothesline+1","Rupture"],"picked":"Infernal Blade+1","floor":24},{"not_picked":["Wild Strike+1","Anger+1"],"picked":"Disarm+1","floor":25},{"not_picked":["Clash+1","Warcry+1"],"picked":"Power Through+1","floor":28},{"not_picked":["Sentinel+1","Perfected Strike+1"],"picked":"Exhume+1","floor":29},{"not_picked":["True Grit+1","Thunderclap+1"],"picked":"Dark Embrace","floor":30},{"not_picked":["Armaments+1","Anger+1"],"picked":"Clothesline+1","floor":31},{"not_picked":["Bludgeon+1","Double Tap+1"],"picked":"Limit Break+1","floor":33},{"not_picked":["Reckless Charge+1","Havoc+1"],"picked":"Inflame+1","floor":35},{"not_picked":["Sword Boomerang+1","Reckless Charge+1","Heavy Blade+1"],"picked":"SKIP","floor":36},{"not_picked":["Iron Wave+1","Thunderclap+1","Twin Strike+1"],"picked":"SKIP","floor":37},{"not_picked":["Twin Strike+1","Shrug It Off+1"],"picked":"Shockwave+1","floor":38},{"not_picked":["Anger+1","Dropkick+1"],"picked":"Corruption","floor":39},{"not_picked":["Perfected Strike+1","Armaments+1","Thunderclap+1"],"picked":"SKIP","floor":41},{"not_picked":["Thunderclap+1","Warcry+1"],"picked":"Pummel+1","floor":42},{"not_picked":["Warcry+1","Perfected Strike+1","Sword Boomerang+1"],"picked":"SKIP","floor":44},{"not_picked":["Body Slam+1","Thunderclap+1","True Grit+1"],"picked":"SKIP","floor":45},{"not_picked":["Dropkick+1","Cleave+1"],"picked":"Flame Barrier+1","floor":47},{"not_picked":["Shrug It Off+1","Whirlwind+1"],"picked":"Heavy Blade+1","floor":54}],"player_experience":396533,"relics_obtained":[{"floor":7,"key":"Bronze Scales"},{"floor":9,"key":"MealTicket"},{"floor":10,"key":"Bottled Lightning"},{"floor":13,"key":"CeramicFish"},{"floor":24,"key":"Kunai"},{"floor":28,"key":"White Beast Statue"},{"floor":30,"key":"Juzu Bracelet"},{"floor":31,"key":"Pocketwatch"},{"floor":31,"key":"Self Forming Clay"},{"floor":38,"key":"Dead Branch"},{"floor":41,"key":"Bottled Flame"},{"floor":44,"key":"Turnip"},{"floor":54,"key":"Pear"}],"event_choices":[{"damage_healed":0,"gold_gain":0,"player_choice":"Take Damage","damage_taken":20,"relics_obtained":["Golden Idol"],"max_hp_gain":0,"max_hp_loss":0,"event_name":"Golden Idol","floor":2,"gold_loss":0},{"cards_removed":["Defend_R"],"damage_healed":0,"gold_gain":0,"player_choice":"Elegance","damage_taken":0,"max_hp_gain":0,"max_hp_loss":0,"event_name":"betterThird:BetterWriting","floor":21,"gold_loss":0},{"damage_healed":0,"gold_gain":0,"player_choice":"Fight","damage_taken":0,"max_hp_gain":0,"max_hp_loss":0,"event_name":"Colosseum","floor":31,"gold_loss":0},{"damage_healed":0,"gold_gain":0,"player_choice":"Fought Nobs","damage_taken":0,"max_hp_gain":0,"max_hp_loss":0,"event_name":"Colosseum","floor":31,"gold_loss":0},{"damage_healed":0,"gold_gain":0,"player_choice":"Fight","damage_taken":0,"max_hp_gain":0,"max_hp_loss":0,"event_name":"MindBloom","floor":38,"gold_loss":0},{"damage_healed":0,"gold_gain":0,"player_choice":"Got Potions","damage_taken":0,"max_hp_gain":0,"max_hp_loss":0,"event_name":"Lab","floor":46,"gold_loss":0},{"cards_removed":["Cleave"],"damage_healed":0,"gold_gain":0,"player_choice":"Removed Attack","damage_taken":0,"max_hp_gain":0,"max_hp_loss":0,"event_name":"Falling","floor":48,"gold_loss":0}],"is_beta":false,"boss_relics":[{"not_picked":["Astrolabe","Empty Cage"],"picked":"Cursed Key"},{"not_picked":["Pandora\u0027s Box","SlaversCollar"],"picked":"Coffee Dripper"}],"items_purged_floors":[0,0,0,0,20,53],"is_endless":false,"potions_floor_spawned":[3,4,11,16,19,22,25,29,30,31,31,33,35,36,37,38,39,41,42,44,45,47,54],"ascension_level":13}}