{"host":"dhlnk6yox2l1s6up","time":1613165496,"event":{"mods":["BaseMod","Minty Spire (QoL Compilation)","Relic Stats","StSLib","ojb\u0027s Info Mod"],"gold_per_floor":[211,228,5,15,77,116,116,155,155,155,175,193,193,45,45,153,153,180,33,78,89,89,131,131,165,254,375,387,408,420,432,444,566,578,616,628,338,348,359,693,693,693,745,754,754,787,787,815,815,815,815,815,214,249,249,249],"floor_reached":55,"language":"ENG","playtime":4546,"items_purged":["SignatureMove","Defend_P","Strike_P+1","Writhe"],"score":1238,"play_id":"e0f96e07-79c3-42a0-b6e5-482c5f1d95e2","local_time":"20210212153136","is_ascension_mode":true,"campfire_choices":[{"data":"Consecrate","floor":7.0,"key":"SMITH"},{"floor":13.0,"key":"REST"},{"data":"TalkToTheHand","floor":15.0,"key":"SMITH"},{"data":"ConjureBlade","floor":24.0,"key":"SMITH"},{"data":"Study","floor":30.0,"key":"SMITH"},{"data":"MasterReality","floor":32.0,"key":"SMITH"},{"floor":41.0,"key":"RECALL"},{"data":"Ghostly","floor":45.0,"key":"SMITH"},{"data":"Ghostly","floor":47.0,"key":"SMITH"},{"data":"Ghostly","floor":49.0,"key":"SMITH"},{"data":"SpiritShield","floor":52,"key":"SMITH"}],"circlet_count":0,"master_deck":["AscendersBane","Strike_P+1","Strike_P+1","Strike_P+1","Defend_P+1","Defend_P+1","Defend_P+1","Eruption+1","Vigilance","DeceiveReality","TalkToTheHand+1","Consecrate+1","MasterReality+1","FlurryOfBlows","Study+1","EmptyFist+1","ConjureBlade+1","CrushJoints+1","Ghostly+1","Ghostly+1","Ghostly+1","Ghostly+1","Ghostly+1","Wallop","Tantrum+1","Consecrate+1","SpiritShield+1","Halt+1","DeceiveReality","FearNoEvil+1","TalkToTheHand+1","Halt","EmptyFist+1","Scrawl","Thinking Ahead"],"relics":["PureWater","Membership Card","Vajra","CeramicFish","Mummified Hand","Nunchaku","OrangePellets","Black Star","Medical Kit","Juzu Bracelet","StrikeDummy","Bronze Scales","MawBank","Regal Pillow","Mercury Hourglass","Ginger","Molten Egg 2","War Paint","Coffee Dripper","Torii","Old Coin","Happy Flower","Blood Vial","Blue Candle","Lizard Tail","Toy Ornithopter","PrismaticShard","Centennial Puzzle","Whetstone"],"acts_visited":["Exordium","TheCity","TheBeyond","TheEnding"],"potions_floor_usage":[54,54,54],"damage_taken":[{"damage":3.0,"enemies":"2 Louse","floor":1.0,"turns":2.0},{"damage":2.0,"enemies":"Jaw Worm","floor":2.0,"turns":5.0},{"damage":0.0,"enemies":"Small Slimes","floor":4.0,"turns":4.0},{"damage":11.0,"enemies":"3 Sentries","floor":6.0,"turns":9.0},{"damage":8.0,"enemies":"Gremlin Nob","floor":8.0,"turns":3.0},{"damage":5.0,"enemies":"Gremlin Gang","floor":11.0,"turns":2.0},{"damage":7.0,"enemies":"Exordium Wildlife","floor":12.0,"turns":2.0},{"damage":3.0,"enemies":"The Guardian","floor":16.0,"turns":12.0},{"damage":25.0,"enemies":"Chosen","floor":18.0,"turns":6.0},{"damage":2.0,"enemies":"Spheric Guardian","floor":21.0,"turns":6.0},{"damage":9.0,"enemies":"Slavers","floor":23.0,"turns":8.0},{"damage":0.0,"enemies":"Gremlin Leader","floor":25.0,"turns":5.0},{"damage":1.0,"enemies":"Colosseum Slavers","floor":27.0,"turns":4.0},{"damage":3.0,"enemies":"Colosseum Nobs","floor":27.0,"turns":5.0},{"damage":17.0,"enemies":"Automaton","floor":33.0,"turns":10.0},{"damage":2.0,"enemies":"3 Shapes","floor":35.0,"turns":6.0},{"damage":1.0,"enemies":"Orb Walker","floor":38.0,"turns":2.0},{"damage":1.0,"enemies":"3 Darklings","floor":39.0,"turns":6.0},{"damage":10.0,"enemies":"Giant Head","floor":40.0,"turns":7.0},{"damage":1.0,"enemies":"Nemesis","floor":46.0,"turns":11.0},{"damage":1.0,"enemies":"Maw","floor":48.0,"turns":7.0},{"damage":12,"enemies":"Time Eater","floor":50,"turns":11},{"damage":58,"enemies":"Shield and Spear","floor":54,"turns":7},{"damage":30,"enemies":"The Heart","floor":55,"turns":3}],"seed_played":"6108958967335301851","potions_obtained":[{"floor":1.0,"key":"FearPotion"},{"floor":2.0,"key":"Weak Potion"},{"floor":8.0,"key":"Ancient Potion"},{"floor":11.0,"key":"CultistPotion"},{"floor":23.0,"key":"Energy Potion"},{"floor":38.0,"key":"DuplicationPotion"}],"is_trial":false,"path_per_floor":["M","M","$","M","?","E","R","E","T","?","M","M","R","$","R","B",null,"M","$","?","M","?","E","R","E","T","?","?","?","R","?","R","B",null,"M","?","$","M","M","E","R","?","T","?","R","E","R","M","R","B",null,"R","$","E","B"],"character_chosen":"WATCHER","items_purchased":["Membership Card","Vajra","Study","OrangePellets","EmptyFist","Medical Kit","Strength Potion","Torii","DeceiveReality","SpeedPotion","Block Potion","FearNoEvil+1","Lizard Tail","Toy Ornithopter","PrismaticShard","Weak Potion","Block Potion","Halt","EmptyFist+1","Scrawl","Thinking Ahead"],"campfire_rested":1,"item_purchase_floors":[3,3,14,14,14,19,19,37,37,37,37,37,53,53,53,53,53,53,53,53,53],"current_hp_per_floor":[62,60,60,60,60,49,49,41,41,27,22,15,36,36,36,33,62,37,37,36,34,34,25,25,25,25,21,21,21,21,33,33,16,31,29,29,29,28,27,17,17,17,17,26,26,25,25,26,26,16,31,31,31,6,0,0],"gold":249,"neow_bonus":"HUNDRED_GOLD","is_daily":false,"chose_seed":false,"campfire_upgraded":9,"win_rate":0.0,"timestamp":1613165496,"path_taken":["M","M","$","M","?","E","R","E","T","?","M","M","R","$","R","BOSS","M","$","?","M","?","E","R","E","T","?","?","?","R","?","R","BOSS","M","?","$","M","M","E","R","?","T","?","R","E","R","M","R","BOSS","R","$","E","BOSS"],"items_purchased_type":["Relic","Relic","Card","Relic","Card","Relic","Potion","Relic","Card","Potion","Potion","Card","Relic","Relic","Relic","Potion","Potion","Card","Card","Card","Card"],"build_version":"2020-12-22","purchased_purges":4,"victory":false,"max_hp_per_floor":[72,72,72,72,72,72,72,72,72,72,72,72,72,72,72,72,72,72,72,36,36,36,36,36,36,36,36,36,36,36,36,36,36,36,36,36,36,36,36,36,36,36,36,36,36,36,36,36,36,36,36,36,36,36,36,36],"relic_stats":{"Regal Pillow":0,"Torii":7,"Happy Flower":[13],"counters":[24,142],"CeramicFish":234,"Blue Candle":[2],"Juzu Bracelet":2,"Ginger":[9],"Whetstone":["EmptyFist","Eruption"],"War Paint":["Ghostly","Ghostly"],"Medical Kit":[14],"MawBank":144,"Mercury Hourglass":[277],"Blood Vial":8,"OrangePellets":[4],"Nunchaku":[25],"Lizard Tail":18,"Centennial Puzzle":[3],"Mummified Hand":[37],"Bronze Scales":[299],"Black Star":5,"obtain_stats":[{"Regal Pillow":25,"Torii":37,"CeramicFish":6,"Vajra":3,"Juzu Bracelet":22,"Ginger":27,"Whetstone":54,"PrismaticShard":53,"Old Coin":40,"Blood Vial":46,"Nunchaku":9,"Lizard Tail":53,"Centennial Puzzle":54,"Mummified Hand":8,"Happy Flower":40,"Blue Candle":46,"War Paint":29,"Medical Kit":19,"MawBank":25,"Mercury Hourglass":26,"OrangePellets":14,"Bronze Scales":23,"Molten Egg 2":27,"Black Star":17,"Coffee Dripper":34,"Membership Card":3,"PureWater":0,"StrikeDummy":23,"Toy Ornithopter":53},{"Regal Pillow":12,"Torii":16,"CeramicFish":4,"Vajra":2,"Juzu Bracelet":10,"Ginger":14,"Whetstone":23,"PrismaticShard":22,"Old Coin":19,"Blood Vial":20,"Nunchaku":5,"Lizard Tail":22,"Centennial Puzzle":23,"Mummified Hand":5,"Happy Flower":19,"Blue Candle":20,"War Paint":14,"Medical Kit":9,"MawBank":12,"Mercury Hourglass":12,"OrangePellets":7,"Bronze Scales":11,"Molten Egg 2":14,"Black Star":8,"Coffee Dripper":15,"Membership Card":2,"PureWater":0,"StrikeDummy":11,"Toy Ornithopter":22},{"Regal Pillow":64,"Torii":89,"CeramicFish":20,"Vajra":7,"Juzu Bracelet":51,"Ginger":73,"Whetstone":139,"PrismaticShard":133,"Old Coin":104,"Blood Vial":115,"Nunchaku":23,"Lizard Tail":133,"Centennial Puzzle":139,"Mummified Hand":23,"Happy Flower":104,"Blue Candle":115,"War Paint":73,"Medical Kit":45,"MawBank":64,"Mercury Hourglass":64,"OrangePellets":27,"Bronze Scales":59,"Molten Egg 2":73,"Black Star":39,"Coffee Dripper":83,"Membership Card":7,"PureWater":0,"StrikeDummy":59,"Toy Ornithopter":133}],"Toy Ornithopter":10},"card_choices":[{"not_picked":["LikeWater","SignatureMove"],"picked":"DeceiveReality","floor":1.0},{"not_picked":["LikeWater","Study"],"picked":"SignatureMove","floor":2.0},{"not_picked":["SashWhip","SandsOfTime"],"picked":"TalkToTheHand","floor":4.0},{"not_picked":["CrushJoints","Crescendo"],"picked":"Consecrate","floor":6.0},{"not_picked":["Prostrate","FlurryOfBlows"],"picked":"MasterReality","floor":8.0},{"not_picked":["Nirvana","WheelKick"],"picked":"FlurryOfBlows","floor":11.0},{"not_picked":["FlyingSleeves","BowlingBash","Consecrate"],"picked":"SKIP","floor":12.0},{"not_picked":["Ragnarok","Vault"],"picked":"ConjureBlade","floor":16.0},{"not_picked":["SignatureMove+1","Protect+1"],"picked":"CrushJoints+1","floor":18.0},{"not_picked":["FollowUp+1","Vengeance","Conclude"],"picked":"SKIP","floor":21.0},{"not_picked":["SashWhip","CrushJoints"],"picked":"Wallop","floor":23.0},{"not_picked":["BattleHymn+1","Ragnarok"],"picked":"Tantrum+1","floor":25.0},{"not_picked":["ForeignInfluence+1","LikeWater"],"picked":"Consecrate+1","floor":27.0},{"not_picked":["Alpha","Judgement"],"picked":"SpiritShield","floor":33.0},{"not_picked":["EmptyFist+1","Prostrate+1"],"picked":"Halt+1","floor":35.0},{"not_picked":["CrushJoints+1","CarveReality+1","CutThroughFate+1"],"picked":"SKIP","floor":38.0},{"not_picked":["CrushJoints+1","CarveReality+1","CutThroughFate+1"],"picked":"SKIP","floor":38.0},{"not_picked":["Consecrate+1","Tantrum+1","FlyingSleeves+1"],"picked":"SKIP","floor":39.0},{"not_picked":["Wish","EmptyMind","JustLucky+1"],"picked":"SKIP","floor":40.0},{"not_picked":["Collect","Evaluate","EmptyBody+1"],"picked":"SKIP","floor":46.0},{"not_picked":["JustLucky+1","CrushJoints+1"],"picked":"TalkToTheHand+1","floor":48.0},{"not_picked":["Dagger Throw+1","HandOfGreed+1","Defragment+1"],"picked":"SKIP","floor":54}],"player_experience":6222559,"relics_obtained":[{"floor":6.0,"key":"CeramicFish"},{"floor":8.0,"key":"Mummified Hand"},{"floor":9.0,"key":"Nunchaku"},{"floor":23.0,"key":"StrikeDummy"},{"floor":23.0,"key":"Bronze Scales"},{"floor":25.0,"key":"MawBank"},{"floor":25.0,"key":"Regal Pillow"},{"floor":26.0,"key":"Mercury Hourglass"},{"floor":27.0,"key":"Ginger"},{"floor":27.0,"key":"Molten Egg 2"},{"floor":40.0,"key":"Old Coin"},{"floor":40.0,"key":"Happy Flower"},{"floor":46.0,"key":"Blood Vial"},{"floor":46.0,"key":"Blue Candle"},{"floor":54,"key":"Centennial Puzzle"},{"floor":54,"key":"Whetstone"}],"event_choices":[{"damage_healed":0.0,"max_hp_gain":0.0,"max_hp_loss":0.0,"gold_gain":62.0,"event_name":"Golden Wing","player_choice":"Gained Gold","floor":5.0,"gold_loss":0.0,"damage_taken":0.0},{"damage_healed":0.0,"max_hp_gain":0.0,"max_hp_loss":0.0,"gold_gain":0.0,"event_name":"Shining Light","player_choice":"Entered Light","floor":10.0,"gold_loss":0.0,"damage_taken":14.0,"cards_upgraded":["Strike_P","Defend_P"]},{"damage_healed":0.0,"max_hp_gain":0.0,"max_hp_loss":36.0,"gold_gain":0.0,"event_name":"Ghosts","player_choice":"Became a Ghost","floor":20.0,"gold_loss":0.0,"damage_taken":0.0,"cards_obtained":["Ghostly","Ghostly","Ghostly","Ghostly","Ghostly"]},{"damage_healed":0.0,"max_hp_gain":0.0,"max_hp_loss":0.0,"gold_gain":0.0,"event_name":"WeMeetAgain","player_choice":"Gave Potion","floor":22.0,"gold_loss":0.0,"damage_taken":0.0,"relics_obtained":["Juzu Bracelet"]},{"damage_healed":0.0,"max_hp_gain":0.0,"max_hp_loss":0.0,"gold_gain":0.0,"event_name":"Colosseum","player_choice":"Fight","floor":27.0,"gold_loss":0.0,"damage_taken":0.0},{"damage_healed":0.0,"max_hp_gain":0.0,"max_hp_loss":0.0,"gold_gain":0.0,"event_name":"Colosseum","player_choice":"Fought Nobs","floor":27.0,"gold_loss":0.0,"damage_taken":0.0},{"damage_healed":0.0,"max_hp_gain":0.0,"max_hp_loss":0.0,"gold_gain":0.0,"event_name":"Back to Basics","player_choice":"Simplicity","floor":28.0,"gold_loss":0.0,"damage_taken":0.0,"cards_upgraded":["Strike_P","Strike_P","Strike_P","Defend_P","Defend_P"]},{"damage_healed":0.0,"max_hp_gain":0.0,"max_hp_loss":0.0,"gold_gain":0.0,"event_name":"The Mausoleum","player_choice":"Opened","floor":29.0,"gold_loss":0.0,"damage_taken":0.0,"relics_obtained":["War Paint"],"cards_obtained":["Writhe"]},{"damage_healed":12.0,"max_hp_gain":0.0,"max_hp_loss":0.0,"gold_gain":0.0,"event_name":"The Library","player_choice":"Heal","floor":31.0,"gold_loss":0.0,"damage_taken":0.0},{"cards_removed":["Writhe"],"damage_healed":0.0,"max_hp_gain":0.0,"max_hp_loss":0.0,"gold_gain":0.0,"event_name":"Wheel of Change","player_choice":"Card Removal","floor":36.0,"gold_loss":0.0,"damage_taken":0.0},{"damage_healed":0.0,"max_hp_gain":0.0,"max_hp_loss":0.0,"gold_gain":0.0,"event_name":"Tomb of Lord Red Mask","player_choice":"Ignored","floor":42.0,"gold_loss":0.0,"damage_taken":0.0},{"damage_healed":9.0,"max_hp_gain":0.0,"max_hp_loss":0.0,"gold_gain":0.0,"event_name":"Winding Halls","player_choice":"Writhe","floor":44.0,"gold_loss":0.0,"damage_taken":0.0,"cards_obtained":["Writhe"]}],"is_beta":false,"boss_relics":[{"not_picked":["Snecko Eye","Runic Pyramid"],"picked":"Black Star"},{"not_picked":["Velvet Choker","Astrolabe"],"picked":"Coffee Dripper"}],"items_purged_floors":[14,19,37,53],"is_endless":false,"potions_floor_spawned":[1,2,8,11,21,23,38],"killed_by":"The Heart","ascension_level":10}}