{"host":"l7ku00cw7dmofayg","time":1613173254,"event":{"mods":["ATMod(∞¢Ë™Mod)","BaseMod","Dota2Spire","Marisa£®ÏF”Í°°ƒß¿Ì…≥£©","Minty Spire (QoL Compilation)","Remilia£®¿Ÿ√◊¿Ú—«£©","StSLib","The Invoker Mod"],"gold_per_floor":[115,131,131,56,231,231,267,300,327,280,280,416,416,464,464,478,478],"floor_reached":16,"language":"ZHS","playtime":430,"items_purged":["Defend_MRS"],"score":173,"play_id":"45bac36a-fd01-473c-9222-79c801f629f0","local_time":"20210213074054","is_ascension_mode":true,"campfire_choices":[{"data":"AT_BreakingExtremeWeapon","floor":6,"key":"SMITH"},{"data":"EarthLightRay","floor":11,"key":"SMITH"},{"floor":13,"key":"REST"},{"data":"MillisecondPulsars","floor":15,"key":"SMITH"}],"circlet_count":0,"master_deck":["Strike_MRS","Strike_MRS","Strike_MRS","Strike_MRS","Defend_MRS","Defend_MRS","Defend_MRS","MasterSpark","UpSweep","AT_BreakingExtremeWeapon+1","EarthLightRay+1","Robbery","Doubt","IllusionStar","NonDirectionalLaser","MillisecondPulsars+1"],"relics":["MiniHakkero","AT_ATBox","NeowsBlessing","Golden Idol","Boot","AT_MibuBalloonWealth","Dota2Spire:DrumOfEndurance"],"acts_visited":["Exordium"],"potions_floor_usage":[16,16],"damage_taken":[{"damage":0,"enemies":"Jaw Worm","floor":1,"turns":1},{"damage":0,"enemies":"2 Louse","floor":2,"turns":1},{"damage":0,"enemies":"Gremlin Nob","floor":7,"turns":1},{"damage":12,"enemies":"Small Slimes","floor":8,"turns":6},{"damage":30,"enemies":"3 Sentries","floor":12,"turns":6},{"damage":17,"enemies":"Red Slaver","floor":14,"turns":3},{"damage":18,"enemies":"The Guardian","floor":16,"turns":6}],"seed_played":"-9160927800864381918","potions_obtained":[{"floor":12,"key":"Dexterity Potion"},{"floor":14,"key":"SpeedPotion"}],"is_trial":false,"path_per_floor":["M","M","?","$","?","R","E","M","T","?","R","E","R","M","R","B"],"character_chosen":"MARISA","items_purchased":[],"campfire_rested":1,"item_purchase_floors":[],"current_hp_per_floor":[68,68,50,50,50,50,50,42,42,42,42,18,40,23,23,11,11],"gold":478,"neow_bonus":"THREE_ENEMY_KILL","is_daily":false,"chose_seed":false,"campfire_upgraded":3,"win_rate":0.0,"timestamp":1613173254,"path_taken":["M","M","?","$","?","R","E","M","T","?","R","E","R","M","R","BOSS"],"items_purchased_type":[],"build_version":"2020-12-22","purchased_purges":1,"victory":false,"max_hp_per_floor":[75,75,75,75,75,75,75,75,75,75,75,75,75,75,75,75,75],"card_choices":[{"not_picked":["LuminesStrike","AsteroidBelt"],"picked":"EarthLightRay","floor":1},{"not_picked":["ShootingEcho","MagicAbsorber"],"picked":"Robbery","floor":2},{"not_picked":["Orbital","MilkyWay"],"picked":"IllusionStar","floor":7},{"not_picked":["PowerUp","DoubleSpark","EnergyFlow"],"picked":"SKIP","floor":8},{"not_picked":["MilkyWay","ShootingEcho"],"picked":"NonDirectionalLaser","floor":12},{"not_picked":["ChargingUp","GravityBeat"],"picked":"MillisecondPulsars","floor":14}],"player_experience":33269,"relics_obtained":[{"floor":7,"key":"Boot"},{"floor":9,"key":"AT_MibuBalloonWealth"},{"floor":12,"key":"Dota2Spire:DrumOfEndurance"}],"event_choices":[{"damage_healed":0,"gold_gain":0,"player_choice":"Take Damage","damage_taken":18,"relics_obtained":["Golden Idol"],"max_hp_gain":0,"max_hp_loss":0,"event_name":"Golden Idol","floor":3,"gold_loss":0},{"damage_healed":0,"gold_gain":175,"player_choice":"AGREE","damage_taken":0,"max_hp_gain":0,"max_hp_loss":0,"event_name":"Liars Game","floor":5,"gold_loss":0,"cards_obtained":["Doubt"]},{"damage_healed":0,"gold_gain":0,"player_choice":"Left Gold","damage_taken":0,"max_hp_gain":0,"max_hp_loss":0,"event_name":"World of Goop","floor":10,"gold_loss":47}],"is_beta":false,"boss_relics":[],"items_purged_floors":[4],"is_endless":false,"potions_floor_spawned":[12,14],"killed_by":"The Guardian","ascension_level":6}}