{"host":"q0qnzbgdx8oqogg9","time":1613102394,"event":{"mods":["BaseMod","Minty Spire (QoL Compilation)","StSLib"],"gold_per_floor":[114,114,129,129,129,170,170,194,194,209,240,38,78,97,97,193,193,208,222,222,245,73,73,112,112,112,164,184,206,57,57,57,156,210,235,235,110,129,157,157,200,225,225,250,290,290,326,349,349,349],"floor_reached":51,"language":"ENG","playtime":2064,"items_purged":["Strike_B","Strike_B","Scrape"],"score":1430,"play_id":"49454bc9-ff1f-4a42-9a01-828ad898a097","local_time":"20210211225954","is_ascension_mode":true,"campfire_choices":[{"data":"Defragment","floor":7.0,"key":"SMITH"},{"floor":15.0,"key":"REST"},{"data":"Fission","floor":23.0,"key":"SMITH"},{"data":"Defragment","floor":25.0,"key":"SMITH"},{"data":"Capacitor","floor":32.0,"key":"SMITH"},{"data":"Defragment","floor":40.0,"key":"SMITH"},{"data":"Glacier","floor":46.0,"key":"SMITH"},{"data":"Loop","floor":49.0,"key":"SMITH"}],"circlet_count":0,"master_deck":["AscendersBane","Zap","Dualcast","Static Discharge+1","Cold Snap","Defragment+1","Beam Cell","Conserve Battery","Loop+1","Doom and Gloom","Coolheaded","Defragment+1","Capacitor+1","Electrodynamics","Self Repair","Glacier+1","Chill","Go for the Eyes","Reinforced Body+1","Heatsinks","Defragment+1","Compile Driver","Sweeping Beam","Barrage+1","Barrage+1","Undo","Skim"],"relics":["Cracked Core","NeowsBlessing","Golden Idol","StrikeDummy","Mango","Dream Catcher","StoneCalendar","Velvet Choker","Nloth\u0027s Gift","Boot","Calipers","CeramicFish","ClockworkSouvenir","Pandora\u0027s Box","Bottled Lightning","Centennial Puzzle","Gremlin Horn","White Beast Statue"],"acts_visited":["Exordium","TheCity","TheBeyond"],"potions_floor_usage":[50,50],"damage_taken":[{"damage":0.0,"enemies":"2 Louse","floor":1.0,"turns":1.0},{"damage":0.0,"enemies":"Small Slimes","floor":3.0,"turns":1.0},{"damage":0.0,"enemies":"3 Sentries","floor":6.0,"turns":1.0},{"damage":2.0,"enemies":"Cultist","floor":8.0,"turns":3.0},{"damage":9.0,"enemies":"Red Slaver","floor":10.0,"turns":3.0},{"damage":13.0,"enemies":"Lagavulin","floor":11.0,"turns":6.0},{"damage":14.0,"enemies":"3 Sentries","floor":13.0,"turns":4.0},{"damage":3.0,"enemies":"Looter","floor":14.0,"turns":4.0},{"damage":28.0,"enemies":"Slime Boss","floor":16.0,"turns":5.0},{"damage":9.0,"enemies":"Spheric Guardian","floor":18.0,"turns":4.0},{"damage":14.0,"enemies":"Shell Parasite","floor":19.0,"turns":5.0},{"damage":0.0,"enemies":"Snecko","floor":21.0,"turns":6.0},{"damage":16.0,"enemies":"Slavers","floor":24.0,"turns":5.0},{"damage":12.0,"enemies":"Gremlin Leader","floor":27.0,"turns":7.0},{"damage":30.0,"enemies":"Shelled Parasite and Fungi","floor":28.0,"turns":7.0},{"damage":2.0,"enemies":"3 Cultists","floor":29.0,"turns":3.0},{"damage":13.0,"enemies":"Collector","floor":33.0,"turns":12.0},{"damage":4.0,"enemies":"3 Darklings","floor":35.0,"turns":7.0},{"damage":8.0,"enemies":"Orb Walker","floor":38.0,"turns":6.0},{"damage":0.0,"enemies":"Maw","floor":39.0,"turns":6.0},{"damage":43.0,"enemies":"Nemesis","floor":41.0,"turns":7.0},{"damage":12.0,"enemies":"4 Shapes","floor":42.0,"turns":5.0},{"damage":0.0,"enemies":"Writhing Mass","floor":44.0,"turns":8.0},{"damage":5.0,"enemies":"Reptomancer","floor":45.0,"turns":7.0},{"damage":0.0,"enemies":"Nemesis","floor":47.0,"turns":11.0},{"damage":16.0,"enemies":"Sphere and 2 Shapes","floor":48.0,"turns":7.0},{"damage":13,"enemies":"Donu and Deca","floor":50,"turns":12}],"seed_played":"465653828660709839","potions_obtained":[{"floor":1.0,"key":"Strength Potion"},{"floor":3.0,"key":"Weak Potion"},{"floor":21.0,"key":"BlessingOfTheForge"},{"floor":24.0,"key":"Swift Potion"},{"floor":28.0,"key":"Regen Potion"},{"floor":39.0,"key":"PotionOfCapacity"},{"floor":42.0,"key":"FocusPotion"},{"floor":48.0,"key":"LiquidBronze"}],"is_trial":false,"path_per_floor":["M","?","M","?","?","E","R","M","T","M","E","$","E","M","R","B",null,"M","M","?","M","$","R","E","R","T","E","M","M","$","?","R","B",null,"M","?","$","M","M","R","E","M","T","M","E","R","E","M","R","B",null],"character_chosen":"DEFECT","items_purchased":["Doom and Gloom","Coolheaded","Chill","ClockworkSouvenir"],"campfire_rested":1,"item_purchase_floors":[12,12,22,30],"current_hp_per_floor":[64,64,64,61,61,75,75,73,73,64,51,51,37,34,58,30,68,59,52,52,59,59,59,50,50,50,45,22,27,27,90,90,84,89,90,90,90,82,89,89,53,60,60,67,62,62,69,60,60,54],"gold":349,"neow_bonus":"THREE_ENEMY_KILL","is_daily":false,"chose_seed":false,"campfire_upgraded":7,"win_rate":0.0,"timestamp":1613102394,"path_taken":["M","?","M","?","?","E","R","M","T","M","E","$","E","M","R","BOSS","M","M","?","M","$","R","E","R","T","E","M","?","?","?","R","BOSS","M","?","?","M","M","R","E","M","T","M","E","R","E","M","R","BOSS"],"items_purchased_type":["Card","Card","Card","Relic"],"build_version":"2020-12-22","purchased_purges":3,"victory":true,"max_hp_per_floor":[71,66,66,66,66,80,80,80,80,80,80,80,80,80,80,80,80,80,80,80,80,80,80,80,80,80,80,80,80,80,90,90,90,90,90,90,90,90,90,90,90,90,90,90,90,90,90,90,90,90],"card_choices":[{"not_picked":["Auto Shields","Turbo"],"picked":"Static Discharge","floor":1.0},{"not_picked":["Skim","Streamline"],"picked":"Cold Snap","floor":3.0},{"not_picked":["Beam Cell","Melter"],"picked":"Defragment","floor":6.0},{"not_picked":["Chaos","Conserve Battery"],"picked":"Beam Cell","floor":8.0},{"not_picked":["Redo","Double Energy"],"picked":"Conserve Battery","floor":10.0},{"not_picked":["Tempest","Genetic Algorithm"],"picked":"Loop","floor":11.0},{"not_picked":["Redo","Conserve Battery"],"picked":"Defragment","floor":13.0},{"not_picked":["Conserve Battery","Fusion"],"picked":"Capacitor","floor":14.0},{"not_picked":["Ball Lightning","Recycle"],"picked":"Electrodynamics","floor":15.0},{"not_picked":["Hyperbeam","Amplify"],"picked":"Fission","floor":16.0},{"not_picked":["Lockon","Conserve Battery"],"picked":"Self Repair","floor":18.0},{"not_picked":["Fusion","Coolheaded"],"picked":"Glacier","floor":19.0},{"not_picked":["Gash","Ball Lightning","Conserve Battery"],"picked":"SKIP","floor":21.0},{"not_picked":["Lockon","Doom and Gloom","Sunder"],"picked":"SKIP","floor":24.0},{"not_picked":["Steam","Melter"],"picked":"Go for the Eyes","floor":27.0},{"not_picked":["Redo","Go for the Eyes","Reprogram"],"picked":"SKIP","floor":28.0},{"not_picked":["FTL","Leap"],"picked":"Reinforced Body+1","floor":29.0},{"not_picked":["Gash","Coolheaded"],"picked":"Barrage+1","floor":35.0},{"not_picked":["Ball Lightning","Streamline+1","Steam"],"picked":"SKIP","floor":38.0},{"not_picked":["Redo","Beam Cell"],"picked":"Barrage+1","floor":39.0},{"not_picked":["Ball Lightning","Rainbow"],"picked":"Undo","floor":41.0},{"not_picked":["Barrage+1","Aggregate+1","Double Energy"],"picked":"SKIP","floor":42.0},{"not_picked":["Go for the Eyes","Lockon"],"picked":"Skim","floor":44.0},{"not_picked":["Thunder Strike","Hologram","Steam"],"picked":"SKIP","floor":45.0},{"not_picked":["Steam","Cold Snap","Genetic Algorithm+1"],"picked":"SKIP","floor":47.0},{"not_picked":["Genetic Algorithm","Auto Shields","Leap"],"picked":"SKIP","floor":48.0}],"player_experience":366552,"relics_obtained":[{"floor":6.0,"key":"Mango"},{"floor":9.0,"key":"Juzu Bracelet"},{"floor":11.0,"key":"Dream Catcher"},{"floor":13.0,"key":"StoneCalendar"},{"floor":24.0,"key":"Boot"},{"floor":26.0,"key":"Calipers"},{"floor":27.0,"key":"CeramicFish"},{"floor":41.0,"key":"Bottled Lightning"},{"floor":43.0,"key":"Centennial Puzzle"},{"floor":45.0,"key":"Gremlin Horn"},{"floor":47.0,"key":"White Beast Statue"}],"event_choices":[{"damage_healed":0.0,"max_hp_gain":0.0,"max_hp_loss":5.0,"gold_gain":0.0,"event_name":"Golden Idol","player_choice":"Lose Max HP","floor":2.0,"gold_loss":0.0,"damage_taken":0.0,"relics_obtained":["Golden Idol"]},{"damage_healed":0.0,"max_hp_gain":0.0,"max_hp_loss":0.0,"gold_gain":0.0,"event_name":"Scrap Ooze","player_choice":"Success","floor":4.0,"gold_loss":0.0,"damage_taken":3.0,"relics_obtained":["StrikeDummy"]},{"damage_healed":0.0,"max_hp_gain":0.0,"max_hp_loss":0.0,"gold_gain":0.0,"event_name":"Accursed Blacksmith","player_choice":"Forge","floor":5.0,"gold_loss":0.0,"damage_taken":0.0,"cards_upgraded":["Static Discharge"]},{"damage_healed":0.0,"max_hp_gain":0.0,"max_hp_loss":0.0,"gold_gain":0.0,"event_name":"N\u0027loth","player_choice":"Traded Relic","floor":20.0,"relics_lost":["Juzu Bracelet"],"gold_loss":0.0,"damage_taken":0.0,"relics_obtained":["Nloth\u0027s Gift"]},{"cards_removed":["Fission"],"damage_healed":53.0,"max_hp_gain":10.0,"max_hp_loss":0.0,"gold_gain":0.0,"event_name":"Bonfire Elementals","player_choice":"Offered Rare","floor":31.0,"gold_loss":0.0,"damage_taken":0.0},{"cards_removed":["Rainbow"],"damage_healed":0.0,"max_hp_gain":0.0,"max_hp_loss":0.0,"gold_gain":0.0,"event_name":"Wheel of Change","player_choice":"Card Removal","floor":36.0,"gold_loss":0.0,"damage_taken":0.0}],"is_beta":false,"boss_relics":[{"not_picked":["Fusion Hammer","SacredBark"],"picked":"Velvet Choker"},{"not_picked":["Tiny House","Cursed Key"],"picked":"Pandora\u0027s Box"}],"items_purged_floors":[12,22,37],"is_endless":false,"potions_floor_spawned":[1,3,11,16,21,24,28,29,33,39,41,42,44,48],"ascension_level":14}}