{"host":"gbbz8f5svnnpwo8d","time":1613103378,"event":{"mods":["AchievementEnabler","AlwaysNeverKeys","BaseMod","Bestiary","Better Altar","Better Match","Better Note","Better Sensory Stone","Better Silent Start","Better Skull","Better Third Choice","Better Vampires","Better-Laid Plans","BetterRewards","Block Reminder","Bossed Relics","Colored Map","Colored Powertips","Curses Come First","Dark Map","Displayed Cursed Tome","GifTheSpireLib","Minty Spire (QoL Compilation)","MonsterHotkey","Permanent Neow","Potion Indicator Mod","Quick Restart","Random Character Button","Rare Cards Sparkle","Relic Stats","Shop Mod","Spicy Shops","Spire Birthday Party","StSLib","Transform Curses"],"gold_per_floor":[109,109,127,9,27,57,70,70,70,70,70,88,88,107,107,203,203,203,203,131,131,131,131,131,131,131,131,131,131,131,53,53,53,53,53,53,53,53,53,53,53,53,53,53,53,53,53,53,53,53,53,53,2,2,2,2],"floor_reached":55,"language":"ENG","playtime":4626,"items_purged":[],"score":870,"play_id":"cb5ee38c-37a8-4b8b-a3b9-8d27388c12f7","local_time":"20210211211618","is_ascension_mode":false,"campfire_choices":[{"floor":8.0,"key":"REST"},{"data":"LikeWater","floor":11,"key":"SMITH"},{"floor":13,"key":"REST"},{"data":"Halt","floor":15,"key":"SMITH"},{"data":"ConjureBlade","floor":23,"key":"SMITH"},{"data":"Worship","floor":25,"key":"SMITH"},{"data":"DevaForm","floor":32,"key":"SMITH"},{"data":"Omniscience","floor":40,"key":"SMITH"},{"data":"Worship","floor":42,"key":"SMITH"},{"data":"Worship","floor":44,"key":"SMITH"},{"floor":47,"key":"REST"},{"data":"Wallop","floor":49,"key":"SMITH"},{"data":"Finesse","floor":52,"key":"SMITH"}],"circlet_count":0,"master_deck":["Strike_P","Strike_P","Strike_P","Strike_P","Defend_P","Defend_P","Defend_P","Defend_P","Eruption+1","Vigilance","Prostrate","Finesse+1","FollowUp","LikeWater+1","Weave","Halt+1","CarveReality","Worship+1","Wallop+1","FlurryOfBlows","Worship+1","ConjureBlade+1","ReachHeaven+1","FearNoEvil+1","Worship+1","ClearTheMind+1","DevaForm+1","Consecrate+1","Omniscience+1","Madness","Madness","FlurryOfBlows"],"relics":["PureWater","Thread and Needle","Gambling Chip","Kunai","MerchantsRug","Pantograph","Ectoplasm","Membership Card","betterThird:NestCultRelic","Oddly Smooth Stone","Chemical X","Busted Crown","WingedGreaves","Mummified Hand","InkBottle","Molten Egg 2","White Beast Statue"],"acts_visited":["Exordium","TheCity","TheBeyond","TheEnding"],"potions_floor_usage":[12,16,22,13030,30,30,41,55,55,55,55],"damage_taken":[{"damage":4.0,"enemies":"2 Louse","floor":1.0,"turns":2.0},{"damage":0.0,"enemies":"Jaw Worm","floor":3.0,"turns":5.0},{"damage":0.0,"enemies":"Cultist","floor":5.0,"turns":2.0},{"damage":0.0,"enemies":"Lagavulin","floor":6.0,"turns":6.0},{"damage":3.0,"enemies":"Looter","floor":7.0,"turns":3.0},{"damage":4,"enemies":"Exordium Thugs","floor":12,"turns":5},{"damage":0,"enemies":"Large Slime","floor":14,"turns":2},{"damage":17,"enemies":"Hexaghost","floor":16,"turns":9},{"damage":0,"enemies":"Shell Parasite","floor":18,"turns":3},{"damage":0,"enemies":"3 Byrds","floor":19,"turns":5},{"damage":0,"enemies":"Centurion and Healer","floor":22,"turns":3},{"damage":0,"enemies":"Snecko","floor":27,"turns":2},{"damage":6,"enemies":"Snake Plant","floor":30,"turns":3},{"damage":32,"enemies":"Collector","floor":33,"turns":3},{"damage":0,"enemies":"Orb Walker","floor":35,"turns":1},{"damage":3,"enemies":"2 Orb Walkers","floor":36,"turns":4},{"damage":0,"enemies":"3 Shapes","floor":39,"turns":3},{"damage":3,"enemies":"Transient","floor":41,"turns":5},{"damage":21,"enemies":"Maw","floor":45,"turns":7},{"damage":2,"enemies":"Giant Head","floor":48,"turns":6},{"damage":53,"enemies":"Donu and Deca","floor":50,"turns":8},{"damage":39,"enemies":"Shield and Spear","floor":54,"turns":7},{"damage":68,"enemies":"The Heart","floor":55,"turns":5}],"seed_played":"4947526341631760682","potions_obtained":[{"floor":3.0,"key":"Block Potion"},{"floor":6.0,"key":"SkillPotion"},{"floor":7.0,"key":"FearPotion"},{"floor":18,"key":"SteroidPotion"},{"floor":30,"key":"SkillPotion"},{"floor":33,"key":"Strength Potion"},{"floor":36,"key":"Swift Potion"},{"floor":39,"key":"Regen Potion"},{"floor":45,"key":"Dexterity Potion"},{"floor":54,"key":"Ambrosia"}],"is_trial":false,"path_per_floor":["M","?","M","$","M","E","M","R","T","?","R","M","R","M","R","B",null,"M","M","$","?","M","R","?","R","T","M","?","?","M","$","R","B",null,"M","?","?","?","M","R","M","R","T","R","M","T","R","E","R","B",null,"R","$","E","B"],"character_chosen":"WATCHER","items_purchased":["Prostrate","Finesse","FollowUp","LikeWater","Gambling Chip","Kunai","MerchantsRug","Worship","Wallop","Membership Card","Chemical X","PowerPotion"],"campfire_rested":3,"item_purchase_floors":[0,0,0,0,0,0,0,4,4,20,31,53],"current_hp_per_floor":[36,36,36,36,36,36,33,57,57,61,61,57,81,81,81,65,82,82,82,82,82,82,82,82,82,82,82,62,46,61,61,61,50,82,82,79,69,69,69,69,66,66,66,66,45,45,69,67,67,29,82,82,82,43,0,0],"gold":2,"neow_bonus":"","is_daily":false,"chose_seed":false,"campfire_upgraded":10,"win_rate":0.0,"timestamp":1613103378,"path_taken":["M","?","M","$","M","E","M","R","T","?","R","?","R","M","R","BOSS","M","M","$","?","M","R","?","R","T","M","?","?","?","$","R","BOSS","M","?","?","?","M","R","?","R","T","R","M","?","R","E","R","BOSS","R","$","E","BOSS"],"items_purchased_type":["Card","Card","Card","Card","Relic","Relic","Relic","Card","Card","Relic","Relic","Potion"],"build_version":"2020-12-22","purchased_purges":0,"victory":false,"max_hp_per_floor":[82,82,82,82,82,82,82,82,82,82,82,82,82,82,82,82,82,82,82,82,82,82,82,82,82,82,82,82,82,82,82,82,82,82,82,82,82,82,82,82,82,82,82,82,82,82,82,82,82,82,82,82,82,82,82,82],"relic_stats":{"Busted Crown":14,"counters":[95,389],"Mummified Hand":[8],"Gambling Chip":[138],"Pantograph":62,"Ectoplasm":572,"Kunai":[64],"Chemical X":[6],"obtain_stats":[{"Ice Cream":0,"Calipers":0,"Tiny House":34,"Vajra":26,"Bottled Tornado":46,"Old Coin":13,"Sozu":34,"HornCleat":9,"FaceOfCleric":21,"Kunai":0,"MerchantsRug":0,"Pear":0,"Happy Flower":13,"Dead Branch":39,"Oddly Smooth Stone":38,"Eternal Feather":23,"Question Card":9,"Akabeko":9,"SlaversCollar":17,"Bottled Flame":31,"Shuriken":0,"MutagenicStrength":19,"Molten Egg 2":14,"Nloth\u0027s Gift":21,"Symbiotic Virus":0,"StrikeDummy":6,"Regal Pillow":43,"Lantern":7,"Mango":38,"Juzu Bracelet":36,"Bag of Preparation":27,"TeardropLocket":37,"Cursed Key":17,"Matryoshka":6,"Mummified Hand":43,"Gambling Chip":0,"Pantograph":9,"WingedGreaves":23,"Red Mask":45,"Chemical X":31,"Cracked Core":0,"InkBottle":46,"Lee\u0027s Waffle":38,"Golden Idol":2,"Thread and Needle":0,"betterThird:NestCultRelic":24,"Odd Mushroom":7,"Orichalcum":6,"Frozen Egg 2":40,"White Beast Statue":54,"Peace Pipe":0,"Strange Spoon":53,"Anchor":54,"Busted Crown":34,"Bloody Idol":21,"betterThird:SlimedRelic":2,"Ectoplasm":17,"Art of War":9,"Membership Card":53,"PureWater":0,"TungstenRod":26,"Toy Ornithopter":53},{"Ice Cream":24,"Calipers":46,"Tiny House":61,"Vajra":57,"Bottled Tornado":68,"Old Coin":51,"Sozu":17,"HornCleat":48,"FaceOfCleric":44,"Kunai":72,"MerchantsRug":0,"Pear":46,"Happy Flower":6,"Dead Branch":64,"Oddly Smooth Stone":19,"Eternal Feather":45,"Question Card":29,"Akabeko":48,"SlaversCollar":32,"Bottled Flame":60,"Shuriken":24,"MutagenicStrength":53,"Molten Egg 2":51,"Nloth\u0027s Gift":10,"Symbiotic Virus":0,"StrikeDummy":76,"Regal Pillow":20,"Lantern":39,"Mango":19,"Juzu Bracelet":18,"Bag of Preparation":58,"TeardropLocket":63,"Cursed Key":8,"Matryoshka":48,"Mummified Hand":90,"Gambling Chip":72,"Pantograph":77,"WingedGreaves":56,"Red Mask":21,"Chemical X":85,"Cracked Core":0,"InkBottle":91,"Lee\u0027s Waffle":19,"Golden Idol":36,"Thread and Needle":72,"betterThird:NestCultRelic":83,"Odd Mushroom":4,"Orichalcum":39,"Frozen Egg 2":65,"White Beast Statue":94,"Peace Pipe":0,"Strange Spoon":70,"Anchor":71,"Busted Crown":86,"Bloody Idol":34,"betterThird:SlimedRelic":47,"Ectoplasm":80,"Art of War":4,"Membership Card":70,"PureWater":0,"TungstenRod":45,"Toy Ornithopter":70},{"Ice Cream":91,"Calipers":191,"Tiny House":250,"Vajra":237,"Bottled Tornado":268,"Old Coin":210,"Sozu":60,"HornCleat":196,"FaceOfCleric":177,"Kunai":290,"MerchantsRug":0,"Pear":191,"Happy Flower":13,"Dead Branch":259,"Oddly Smooth Stone":68,"Eternal Feather":182,"Question Card":104,"Akabeko":196,"SlaversCollar":123,"Bottled Flame":247,"Shuriken":91,"MutagenicStrength":225,"Molten Egg 2":210,"Nloth\u0027s Gift":29,"Symbiotic Virus":0,"StrikeDummy":305,"Regal Pillow":74,"Lantern":149,"Mango":68,"Juzu Bracelet":64,"Bag of Preparation":240,"TeardropLocket":255,"Cursed Key":21,"Matryoshka":196,"Mummified Hand":356,"Gambling Chip":290,"Pantograph":308,"WingedGreaves":233,"Red Mask":79,"Chemical X":340,"Cracked Core":0,"InkBottle":363,"Lee\u0027s Waffle":68,"Golden Idol":137,"Thread and Needle":290,"betterThird:NestCultRelic":335,"Odd Mushroom":9,"Orichalcum":149,"Frozen Egg 2":260,"White Beast Statue":384,"Peace Pipe":0,"Strange Spoon":275,"Anchor":279,"Busted Crown":343,"Bloody Idol":130,"betterThird:SlimedRelic":192,"Ectoplasm":324,"Art of War":9,"Membership Card":275,"PureWater":0,"TungstenRod":182,"Toy Ornithopter":275}],"InkBottle":[16]},"card_choices":[{"not_picked":["BowlingBash","CrushJoints"],"picked":"Halt","floor":1.0},{"not_picked":["EmptyMind","SashWhip"],"picked":"CarveReality","floor":3.0},{"not_picked":["WaveOfTheHand","Crescendo","Evaluate"],"picked":"SKIP","floor":5.0},{"not_picked":["Halt","ClearTheMind"],"picked":"FlurryOfBlows","floor":6.0},{"not_picked":["Halt","Evaluate","CrushJoints"],"picked":"SKIP","floor":7.0},{"not_picked":["CutThroughFate","Perseverance"],"picked":"Worship","floor":12},{"not_picked":["Weave","Evaluate","SashWhip"],"picked":"SKIP","floor":14},{"not_picked":["Vault","Blasphemy"],"picked":"ConjureBlade","floor":16},{"not_picked":["Crescendo","Protect"],"picked":"ReachHeaven+1","floor":18},{"not_picked":["JustLucky","EmptyFist"],"picked":"FearNoEvil+1","floor":19},{"not_picked":["JustLucky+1","DevaForm"],"picked":"Worship","floor":22},{"not_picked":["Adaptation+1","PathToVictory"],"picked":"ClearTheMind+1","floor":27},{"not_picked":["JustLucky","Crescendo"],"picked":"Consecrate+1","floor":30},{"not_picked":["Wish","Judgement"],"picked":"Omniscience","floor":33},{"not_picked":["CutThroughFate"],"picked":"SKIP","floor":35},{"not_picked":["WheelKick"],"picked":"SKIP","floor":39},{"not_picked":[],"picked":"FlurryOfBlows","floor":41},{"not_picked":["Worship"],"picked":"SKIP","floor":45},{"not_picked":["Nirvana+1"],"picked":"SKIP","floor":48},{"not_picked":["LessonLearned+1"],"picked":"SKIP","floor":54}],"player_experience":3752216,"relics_obtained":[{"floor":6.0,"key":"StrikeDummy"},{"floor":9.0,"key":"Pantograph"},{"floor":26,"key":"Oddly Smooth Stone"},{"floor":36,"key":"WingedGreaves"},{"floor":43,"key":"Mummified Hand"},{"floor":46,"key":"InkBottle"},{"floor":48,"key":"Molten Egg 2"},{"floor":54,"key":"White Beast Statue"}],"event_choices":[{"damage_healed":0.0,"max_hp_gain":0.0,"max_hp_loss":0.0,"gold_gain":0.0,"event_name":"Living Wall","player_choice":"Grow","floor":2.0,"gold_loss":0.0,"damage_taken":0.0,"cards_upgraded":["Eruption"]},{"damage_healed":4,"gold_gain":0,"player_choice":"LEAVE ","damage_taken":0,"relics_obtained":[],"max_hp_gain":0,"max_hp_loss":0,"event_name":"betterSkull:BetterSkull","floor":10,"gold_loss":0,"cards_upgraded":[]},{"cards_removed":["Strike_P"],"damage_healed":0,"gold_gain":0,"player_choice":"Give","damage_taken":0,"max_hp_gain":0,"max_hp_loss":0,"event_name":"betterNote:BetterNote","floor":21,"gold_loss":0,"cards_obtained":["Strike_G"]},{"damage_healed":0,"gold_gain":0,"player_choice":"Madness","damage_taken":0,"relics_obtained":["betterThird:NestCultRelic"],"max_hp_gain":0,"max_hp_loss":0,"event_name":"betterThird:BetterNest","floor":24,"gold_loss":0},{"damage_healed":0,"gold_gain":0,"player_choice":" Potion ","damage_taken":20,"relics_obtained":[],"max_hp_gain":82,"max_hp_loss":62,"event_name":"betterAltar:BetterAltar","floor":28,"potions_obtained":["betterAltar:AltarPotion"],"relics_lost":[],"gold_loss":0},{"damage_healed":0,"gold_gain":2,"player_choice":"2","damage_taken":0,"max_hp_gain":0,"max_hp_loss":16,"event_name":"betterStone:BetterStone","floor":29,"gold_loss":0},{"damage_healed":0,"gold_gain":0,"player_choice":"Fight","damage_taken":0,"max_hp_gain":0,"max_hp_loss":0,"event_name":"Mysterious Sphere","floor":36,"gold_loss":0},{"damage_healed":0,"gold_gain":0,"player_choice":"Embrace Madness","damage_taken":10,"max_hp_gain":0,"max_hp_loss":0,"event_name":"Winding Halls","floor":37,"gold_loss":0,"cards_obtained":["Madness","Madness"]},{"damage_healed":0,"gold_gain":100,"player_choice":"Pray","damage_taken":0,"max_hp_gain":0,"max_hp_loss":0,"event_name":"Golden Shrine","floor":38,"gold_loss":0}],"is_beta":false,"boss_relics":[{"not_picked":["Empty Cage","SacredBark"],"picked":"Ectoplasm"},{"not_picked":["VioletLotus","Cursed Key"],"picked":"Busted Crown"}],"items_purged_floors":[],"is_endless":false,"potions_floor_spawned":[3,6,7,18,30,33,36,39,45,54],"killed_by":"The Heart","ascension_level":0}}