{"host":"BK","time":1613154751,"event":{"mods":["BaseMod","Highlight Path","Minty Spire (QoL Compilation)","StSLib"],"gold_per_floor":[115,115,115,126,143,143,172,172,172,200,200,217,234,159,159,234,234,247,262,303,303,316,316,42,42,42,42,80,80,80,95,95,166,166,207,135,159,243,339,339,364,364],"floor_reached":41,"language":"ENG","playtime":2438,"items_purged":["Strike_P"],"score":902,"play_id":"99b9b88f-718b-4c76-8a52-94a52cf5d7dd","local_time":"20210212113231","is_ascension_mode":true,"campfire_choices":[{"data":"WheelKick","floor":6.0,"key":"SMITH"},{"data":"TalkToTheHand","floor":8.0,"key":"SMITH"},{"data":"Eruption","floor":11.0,"key":"SMITH"},{"data":"Halt","floor":15.0,"key":"SMITH"},{"data":"Vigilance","floor":23.0,"key":"SMITH"},{"data":"Evaluate","floor":25.0,"key":"SMITH"},{"data":"EmptyBody","floor":30.0,"key":"SMITH"},{"data":"Meditate","floor":32.0,"key":"SMITH"},{"data":"CutThroughFate","floor":40,"key":"SMITH"}],"circlet_count":0,"master_deck":["AscendersBane","Eruption+1","Vigilance+1","FearNoEvil+1","WheelKick+1","TalkToTheHand+1","Halt+1","Protect","Blasphemy","FollowUp","Wish","FollowUp","Establishment","Weave","Meditate+1","BattleHymn","EmptyBody+1","Evaluate+1","CutThroughFate+1","CurseOfTheBell","DeceiveReality","ThirdEye+1","Wireheading"],"relics":["Coffee Dripper","Mercury Hourglass","Ancient Tea Set","PreservedInsect","Pandora\u0027s Box","Toy Ornithopter","Mango","SsserpentHead","Calling Bell","CeramicFish","Eternal Feather","TungstenRod","CaptainsWheel","Calipers"],"acts_visited":["Exordium","TheCity","TheBeyond"],"potions_floor_usage":[39],"damage_taken":[{"damage":2.0,"enemies":"Jaw Worm","floor":1.0,"turns":3.0},{"damage":2.0,"enemies":"2 Louse","floor":4.0,"turns":3.0},{"damage":0.0,"enemies":"Cultist","floor":5.0,"turns":2.0},{"damage":0.0,"enemies":"3 Sentries","floor":7.0,"turns":7.0},{"damage":0.0,"enemies":"Gremlin Nob","floor":10.0,"turns":2.0},{"damage":7.0,"enemies":"Gremlin Gang","floor":12.0,"turns":3.0},{"damage":0.0,"enemies":"Large Slime","floor":13.0,"turns":3.0},{"damage":2.0,"enemies":"The Guardian","floor":16.0,"turns":10.0},{"damage":14.0,"enemies":"3 Byrds","floor":18.0,"turns":4.0},{"damage":8.0,"enemies":"Chosen","floor":19.0,"turns":5.0},{"damage":12.0,"enemies":"3 Cultists","floor":20.0,"turns":4.0},{"damage":5.0,"enemies":"Snake Plant","floor":22.0,"turns":3.0},{"damage":23.0,"enemies":"Snecko","floor":28.0,"turns":5.0},{"damage":0.0,"enemies":"Centurion and Healer","floor":31.0,"turns":4.0},{"damage":18.0,"enemies":"Collector","floor":33.0,"turns":8.0},{"damage":7.0,"enemies":"3 Shapes","floor":35.0,"turns":3.0},{"damage":0.0,"enemies":"Orb Walker","floor":37.0,"turns":3.0},{"damage":0.0,"enemies":"Mind Bloom Boss Battle","floor":38.0,"turns":2.0},{"damage":28,"enemies":"2 Orb Walkers","floor":39,"turns":6},{"damage":56,"enemies":"Giant Head","floor":41,"turns":8}],"seed_played":"2273220407500122148","potions_obtained":[{"floor":4.0,"key":"ColorlessPotion"},{"floor":5.0,"key":"Block Potion"},{"floor":12.0,"key":"PowerPotion"},{"floor":19.0,"key":"LiquidMemories"},{"floor":20.0,"key":"Block Potion"},{"floor":28.0,"key":"EntropicBrew"},{"floor":33.0,"key":"Strength Potion"}],"is_trial":false,"path_per_floor":["M","?","?","M","M","R","E","R","T","E","R","M","M","$","R","B",null,"M","M","M","?","M","R","$","R","T","?","M","$","R","M","R","B",null,"M","$","M","?","?","R","E"],"character_chosen":"WATCHER","items_purchased":["Toy Ornithopter","PowerPotion","Explosive Potion","DeceiveReality"],"campfire_rested":0,"item_purchase_floors":[24,24,24,36],"current_hp_per_floor":[59,39,39,37,37,37,37,37,37,37,37,30,30,30,30,28,58,44,36,24,24,19,19,19,19,33,33,10,10,10,10,10,7,63,56,56,56,56,33,45,0,0],"gold":364,"neow_bonus":"BOSS_RELIC","is_daily":false,"chose_seed":false,"campfire_upgraded":9,"win_rate":0.0,"timestamp":1613154751,"path_taken":["M","?","?","M","M","R","E","R","T","E","R","?","M","$","R","BOSS","M","M","?","?","M","R","$","R","T","?","M","$","R","M","R","BOSS","M","$","M","?","?","R","E"],"items_purchased_type":["Relic","Potion","Potion","Card"],"build_version":"2020-12-18","purchased_purges":1,"victory":false,"max_hp_per_floor":[68,68,68,68,68,68,68,68,68,68,68,68,68,68,68,68,68,68,68,68,68,68,68,68,68,82,82,82,82,82,82,82,82,82,82,82,82,82,82,82,82,82],"card_choices":[{"not_picked":["ClearTheMind","Meditate"],"picked":"FearNoEvil","floor":1.0},{"not_picked":["Study","EmptyFist"],"picked":"WheelKick","floor":4.0},{"not_picked":["SashWhip","FollowUp"],"picked":"TalkToTheHand","floor":5.0},{"not_picked":["Indignation","FollowUp"],"picked":"Halt","floor":7.0},{"not_picked":["Fasting2","PathToVictory","Study"],"picked":"SKIP","floor":10.0},{"not_picked":["CarveReality","PathToVictory"],"picked":"Protect","floor":12.0},{"not_picked":["WindmillStrike","Ragnarok","EmptyBody"],"picked":"SKIP","floor":13.0},{"not_picked":["Judgement","Devotion"],"picked":"Blasphemy","floor":16.0},{"not_picked":["ClearTheMind+1","Nirvana"],"picked":"EmptyBody","floor":18.0},{"not_picked":["SashWhip","FollowUp"],"picked":"Evaluate","floor":19.0},{"not_picked":["Halt","PathToVictory+1","Protect"],"picked":"SKIP","floor":20.0},{"not_picked":["SpiritShield","Prostrate"],"picked":"CutThroughFate","floor":22.0},{"not_picked":["Study","PathToVictory","DevaForm"],"picked":"SKIP","floor":28.0},{"not_picked":["Study","PathToVictory","DevaForm"],"picked":"SKIP","floor":28.0},{"not_picked":["SashWhip","PathToVictory","Halt"],"picked":"SKIP","floor":31.0},{"not_picked":["CutThroughFate","SashWhip+1","JustLucky"],"picked":"SKIP","floor":35.0},{"not_picked":["Protect","BowlingBash"],"picked":"ThirdEye+1","floor":37.0},{"not_picked":["PathToVictory+1","ThirdEye+1"],"picked":"Wireheading","floor":38.0}],"player_experience":2562220,"relics_obtained":[{"floor":7.0,"key":"Mercury Hourglass"},{"floor":9.0,"key":"Ancient Tea Set"},{"floor":10.0,"key":"PreservedInsect"},{"floor":26.0,"key":"Mango"},{"floor":34.0,"key":"CeramicFish"},{"floor":34.0,"key":"Eternal Feather"},{"floor":34.0,"key":"TungstenRod"},{"floor":38.0,"key":"CaptainsWheel"},{"floor":39,"key":"Calipers"}],"event_choices":[{"damage_healed":0.0,"max_hp_gain":0.0,"max_hp_loss":0.0,"gold_gain":0.0,"event_name":"Shining Light","player_choice":"Entered Light","floor":2.0,"gold_loss":0.0,"damage_taken":20.0,"cards_upgraded":["Defend_P","Strike_P"]},{"damage_healed":0.0,"max_hp_gain":0.0,"max_hp_loss":0.0,"gold_gain":0.0,"event_name":"Accursed Blacksmith","player_choice":"Forge","floor":3.0,"gold_loss":0.0,"damage_taken":0.0,"cards_upgraded":["FearNoEvil"]},{"damage_healed":0.0,"max_hp_gain":0.0,"max_hp_loss":0.0,"gold_gain":0.0,"event_name":"Cursed Tome","player_choice":"Ignored","floor":21.0,"gold_loss":0.0,"damage_taken":0.0},{"damage_healed":0.0,"max_hp_gain":0.0,"max_hp_loss":0.0,"gold_gain":0.0,"event_name":"FaceTrader","player_choice":"Trade","floor":27.0,"gold_loss":0.0,"damage_taken":0.0,"relics_obtained":["SsserpentHead"]},{"damage_healed":0.0,"max_hp_gain":0.0,"max_hp_loss":0.0,"gold_gain":0.0,"event_name":"MindBloom","player_choice":"Fight","floor":38.0,"gold_loss":0.0,"damage_taken":0.0},{"damage_healed":0,"gold_gain":0,"player_choice":"Fight","damage_taken":0,"max_hp_gain":0,"max_hp_loss":0,"event_name":"Mysterious Sphere","floor":39,"gold_loss":0}],"is_beta":true,"boss_relics":[{"not_picked":["Fusion Hammer","Empty Cage"],"picked":"Pandora\u0027s Box"},{"not_picked":["SlaversCollar","Sozu"],"picked":"Calling Bell"}],"items_purged_floors":[14],"is_endless":false,"potions_floor_spawned":[4,5,12,19,20,28,33,35,37,38],"killed_by":"Giant Head","ascension_level":20}}