{"host":"zjc1tzo4ovig5lll","time":1613157966,"event":{"mods":["AchievementEnabler","Aspiration","BaseMod","Beaked The Cultist","Better Altar","Better Match","Better Note","Better Sensory Stone","Colored Map","Colored Powertips","Conspire","Energized Spire","Friendly Minions","GifTheSpireLib","Halation","Hermit","Hubris","Minty Spire (QoL Compilation)","Rare Cards Sparkle","Reliquary","Replay The Spire","StSLib","The Blue Laboratory","The Bug Knight","The Construct","The Jungle","everything is the same but u backflip on backflip"],"gold_per_floor":[359,359,107,107,107,107,126,143,143,198,225,125,125,143,199,294,294,312,312,312,312,312,327,327,342,413,413,431,450,450,285,285,380,380,393,403,414,414,414,414,414,414,414,430,430,430,440,440,440,440,440],"floor_reached":50,"language":"ENG","playtime":2157,"items_purged":["Decay","conspire:GhostlyDefend"],"score":511,"play_id":"6dae90d6-c9f8-42b9-a175-52d181a4dc06","local_time":"20210212212606","is_ascension_mode":true,"campfire_choices":[{"data":"Eruption","floor":6.0,"key":"SMITH"},{"data":"Adaptation","floor":13.0,"key":"SMITH"},{"floor":24.0,"key":"REST"},{"floor":30.0,"key":"RECALL"},{"floor":32.0,"key":"REST"},{"floor":40.0,"key":"REST"},{"data":"construct:Chainstrike","floor":42.0,"key":"SMITH"},{"floor":46,"key":"REST"},{"floor":49,"key":"DIG"}],"circlet_count":0,"master_deck":["conspire:GhostlyStrike","conspire:GhostlyStrike","conspire:GhostlyStrike","conspire:GhostlyStrike","conspire:GhostlyDefend","conspire:GhostlyDefend","Eruption+1","ThirdEye","Bash","Clash","Dramatic Entrance","Crow Ritual","Adaptation+1","EmptyFist","Consecrate","FollowUp","Judgement","construct:Chainstrike+1","construct:Missile","Panache","construct:Analyze","Swivel+1","construct:Analyze"],"relics":["Replay:M_SmolderingBlood","ReplayTheSpireMod:ShopPack","halation:LettersToHer","hubris:DisguiseKit","hubris:RunicObelisk","aspiration:RitualStick","halation:EternalFortune","Iron Hammer","aspiration:FutureDiary","halation:PapillonHeart","hubris:Towel","halation:PinkSoulGem","aspiration:EmptySkull","Replay:Multitool","reliquary:JackalopeAntler"],"acts_visited":["Exordium","TheCity","TheBeyond"],"potions_floor_usage":[50,50,50],"damage_taken":[{"damage":3.0,"enemies":"2 Louse","floor":1.0,"turns":2.0},{"damage":0.0,"enemies":"Jaw Worm","floor":7.0,"turns":1.0},{"damage":0.0,"enemies":"Small Slimes","floor":8.0,"turns":2.0},{"damage":7.0,"enemies":"3 Sentries","floor":10.0,"turns":5.0},{"damage":0.0,"enemies":"HollowMod:MossKnight","floor":11.0,"turns":2.0},{"damage":0.0,"enemies":"2 Fungi Beasts","floor":14.0,"turns":2.0},{"damage":51.0,"enemies":"The Guardian","floor":16.0,"turns":6.0},{"damage":12.0,"enemies":"Shell Parasite","floor":18.0,"turns":3.0},{"damage":10.0,"enemies":"2 Thieves","floor":23.0,"turns":2.0},{"damage":21.0,"enemies":"Snake Plant","floor":25.0,"turns":3.0},{"damage":2.0,"enemies":"Chosen and Byrds","floor":28.0,"turns":2.0},{"damage":0.0,"enemies":"Sentry and Sphere","floor":29.0,"turns":3.0},{"damage":62.0,"enemies":"conspire:MysteriousRune","floor":33.0,"turns":4.0},{"damage":12.0,"enemies":"3 Darklings","floor":35.0,"turns":4.0},{"damage":31.0,"enemies":"3 Shapes","floor":36.0,"turns":2.0},{"damage":16.0,"enemies":"Spire Growth","floor":37.0,"turns":3.0},{"damage":14,"enemies":"Maw","floor":44,"turns":5},{"damage":0,"enemies":"Sphere and 2 Shapes","floor":47,"turns":2},{"damage":130,"enemies":"conspire:OrnateMirror","floor":50,"turns":5}],"seed_played":"-2731029078311458128","potions_obtained":[{"floor":7.0,"key":"blueLaboratory:EnragingPotion"},{"floor":29.0,"key":"blueLaboratory:AlphaPotion"},{"floor":36.0,"key":"blueLaboratory:LouseDecoction"},{"floor":37.0,"key":"blueLaboratory:FrostheartPotion"},{"floor":44,"key":"blueLaboratory:FruitPunch"}],"is_trial":false,"path_per_floor":["M","?","$","?","?","R","M","M","T","?","E","$","R","M","R_BF","B",null,"M","?","?","?","?","M","R","M","T","$","M","M","R","$","R","B",null,"M","M","M","?","?","R","?","R","T","M","$","R","M","?","R_BF","B"],"character_chosen":"WATCHER","items_purchased":["Clash","ReplayTheSpireMod:ShopPack","Panache"],"campfire_rested":4,"item_purchase_floors":[3,3,31],"current_hp_per_floor":[69,69,69,62,62,62,62,62,62,55,55,55,55,55,55,4,72,60,46,49,49,49,39,61,40,40,40,41,41,41,41,64,2,78,66,38,22,22,22,45,45,45,45,31,31,54,54,54,54,0,0],"gold":440,"neow_bonus":"TWO_FIFTY_GOLD","is_daily":false,"chose_seed":false,"campfire_upgraded":3,"win_rate":0.0,"timestamp":1613157966,"path_taken":["M","?","$","?","?","R","M","M","T","?","E","$","R","M","R_BF","BOSS","M","?","?","?","?","M","R","M","T","$","M","M","R","$","R","BOSS","M","M","M","?","?","R","?","R","T","M","$","R","M","?","R_BF","BOSS"],"items_purchased_type":["Card","Relic","Card"],"build_version":"2020-12-22","purchased_purges":2,"victory":false,"max_hp_per_floor":[72,72,72,72,72,72,72,72,72,72,72,72,72,72,72,72,72,72,72,75,75,75,75,75,75,75,75,78,78,78,78,78,78,78,78,81,81,77,77,77,77,77,77,77,77,77,77,77,77,79,79],"card_choices":[{"not_picked":["Meditate","EmptyMind"],"picked":"ThirdEye","floor":1.0},{"not_picked":["ReplayTheSpireMod:Trickstab","Blind"],"picked":"Dramatic Entrance","floor":3.0},{"not_picked":["Midas Touch","ReplayTheSpireMod:Brewmster"],"picked":"Crow Ritual","floor":3.0},{"not_picked":["Indignation","ClearTheMind"],"picked":"Adaptation","floor":7.0},{"not_picked":["FlurryOfBlows","CutThroughFate"],"picked":"EmptyFist","floor":8.0},{"not_picked":["WindmillStrike","EmptyMind"],"picked":"Consecrate","floor":10.0},{"not_picked":["Replay:ManipulateFuture","Crescendo","Sanctity"],"picked":"SKIP","floor":11.0},{"not_picked":["WindmillStrike","ConjureBlade","construct:Construct_Overclock"],"picked":"FollowUp","floor":14.0},{"not_picked":["Establishment","ConjureBlade","construct:SiegeForm"],"picked":"Judgement","floor":16.0},{"not_picked":["Replay:Vibes","Halt","Crescendo"],"picked":"construct:Chainstrike","floor":18.0},{"not_picked":["CrushJoints","MentalFortress","InnerPeace","construct:Reinforce"],"picked":"SKIP","floor":23.0},{"not_picked":["LikeWater","Consecrate","JustLucky","construct:ShiftStrike"],"picked":"SKIP","floor":25.0},{"not_picked":["CarveReality+1","PathToVictory","Replay:ManipulateFuture","construct:SaveState"],"picked":"SKIP","floor":28.0},{"not_picked":["Blasphemy","FlyingSleeves","FollowUp"],"picked":"construct:Missile","floor":29.0},{"not_picked":["Consecrate","Sanctity","Replay:Hum"],"picked":"construct:Analyze","floor":35.0},{"not_picked":["WaveOfTheHand+1","Halt","construct:PointDefense"],"picked":"Swivel+1","floor":36.0},{"not_picked":["Replay:Anticipation","PathToVictory+1","ThirdEye+1","construct:ClusterMines"],"picked":"SKIP","floor":37.0},{"not_picked":["ReachHeaven","Prostrate","ThirdEye+1","construct:Anticipate"],"picked":"SKIP","floor":44},{"not_picked":["WreathOfFlame","ClearTheMind","FlyingSleeves+1"],"picked":"construct:Analyze","floor":47}],"player_experience":724724,"relics_obtained":[{"floor":11.0,"key":"hubris:DisguiseKit"},{"floor":26.0,"key":"halation:LettersToHer"},{"floor":26.0,"key":"Iron Hammer"},{"floor":28.0,"key":"halation:EternalFortune"},{"floor":36.0,"key":"halation:EternalFortune"},{"floor":43.0,"key":"aspiration:EmptySkull"},{"floor":43.0,"key":"Replay:Multitool"},{"floor":49,"key":"reliquary:JackalopeAntler"}],"event_choices":[{"cards_removed":["Defend_P"],"damage_healed":0.0,"max_hp_gain":0.0,"max_hp_loss":0.0,"gold_gain":0.0,"event_name":"Golden Wing","player_choice":"Card Removal","floor":4.0,"gold_loss":0.0,"damage_taken":7.0},{"damage_healed":0.0,"max_hp_gain":0.0,"max_hp_loss":0.0,"gold_gain":0.0,"event_name":"conspire:LoneGhost","player_choice":"Agree","floor":5.0,"gold_loss":0.0,"damage_taken":0.0},{"damage_healed":0.0,"max_hp_gain":0.0,"max_hp_loss":0.0,"gold_gain":0.0,"event_name":"Dead Adventurer","player_choice":"Searched \u00273\u0027 times","floor":10.0,"gold_loss":0.0,"damage_taken":0.0,"relics_obtained":["halation:LettersToHer"]},{"damage_healed":0.0,"max_hp_gain":0.0,"max_hp_loss":0.0,"gold_gain":0.0,"event_name":"Vampires","player_choice":"Ignored","floor":21.0,"gold_loss":0.0,"damage_taken":0.0},{"damage_healed":0.0,"max_hp_gain":0.0,"max_hp_loss":0.0,"gold_gain":0.0,"event_name":"Ghosts","player_choice":"Ignored","floor":22.0,"gold_loss":0.0,"damage_taken":0.0},{"damage_healed":0,"gold_gain":0,"player_choice":"Bought 0 Potions","damage_taken":0,"max_hp_gain":0,"max_hp_loss":0,"event_name":"The Woman in Blue","floor":48,"gold_loss":0}],"is_beta":false,"boss_relics":[{"not_picked":["Pandora\u0027s Box","energizedSpire:RedRose"],"picked":"hubris:RunicObelisk"},{"not_picked":["hubris:BlackHole","Replay:Fungal Core"],"picked":"aspiration:FutureDiary"}],"items_purged_floors":[3,12],"is_endless":false,"potions_floor_spawned":[7,16,29,36,37,44],"killed_by":"conspire:OrnateMirror","ascension_level":1}}