{"host":"zgbhbccg3hs73yp6","time":1613112329,"event":{"mods":["ATMod(°¢èªMod)","AchievementEnabler","BaseMod","Colored Powertips","Minty Spire (QoL Compilation)","StSLib","The Bug Knight","The Servant 0.9.4"],"gold_per_floor":[214,214,225,225,70,100,100,129,129,139,139,139,139,164,164,284,284,303,303,124,148,148,188,188,219,219,250,250,33,53,103,103,224,224,239,32,365,385,385,412,422,422,447,466,483,483,515,256,256,256,256,256,42,70,70],"floor_reached":56,"language":"ZHS","playtime":3688,"items_purged":["Injury","Regret","Writhe","Injury","Regret"],"score":1317,"play_id":"32f12f69-ec2b-42fd-aede-5108779200e3","local_time":"20210212144529","is_ascension_mode":true,"campfire_choices":[{"floor":7.0,"key":"REST"},{"floor":12.0,"key":"REST"},{"data":"Loop","floor":15.0,"key":"SMITH"},{"floor":24,"key":"REST"},{"floor":28,"key":"REST"},{"floor":32,"key":"RECALL"},{"data":"AT_StudyProgram","floor":46,"key":"SMITH"},{"data":"Consume","floor":49,"key":"SMITH"},{"data":"Capacitor","floor":52,"key":"SMITH"}],"circlet_count":0,"master_deck":["Strike_B","Strike_B","Defend_B","Defend_B","Defend_B","Defend_B","Zap","Dualcast","AT_StudyProgram+1","Redo","Coolheaded","Sweeping Beam","All For One","Aggregate","Loop+1","Ball Lightning","Stack","Consume+1","Core Surge","Ball Lightning","White Noise","Loop+1","Sunder","Redo+1","Redo","Reboot","FTL","Stack","AT_DarkMatter","Capacitor+1","White Noise","Biased Cognition","Lockon+1","AT_StudyProgram+1","Compile Driver+1","Glacier+1","Rip and Tear+1","Sweeping Beam+1","Consume+1","Stack+1","AT_ThunderBolt+1","Double Energy+1","Double Energy+1","AT_HeatAcrobatics+1"],"relics":["Cracked Core","AT_ATBox","AT_ForceNature","Runic Capacitor","Dream Catcher","Mummified Hand","Orichalcum","Bag of Preparation","Cursed Key","Centennial Puzzle","AT_ChloranthyRing","Blood Vial","PreservedInsect","AT_PhaseBoots","Black Star","Molten Egg 2","Toxic Egg 2","Vajra","HollowMod:StagPassRelic","AT_SilvercatRing","Happy Flower","Boot"],"acts_visited":["Exordium","TheCity","TheBeyond","TheEnding"],"potions_floor_usage":[30,33,40,41,45],"damage_taken":[{"damage":10.0,"enemies":"Cultist","floor":1.0,"turns":4.0},{"damage":7.0,"enemies":"2 Louse","floor":3.0,"turns":2.0},{"damage":20.0,"enemies":"Lagavulin","floor":6.0,"turns":8.0},{"damage":4.0,"enemies":"HollowMod:MossKnight","floor":8.0,"turns":13.0},{"damage":6.0,"enemies":"Jaw Worm","floor":10.0,"turns":3.0},{"damage":9.0,"enemies":"Exordium Thugs","floor":14.0,"turns":3.0},{"damage":19.0,"enemies":"The Guardian","floor":16.0,"turns":9.0},{"damage":31.0,"enemies":"3 Byrds","floor":18.0,"turns":6.0},{"damage":13.0,"enemies":"2 Thieves","floor":21.0,"turns":3.0},{"damage":12,"enemies":"HollowMod:Nosk","floor":23,"turns":5},{"damage":11,"enemies":"Gremlin Leader","floor":25,"turns":7},{"damage":0,"enemies":"HollowMod:Nosk","floor":27,"turns":4},{"damage":0,"enemies":"Centurion and Healer","floor":30,"turns":2},{"damage":38,"enemies":"Champ","floor":33,"turns":9},{"damage":0,"enemies":"3 Shapes","floor":35,"turns":3},{"damage":4,"enemies":"Orb Walker","floor":38,"turns":2},{"damage":11,"enemies":"HollowMod:StalkingDevout","floor":40,"turns":5},{"damage":10,"enemies":"Sphere and 2 Shapes","floor":41,"turns":3},{"damage":0,"enemies":"Maw","floor":44,"turns":5},{"damage":0,"enemies":"Transient","floor":45,"turns":5},{"damage":28,"enemies":"Nemesis","floor":47,"turns":3},{"damage":23,"enemies":"Donu and Deca","floor":50,"turns":8},{"damage":40,"enemies":"Shield and Spear","floor":54,"turns":4},{"damage":23,"enemies":"The Heart","floor":55,"turns":6}],"seed_played":"5036968134981148030","potions_obtained":[{"floor":3.0,"key":"Dexterity Potion"},{"floor":8.0,"key":"Explosive Potion"},{"floor":14.0,"key":"SkillPotion"},{"floor":18.0,"key":"SpeedPotion"},{"floor":25,"key":"BlessingOfTheForge"},{"floor":27,"key":"EssenceOfSteel"},{"floor":33,"key":"PowerPotion"},{"floor":35,"key":"Weak Potion"},{"floor":38,"key":"PowerPotion"}],"is_trial":false,"path_per_floor":["M","?","M","?","$","E","R","E","T","M","?","R","?","M","R","B",null,"M","?","$","M","?","E","R","E","T","E","R","$","M","T","R","B",null,"M","$","?","M","?","E","M","?","T","M","M","R","E","$","R","B",null,"R","$","E","B",null],"character_chosen":"DEFECT","items_purchased":["Runic Capacitor","White Noise","Loop","AT_DarkMatter","Capacitor","AT_StudyProgram","AT_ThunderBolt","Double Energy+1","Double Energy+1"],"campfire_rested":4,"item_purchase_floors":[5,20,20,29,29,36,48,48,53],"current_hp_per_floor":[65,53,46,46,46,26,48,44,44,38,38,60,60,51,51,32,75,44,44,44,31,31,19,41,30,30,32,54,54,56,56,56,20,75,75,75,75,71,71,62,54,54,54,56,58,58,32,32,32,11,75,75,75,35,14],"gold":70,"neow_bonus":"HUNDRED_GOLD","is_daily":false,"chose_seed":false,"campfire_upgraded":4,"win_rate":0.0,"timestamp":1613112329,"path_taken":["M","?","M","?","?","E","R","E","T","?","?","R","?","M","R","BOSS","M","?","$","M","?","E","R","E","T","E","R","$","M","?","R","BOSS","M","$","?","M","?","E","?","?","T","M","?","R","E","$","R","BOSS","R","$","E","BOSS"],"items_purchased_type":["Relic","Card","Card","Card","Card","Card","Card","Card","Card"],"build_version":"2020-12-22","purchased_purges":5,"victory":true,"max_hp_per_floor":[75,75,75,75,75,75,75,75,75,75,75,75,75,75,75,75,75,75,75,75,75,75,75,75,75,75,75,75,75,75,75,75,75,75,75,75,75,75,75,75,75,75,75,75,75,75,75,75,75,75,75,75,75,75,75],"card_choices":[{"not_picked":["Stack","AT_ThunderBolt"],"picked":"Redo","floor":1.0},{"not_picked":["AT_DarkMatter","Turbo"],"picked":"Coolheaded","floor":3.0},{"not_picked":["Steam","Meteor Strike"],"picked":"All For One","floor":6.0},{"not_picked":["Turbo","FTL"],"picked":"Aggregate","floor":7.0},{"not_picked":["FTL","Stack"],"picked":"Loop","floor":8.0},{"not_picked":["Doom and Gloom","Steam"],"picked":"Ball Lightning","floor":10.0},{"not_picked":["Gash","Rebound"],"picked":"Stack","floor":12.0},{"not_picked":["Hologram","Compile Driver"],"picked":"Consume","floor":14.0},{"not_picked":["Hyperbeam","Meteor Strike"],"picked":"Core Surge","floor":16.0},{"not_picked":["Darkness+1","Compile Driver"],"picked":"Ball Lightning","floor":18.0},{"not_picked":["Reprogram","Streamline"],"picked":"Sunder","floor":21.0},{"not_picked":["Hologram","Cold Snap"],"picked":"Redo+1","floor":23},{"not_picked":["Hello World+1","Darkness"],"picked":"Redo","floor":24},{"not_picked":["Reinforced Body","Streamline"],"picked":"Reboot","floor":25},{"not_picked":["Compile Driver","Skim"],"picked":"FTL","floor":27},{"not_picked":["Rebound","Rip and Tear+1"],"picked":"Stack","floor":28},{"not_picked":["Chill","Leap"],"picked":"White Noise","floor":30},{"not_picked":["Fission","Core Surge"],"picked":"Biased Cognition","floor":33},{"not_picked":["Capacitor","Rebound"],"picked":"Lockon+1","floor":35},{"not_picked":["Cold Snap","Hologram"],"picked":"Compile Driver+1","floor":38},{"not_picked":["Turbo+1","AT_RightCognition"],"picked":"Glacier+1","floor":40},{"not_picked":["Gash+1","Hologram+1"],"picked":"Rip and Tear+1","floor":41},{"not_picked":["Gash+1","Undo+1"],"picked":"Sweeping Beam+1","floor":44},{"not_picked":["Double Energy+1","AT_StudyProgram"],"picked":"Consume+1","floor":45},{"not_picked":["Buffer","Steam+1"],"picked":"Stack+1","floor":47},{"not_picked":["Chill+1","Lockon+1"],"picked":"AT_HeatAcrobatics+1","floor":54}],"player_experience":79127,"relics_obtained":[{"floor":6.0,"key":"Dream Catcher"},{"floor":8.0,"key":"Mummified Hand"},{"floor":9.0,"key":"Orichalcum"},{"floor":23,"key":"AT_ChloranthyRing"},{"floor":25,"key":"Blood Vial"},{"floor":26,"key":"PreservedInsect"},{"floor":27,"key":"AT_SpeedBoots"},{"floor":40,"key":"Molten Egg 2"},{"floor":40,"key":"Toxic Egg 2"},{"floor":43,"key":"Vajra"},{"floor":47,"key":"HollowMod:StagPassRelic"},{"floor":47,"key":"AT_SilvercatRing"},{"floor":54,"key":"Happy Flower"},{"floor":54,"key":"Boot"}],"event_choices":[{"damage_healed":0.0,"max_hp_gain":0.0,"max_hp_loss":0.0,"gold_gain":0.0,"event_name":"Scrap Ooze","player_choice":"Success","floor":2.0,"gold_loss":0.0,"damage_taken":12.0,"relics_obtained":["AT_ForceNature"]},{"damage_healed":0.0,"max_hp_gain":0.0,"max_hp_loss":0.0,"gold_gain":0.0,"cards_transformed":["Strike_B"],"event_name":"Living Wall","player_choice":"Change","floor":4.0,"gold_loss":0.0,"damage_taken":0.0,"cards_obtained":["Sweeping Beam"]},{"damage_healed":0.0,"max_hp_gain":0.0,"max_hp_loss":0.0,"gold_gain":0.0,"event_name":"Golden Idol","player_choice":"Take Wound","floor":11.0,"gold_loss":0.0,"damage_taken":0.0,"relics_obtained":["Golden Idol"],"cards_obtained":["Injury"]},{"damage_healed":0.0,"max_hp_gain":0.0,"max_hp_loss":0.0,"gold_gain":0.0,"event_name":"WeMeetAgain","player_choice":"Gave Potion","floor":13.0,"gold_loss":0.0,"damage_taken":0.0,"relics_obtained":["Bag of Preparation"]},{"damage_healed":0.0,"max_hp_gain":0.0,"max_hp_loss":0.0,"gold_gain":0.0,"event_name":"Ghosts","player_choice":"Ignored","floor":19.0,"gold_loss":0.0,"damage_taken":0.0},{"damage_healed":0,"gold_gain":0,"player_choice":"Opened","damage_taken":0,"relics_obtained":["Centennial Puzzle"],"max_hp_gain":0,"max_hp_loss":0,"event_name":"The Mausoleum","floor":22,"gold_loss":0,"cards_obtained":["Writhe"]},{"damage_healed":0,"gold_gain":333,"player_choice":"Gave Idol","damage_taken":0,"max_hp_gain":0,"max_hp_loss":0,"event_name":"The Moai Head","floor":37,"relics_lost":["Golden Idol"],"gold_loss":0},{"cards_removed":["Strike_B"],"damage_healed":0,"gold_gain":0,"player_choice":"Removed Attack","damage_taken":0,"max_hp_gain":0,"max_hp_loss":0,"event_name":"Falling","floor":39,"gold_loss":0},{"damage_healed":0,"gold_gain":0,"player_choice":"Upgraded","damage_taken":0,"max_hp_gain":0,"max_hp_loss":0,"event_name":"Upgrade Shrine","floor":42,"gold_loss":0,"cards_upgraded":["AT_StudyProgram"]}],"is_beta":false,"boss_relics":[{"not_picked":["Runic Pyramid","Ectoplasm"],"picked":"Cursed Key"},{"not_picked":["Coffee Dripper","Tiny House"],"picked":"Black Star"}],"items_purged_floors":[20,29,36,48,53],"is_endless":false,"potions_floor_spawned":[3,8,14,18,25,27,33,35,38],"ascension_level":1}}