{"host":"5trcja4hacd149zc","time":1613091044,"event":{"mods":["BaseMod","Colored Map","GifTheSpireLib","Minty Spire (QoL Compilation)","Relic Stats","StSLib"],"gold_per_floor":[110,385,401,417,63,93,18,44,44,44,55,75,75,111,111,191,191,220,241,166,211,238,280,280,318,318,338,70,70,16,43,43,130,130,153,176,156,176,12,42,42,83,108,108,132,132,172,172,172,172,172,172],"floor_reached":51,"language":"ENG","playtime":2761,"items_purged":["Regret","Defend_B"],"score":1786,"play_id":"b48f6fd7-dc38-49ab-8168-0d3cf92deeba","local_time":"20210211185044","is_ascension_mode":true,"campfire_choices":[{"floor":10.0,"key":"REST"},{"floor":13.0,"key":"RECALL"},{"floor":15.0,"key":"REST"},{"floor":24.0,"key":"REST"},{"floor":32.0,"key":"REST"},{"floor":41,"key":"REST"},{"floor":49,"key":"REST"}],"circlet_count":0,"master_deck":["AscendersBane","Zap+1","Dualcast+1","Glacier+1","Skim+1","Tempest+1","FTL+1","Cold Snap+1","Loop+1","Jack Of All Trades+1","Melter+1","Reinforced Body+1","Self Repair+1","Rebound+1","Biased Cognition+1","Static Discharge+1","Hologram+1","Bite+1","Bite+1","Bite+1","Bite+1","Bite+1","Coolheaded+1","Loop+1","Chaos+1","Chill+1","Hologram+1","Buffer+1","Defragment+1","Conserve Battery+1","Coolheaded+1","Creative AI+1","Capacitor+1","Reinforced Body+1"],"relics":["Fusion Hammer","Cables","Torii","TungstenRod","CeramicFish","Runic Pyramid","StoneCalendar","White Beast Statue","Incense Burner","MealTicket","Philosopher\u0027s Stone","Gremlin Horn","Regal Pillow","Pantograph","Calipers","Mark of the Bloom"],"acts_visited":["TheCity","TheBeyond"],"potions_floor_usage":[33,35,38,39,39],"damage_taken":[{"damage":1.0,"enemies":"Small Slimes","floor":1.0,"turns":4.0},{"damage":1.0,"enemies":"Cultist","floor":3.0,"turns":4.0},{"damage":3.0,"enemies":"Jaw Worm","floor":4.0,"turns":6.0},{"damage":6.0,"enemies":"Lagavulin","floor":6.0,"turns":7.0},{"damage":11.0,"enemies":"Gremlin Nob","floor":8.0,"turns":4.0},{"damage":5.0,"enemies":"2 Fungi Beasts","floor":11.0,"turns":3.0},{"damage":0.0,"enemies":"3 Louse","floor":12.0,"turns":3.0},{"damage":0.0,"enemies":"Lagavulin","floor":14.0,"turns":7.0},{"damage":28.0,"enemies":"Slime Boss","floor":16.0,"turns":18.0},{"damage":9.0,"enemies":"3 Byrds","floor":18.0,"turns":5.0},{"damage":25.0,"enemies":"Chosen","floor":19.0,"turns":5.0},{"damage":30.0,"enemies":"3 Cultists","floor":22.0,"turns":6.0},{"damage":17.0,"enemies":"Gremlin Leader","floor":23.0,"turns":8.0},{"damage":33.0,"enemies":"Slavers","floor":25.0,"turns":7.0},{"damage":35.0,"enemies":"Shelled Parasite and Fungi","floor":27.0,"turns":7.0},{"damage":28.0,"enemies":"Snake Plant","floor":31.0,"turns":5.0},{"damage":6,"enemies":"Collector","floor":33,"turns":10},{"damage":0,"enemies":"3 Darklings","floor":35,"turns":7},{"damage":0,"enemies":"3 Shapes","floor":36,"turns":5},{"damage":0,"enemies":"Transient","floor":38,"turns":6},{"damage":34,"enemies":"Reptomancer","floor":40,"turns":7},{"damage":0,"enemies":"Nemesis","floor":42,"turns":9},{"damage":7,"enemies":"4 Shapes","floor":45,"turns":7},{"damage":40,"enemies":"Reptomancer","floor":47,"turns":8},{"damage":0,"enemies":"Time Eater","floor":50,"turns":16},{"damage":39,"enemies":"Awakened One","floor":51,"turns":5}],"seed_played":"-9068104553898373009","potions_obtained":[{"floor":1.0,"key":"DuplicationPotion"},{"floor":4.0,"key":"LiquidMemories"},{"floor":16.0,"key":"SpeedPotion"},{"floor":22.0,"key":"SpeedPotion"},{"floor":23.0,"key":"GamblersBrew"},{"floor":27.0,"key":"Fire Potion"},{"floor":31.0,"key":"DistilledChaos"},{"floor":33,"key":"BlessingOfTheForge"},{"floor":35,"key":"Strength Potion"},{"floor":37,"key":"Fruit Juice"},{"floor":38,"key":"LiquidBronze"},{"floor":47,"key":"BlessingOfTheForge"}],"is_trial":false,"path_per_floor":["M","?","M","M","$","E","?","E","T","R","M","M","R","E","R","B",null,"M","M","?","?","M","E","R","E","T","M","$","?","$","M","R","B",null,"M","M","?","M","$","E","R","E","T","?","M","T","E","?","R","B","B"],"character_chosen":"DEFECT","items_purchased":["FTL","Cold Snap","Loop","Jack Of All Trades","MealTicket","FocusPotion","Fruit Juice","PowerPotion"],"campfire_rested":6,"item_purchase_floors":[5,5,5,5,28,30,39,39],"current_hp_per_floor":[63,63,62,59,59,53,53,42,42,63,58,58,58,65,71,50,66,64,46,46,46,33,47,49,33,33,17,17,17,32,19,33,49,49,49,49,49,49,59,42,59,59,59,59,59,59,21,21,21,21,0,0],"gold":172,"neow_bonus":"BOSS_RELIC","is_daily":false,"chose_seed":false,"campfire_upgraded":0,"win_rate":0.0,"timestamp":1613091044,"path_taken":["M","?","?","M","$","E","?","E","T","R","M","M","R","E","R","BOSS","M","M","?","?","M","E","R","E","T","M","$","?","$","M","R","BOSS","M","M","?","?","$","E","R","E","T","?","M","?","E","?","R","BOSS","BOSS"],"items_purchased_type":["Card","Card","Card","Card","Relic","Potion","Potion","Potion"],"build_version":"2020-12-22","purchased_purges":2,"victory":false,"max_hp_per_floor":[71,71,71,71,71,71,71,71,71,71,71,71,71,71,71,71,71,71,71,71,49,49,49,49,49,49,49,49,49,49,49,49,49,49,49,49,49,49,59,59,59,59,59,59,59,59,59,59,59,59,59,59],"relic_stats":{"Regal Pillow":15,"Mark of the Bloom":143,"Torii":32,"Gremlin Horn":[10,15],"counters":[26,177],"CeramicFish":189,"Pantograph":0,"StoneCalendar":[634],"MealTicket":15,"obtain_stats":[{"Regal Pillow":42,"Mark of the Bloom":48,"Calipers":47,"Torii":8,"Gremlin Horn":40,"CeramicFish":14,"StoneCalendar":23,"Incense Burner":26,"White Beast Statue":25,"Cables":6,"Pantograph":46,"MealTicket":28,"Philosopher\u0027s Stone":34,"Fusion Hammer":0,"Cracked Core":0,"TungstenRod":9,"Runic Pyramid":17},{"Regal Pillow":22,"Mark of the Bloom":24,"Calipers":24,"Torii":5,"Gremlin Horn":21,"CeramicFish":8,"StoneCalendar":13,"Incense Burner":14,"White Beast Statue":14,"Cables":4,"Pantograph":23,"MealTicket":15,"Philosopher\u0027s Stone":17,"Fusion Hammer":0,"Cracked Core":0,"TungstenRod":5,"Runic Pyramid":9},{"Regal Pillow":142,"Mark of the Bloom":156,"Calipers":156,"Torii":25,"Gremlin Horn":133,"CeramicFish":37,"StoneCalendar":79,"Incense Burner":86,"White Beast Statue":86,"Cables":21,"Pantograph":149,"MealTicket":93,"Philosopher\u0027s Stone":108,"Fusion Hammer":0,"Cracked Core":0,"TungstenRod":25,"Runic Pyramid":55}],"TungstenRod":49,"Cables":[134,40,90,2,2]},"card_choices":[{"not_picked":["Steam","Steam Power"],"picked":"Glacier","floor":1.0},{"not_picked":["Redo","Streamline"],"picked":"Skim","floor":3.0},{"not_picked":["Coolheaded","White Noise"],"picked":"Tempest","floor":4.0},{"not_picked":["Coolheaded","Thunder Strike"],"picked":"Melter","floor":6.0},{"not_picked":["Thunder Strike","Double Energy"],"picked":"Reinforced Body","floor":8.0},{"not_picked":["Static Discharge","Coolheaded"],"picked":"Self Repair","floor":11.0},{"not_picked":["Rebound","Beam Cell","Stack"],"picked":"SKIP","floor":12.0},{"not_picked":["Redo","Cold Snap"],"picked":"Rebound","floor":14.0},{"not_picked":["Machine Learning","Multi-Cast"],"picked":"Biased Cognition","floor":16.0},{"not_picked":["Barrage","White Noise"],"picked":"Static Discharge","floor":18.0},{"not_picked":["Storm","Darkness"],"picked":"Hologram","floor":19.0},{"not_picked":["Steam","Loop"],"picked":"Coolheaded","floor":22.0},{"not_picked":["Blizzard","Auto Shields"],"picked":"Loop","floor":23.0},{"not_picked":["Gash","Steam Power"],"picked":"Chaos","floor":25.0},{"not_picked":["Compile Driver","Stack"],"picked":"Chill","floor":27.0},{"not_picked":["Beam Cell","Turbo"],"picked":"Hologram","floor":31.0},{"not_picked":["Multi-Cast","Rainbow"],"picked":"Buffer","floor":33},{"not_picked":["Sweeping Beam+1","Coolheaded"],"picked":"Defragment+1","floor":35},{"not_picked":["Steam","Cold Snap"],"picked":"Conserve Battery","floor":36},{"not_picked":["Reinforced Body","Heatsinks"],"picked":"Coolheaded","floor":38},{"not_picked":["Force Field","Beam Cell","Reprogram"],"picked":"SKIP","floor":40},{"not_picked":["Rip and Tear","Steam Power"],"picked":"Creative AI","floor":42},{"not_picked":["Stack","Skim"],"picked":"Capacitor","floor":45},{"not_picked":["Compile Driver","Gash+1"],"picked":"Reinforced Body","floor":47}],"player_experience":772876,"relics_obtained":[{"floor":6.0,"key":"Cables"},{"floor":8.0,"key":"Torii"},{"floor":9.0,"key":"TungstenRod"},{"floor":14.0,"key":"CeramicFish"},{"floor":23.0,"key":"StoneCalendar"},{"floor":25.0,"key":"White Beast Statue"},{"floor":26.0,"key":"Incense Burner"},{"floor":40,"key":"Gremlin Horn"},{"floor":42,"key":"Regal Pillow"},{"floor":46,"key":"Pantograph"},{"floor":47,"key":"Calipers"}],"event_choices":[{"damage_healed":0.0,"max_hp_gain":0.0,"max_hp_loss":0.0,"gold_gain":275.0,"event_name":"Golden Shrine","player_choice":"Desecrate","floor":2.0,"gold_loss":0.0,"damage_taken":0.0,"cards_obtained":["Regret"]},{"cards_removed":["Defend_B"],"damage_healed":0.0,"max_hp_gain":0.0,"max_hp_loss":0.0,"gold_gain":0.0,"event_name":"The Cleric","player_choice":"Card Removal","floor":7.0,"gold_loss":75.0,"damage_taken":0.0},{"cards_removed":["Defend_B"],"damage_healed":0.0,"max_hp_gain":0.0,"max_hp_loss":0.0,"gold_gain":0.0,"event_name":"Beggar","player_choice":"Gave Gold","floor":20.0,"gold_loss":75.0,"damage_taken":0.0},{"damage_healed":0.0,"max_hp_gain":0.0,"max_hp_loss":22.0,"gold_gain":0.0,"event_name":"Vampires","player_choice":"Became a vampire","floor":21.0,"gold_loss":0.0,"damage_taken":0.0,"cards_obtained":["Bite","Bite","Bite","Bite","Bite"]},{"cards_removed":["Defend_B"],"damage_healed":0.0,"max_hp_gain":0.0,"max_hp_loss":0.0,"gold_gain":0.0,"event_name":"Back to Basics","player_choice":"Elegance","floor":29.0,"gold_loss":0.0,"damage_taken":0.0},{"damage_healed":0,"gold_gain":0,"player_choice":"Bought 1 Potion","damage_taken":0,"max_hp_gain":0,"max_hp_loss":0,"event_name":"The Woman in Blue","floor":37,"gold_loss":0},{"damage_healed":0,"gold_gain":0,"player_choice":"Memory 1","damage_taken":0,"max_hp_gain":0,"max_hp_loss":0,"event_name":"SensoryStone","floor":44,"gold_loss":0},{"damage_healed":0,"gold_gain":0,"player_choice":"Upgrade","damage_taken":0,"relics_obtained":["Mark of the Bloom"],"max_hp_gain":0,"max_hp_loss":0,"event_name":"MindBloom","floor":48,"gold_loss":0,"cards_upgraded":["Zap","Dualcast","Glacier","Skim","Tempest","FTL","Cold Snap","Loop","Jack Of All Trades","Melter","Reinforced Body","Self Repair","Rebound","Biased Cognition","Static Discharge","Hologram","Bite","Bite","Bite","Bite","Bite","Coolheaded","Loop","Chaos","Chill","Hologram","Buffer","Conserve Battery","Coolheaded","Creative AI","Capacitor","Reinforced Body"]}],"is_beta":false,"boss_relics":[{"not_picked":["Velvet Choker","Cursed Key"],"picked":"Runic Pyramid"},{"not_picked":["Coffee Dripper","Tiny House"],"picked":"Philosopher\u0027s Stone"}],"items_purged_floors":[5,28],"is_endless":false,"potions_floor_spawned":[1,4,6,16,22,23,25,27,31,33,35,36,38,40,42,45,47],"killed_by":"Awakened One","ascension_level":20}}