{"host":"zdyzhdc6zlrb7vuj","time":1613136862,"event":{"mods":["BaseMod","Downfall","Hermit","Minty Spire (QoL Compilation)","StSLib","The Bug Knight","The Cursed","The Servant 0.9.4"],"gold_per_floor":[99,116,127,147,147,147,147,147,176,194,294,319,374,394,408,408,408,408],"floor_reached":16,"language":"ENG","playtime":1967,"items_purged":[],"score":112,"play_id":"6d5ac16e-4cd3-4a5e-a16d-b5522b419581","local_time":"20210212133422","is_ascension_mode":false,"campfire_choices":[{"floor":1,"key":"RECALL"},{"data":"Slimebound:ItLooksTasty","floor":8,"key":"SMITH"}],"circlet_count":0,"master_deck":["Slimebound:Strike_Slimebound","Slimebound:Strike_Slimebound","Slimebound:Strike_Slimebound","Slimebound:Tackle","Slimebound:Defend_Slimebound","Slimebound:Defend_Slimebound","Slimebound:Defend_Slimebound","Slimebound:Defend_Slimebound","Slimebound:Split","Slimebound:CorrosiveSpit","Slimebound:RejuvenatingLick","Slimebound:ItLooksTasty+1","Slimebound:GrowthPunch","Slimebound:Teamwork","Slimebound:Gluttony+1","Slimebound:PressTheAttack","Slimebound:SamplingLick","Slimebound:Gluttony+1","Slimebound:SlimeSpikes"],"relics":["Slimebound:AbsorbEndCombat","Sundial","Frozen Egg 2","Mummified Hand","The Courier"],"acts_visited":["Exordium"],"potions_floor_usage":[3,13,16],"damage_taken":[{"damage":1,"enemies":"Cultist","floor":2,"turns":4},{"damage":1,"enemies":"Jaw Worm","floor":3,"turns":4},{"damage":8,"enemies":"2 Louse","floor":4,"turns":3},{"damage":14,"enemies":"HollowMod:MossKnight","floor":9,"turns":7},{"damage":3,"enemies":"2 Fungi Beasts","floor":10,"turns":3},{"damage":12,"enemies":"3 Sentries","floor":12,"turns":8},{"damage":28,"enemies":"Lagavulin Event","floor":13,"turns":6},{"damage":5,"enemies":"Exordium Thugs","floor":14,"turns":3},{"damage":18,"enemies":"Exordium Wildlife","floor":15,"turns":4},{"damage":44,"enemies":"WA_ARCHETYPE_RETAIN","floor":16,"turns":7}],"seed_played":"4730695664610115139","potions_obtained":[{"floor":2,"key":"Swift Potion"},{"floor":12,"key":"Energy Potion"},{"floor":15,"key":"Swift Potion"}],"is_trial":false,"path_per_floor":["R","M","M","M","?","T","T","R","E","M","?","E","?","M","M","B"],"character_chosen":"SLIMEBOUND","items_purchased":[],"campfire_rested":0,"item_purchase_floors":[],"current_hp_per_floor":[71,71,71,65,70,70,70,70,64,65,65,61,41,42,32,0,0,0],"gold":408,"neow_bonus":"TEN_PERCENT_HP_BONUS","is_daily":false,"chose_seed":false,"campfire_upgraded":1,"win_rate":0.0,"timestamp":1613136862,"path_taken":["R","M","M","?","?","?","T","R","E","?","?","E","?","M","M","BOSS"],"items_purchased_type":[],"build_version":"2020-12-22","purchased_purges":0,"victory":false,"max_hp_per_floor":[71,71,71,71,76,76,76,76,76,76,76,76,76,76,76,76,76,76],"card_choices":[{"not_picked":["Slimebound:Prepare","Slimebound:SamplingLick"],"picked":"Slimebound:RejuvenatingLick","floor":2},{"not_picked":["Slimebound:ProtectTheBoss","Slimebound:AcidTongue"],"picked":"Slimebound:ItLooksTasty","floor":3},{"not_picked":["Slimebound:LeechEnergy","Slimebound:AcidTongue"],"picked":"Slimebound:GrowthPunch","floor":4},{"not_picked":["Slimebound:Replication","Slimebound:SlimeBrawl"],"picked":"Slimebound:Teamwork","floor":9},{"not_picked":["Slimebound:SamplingLick","Slimebound:ViciousTackle"],"picked":"Slimebound:Gluttony+1","floor":10},{"not_picked":["Slimebound:ItLooksTasty","Slimebound:FinishingTackle"],"picked":"Slimebound:PressTheAttack","floor":12},{"not_picked":["Slimebound:LeechEnergy","Slimebound:ComboTackle"],"picked":"Slimebound:SamplingLick","floor":13},{"not_picked":["Slimebound:PressTheAttack","Slimebound:SlimeBrawl"],"picked":"Slimebound:Gluttony+1","floor":14},{"not_picked":["Slimebound:GoopTackle","Slimebound:DisruptingSlam"],"picked":"Slimebound:SlimeSpikes","floor":15}],"player_experience":470609,"relics_obtained":[{"floor":7,"key":"Sundial"},{"floor":9,"key":"Frozen Egg 2"},{"floor":12,"key":"Mummified Hand"},{"floor":13,"key":"The Courier"}],"event_choices":[{"damage_healed":0,"gold_gain":0,"player_choice":"Donut","damage_taken":0,"max_hp_gain":5,"max_hp_loss":0,"event_name":"Big Fish","floor":5,"gold_loss":0}],"is_beta":false,"boss_relics":[],"items_purged_floors":[],"is_endless":false,"potions_floor_spawned":[2,12,15],"killed_by":"WA_ARCHETYPE_RETAIN","ascension_level":0}}