{"host":"0kk91h4bq4kgfj0u","time":1613089998,"event":{"mods":["BaseMod","Bestiary","Block Reminder","Colored Map","Colored Powertips","Curses Come First","Downfall","Highlight Path","Minty Spire (QoL Compilation)","Relic Stats","StSLib"],"gold_per_floor":[99,118,128,146,146,131,210,228,247,267,297,316,316,331,344,449,449,449,466,481,481,501,519,545,557,585,597,612,612,612,612],"floor_reached":29,"language":"ENG","playtime":1466,"items_purged":[],"score":260,"play_id":"12b45640-0aea-4901-887c-3ead5065a6bb","local_time":"20210211193318","is_ascension_mode":false,"campfire_choices":[{"data":"bronze:Replicate","floor":1,"key":"SMITH"},{"floor":13,"key":"REST"},{"data":"1","floor":18,"key":"LIFT"},{"floor":25,"key":"REST"}],"circlet_count":0,"master_deck":["bronze:Strike","bronze:Strike","bronze:Strike","bronze:Strike","bronze:Defend","bronze:Defend","bronze:Defend","bronze:Defend","bronze:Replicate+1","bronze:Goto+1","bronze:BuggyMess","bronze:Flail","bronze:Optimize+1","bronze:Overheat","bronze:Branch","bronze:OilSpill","bronze:Frontload","bronze:BugBarrage","bronze:SpaghettiCode","bronze:BuggyMess","bronze:ChildClass","bronze:HyperBeam","CurseOfTheBell","bronze:CutThrough","bronze:WhirlingStrike+1","bronze:DelayedSlice","bronze:CloningBeam+1","bronze:ItsAFeature","bronze:Shell","bronze:ClassDefault+1","bronze:DelayedSlice","bronze:Return","bronze:FineTuning+1","bronze:Iterate+1","bronze:Iterate"],"relics":["bronze:BronzeCore","HornCleat","Girya","Calling Bell","Smiling Mask","White Beast Statue","Prayer Wheel","downfall:RedIOU"],"acts_visited":["Exordium","TheCity"],"potions_floor_usage":[26,29],"damage_taken":[{"damage":1,"enemies":"Cultist","floor":2,"turns":3},{"damage":1,"enemies":"Jaw Worm","floor":3,"turns":3},{"damage":0,"enemies":"Small Slimes","floor":4,"turns":1},{"damage":0,"enemies":"downfall:FleeingMerchant","floor":6,"turns":4},{"damage":4,"enemies":"Gremlin Gang","floor":8,"turns":2},{"damage":0,"enemies":"3 Louse","floor":9,"turns":3},{"damage":0,"enemies":"Large Slime","floor":10,"turns":4},{"damage":13,"enemies":"3 Sentries","floor":11,"turns":5},{"damage":8,"enemies":"Exordium Wildlife","floor":12,"turns":2},{"damage":0,"enemies":"3 Louse","floor":14,"turns":2},{"damage":0,"enemies":"Large Slime","floor":15,"turns":6},{"damage":72,"enemies":"WA_ARCHETYPE_RETAIN","floor":16,"turns":10},{"damage":9,"enemies":"Chosen","floor":19,"turns":5},{"damage":0,"enemies":"Spheric Guardian","floor":20,"turns":3},{"damage":11,"enemies":"Snake Plant","floor":22,"turns":5},{"damage":10,"enemies":"Sentry and Sphere","floor":23,"turns":5},{"damage":22,"enemies":"Shelled Parasite and Fungi","floor":26,"turns":3},{"damage":13,"enemies":"Snake Plant","floor":28,"turns":4},{"damage":18,"enemies":"Cultist and Chosen","floor":29,"turns":4}],"seed_played":"2513008175160217258","potions_obtained":[{"floor":2,"key":"BlessingOfTheForge"},{"floor":4,"key":"FairyPotion"},{"floor":8,"key":"Ancient Potion"},{"floor":11,"key":"bronze:BurnAndBuffPotion"},{"floor":19,"key":"hexamod:SoulburnPotion"},{"floor":20,"key":"Dexterity Potion"},{"floor":22,"key":"bronze:BuildAFunctionPotion"},{"floor":26,"key":"Ancient Potion"}],"is_trial":false,"path_per_floor":["R","M","M","M","?","$","T","M","M","M","E","M","R","M","M","B",null,"R","M","M","?","M","M","T","R","M","?","M","M"],"character_chosen":"THE_AUTOMATON","items_purchased":[],"campfire_rested":2,"item_purchase_floors":[],"current_hp_per_floor":[70,69,68,68,68,68,68,64,64,64,51,43,64,64,64,19,70,70,61,61,53,42,32,32,53,31,31,18,0,0,0],"gold":612,"neow_bonus":"UPGRADE_CARD","is_daily":false,"chose_seed":false,"campfire_upgraded":1,"win_rate":0.0,"timestamp":1613089998,"path_taken":["R","?","M","M","?","$","T","M","M","M","E","M","R","M","M","BOSS","R","M","M","?","?","M","T","R","M","?","M","M"],"items_purchased_type":[],"build_version":"2020-12-22","purchased_purges":0,"victory":false,"max_hp_per_floor":[70,70,70,70,70,70,70,70,70,70,70,70,70,70,70,70,70,70,70,70,70,70,70,70,70,70,70,70,70,70,70],"relic_stats":{"counters":[19,74],"Prayer Wheel":6,"Smiling Mask":0,"obtain_stats":[{"Calling Bell":17,"Girya":11,"bronze:BronzeCore":0,"HornCleat":7,"Prayer Wheel":17,"downfall:RedIOU":27,"Smiling Mask":17,"MawBank":24,"White Beast Statue":17},{"Calling Bell":12,"Girya":8,"bronze:BronzeCore":0,"HornCleat":4,"Prayer Wheel":12,"downfall:RedIOU":17,"Smiling Mask":12,"MawBank":16,"White Beast Statue":12},{"Calling Bell":45,"Girya":25,"bronze:BronzeCore":0,"HornCleat":11,"Prayer Wheel":45,"downfall:RedIOU":66,"Smiling Mask":45,"MawBank":63,"White Beast Statue":45}]},"card_choices":[{"not_picked":["bronze:Overload","bronze:Safeguard"],"picked":"bronze:BuggyMess","floor":2},{"not_picked":["bronze:BitShift","bronze:Turbo"],"picked":"bronze:Flail","floor":3},{"not_picked":["bronze:WildBeam","bronze:ClassDefault"],"picked":"bronze:Optimize","floor":4},{"not_picked":["bronze:Branch","bronze:BitShift"],"picked":"bronze:Overheat","floor":6},{"not_picked":["bronze:Philosophize","bronze:Allocate"],"picked":"bronze:Branch","floor":8},{"not_picked":["bronze:Invalidate","bronze:Deprecate"],"picked":"bronze:OilSpill","floor":9},{"not_picked":["bronze:BitShift","bronze:Invalidate"],"picked":"bronze:Frontload","floor":10},{"not_picked":["bronze:Overheat","bronze:DelayedSlice"],"picked":"bronze:BugBarrage","floor":11},{"not_picked":["bronze:BugBarrage","bronze:WildBeam"],"picked":"bronze:SpaghettiCode","floor":12},{"not_picked":["bronze:DelayedGuard","bronze:Frontload"],"picked":"bronze:BuggyMess","floor":14},{"not_picked":["bronze:Overload","bronze:FindAndReplace"],"picked":"bronze:ChildClass","floor":15},{"not_picked":["bronze:ShipIt","bronze:Assembly"],"picked":"bronze:HyperBeam","floor":16},{"not_picked":["bronze:OilSpill","bronze:Deprecate"],"picked":"bronze:CutThrough","floor":19},{"not_picked":["bronze:CutThrough","bronze:Branch"],"picked":"bronze:WhirlingStrike+1","floor":19},{"not_picked":["bronze:Flail+1","bronze:Deprecate"],"picked":"bronze:DelayedSlice","floor":20},{"not_picked":["bronze:ForLoop","bronze:Return"],"picked":"bronze:CloningBeam","floor":20},{"not_picked":["bronze:BitShift+1","bronze:FineTuning"],"picked":"bronze:ItsAFeature","floor":22},{"not_picked":["bronze:WildBeam","bronze:DigitalCarnage"],"picked":"bronze:Shell","floor":22},{"not_picked":["bronze:Shield","bronze:FineTuning"],"picked":"bronze:ClassDefault+1","floor":23},{"not_picked":["bronze:WhirlingStrike+1","bronze:Safeguard"],"picked":"bronze:DelayedSlice","floor":23},{"not_picked":["bronze:ForLoop","bronze:Virus"],"picked":"bronze:Return","floor":26},{"not_picked":["bronze:BuggyMess","bronze:Optimize"],"picked":"bronze:FineTuning+1","floor":26},{"not_picked":["bronze:Flail","bronze:MaxOutput+1"],"picked":"bronze:Iterate+1","floor":28},{"not_picked":["bronze:Overheat","bronze:DelayedSlice"],"picked":"bronze:Iterate","floor":28}],"player_experience":921992,"relics_obtained":[{"floor":7,"key":"HornCleat"},{"floor":11,"key":"Girya"},{"floor":17,"key":"Smiling Mask"},{"floor":17,"key":"White Beast Statue"},{"floor":17,"key":"Prayer Wheel"},{"floor":24,"key":"MawBank"}],"event_choices":[{"damage_healed":0,"gold_gain":0,"player_choice":"Grow","damage_taken":0,"max_hp_gain":0,"max_hp_loss":0,"event_name":"Living Wall","floor":5,"gold_loss":0,"cards_upgraded":["bronze:Optimize"]}],"is_beta":false,"boss_relics":[{"not_picked":["Coffee Dripper","Runic Pyramid"],"picked":"Calling Bell"}],"items_purged_floors":[],"is_endless":false,"potions_floor_spawned":[2,4,8,11,14,19,20,22,23,26,28],"killed_by":"Cultist and Chosen","ascension_level":0}}