{"host":"ig9h5mtrygw4gu9r","time":1613174157,"event":{"mods":["2.2 Compatiblity","AchievementEnabler","BaseMod","Bestiary","Infinite Spire","Minty Spire (QoL Compilation)","Relic Stats","Replay The Spire","StSLib","The Servant 0.9.4"],"gold_per_floor":[109,7,7,7,18,46,62,95,95,136,3,22,47,57,57,157,157,175,175,90,108,108,133,147,147,147],"floor_reached":25,"language":"ENG","playtime":2287,"items_purged":[],"score":301,"play_id":"9dc54157-4429-4a86-80d9-d4ce7485311d","local_time":"20210212155557","is_ascension_mode":true,"campfire_choices":[{"floor":15,"key":"DIG"}],"circlet_count":0,"master_deck":["Strike_S","Strike_S","Strike_S","Strike_S","Defend_S","Defend_S","Defend_S","Defend_S","KidneyShot","Exchange","ShatteredReality","BottledTime","BestPractice+1","BestPractice","Foresight","ShatteredReality","Revamp","PendulumOfEternity","Advance","Replace","Duplication","Revamp","infinitespire:Collect","Defy","TimeWarp","BestPractice"],"relics":["Uniform","Vajra","infinitespire:Bottled Soul","MealTicket","MawBank","infinitespire:Golems Mask","Membership Card","infinitespire:Lucky Rock","Peace Pipe","ChewingGum","SplendidAttire","Pet Ghost","infinitespire:Eraser","Question Card"],"acts_visited":["Exordium","TheCity"],"potions_floor_usage":[6,10,10,13,14,14,16,23,25,25],"damage_taken":[{"damage":7,"enemies":"Jaw Worm","floor":1,"turns":3},{"damage":0,"enemies":"Cultist","floor":5,"turns":3},{"damage":23,"enemies":"Gremlin Nob","floor":6,"turns":5},{"damage":0,"enemies":"2 Louse","floor":7,"turns":1},{"damage":27,"enemies":"3 Sentries","floor":8,"turns":5},{"damage":18,"enemies":"Lagavulin","floor":10,"turns":5},{"damage":7,"enemies":"Blue Slaver","floor":12,"turns":3},{"damage":2,"enemies":"Gremlin Nob","floor":13,"turns":3},{"damage":10,"enemies":"3 Louse","floor":14,"turns":3},{"damage":9,"enemies":"The Guardian","floor":16,"turns":8},{"damage":11,"enemies":"3 Byrds","floor":18,"turns":4},{"damage":13,"enemies":"Shell Parasite","floor":21,"turns":5},{"damage":19,"enemies":"Nightmare","floor":23,"turns":6},{"damage":3,"enemies":"3 Cultists","floor":24,"turns":4},{"damage":0,"enemies":"Gremlin Leader","floor":25,"turns":1}],"seed_played":"-6086714894666843344","potions_obtained":[{"floor":0,"key":"EssenceOfSteel"},{"floor":0,"key":"FairyPotion"},{"floor":0,"key":"Flashbang"},{"floor":6,"key":"Dexterity Potion"},{"floor":10,"key":"LiquidMemories"},{"floor":12,"key":"EntropicBrew"},{"floor":14,"key":"BlessingOfTheForge"},{"floor":21,"key":"PowerPotion"},{"floor":23,"key":"Swift Potion"}],"is_trial":false,"path_per_floor":["M","$","?","?","M","E","M","E","T","E","$","M","E","M","R","B",null,"M","AVR","?","M","?","NM","M","E"],"character_chosen":"THE_SERVANT","items_purchased":["BottledTime","BestPractice","Membership Card"],"campfire_rested":0,"item_purchase_floors":[2,2,11],"current_hp_per_floor":[58,58,58,58,58,35,35,8,8,19,34,27,25,15,15,6,65,54,54,54,41,41,22,19,19,19],"gold":147,"neow_bonus":"THREE_SMALL_POTIONS","is_daily":false,"chose_seed":false,"campfire_upgraded":0,"win_rate":0.0,"timestamp":1613174157,"path_taken":["M","$","?","?","?","E","M","E","T","E","$","M","E","M","R","BOSS","M","AVR","?","M","?","NM","M","E"],"items_purchased_type":["Card","Card","Relic"],"build_version":"2020-12-22","purchased_purges":0,"victory":false,"max_hp_per_floor":[65,65,65,65,65,65,65,65,65,65,65,65,65,65,65,65,65,65,65,65,65,65,65,65,65,65],"relic_stats":{"Peace Pipe":0,"counters":[15,63],"MealTicket":15,"MawBank":24,"Question Card":1,"obtain_stats":[{"SplendidAttire":19,"Vajra":3,"Uniform":0,"infinitespire:Lucky Rock":13,"MawBank":9,"Question Card":23,"Pet Ghost":19,"Peace Pipe":15,"infinitespire:Bottled Soul":6,"MealTicket":8,"infinitespire:Golems Mask":10,"ChewingGum":17,"Membership Card":11,"infinitespire:Eraser":20},{"SplendidAttire":11,"Vajra":1,"Uniform":0,"infinitespire:Lucky Rock":8,"MawBank":5,"Question Card":13,"Pet Ghost":11,"Peace Pipe":9,"infinitespire:Bottled Soul":3,"MealTicket":5,"infinitespire:Golems Mask":6,"ChewingGum":10,"Membership Card":6,"infinitespire:Eraser":11},{"SplendidAttire":43,"Vajra":3,"Uniform":0,"infinitespire:Lucky Rock":28,"MawBank":17,"Question Card":54,"Pet Ghost":43,"Peace Pipe":31,"infinitespire:Bottled Soul":11,"MealTicket":17,"infinitespire:Golems Mask":22,"ChewingGum":39,"Membership Card":22,"infinitespire:Eraser":43}]},"card_choices":[{"not_picked":["Unruled","Rewind"],"picked":"ShatteredReality","floor":1},{"not_picked":["Read","Barrier"],"picked":"Foresight","floor":5},{"not_picked":["FastForward","Desolation"],"picked":"ShatteredReality","floor":6},{"not_picked":["Moondial","SilverBlades"],"picked":"Revamp","floor":7},{"not_picked":["Rearm","Defy","Moondial"],"picked":"SKIP","floor":8},{"not_picked":["Manipulate","TimeTheft"],"picked":"PendulumOfEternity","floor":10},{"not_picked":["FastForward","MoonPhase","Unruled"],"picked":"SKIP","floor":12},{"not_picked":["Comet","ShatteredReality"],"picked":"Advance","floor":13},{"not_picked":["WasteNot","Revamp"],"picked":"Replace","floor":14},{"not_picked":["Sunlight","SoulSculpture"],"picked":"Duplication","floor":16},{"not_picked":["Defy","Moonlight+1"],"picked":"Revamp","floor":18},{"not_picked":["Barrier+1","Starlight"],"picked":"Defy","floor":21},{"not_picked":["Desolation+1","Starlight","DualDimension"],"picked":"SKIP","floor":23},{"not_picked":["Misdirection+1","Spin","Moondial+1"],"picked":"BestPractice","floor":24}],"player_experience":417209,"relics_obtained":[{"floor":3,"key":"Vajra"},{"floor":6,"key":"infinitespire:Bottled Soul"},{"floor":8,"key":"MealTicket"},{"floor":9,"key":"MawBank"},{"floor":10,"key":"infinitespire:Golems Mask"},{"floor":13,"key":"infinitespire:Lucky Rock"},{"floor":15,"key":"Peace Pipe"},{"floor":23,"key":"Question Card"}],"event_choices":[{"damage_healed":0,"gold_gain":0,"player_choice":"Forge","damage_taken":0,"max_hp_gain":0,"max_hp_loss":0,"event_name":"Accursed Blacksmith","floor":4,"gold_loss":0,"cards_upgraded":["BestPractice"]},{"damage_healed":0,"gold_gain":0,"player_choice":"Obtained Relic","damage_taken":0,"relics_obtained":["infinitespire:Eraser"],"max_hp_gain":0,"max_hp_loss":0,"event_name":"Addict","floor":20,"gold_loss":85},{"damage_healed":0,"gold_gain":0,"player_choice":"Read","damage_taken":0,"max_hp_gain":0,"max_hp_loss":0,"event_name":"The Library","floor":22,"gold_loss":0,"cards_obtained":["TimeWarp"]}],"is_beta":false,"boss_relics":[{"not_picked":["Replay:Drink Me","Coffee Dripper"],"picked":"ChewingGum"}],"items_purged_floors":[],"is_endless":true,"potions_floor_spawned":[5,6,10,12,14,21,23],"killed_by":"Gremlin Leader","ascension_level":4}}