{"host":"kg61lsvem4dxoat8","time":1613107779,"event":{"mods":["AchievementEnabler","BaseMod","Better Altar","Better Match","Better Sensory Stone","Better Skull","Block Reminder","Highlight Path","Minty Spire (QoL Compilation)","Quick Restart","Rare Cards Sparkle","Relic Sorter","Relic Stats","StSLib","Synergy Search","slay the spire mod where everything is the same but ironclad has a cowboy hat"],"gold_per_floor":[213,229,229,229,239,164,194,211,211,224,80,45,56,67,67,67,67],"floor_reached":16,"language":"ENG","playtime":1319,"items_purged":["Strike_R"],"score":156,"play_id":"1ffb1615-bcd5-4aa9-808d-c6c3e8f2f9a4","local_time":"20210212132939","is_ascension_mode":true,"campfire_choices":[{"floor":15,"key":"REST"}],"circlet_count":0,"master_deck":["AscendersBane","Strike_R","Strike_R","Strike_R","Defend_R","Defend_R","Defend_R","Defend_R","Bash+1","Inflame","Carnage","Infernal Blade"],"relics":["Burning Blood","Anchor","Regal Pillow"],"acts_visited":["Exordium"],"potions_floor_usage":[7,8,16],"damage_taken":[{"damage":7,"enemies":"Small Slimes","floor":1,"turns":4},{"damage":1,"enemies":"Cultist","floor":2,"turns":3},{"damage":0,"enemies":"2 Louse","floor":5,"turns":3},{"damage":35,"enemies":"Lagavulin","floor":7,"turns":5},{"damage":1,"enemies":"Lots of Slimes","floor":8,"turns":3},{"damage":45,"enemies":"Gremlin Gang","floor":10,"turns":4},{"damage":22,"enemies":"Exordium Thugs","floor":13,"turns":6},{"damage":9,"enemies":"Exordium Wildlife","floor":14,"turns":3},{"damage":2,"enemies":"Slime Boss","floor":16,"turns":3}],"seed_played":"-5042145215801162700","potions_obtained":[{"floor":1,"key":"Energy Potion"},{"floor":5,"key":"Explosive Potion"},{"floor":13,"key":"Weak Potion"}],"is_trial":false,"path_per_floor":["M","M","?","?","M","?","E","M","T","M","$","?","M","M","R","B"],"character_chosen":"IRONCLAD","items_purchased":["Infernal Blade"],"campfire_rested":1,"item_purchase_floors":[11],"current_hp_per_floor":[71,76,69,69,75,75,46,51,51,12,12,32,16,13,52,50,50],"gold":67,"neow_bonus":"HUNDRED_GOLD","is_daily":false,"chose_seed":false,"campfire_upgraded":0,"win_rate":0.0,"timestamp":1613107779,"path_taken":["M","M","?","?","?","?","E","M","T","?","?","?","M","M","R","BOSS"],"items_purchased_type":["Card"],"build_version":"2020-12-22","purchased_purges":1,"victory":false,"max_hp_per_floor":[80,80,80,80,80,80,80,80,80,80,80,80,80,80,80,80,80],"relic_stats":{"Regal Pillow":15,"counters":[9,34],"obtain_stats":[{"Anchor":7,"Regal Pillow":9,"Burning Blood":0},{"Anchor":4,"Regal Pillow":5,"Burning Blood":0},{"Anchor":15,"Regal Pillow":18,"Burning Blood":0}],"Burning Blood":48},"card_choices":[{"not_picked":["Combust","Perfected Strike","Evolve"],"picked":"SKIP","floor":1},{"not_picked":["Headbutt","Entrench","Pummel"],"picked":"SKIP","floor":2},{"not_picked":["Twin Strike","Warcry"],"picked":"Inflame","floor":5},{"not_picked":["Perfected Strike","Body Slam","Sever Soul"],"picked":"SKIP","floor":7},{"not_picked":["Juggernaut","Clash"],"picked":"Carnage","floor":8},{"not_picked":["Reckless Charge","Combust","Headbutt"],"picked":"SKIP","floor":10},{"not_picked":["Intimidate","Feel No Pain","Havoc"],"picked":"SKIP","floor":13},{"not_picked":["Rage","Wild Strike","Clothesline"],"picked":"SKIP","floor":14}],"player_experience":1493668,"relics_obtained":[{"floor":7,"key":"Anchor"},{"floor":9,"key":"Regal Pillow"}],"event_choices":[{"cards_removed":["Strike_R"],"damage_healed":0,"gold_gain":0,"player_choice":"Card Removal","damage_taken":7,"max_hp_gain":0,"max_hp_loss":0,"event_name":"Golden Wing","floor":3,"gold_loss":0},{"damage_healed":0,"gold_gain":0,"player_choice":"Upgraded","damage_taken":0,"max_hp_gain":0,"max_hp_loss":0,"event_name":"Upgrade Shrine","floor":4,"gold_loss":0,"cards_upgraded":["Bash"]},{"damage_healed":0,"gold_gain":0,"player_choice":"2","damage_taken":0,"max_hp_gain":0,"max_hp_loss":0,"event_name":"betterMatch:BetterMatch","floor":6,"gold_loss":0,"cards_obtained":[]},{"damage_healed":20,"gold_gain":0,"player_choice":"Healed","damage_taken":0,"max_hp_gain":0,"max_hp_loss":0,"event_name":"The Cleric","floor":12,"gold_loss":35}],"is_beta":false,"boss_relics":[],"items_purged_floors":[11],"is_endless":false,"potions_floor_spawned":[1,5,13],"killed_by":"Slime Boss","ascension_level":10}}