{"host":"xkmvu47k9fdstweo","time":1613169113,"event":{"mods":["BaseMod","Colored Map","Conspire","HololiveMod","Hubris","Minty Spire (QoL Compilation)","Quick Restart","Shop Mod","StSLib"],"gold_per_floor":[78,78,102,114,72,109,109,130,178,218,218,251,280,299,299,379,379,391,173,223,223,238,238,93,124,149,213,74,120,120,152,152,254,254,273,309,343,577,589,601,642,677,713,295,311,311,311,142,142,142,142],"floor_reached":50,"language":"ENG","playtime":1405,"items_purged":["Hololive_Defend"],"score":1462,"play_id":"c5e96aea-f4d7-48bf-8313-f39df48ad623","local_time":"20210212173153","is_ascension_mode":true,"campfire_choices":[{"data":"Hololive_CallSpadeEcho","floor":7,"key":"SMITH"},{"data":"Hololive_BeCareful","floor":15,"key":"SMITH"},{"data":"Hololive_CallTsunomakiWatame","floor":23,"key":"SMITH"},{"data":"Hololive_Recruit","floor":32,"key":"SMITH"},{"data":"Hololive_DDD","floor":40,"key":"SMITH"},{"data":"Hololive_Yoholoon","floor":46,"key":"SMITH"},{"floor":49,"key":"REST"}],"circlet_count":0,"master_deck":["AscendersBane","Hololive_Defend+1","Hololive_OvertimeWork","Hololive_CallMoonaHoshinova","Hololive_CallSpadeEcho+1","Hololive_CallArtia","Hololive_CallMoonaHoshinova","Hololive_CallNatsuiroMatsuri","Hololive_CallSakuraMiko","Hololive_CallDoris","Hololive_CallShiroganeNoel+1","Hololive_Trident","Hololive_CallYogiri","Hololive_BeCareful+1","Hololive_Yoholoon","Hololive_CallTsunomakiWatame+1","Hololive_CocoNews","Hololive_Rebirth","Hololive_Rebound","Hololive_BeCareful+1","Hololive_HuntDinosaur+1","Hololive_Sequa","Hololive_CallKiryuuCoco","Hololive_HuntDinosaur","Hololive_Trident","Hololive_CallOzoraSubaru","Hololive_CandyCastle","Hololive_HuntDinosaur","Hololive_Recruit+1","Hololive_Rebirth","Hololive_BringToTrial","Hololive_CallHoushouMarine","Hololive_BeCareful","Hololive_CallCivia","Hololive_DDD+1","Hololive_Teleport","Discovery","Hololive_CallAiraniIofifteen","Hololive_OvertimeWork","Hololive_Yoholoon+1","Hololive_Spy","Hololive_StrengthChampion","Hololive_CallFriendA","Hololive_CallShishiroBotan","Hololive_DevilCharm","Hololive_CallAkiRosenthal"],"relics":["Hololive_TheStar","NeowsBlessing","hubris:Towel","Blood Vial","Hololive_FriedShrimpLion","Art of War","Gambling Chip","Oddly Smooth Stone","hubris:BlackHole","DollysMirror","Bottled Lightning","Happy Flower","Red Mask","MawBank","Pear","Dream Catcher","Bag of Preparation"],"acts_visited":["Exordium","TheCity","TheBeyond"],"potions_floor_usage":[10,25,25,33,50,50],"damage_taken":[{"damage":0,"enemies":"conspire:RoseBush","floor":1,"turns":1},{"damage":0,"enemies":"Jaw Worm","floor":4,"turns":1},{"damage":0,"enemies":"Lagavulin","floor":6,"turns":1},{"damage":0,"enemies":"Cultist","floor":8,"turns":3},{"damage":14,"enemies":"3 Sentries","floor":10,"turns":6},{"damage":0,"enemies":"Gremlin Nob","floor":12,"turns":3},{"damage":0,"enemies":"Exordium Wildlife","floor":13,"turns":3},{"damage":0,"enemies":"Looter","floor":14,"turns":3},{"damage":0,"enemies":"Hexaghost","floor":16,"turns":5},{"damage":0,"enemies":"Spheric Guardian","floor":18,"turns":1},{"damage":0,"enemies":"conspire:FuzzyDice","floor":22,"turns":3},{"damage":23,"enemies":"Gremlin Leader","floor":25,"turns":4},{"damage":0,"enemies":"conspire:HollyBat","floor":27,"turns":8},{"damage":0,"enemies":"Masked Bandits","floor":29,"turns":3},{"damage":0,"enemies":"Snake Plant","floor":31,"turns":3},{"damage":0,"enemies":"conspire:MysteriousRune","floor":33,"turns":4},{"damage":18,"enemies":"3 Shapes","floor":35,"turns":2},{"damage":0,"enemies":"conspire:MimicChest","floor":36,"turns":5},{"damage":0,"enemies":"3 Darklings","floor":37,"turns":3},{"damage":0,"enemies":"Reptomancer","floor":41,"turns":1},{"damage":2,"enemies":"Sphere and 2 Shapes","floor":42,"turns":3},{"damage":0,"enemies":"Spire Growth","floor":45,"turns":2},{"damage":38,"enemies":"Awakened One","floor":50,"turns":3}],"seed_played":"9155272814141863330","potions_obtained":[{"floor":4,"key":"SkillPotion"},{"floor":6,"key":"Strength Potion"},{"floor":10,"key":"Dexterity Potion"},{"floor":31,"key":"EntropicBrew"},{"floor":41,"key":"PowerPotion"}],"is_trial":false,"path_per_floor":["M","?","T","M","$","E","R","M","T","E","?","E","M","M","R","B",null,"M","$","?","?","M","R","$","E","T","M","$","?","?","M","R","B",null,"M","?","M","?","?","R","E","M","T","$","M","R","?","$","R","B"],"character_chosen":"Hololive_HololiveCharacter","items_purchased":["Hololive_CallShiroganeNoel","DollysMirror","Hololive_HuntDinosaur","Hololive_CallKiryuuCoco","Hololive_HuntDinosaur","Hololive_CandyCastle","Hololive_HuntDinosaur","Hololive_Yoholoon","Hololive_Spy","Bag of Preparation","Hololive_StrengthChampion","Hololive_CallShishiroBotan","Hololive_DevilCharm"],"campfire_rested":1,"item_purchase_floors":[5,19,19,24,24,28,28,44,44,44,44,48,48],"current_hp_per_floor":[27,27,27,29,29,30,30,30,30,16,7,9,11,13,13,15,26,28,28,28,28,30,30,30,7,7,9,9,11,11,13,13,15,26,10,12,14,14,14,14,26,26,26,26,28,28,28,28,38,0,0],"gold":142,"neow_bonus":"THREE_ENEMY_KILL","is_daily":false,"chose_seed":false,"campfire_upgraded":6,"win_rate":0.0,"timestamp":1613169113,"path_taken":["M","?","?","?","$","E","R","M","T","E","?","E","M","M","R","BOSS","M","$","?","?","M","R","$","E","T","?","$","?","?","M","R","BOSS","M","?","M","?","?","R","E","M","T","$","M","R","?","$","R","BOSS"],"items_purchased_type":["Card","Relic","Card","Card","Card","Card","Card","Card","Card","Relic","Card","Card","Card"],"build_version":"2020-12-22","purchased_purges":1,"victory":false,"max_hp_per_floor":[30,30,30,30,30,30,30,30,30,30,30,30,30,30,30,30,30,30,30,30,30,30,30,30,30,30,30,30,30,30,30,30,30,30,30,30,30,30,30,30,40,40,40,40,40,40,38,38,38,38,38],"card_choices":[{"not_picked":["Hololive_RevenueBasedLive","Hololive_OvertimeWork","Hololive_Psychosis"],"picked":"Hololive_CallSakuraMiko","floor":1},{"not_picked":["Hololive_OpenUp","Hololive_CallMoonaHoshinova","Hololive_Sequa"],"picked":"Hololive_CallDoris","floor":4},{"not_picked":["Hololive_LuckPotion","Hololive_StrengthChampion","Hololive_Trident","Hololive_Drill"],"picked":"SKIP","floor":6},{"not_picked":["Hololive_LuckPotion","Hololive_StrengthChampion","Hololive_Drill"],"picked":"Hololive_Trident","floor":6},{"not_picked":["Hololive_CallNekomataOkayu","Hololive_Watashimo","Hololive_Trident"],"picked":"Hololive_CallYogiri","floor":8},{"not_picked":["Hololive_Trident","Hololive_CallSakuraMiko","Hololive_StrengthChampion"],"picked":"Hololive_BeCareful","floor":10},{"not_picked":["Hololive_ManjiGathering","Hololive_Rebound","Hololive_CallYukihanaLamy"],"picked":"Hololive_Yoholoon","floor":12},{"not_picked":["Hololive_OvertimeWork","Hololive_BringToTrial","Hololive_CocoNews"],"picked":"Hololive_CallTsunomakiWatame","floor":13},{"not_picked":["Hololive_CallMinatoAqua","Hololive_Rebound","Hololive_Sequa"],"picked":"Hololive_CocoNews","floor":14},{"not_picked":["Hololive_HighAtkLowDef","Hololive_DurableLive","Hololive_Recruit"],"picked":"Hololive_Rebirth","floor":16},{"not_picked":["Hololive_CallAiraniIofifteen","Hololive_CallShirakamiFubuki","Hololive_ScarfAndHalo"],"picked":"Hololive_Rebound","floor":18},{"not_picked":["Hololive_RevenueBasedLive","Hololive_CallTokinoSora+1","Hololive_Breathe"],"picked":"Hololive_Sequa","floor":22},{"not_picked":["Hololive_CallMomosuzuNene","Hololive_Psychosis","Hololive_RevenueBasedLive"],"picked":"Hololive_Trident","floor":25},{"not_picked":["Hololive_FlyingPonyTail","Hololive_LuckPotion","Hololive_Rebound"],"picked":"Hololive_CallOzoraSubaru","floor":27},{"not_picked":["Hololive_CallInugamiKorone","Hololive_Breathe","Hololive_LuckPotion"],"picked":"Hololive_Recruit","floor":29},{"not_picked":["Hololive_FlyingPonyTail","Hololive_CocoNews","Hololive_Psychosis"],"picked":"Hololive_CallHoushouMarine","floor":31},{"not_picked":["Hololive_StarCraft","Hololive_DiamondStrike","Hololive_Nanodesu"],"picked":"Hololive_BeCareful","floor":33},{"not_picked":["Hololive_CocoNews","Hololive_Breathe","Hololive_CallNekomataOkayu+1"],"picked":"Hololive_CallCivia","floor":35},{"not_picked":["Hololive_SummonFox","Hololive_Psychosis","Hololive_StrengthChampion"],"picked":"Hololive_DDD","floor":36},{"not_picked":["Hololive_OvertimeWork","Hololive_Psychosis","Hololive_CallSakuraMiko"],"picked":"Hololive_Teleport","floor":37},{"not_picked":["Forethought","Finesse","Good Instincts"],"picked":"Discovery","floor":39},{"not_picked":["Hololive_Rebound","Hololive_CallTsunomakiWatame+1","Hololive_FlyingPonyTail+1"],"picked":"Hololive_CallAiraniIofifteen","floor":41},{"not_picked":["Hololive_StrengthChampion+1","Hololive_CallMomosuzuNene","Hololive_Psychosis"],"picked":"Hololive_OvertimeWork","floor":42},{"not_picked":["Hololive_CallUruhaRushia","Hololive_Rebound","Hololive_CallCivia"],"picked":"Hololive_CallFriendA","floor":45},{"not_picked":["Hololive_CallMomosuzuNene+1","Hololive_CallAiraniIofifteen+1","Hololive_Trident+1"],"picked":"Hololive_CallAkiRosenthal","floor":49}],"player_experience":358065,"relics_obtained":[{"floor":3,"key":"Blood Vial"},{"floor":6,"key":"Hololive_FriedShrimpLion"},{"floor":9,"key":"Art of War"},{"floor":10,"key":"Gambling Chip"},{"floor":12,"key":"Oddly Smooth Stone"},{"floor":25,"key":"Bottled Lightning"},{"floor":26,"key":"Happy Flower"},{"floor":29,"key":"Red Mask"},{"floor":36,"key":"MawBank"},{"floor":41,"key":"Pear"},{"floor":43,"key":"Dream Catcher"}],"event_choices":[{"damage_healed":0,"gold_gain":0,"player_choice":"Entered Light","damage_taken":9,"max_hp_gain":0,"max_hp_loss":0,"event_name":"Shining Light","floor":11,"gold_loss":0,"cards_upgraded":["Hololive_CallShiroganeNoel","Hololive_Defend"]},{"damage_healed":0,"gold_gain":50,"player_choice":"Stole From Cult","damage_taken":0,"max_hp_gain":0,"max_hp_loss":0,"event_name":"Nest","floor":20,"gold_loss":0},{"damage_healed":0,"gold_gain":0,"player_choice":"Forge","damage_taken":0,"max_hp_gain":0,"max_hp_loss":0,"event_name":"Accursed Blacksmith","floor":21,"gold_loss":0,"cards_upgraded":["Hololive_HuntDinosaur"]},{"damage_healed":0,"gold_gain":0,"player_choice":"Fought Bandits","damage_taken":0,"max_hp_gain":0,"max_hp_loss":0,"event_name":"Masked Bandits","floor":29,"gold_loss":0},{"damage_healed":0,"gold_gain":0,"cards_transformed":["Hololive_Strike","Hololive_Strike"],"player_choice":"Became Test Subject","damage_taken":0,"max_hp_gain":0,"max_hp_loss":0,"event_name":"Drug Dealer","floor":30,"gold_loss":0,"cards_obtained":["Hololive_Rebirth","Hololive_BringToTrial"]},{"damage_healed":0,"gold_gain":222,"player_choice":"Wore Mask","damage_taken":0,"max_hp_gain":0,"max_hp_loss":0,"event_name":"Tomb of Lord Red Mask","floor":38,"gold_loss":0},{"damage_healed":0,"gold_gain":0,"player_choice":"Memory 1","damage_taken":0,"max_hp_gain":0,"max_hp_loss":0,"event_name":"SensoryStone","floor":39,"gold_loss":0},{"damage_healed":0,"gold_gain":0,"player_choice":"Max HP","damage_taken":0,"max_hp_gain":0,"max_hp_loss":2,"event_name":"Winding Halls","floor":47,"gold_loss":0}],"is_beta":false,"boss_relics":[{"not_picked":["Astrolabe","conspire:RunicOctahedron"],"picked":"hubris:BlackHole"},{"not_picked":["hubris:VirtuousBlindfold","Runic Dome","conspire:SlowCooker"]}],"items_purged_floors":[44],"is_endless":false,"potions_floor_spawned":[4,6,10,18,22,31,33,37,41],"killed_by":"Awakened One","ascension_level":20}}