{"host":"aovbmu76o5toxav1","time":1613152578,"event":{"mods":["BaseMod","Downfall","Minty Spire (QoL Compilation)","StSLib"],"gold_per_floor":[99,112,262,262,272,272,295,310,328,355,371,386,386,386,386],"floor_reached":13,"language":"ENG","playtime":855,"items_purged":[],"score":87,"play_id":"528c5046-d909-4321-9495-eb7a2bebf6bf","local_time":"20210212125618","is_ascension_mode":false,"campfire_choices":[{"floor":1,"key":"RECALL"}],"circlet_count":0,"master_deck":["Guardian:Strike_Guardian","Guardian:Strike_Guardian","Guardian:Strike_Guardian","Guardian:Strike_Guardian","Guardian:Defend_Guardian","Guardian:Defend_Guardian","Guardian:Defend_Guardian","Guardian:Defend_Guardian","Guardian:CurlUp","Guardian:TwinSlam+1","Guardian:Gem_White","Parasite","Guardian:RefractedBeam+1","Clumsy","Guardian:BronzeOrb","Guardian:Recover","Guardian:Gem_White","Guardian:MultiBeam","Guardian:ShieldCharger"],"relics":["Guardian:ModeShifter","Ancient Tea Set"],"acts_visited":["Exordium"],"potions_floor_usage":[13],"damage_taken":[{"damage":2,"enemies":"Cultist","floor":2,"turns":5},{"damage":8,"enemies":"Small Slimes","floor":5,"turns":5},{"damage":2,"enemies":"2 Louse","floor":8,"turns":2},{"damage":8,"enemies":"Large Slime","floor":9,"turns":9},{"damage":34,"enemies":"Gremlin Nob","floor":10,"turns":6},{"damage":5,"enemies":"3 Louse","floor":11,"turns":3},{"damage":6,"enemies":"Lots of Slimes","floor":12,"turns":4},{"damage":26,"enemies":"Lagavulin","floor":13,"turns":6}],"seed_played":"2711502337129226709","potions_obtained":[{"floor":2,"key":"Weak Potion"},{"floor":8,"key":"Energy Potion"}],"is_trial":false,"path_per_floor":["R","M","?","?","M","?","T","M","M","E","M","M","E"],"character_chosen":"GUARDIAN","items_purchased":[],"campfire_rested":0,"item_purchase_floors":[],"current_hp_per_floor":[88,86,86,86,78,78,78,76,68,34,29,23,0,0,0],"gold":386,"neow_bonus":"TEN_PERCENT_HP_BONUS","is_daily":false,"chose_seed":false,"campfire_upgraded":0,"win_rate":0.0,"timestamp":1613152578,"path_taken":["R","M","?","?","?","?","T","M","M","E","M","?","E"],"items_purchased_type":[],"build_version":"2020-12-22","purchased_purges":0,"victory":false,"max_hp_per_floor":[88,88,88,88,88,88,88,88,88,88,88,88,88,88,88],"card_choices":[{"not_picked":["Guardian:ArmoredProtocol","Guardian:RefractedBeam"],"picked":"Guardian:Gem_White","floor":2},{"not_picked":["Guardian:SpikerProtocol","Guardian:Gem_Lightblue"],"picked":"Guardian:RefractedBeam","floor":5},{"not_picked":["Guardian:Gem_Lightblue","Guardian:BronzeArmor"],"picked":"Guardian:BronzeOrb","floor":8},{"not_picked":["Guardian:PiercingHide","Guardian:PrismaticBeam"],"picked":"Guardian:Recover","floor":9},{"not_picked":["Guardian:Gem_Cyan","Guardian:TemporalStrike"],"picked":"Guardian:Gem_White","floor":10},{"not_picked":["Guardian:FastForward","Guardian:Planning"],"picked":"Guardian:MultiBeam","floor":11},{"not_picked":["Guardian:TemporalStrike","Guardian:TimeCapacitor"],"picked":"Guardian:ShieldCharger","floor":12}],"player_experience":124102,"relics_obtained":[{"floor":10,"key":"Ancient Tea Set"}],"event_choices":[],"is_beta":false,"boss_relics":[],"items_purged_floors":[],"is_endless":false,"potions_floor_spawned":[2,8],"killed_by":"Lagavulin","ascension_level":0}}