{"host":"k0cm6nn9mnmji9h1","time":1613135792,"event":{"mods":["100% Spire Juice","2.2 Compatiblity","AchievementEnabler","BaseMod","Colored Map","DeckTracker","Gremlin Skip","Highlight Path","Lobotomy","Minty Spire (QoL Compilation)","Permanent Neow","Shade Mod","StSLib","The Dragon Tamer","The Marked","Waifu the Spire"],"gold_per_floor":[117,130,55,74,84,84,84],"floor_reached":6,"language":"KOR","playtime":309,"items_purged":["Strike_G"],"score":38,"play_id":"b884900b-0117-430d-b279-21096122df90","local_time":"20210212221632","is_ascension_mode":false,"campfire_choices":[],"circlet_count":0,"master_deck":["Strike_G","Strike_G","Strike_G","Strike_G","Defend_G","Defend_G","Defend_G","Defend_G","Defend_G","Survivor","Neutralize","CrumblingArmor","Poisoned Stab","Wellcheers","Cloak And Dagger","Variant","Dash","HappyTeddy","Footwork"],"relics":["Ring of the Snake","CogitoBucket"],"acts_visited":["Exordium"],"potions_floor_usage":[],"damage_taken":[{"damage":0,"enemies":"2 Louse","floor":1,"turns":3},{"damage":16,"enemies":"Jaw Worm","floor":2,"turns":4},{"damage":4,"enemies":"Cultist","floor":4,"turns":3},{"damage":0,"enemies":"2 Fungi Beasts","floor":5,"turns":4},{"damage":73,"enemies":"Lagavulin","floor":6,"turns":10}],"seed_played":"-7177485192578319422","potions_obtained":[{"floor":4,"key":"GamblersBrew"}],"is_trial":false,"path_per_floor":["M","M","$","M","M","E"],"character_chosen":"THE_SILENT","items_purchased":[],"campfire_rested":0,"item_purchase_floors":[],"current_hp_per_floor":[70,54,54,50,53,0,0],"gold":84,"neow_bonus":"","is_daily":false,"chose_seed":false,"campfire_upgraded":0,"win_rate":0.0,"timestamp":1613135792,"path_taken":["M","M","$","M","M","E"],"items_purchased_type":[],"build_version":"2020-12-22","purchased_purges":1,"victory":false,"max_hp_per_floor":[70,70,70,70,70,70,70],"card_choices":[{"not_picked":["VoidDream","UniverseFragment"],"picked":"CrumblingArmor","floor":1},{"not_picked":["Caltrops","Heel Hook"],"picked":"Poisoned Stab","floor":1},{"not_picked":["OSAHOGD","LaLuna"],"picked":"Wellcheers","floor":2},{"not_picked":["Flying Knee","Catalyst"],"picked":"Cloak And Dagger","floor":2},{"not_picked":["DespairKnight","HappyTeddy"],"picked":"Variant","floor":4},{"not_picked":["Poisoned Stab","Catalyst"],"picked":"Dash","floor":4},{"not_picked":["CherryBlossoms","UniverseFragment"],"picked":"HappyTeddy","floor":5},{"not_picked":["Catalyst","Cloak And Dagger"],"picked":"Footwork","floor":5}],"player_experience":501750,"relics_obtained":[],"event_choices":[],"is_beta":false,"boss_relics":[],"items_purged_floors":[3],"is_endless":false,"potions_floor_spawned":[4],"killed_by":"Lagavulin","ascension_level":0}}