{"host":"fnk117zi8wf5078t","time":1613119750,"event":{"mods":["AchievementEnabler","BaseMod","Colored Map","Minty Spire (QoL Compilation)","Rare Cards Sparkle","SuperFastMode","everything is the same but u backflip on backflip"],"gold_per_floor":[113,133,208,39,57,57,85,85,85,37,37,57,67,81,81,81,81],"floor_reached":16,"language":"KOR","playtime":470,"items_purged":["Strike_B"],"score":243,"play_id":"ec165313-9d1e-4f6c-ae89-cc5ae7d5263d","local_time":"20210212174910","is_ascension_mode":true,"campfire_choices":[{"floor":6.0,"key":"REST"},{"data":"Bandage Up","floor":8.0,"key":"SMITH"},{"data":"Beam Cell","floor":15.0,"key":"SMITH"}],"circlet_count":0,"master_deck":["AscendersBane","Strike_B+1","Strike_B+1","Defend_B","Defend_B","Defend_B","Defend_B","Zap","Dualcast","Scrape","Aggregate","Bandage Up+1","Steam Power","Core Surge","Beam Cell+1","FTL","Gash"],"relics":["Cracked Core","Whetstone","Eternal Feather","Boot"],"acts_visited":["Exordium"],"potions_floor_usage":[16,16],"damage_taken":[{"damage":15.0,"enemies":"Small Slimes","floor":1.0,"turns":3.0},{"damage":6.0,"enemies":"Cultist","floor":2.0,"turns":4.0},{"damage":1.0,"enemies":"2 Louse","floor":5.0,"turns":2.0},{"damage":21.0,"enemies":"Lagavulin","floor":7.0,"turns":6.0},{"damage":7.0,"enemies":"2 Fungi Beasts","floor":12.0,"turns":3.0},{"damage":7.0,"enemies":"Large Slime","floor":13.0,"turns":5.0},{"damage":15.0,"enemies":"Gremlin Gang","floor":14.0,"turns":3.0},{"damage":55,"enemies":"The Guardian","floor":16,"turns":9}],"seed_played":"9125073492380702335","potions_obtained":[{"floor":2.0,"key":"Dexterity Potion"},{"floor":12.0,"key":"Swift Potion"},{"floor":13.0,"key":"Block Potion"}],"is_trial":false,"path_per_floor":["M","M","?","$","M","R","E","R","T","$","?","M","M","M","R","B"],"character_chosen":"DEFECT","items_purchased":["Bandage Up","Beam Cell"],"campfire_rested":1,"item_purchase_floors":[4,10],"current_hp_per_floor":[53,47,40,40,43,65,48,57,57,57,50,49,48,39,48,0,0],"gold":81,"neow_bonus":"RANDOM_COMMON_RELIC","is_daily":false,"chose_seed":false,"campfire_upgraded":2,"win_rate":0.0,"timestamp":1613119750,"path_taken":["M","M","?","$","M","R","E","R","T","?","?","M","M","M","R","BOSS"],"items_purchased_type":["Card","Card"],"build_version":"2020-12-22","purchased_purges":1,"victory":false,"max_hp_per_floor":[75,75,75,75,75,75,75,75,75,75,75,75,75,75,75,75,75],"card_choices":[{"not_picked":["Leap","Ball Lightning"],"picked":"Scrape","floor":1.0},{"not_picked":["Cold Snap","Tempest"],"picked":"Aggregate","floor":2.0},{"not_picked":["Rebound","Double Energy"],"picked":"Steam Power","floor":5.0},{"not_picked":["Compile Driver","Leap"],"picked":"Core Surge","floor":7.0},{"not_picked":["Ball Lightning","Leap","Conserve Battery"],"picked":"SKIP","floor":12.0},{"not_picked":["Doom and Gloom","Go for the Eyes"],"picked":"FTL","floor":13.0},{"not_picked":["Compile Driver","Stack"],"picked":"Gash","floor":14.0}],"player_experience":431409,"relics_obtained":[{"floor":7.0,"key":"Eternal Feather"},{"floor":9.0,"key":"Boot"}],"event_choices":[{"damage_healed":0.0,"max_hp_gain":0.0,"max_hp_loss":0.0,"gold_gain":75.0,"event_name":"FaceTrader","player_choice":"Touch","floor":3.0,"gold_loss":0.0,"damage_taken":7.0},{"cards_removed":["Strike_B"],"damage_healed":0.0,"max_hp_gain":0.0,"max_hp_loss":0.0,"gold_gain":0.0,"event_name":"Golden Wing","player_choice":"Card Removal","floor":11.0,"gold_loss":0.0,"damage_taken":7.0}],"is_beta":false,"boss_relics":[],"items_purged_floors":[4],"is_endless":false,"potions_floor_spawned":[2,12,13,14],"killed_by":"The Guardian","ascension_level":12}}