{"host":"q4axc00jr2bozlh9","time":1613135421,"event":{"mods":["AchievementEnabler","BaseMod","Bestiary","Colored Map","Colored Powertips","Curses Come First","Minty Spire (QoL Compilation)","Relic Stats","StSLib","SuperFastMode","UnlockEverythingMod"],"gold_per_floor":[13,13,37,37,37,76,76,100,100,100,144,144,159,7,7,7,7],"floor_reached":16,"language":"ENG","playtime":750,"items_purged":[],"score":108,"play_id":"04899758-ef8d-4292-9165-ea0a913bf0db","local_time":"20210212141021","is_ascension_mode":false,"campfire_choices":[{"data":"Shockwave","floor":7,"key":"SMITH"},{"floor":10,"key":"REST"},{"floor":12,"key":"REST"},{"data":"Rampage","floor":15,"key":"SMITH"}],"circlet_count":0,"master_deck":["Strike_R","Strike_R","Strike_R","Defend_R","Defend_R","Defend_R","Defend_R","Bash","Shockwave+1","Havoc","Clash","Rampage+1","Intimidate"],"relics":["Burning Blood","Golden Idol","HornCleat","Darkstone Periapt","Boot","Oddly Smooth Stone","Bag of Marbles"],"acts_visited":["Exordium"],"potions_floor_usage":[6,16],"damage_taken":[{"damage":0,"enemies":"2 Louse","floor":1,"turns":3},{"damage":8,"enemies":"Jaw Worm","floor":3,"turns":6},{"damage":33,"enemies":"Gremlin Nob","floor":6,"turns":5},{"damage":3,"enemies":"Small Slimes","floor":8,"turns":4},{"damage":38,"enemies":"Lagavulin","floor":11,"turns":8},{"damage":10,"enemies":"Exordium Thugs","floor":13,"turns":5},{"damage":47,"enemies":"Slime Boss","floor":16,"turns":10}],"seed_played":"-3390946649380188742","potions_obtained":[{"floor":3,"key":"SteroidPotion"},{"floor":11,"key":"Block Potion"}],"is_trial":false,"path_per_floor":["M","?","M","?","?","E","R","M","T","R","E","R","M","$","R","B"],"character_chosen":"IRONCLAD","items_purchased":["Bag of Marbles"],"campfire_rested":2,"item_purchase_floors":[14],"current_hp_per_floor":[80,60,58,58,58,31,31,34,34,58,26,50,46,46,46,0,0],"gold":7,"neow_bonus":"TRANSFORM_TWO_CARDS","is_daily":false,"chose_seed":false,"campfire_upgraded":2,"win_rate":0.0,"timestamp":1613135421,"path_taken":["M","?","M","?","?","E","R","?","T","R","E","R","M","?","R","BOSS"],"items_purchased_type":["Relic"],"build_version":"2020-12-22","purchased_purges":0,"victory":false,"max_hp_per_floor":[80,80,80,80,80,80,80,80,80,80,80,80,80,80,80,80,80],"relic_stats":{"Darkstone Periapt":0,"counters":[7,41],"Golden Idol":30,"Boot":[3],"obtain_stats":[{"Darkstone Periapt":6,"HornCleat":4,"Golden Idol":2,"Oddly Smooth Stone":11,"Bag of Marbles":14,"Boot":9,"Burning Blood":0},{"Darkstone Periapt":3,"HornCleat":2,"Golden Idol":1,"Oddly Smooth Stone":5,"Bag of Marbles":6,"Boot":4,"Burning Blood":0},{"Darkstone Periapt":14,"HornCleat":9,"Golden Idol":3,"Oddly Smooth Stone":26,"Bag of Marbles":31,"Boot":18,"Burning Blood":0}],"Burning Blood":30},"card_choices":[{"not_picked":["Thunderclap","Hemokinesis"],"picked":"Clash","floor":1},{"not_picked":["Perfected Strike","Warcry"],"picked":"Rampage","floor":3},{"not_picked":["Flex","Headbutt"],"picked":"Intimidate","floor":6},{"not_picked":["Headbutt","Flex","Sword Boomerang"],"picked":"SKIP","floor":8},{"not_picked":["Havoc","Shockwave","Anger"],"picked":"SKIP","floor":11},{"not_picked":["Uppercut","Anger","Thunderclap"],"picked":"SKIP","floor":13}],"player_experience":245126,"relics_obtained":[{"floor":6,"key":"Darkstone Periapt"},{"floor":9,"key":"Boot"},{"floor":11,"key":"Oddly Smooth Stone"}],"event_choices":[{"damage_healed":0,"gold_gain":0,"player_choice":"Take Damage","damage_taken":20,"relics_obtained":["Golden Idol"],"max_hp_gain":0,"max_hp_loss":0,"event_name":"Golden Idol","floor":2,"gold_loss":0},{"damage_healed":0,"gold_gain":0,"player_choice":"Box","damage_taken":0,"relics_obtained":["HornCleat"],"max_hp_gain":0,"max_hp_loss":0,"event_name":"Big Fish","floor":4,"gold_loss":0,"cards_obtained":["Regret"]},{"cards_removed":["Regret"],"damage_healed":0,"gold_gain":0,"player_choice":"Removed Curses","damage_taken":0,"max_hp_gain":0,"max_hp_loss":0,"event_name":"Fountain of Cleansing","floor":5,"gold_loss":0}],"is_beta":false,"boss_relics":[],"items_purged_floors":[],"is_endless":false,"potions_floor_spawned":[3,11],"killed_by":"Slime Boss","ascension_level":0}}