{"host":"fpxpluq8jbpwe8of","time":1613152171,"event":{"mods":["BaseMod","Colored Powertips","Highlight Path","Marisa????????","Minty Spire (QoL Compilation)","everything is the same but u backflip on backflip","slay the spire mod where everything is the same but ironclad has a cowboy hat"],"gold_per_floor":[118,135,145,165,182,207,207,207,258,258,274,302,267,282,282,382,382,396,413,426,516,529,529,529],"floor_reached":23,"language":"ENG","playtime":1198,"items_purged":[],"score":325,"play_id":"5e81b2dc-5d3f-468b-8473-1bd58cd5b5b3","local_time":"20210212124931","is_ascension_mode":true,"campfire_choices":[{"data":"DC","floor":7,"key":"SMITH"},{"data":"GalacticHalo","floor":10,"key":"SMITH"},{"data":"UpSweep","floor":15,"key":"SMITH"}],"circlet_count":0,"master_deck":["Strike_MRS","Strike_MRS","Strike_MRS","Strike_MRS","Defend_MRS","Defend_MRS","Defend_MRS","Defend_MRS","MasterSpark+1","UpSweep+1","DC+1","MachineGunSpark+1","NonDirectionalLaser","EarthLightRay","AsteroidBelt","GalacticHalo+1","GalacticHalo","PropBag+1","GalacticHalo+1","StarDustReverie+1","StarBarrage+1","Flash of Steel"],"relics":["MiniHakkero","Tiny Chest","Whetstone","Toxic Egg 2","Coffee Dripper","AmplifyWand"],"acts_visited":["Exordium","TheCity"],"potions_floor_usage":[6,6,12,20,22],"damage_taken":[{"damage":0,"enemies":"Cultist","floor":1,"turns":3},{"damage":7,"enemies":"Jaw Worm","floor":2,"turns":3},{"damage":3,"enemies":"Small Slimes","floor":3,"turns":3},{"damage":25,"enemies":"Gremlin Gang","floor":4,"turns":4},{"damage":2,"enemies":"2 Fungi Beasts","floor":5,"turns":3},{"damage":2,"enemies":"3 Sentries","floor":6,"turns":4},{"damage":12,"enemies":"Exordium Thugs","floor":11,"turns":7},{"damage":25,"enemies":"Lagavulin","floor":12,"turns":9},{"damage":0,"enemies":"Looter","floor":14,"turns":1},{"damage":17,"enemies":"Slime Boss","floor":16,"turns":12},{"damage":28,"enemies":"Chosen","floor":18,"turns":7},{"damage":4,"enemies":"Shell Parasite","floor":19,"turns":3},{"damage":0,"enemies":"Snecko","floor":20,"turns":4},{"damage":23,"enemies":"3 Cultists","floor":22,"turns":6},{"damage":7,"enemies":"Gremlin Leader","floor":23,"turns":2}],"seed_played":"4780558519715189736","potions_obtained":[{"floor":3,"key":"DistilledChaos"},{"floor":4,"key":"Strength Potion"},{"floor":5,"key":"SpeedPotion"},{"floor":6,"key":"Ancient Potion"},{"floor":11,"key":"DuplicationPotion"},{"floor":12,"key":"ColorlessPotion"},{"floor":16,"key":"Weak Potion"},{"floor":19,"key":"LiquidMemories"},{"floor":20,"key":"Swift Potion"}],"is_trial":false,"path_per_floor":["M","M","M","M","M","E","R","?","T","R","M","E","?","M","R","B",null,"M","M","M","?","M","E"],"character_chosen":"MARISA","items_purchased":[],"campfire_rested":0,"item_purchase_floors":[],"current_hp_per_floor":[68,61,58,37,39,41,41,46,46,46,38,17,37,41,41,28,67,43,43,47,23,4,0,0],"gold":529,"neow_bonus":"THREE_CARDS","is_daily":false,"chose_seed":false,"campfire_upgraded":3,"win_rate":0.0,"timestamp":1613152171,"path_taken":["M","M","M","M","M","E","R","?","T","R","M","E","?","M","R","BOSS","M","M","M","?","M","E"],"items_purchased_type":[],"build_version":"2020-12-22","purchased_purges":0,"victory":false,"max_hp_per_floor":[75,75,75,75,75,75,75,80,80,80,80,80,80,80,80,80,80,80,80,80,80,80,80,80],"card_choices":[{"not_picked":["ShootingEcho","SporeBomb"],"picked":"DC","floor":0},{"not_picked":["6A","AsteroidBelt"],"picked":"MachineGunSpark","floor":1},{"not_picked":["DC","ManaConvection"],"picked":"NonDirectionalLaser","floor":2},{"not_picked":["MeteoricShower","MysteriousBeam"],"picked":"EarthLightRay","floor":3},{"not_picked":["OortCloud","Robbery"],"picked":"AsteroidBelt","floor":4},{"not_picked":["UnstableBomb","SprinkleStarSeal"],"picked":"GalacticHalo","floor":5},{"not_picked":["DragonMeteor","GravityBeat"],"picked":"GalacticHalo","floor":6},{"not_picked":["StarlightTyphoon","DeepEcoloBomb","AsteroidBelt"],"picked":"SKIP","floor":11},{"not_picked":["WitchLeyline","DC"],"picked":"PropBag+1","floor":12},{"not_picked":["JA","UnstableBomb"],"picked":"GalacticHalo+1","floor":14},{"not_picked":["SatelliteIllusion","CollectingQuirk"],"picked":"StarDustReverie+1","floor":16},{"not_picked":["DC","StarlightTyphoon+1"],"picked":"StarBarrage+1","floor":18},{"not_picked":["SuperPerseids+1","LuminesStrike","NonDirectionalLaser"],"picked":"SKIP","floor":19},{"not_picked":["6A","IllusionStar+1","WitchOfGreed"],"picked":"SKIP","floor":20},{"not_picked":["UnstableBomb","GalacticHalo+1","GravityBeat"],"picked":"SKIP","floor":22}],"player_experience":169946,"relics_obtained":[{"floor":6,"key":"Tiny Chest"},{"floor":9,"key":"Whetstone"},{"floor":12,"key":"Toxic Egg 2"}],"event_choices":[{"damage_healed":0,"gold_gain":0,"player_choice":"Donut","damage_taken":0,"max_hp_gain":5,"max_hp_loss":0,"event_name":"Big Fish","floor":8,"gold_loss":0},{"damage_healed":20,"gold_gain":0,"player_choice":"Healed","damage_taken":0,"max_hp_gain":0,"max_hp_loss":0,"event_name":"The Cleric","floor":13,"gold_loss":35},{"damage_healed":0,"gold_gain":90,"player_choice":"CARD GOLD POTION ","damage_taken":24,"max_hp_gain":0,"max_hp_loss":0,"event_name":"Knowing Skull","floor":21,"potions_obtained":["StarNLove"],"gold_loss":0,"cards_obtained":["Flash of Steel"]}],"is_beta":false,"boss_relics":[{"not_picked":["Black Star","Snecko Eye"],"picked":"Coffee Dripper"}],"items_purged_floors":[],"is_endless":false,"potions_floor_spawned":[3,4,5,6,11,12,16,19,20],"killed_by":"Gremlin Leader","ascension_level":8}}