{"host":"c2p2isezsqpgoqg6","time":1613169382,"event":{"mods":["BaseMod","BetterRewards","Colored Map","DeckTracker","Downfall","Infinite Spire","Minty Spire (QoL Compilation)","Quick Restart","StSLib","SuperFastMode"],"gold_per_floor":[99,119,119,132,132,150,177,196,196,225,225,257,257,257,267,369,369,369,383,400,416,434,434,434,434,453,453,453,4,4,4,19,120,120,120,139,156,156,171,171,171,70,70,70,70,70,70],"floor_reached":45,"language":"ENG","playtime":1682,"items_purged":["hexamod:Strike"],"score":488,"play_id":"aede96c4-a0e3-42b9-a37c-bfba47549588","local_time":"20210212233622","is_ascension_mode":false,"campfire_choices":[{"data":"hexamod:Sear","floor":1,"key":"SMITH"},{"data":"hexamod:EtherealExpedition","floor":9,"key":"SMITH"},{"floor":11,"key":"REST"},{"data":"hexamod:SpectersWail","floor":13,"key":"SMITH"},{"data":"hexamod:ParanormalForm","floor":18,"key":"SMITH"},{"data":"hexamod:ExtraCrispy","floor":25,"key":"SMITH"},{"floor":28,"key":"REST"},{"data":"hexamod:WildfireWeapon","floor":35,"key":"SMITH"},{"data":"expansioncontent:LastStand","floor":44,"key":"SMITH"}],"circlet_count":0,"master_deck":["hexamod:Defend","hexamod:Defend+1","hexamod:Defend+1","hexamod:Defend","hexamod:Sear+1","hexamod:Float","hexamod:Incineration","hexamod:EtherealExpedition+1","hexamod:AdvancingGuard","hexamod:FirstSeal","hexamod:SpectersWail+1","hexamod:HauntingEcho","hexamod:ShieldOfDarkness","hexamod:ParanormalForm+1","hexamod:ThermalTransfer+1","hexamod:NightmareGuise+1","hexamod:ExtraCrispy+1","hexamod:ThirdSeal","Necronomicurse","hexamod:SpectersWail","hexamod:HeatMetal","hexamod:UnleashSpirits+1","hexamod:NightmareGuise","hexamod:SpectersWail","hexamod:GhostShield","hexamod:GhostflameInferno","hexamod:WildfireWeapon+1","hexamod:ThermalTransfer","hexamod:EmpoweredFlame+1","hexamod:Hexaguard+1","hexamod:ShieldOfDarkness+1","hexamod:SwordOfDarkness+1","hexamod:ThirdSeal","hexamod:FastForward","expansioncontent:LastStand+1"],"relics":["hexamod:SpiritBrand","PreservedInsect","hexamod:MatchstickCase","Odd Mushroom","infinitespire:Beetle Shell","hexamod:IceCube","Necronomicon","WingedGreaves","infinitespire:Golems Mask","Empty Cage","infinitespire:CheckeredPen"],"acts_visited":["Exordium","TheCity","TheBeyond"],"potions_floor_usage":[16,39,39,45],"damage_taken":[{"damage":0,"enemies":"Cultist","floor":2,"turns":3},{"damage":0,"enemies":"Small Slimes","floor":4,"turns":4},{"damage":0,"enemies":"2 Louse","floor":6,"turns":2},{"damage":0,"enemies":"2 Fungi Beasts","floor":8,"turns":4},{"damage":24,"enemies":"The Mushroom Lair","floor":10,"turns":6},{"damage":9,"enemies":"3 Sentries","floor":12,"turns":5},{"damage":12,"enemies":"Large Slime","floor":15,"turns":6},{"damage":0,"enemies":"SI_SHIV_ARCHETYPE","floor":16,"turns":6},{"damage":27,"enemies":"3 Byrds","floor":19,"turns":5},{"damage":6,"enemies":"Cultist and Chosen","floor":20,"turns":5},{"damage":0,"enemies":"Snake Plant","floor":21,"turns":6},{"damage":6,"enemies":"Shelled Parasite and Fungi","floor":22,"turns":6},{"damage":5,"enemies":"Snecko","floor":26,"turns":4},{"damage":0,"enemies":"downfall:FleeingMerchant","floor":29,"turns":4},{"damage":0,"enemies":"Chosen and Byrds","floor":32,"turns":4},{"damage":35,"enemies":"IC_MUSHROOM_ARCHETYPE","floor":33,"turns":10},{"damage":1,"enemies":"3 Shapes","floor":36,"turns":4},{"damage":12,"enemies":"3 Darklings","floor":37,"turns":5},{"damage":23,"enemies":"Spire Growth","floor":39,"turns":6},{"damage":0,"enemies":"downfall:FleeingMerchant","floor":42,"turns":4},{"damage":54,"enemies":"Nightmare","floor":45,"turns":6}],"seed_played":"-1458203934205651702","potions_obtained":[{"floor":0,"key":"Strength Potion"},{"floor":0,"key":"EssenceOfSteel"},{"floor":0,"key":"hexamod:SoulburnPotion"},{"floor":2,"key":"PowerPotion"},{"floor":20,"key":"DuplicationPotion"}],"is_trial":false,"path_per_floor":["R","M","?","M","?","M","T","M","R","?","R","E","R","?","M","B",null,"R","M","M","M","M","?","T","R","M","?","R","$","?","?","M","B",null,"R","M","M","?","M","?","T","$","?","R","NM"],"character_chosen":"THE_SPIRIT","items_purchased":["hexamod:NightmareGuise","infinitespire:Golems Mask","hexamod:ThirdSeal","hexamod:FastForward"],"campfire_rested":2,"item_purchase_floors":[29,29,42,42],"current_hp_per_floor":[70,70,70,70,63,63,63,63,63,46,67,65,65,65,60,67,70,70,50,51,58,59,43,43,43,45,45,66,70,70,70,70,35,70,70,70,65,57,41,41,41,41,41,41,0,0,0],"gold":70,"neow_bonus":"THREE_SMALL_POTIONS","is_daily":false,"chose_seed":false,"campfire_upgraded":7,"win_rate":0.0,"timestamp":1613169382,"path_taken":["R","M","?","M","?","M","T","M","R","?","R","E","R","?","M","BOSS","R","M","M","M","M","?","T","R","M","?","R","$","?","?","M","BOSS","R","M","?","?","?","?","T","$","?","R","NM"],"items_purchased_type":["Card","Relic","Card","Card"],"build_version":"2020-12-22","purchased_purges":1,"victory":false,"max_hp_per_floor":[70,70,70,70,70,70,70,70,70,70,70,70,70,70,70,70,70,70,70,70,70,70,70,70,70,70,70,70,70,70,70,70,70,70,70,70,70,70,70,70,70,70,70,70,70,70,70],"card_choices":[{"not_picked":["hexamod:SkipABeat","hexamod:InspiringFlames"],"picked":"hexamod:Incineration","floor":2},{"not_picked":["hexamod:GhostflameBarrier","hexamod:Firestarter"],"picked":"hexamod:EtherealExpedition","floor":4},{"not_picked":["hexamod:Again","hexamod:DynamicBlow"],"picked":"hexamod:AdvancingGuard","floor":6},{"not_picked":["hexamod:StepThrough","hexamod:GhostLash"],"picked":"hexamod:FirstSeal","floor":8},{"not_picked":["hexamod:GhostLash","hexamod:Firestarter"],"picked":"hexamod:SpectersWail","floor":10},{"not_picked":["hexamod:BacktrackSmack","hexamod:TimeWarp"],"picked":"hexamod:HauntingEcho","floor":12},{"not_picked":["hexamod:BurningTouch","hexamod:BacktrackSmack"],"picked":"hexamod:ShieldOfDarkness","floor":15},{"not_picked":["hexamod:GhostflameInferno","hexamod:VolcanoVisage"],"picked":"hexamod:ParanormalForm","floor":16},{"not_picked":["hexamod:FastForward","hexamod:HauntingEcho"],"picked":"hexamod:ThermalTransfer+1","floor":19},{"not_picked":["hexamod:HauntingEcho","hexamod:NecessarySacrifice+1"],"picked":"hexamod:NightmareGuise+1","floor":20},{"not_picked":["hexamod:AdvancingGuard","hexamod:FifthSeal"],"picked":"hexamod:ExtraCrispy","floor":21},{"not_picked":["hexamod:SpectralAdrenaline","hexamod:HeatMetal+1"],"picked":"hexamod:ThirdSeal","floor":22},{"not_picked":["hexamod:Hexaguard","hexamod:BacktrackSmack"],"picked":"hexamod:SpectersWail","floor":26},{"not_picked":["hexamod:ShieldOfDarkness","hexamod:HeatCrush"],"picked":"hexamod:HeatMetal","floor":26},{"not_picked":["hexamod:RainOfEmbers","hexamod:FirstSeal"],"picked":"hexamod:UnleashSpirits","floor":29},{"not_picked":["hexamod:BurningTouch+1","hexamod:SwordOfDarkness","hexamod:ShieldOfDarkness"],"picked":"SKIP","floor":29},{"not_picked":["hexamod:HeatMetal","hexamod:UnlimitedPower"],"picked":"hexamod:SpectersWail","floor":32},{"not_picked":["hexamod:NightmareGuise","hexamod:Haunt"],"picked":"hexamod:GhostShield","floor":32},{"not_picked":["hexamod:TimeOfNeed","hexamod:TimeWarp"],"picked":"hexamod:GhostflameInferno","floor":33},{"not_picked":["hexamod:ParanormalForm","hexamod:GhostOfSpirePresent"],"picked":"hexamod:WildfireWeapon","floor":33},{"not_picked":["hexamod:HeatMetal","hexamod:AdvancingGuard"],"picked":"hexamod:ThermalTransfer","floor":36},{"not_picked":["hexamod:ShieldOfDarkness+1","hexamod:Firestarter+1"],"picked":"hexamod:EmpoweredFlame+1","floor":37},{"not_picked":["hexamod:NightmareStrike+1","hexamod:FifthSeal"],"picked":"hexamod:Hexaguard+1","floor":39},{"not_picked":["hexamod:SwordOfDarkness","hexamod:SecondSeal"],"picked":"hexamod:ShieldOfDarkness+1","floor":39},{"not_picked":["hexamod:HeatMetal+1","hexamod:RetreatToShadows"],"picked":"hexamod:SwordOfDarkness+1","floor":42},{"not_picked":["expansioncontent:InvincibleStrength","expansioncontent:GuardianWhirl"],"picked":"expansioncontent:LastStand","floor":43}],"player_experience":484152,"relics_obtained":[{"floor":7,"key":"hexamod:MatchstickCase"},{"floor":10,"key":"Odd Mushroom"},{"floor":12,"key":"infinitespire:Beetle Shell"},{"floor":23,"key":"Necronomicon"},{"floor":24,"key":"WingedGreaves"},{"floor":41,"key":"infinitespire:CheckeredPen"}],"event_choices":[{"damage_healed":0,"gold_gain":0,"player_choice":"Success","damage_taken":7,"relics_obtained":["PreservedInsect"],"max_hp_gain":0,"max_hp_loss":0,"event_name":"Scrap Ooze","floor":5,"gold_loss":0},{"damage_healed":0,"gold_gain":0,"player_choice":"Fought Mushrooms","damage_taken":0,"max_hp_gain":0,"max_hp_loss":0,"event_name":"Mushrooms","floor":10,"gold_loss":0},{"cards_removed":["hexamod:Strike"],"damage_healed":0,"gold_gain":0,"player_choice":"Card Removal","damage_taken":0,"max_hp_gain":0,"max_hp_loss":0,"event_name":"The Cleric","floor":14,"gold_loss":0},{"damage_healed":0,"gold_gain":0,"player_choice":"Forge","damage_taken":0,"max_hp_gain":0,"max_hp_loss":0,"event_name":"Accursed Blacksmith","floor":31,"gold_loss":0,"cards_upgraded":["hexamod:UnleashSpirits"]}],"is_beta":false,"boss_relics":[{"not_picked":["Runic Dome","SacredBark"],"picked":"hexamod:IceCube"},{"not_picked":["Coffee Dripper","infinitespire:Cupcake"],"picked":"Empty Cage"}],"items_purged_floors":[29],"is_endless":false,"potions_floor_spawned":[2,12,15,20,32,33,36],"killed_by":"Nightmare","ascension_level":0}}