{"host":"ex9ev9v5sog028vn","time":1613120391,"event":{"mods":["Act Like it!","BaseMod","Block Reminder","Hallownest","Minty Spire (QoL Compilation)","Quick Restart","Relic Stats","StSLib","The Bug Knight"],"gold_per_floor":[19,33,33,50,50,50,78,97,97,97,126,145,179,179,179,283,283,296,553,579,489,489,489,18,18,64,64,91,91,125,125,125,222,222,239,239,59,59,75,104,104,104,104,104,134,134,163,63,63,63],"floor_reached":51,"language":"ENG","playtime":3271,"items_purged":["HollowMod:NailStrikeStart","HollowMod:QuickDashStart"],"score":898,"play_id":"0a096a8a-b40f-4b49-a2c6-2cd8b2ed871e","local_time":"20210212055951","is_ascension_mode":true,"campfire_choices":[{"data":"HollowMod:CloakDash","floor":6.0,"key":"SMITH"},{"data":"HollowMod:HeavyBlow","floor":10.0,"key":"SMITH"},{"floor":15.0,"key":"REST"},{"data":"HollowMod:MothsMistake","floor":23.0,"key":"SMITH"},{"data":"HollowMod:InfectedAttack","floor":25.0,"key":"SMITH"},{"data":"HollowMod:BrokenVessel","floor":27.0,"key":"SMITH"},{"data":"HollowMod:InfectedCysts","floor":32.0,"key":"SMITH"},{"data":"HollowMod:DungDefenderAura","floor":46,"key":"SMITH"},{"data":"HollowMod:Weaversong","floor":49,"key":"SMITH"}],"circlet_count":0,"master_deck":["HollowMod:QuickDashStart","HollowMod:QuickDashStart","HollowMod:QuickDashStart","HollowMod:FocusHealStart","HollowMod:PogoStrike","HollowMod:CloakDash","HollowMod:CloakDash+1","HollowMod:HeavyBlow+1","HollowMod:Weaversong+1","HollowMod:DungDefenderAura+1","HollowMod:MothsMistake+1","HollowMod:SharpenedNail","HollowMod:InfectedAttack+1","HollowMod:BrokenVessel+1","HollowMod:CornifersMapStart","HollowMod:InfectedCysts+1","HollowMod:CornifersMapStart","HollowMod:NewInfectedGuardian","HollowMod:DashSlash+1","HollowMod:HowlingWraiths+1","HollowMod:LuriensSpire+1","HollowMod:BaldurShell","HollowMod:HuntersJournal+1"],"relics":["HollowMod:VesselMask","Du-Vu Doll","Tiny Chest","Juzu Bracelet","HollowMod:MantisClawRelic","Coffee Dripper","Omamori","Ice Cream","HollowMod:PaleOreRelic","HollowMod:DelicateFlower","Red Mask","Letter Opener","Meat on the Bone","Velvet Choker","Hallownest:StagBellStandRelic","Dead Branch","White Beast Statue","Turnip","Pen Nib","Art of War"],"acts_visited":["Exordium","Hallownest:Greenpath","Hallownest:CityofTears"],"potions_floor_usage":[36,45,50,50,50,50],"damage_taken":[{"damage":3.0,"enemies":"Hallownest:2_Baldur","floor":1.0,"turns":5.0},{"damage":0.0,"enemies":"Hallownest:monsterHuskWarrior","floor":2.0,"turns":3.0},{"damage":0.0,"enemies":"Hallownest:2_Tiktiks_and_1_Crawlid","floor":4.0,"turns":3.0},{"damage":19.0,"enemies":"Hallownest:eliteVengeflyKing","floor":7.0,"turns":5.0},{"damage":12.0,"enemies":"Hallownest:MossCreep_and_Mosskin","floor":8.0,"turns":6.0},{"damage":17.0,"enemies":"Hallownest:eliteCrystalGuardian","floor":11.0,"turns":4.0},{"damage":28.0,"enemies":"Hallownest:2_Tiktiks_1_Baldur_1_Crawlid","floor":12.0,"turns":6.0},{"damage":23.0,"enemies":"Hallownest:eliteMossKnight","floor":13.0,"turns":12.0},{"damage":33.0,"enemies":"Hallownest:BossFalseKnight","floor":16.0,"turns":10.0},{"damage":0.0,"enemies":"Hallownest:Guard_and_Sentry","floor":18.0,"turns":6.0},{"damage":14.0,"enemies":"Hallownest:eliteWatcherKnight","floor":28.0,"turns":9.0},{"damage":11.0,"enemies":"Hallownest:eliteSoulWarrior","floor":30.0,"turns":7.0},{"damage":56.0,"enemies":"Hallownest:BossGrimm","floor":33.0,"turns":9.0},{"damage":19.0,"enemies":"Hallownest:3_Siblings","floor":35.0,"turns":5.0},{"damage":0,"enemies":"Hallownest:2_Littles","floor":36,"turns":1},{"damage":12,"enemies":"Hallownest:2_Great","floor":39,"turns":5},{"damage":33,"enemies":"Hallownest:eliteHiveKnight","floor":40,"turns":6},{"damage":9,"enemies":"Hallownest:eliteCollector","floor":45,"turns":7},{"damage":38,"enemies":"Hallownest:eliteHiveKnight","floor":47,"turns":7},{"damage":30,"enemies":"Hallownest:Radiance","floor":50,"turns":10}],"seed_played":"-6732288580986583986","potions_obtained":[{"floor":1.0,"key":"Fire Potion"},{"floor":2.0,"key":"LiquidMemories"},{"floor":11.0,"key":"Weak Potion"},{"floor":13.0,"key":"SneckoOil"},{"floor":30.0,"key":"Fire Potion"},{"floor":35.0,"key":"SmokeBomb"},{"floor":39,"key":"DuplicationPotion"},{"floor":45,"key":"GamblersBrew"},{"floor":47,"key":"BlessingOfTheForge"}],"is_trial":false,"path_per_floor":["M","M","?","M","?","R","E","M","T","R","E","M","?","?","R","B",null,"M","?","T","?","?","R","$","R","T","R","E","?","E","T","R","B",null,"M","M","?","?","M","E","?","T","T","?","E","R","E","$","R","B",null],"character_chosen":"THE_BUGKNIGHT","items_purchased":["Ice Cream","HollowMod:BrokenVessel","HollowMod:CornifersMapStart"],"campfire_rested":1,"item_purchase_floors":[24,24,24],"current_hp_per_floor":[75,75,66,72,72,72,59,57,57,57,40,18,5,5,40,17,68,68,68,68,68,68,68,68,68,68,68,63,63,58,58,58,20,68,55,55,55,55,49,38,38,38,38,53,50,50,36,36,36,30],"gold":63,"neow_bonus":"ONE_RARE_RELIC","is_daily":false,"chose_seed":false,"campfire_upgraded":8,"win_rate":0.0,"timestamp":1613120391,"path_taken":["M","M","?","M","?","R","E","M","T","R","E","M","?","?","R","BOSS","M","?","?","?","?","R","$","R","T","R","E","?","E","?","R","BOSS","M","M","?","?","M","E","?","?","T","?","E","R","E","?","R","BOSS"],"items_purchased_type":["Relic","Card","Card"],"build_version":"2020-12-22","purchased_purges":2,"victory":true,"max_hp_per_floor":[75,75,75,75,75,75,75,75,75,75,75,75,75,68,68,68,68,68,68,68,68,68,68,68,68,68,68,68,68,68,68,68,68,68,68,68,68,68,68,68,68,68,68,68,68,68,68,68,68,68],"relic_stats":{"counters":[20,126],"Dead Branch":[18],"Tiny Chest":3,"Turnip":[0],"Pen Nib":[3],"Juzu Bracelet":3,"Art of War":[1],"Letter Opener":[71],"obtain_stats":[{"Ice Cream":24,"Regal Pillow":13,"Hallownest:StagBellRelic1":21,"Dead Branch":40,"Velvet Choker":34,"HollowMod:VesselMask":0,"Pen Nib":45,"Juzu Bracelet":9,"Omamori":20,"Letter Opener":30,"HollowMod:DelicateFlower":28,"White Beast Statue":42,"Du-Vu Doll":0,"Hallownest:StagBellStandRelic":37,"Tiny Chest":7,"Turnip":43,"Coffee Dripper":17,"Red Mask":29,"Art of War":47,"HollowMod:PaleOreRelic":26,"HollowMod:MantisClawRelic":11,"Meat on the Bone":31},{"Ice Cream":10,"Regal Pillow":8,"Hallownest:StagBellRelic1":10,"Dead Branch":17,"Velvet Choker":13,"HollowMod:VesselMask":0,"Pen Nib":18,"Juzu Bracelet":5,"Omamori":10,"Letter Opener":12,"HollowMod:DelicateFlower":11,"White Beast Statue":17,"Du-Vu Doll":0,"Hallownest:StagBellStandRelic":15,"Tiny Chest":4,"Turnip":17,"Coffee Dripper":9,"Red Mask":11,"Art of War":19,"HollowMod:PaleOreRelic":10,"HollowMod:MantisClawRelic":6,"Meat on the Bone":12},{"Ice Cream":60,"Regal Pillow":44,"Hallownest:StagBellRelic1":60,"Dead Branch":102,"Velvet Choker":85,"HollowMod:VesselMask":0,"Pen Nib":109,"Juzu Bracelet":22,"Omamori":60,"Letter Opener":76,"HollowMod:DelicateFlower":69,"White Beast Statue":102,"Du-Vu Doll":0,"Hallownest:StagBellStandRelic":91,"Tiny Chest":16,"Turnip":102,"Coffee Dripper":54,"Red Mask":69,"Art of War":116,"HollowMod:PaleOreRelic":60,"HollowMod:MantisClawRelic":26,"Meat on the Bone":76}],"Meat on the Bone":48},"card_choices":[{"not_picked":["HollowMod:SoulShaman","HollowMod:CrystalDash"],"picked":"HollowMod:CloakDash","floor":1.0},{"not_picked":["HollowMod:DoubleDash","HollowMod:BlackTendrils"],"picked":"HollowMod:CloakDash","floor":2.0},{"not_picked":["HollowMod:DashSlash","HollowMod:LifebloodCocoon","HollowMod:DreamGate"],"picked":"SKIP","floor":4.0},{"not_picked":["HollowMod:SoulVessel","HollowMod:SiblingsSouls"],"picked":"HollowMod:HeavyBlow","floor":7.0},{"not_picked":["HollowMod:BrokenVessel","HollowMod:CloakDash"],"picked":"HollowMod:Weaversong","floor":8.0},{"not_picked":["HollowMod:PerfectDash","HollowMod:MawleksShell"],"picked":"HollowMod:DungDefenderAura","floor":11.0},{"not_picked":["HollowMod:VengefulVoid","HollowMod:WraithStrike"],"picked":"HollowMod:MothsMistake","floor":12.0},{"not_picked":["HollowMod:DescendingDark","HollowMod:SiblingsSouls"],"picked":"HollowMod:SharpenedNail","floor":13.0},{"not_picked":["HollowMod:NewLittleFool","HollowMod:LifebloodCocoon"],"picked":"HollowMod:InfectedAttack","floor":18.0},{"not_picked":["HollowMod:theNailsmith","HollowMod:Grubsong"],"picked":"HollowMod:InfectedCysts","floor":28.0},{"not_picked":["HollowMod:SharpenedNail+1","HollowMod:DescendingDark"],"picked":"HollowMod:CornifersMapStart","floor":30.0},{"not_picked":["HollowMod:Weaversong","HollowMod:PureVessel"],"picked":"HollowMod:NewInfectedGuardian","floor":33.0},{"not_picked":["HollowMod:LifebloodCocoon+1","HollowMod:SoulEater+1"],"picked":"HollowMod:DashSlash+1","floor":35.0},{"not_picked":["HollowMod:CloakDash+1","HollowMod:SoulEater"],"picked":"HollowMod:HowlingWraiths+1","floor":39},{"not_picked":["HollowMod:DoubleDash","HollowMod:HeavyBlow+1"],"picked":"HollowMod:LuriensSpire+1","floor":40},{"not_picked":["HollowMod:HowlingWraiths+1","HollowMod:NewLittleFool"],"picked":"HollowMod:BaldurShell","floor":45},{"not_picked":["HollowMod:HeavyBlow+1","HollowMod:SharpenedNail"],"picked":"HollowMod:HuntersJournal+1","floor":47}],"player_experience":728961,"relics_obtained":[{"floor":7.0,"key":"Tiny Chest"},{"floor":9.0,"key":"Juzu Bracelet"},{"floor":11.0,"key":"HollowMod:MantisClawRelic"},{"floor":13.0,"key":"Regal Pillow"},{"floor":20.0,"key":"Omamori"},{"floor":26.0,"key":"HollowMod:PaleOreRelic"},{"floor":28.0,"key":"HollowMod:DelicateFlower"},{"floor":30.0,"key":"Letter Opener"},{"floor":31.0,"key":"Meat on the Bone"},{"floor":40,"key":"Dead Branch"},{"floor":42,"key":"White Beast Statue"},{"floor":43,"key":"Turnip"},{"floor":45,"key":"Pen Nib"},{"floor":47,"key":"Art of War"}],"event_choices":[],"is_beta":false,"boss_relics":[{"not_picked":["Tiny House","SacredBark"],"picked":"Coffee Dripper"},{"not_picked":["Runic Dome","SlaversCollar"],"picked":"Velvet Choker"}],"items_purged_floors":[24,48],"is_endless":false,"potions_floor_spawned":[1,2,11,13,30,35,36,39,45,47],"ascension_level":3}}