{"host":"lv7etzzgwahaenh9","time":1613161396,"event":{"mods":["AchievementEnabler","BaseMod","Colored Map","Colored Powertips","Highlight Path","Minty Spire (QoL Compilation)","Permanent Neow","Quick Restart","Random Character Button","StSLib"],"gold_per_floor":[114,134,114,129,147,147,162,162,162,196,271,271,286,305,305,409,409,425,500,23,42,52,52,52,65,65,91,91,91,91],"floor_reached":29,"language":"ENG","playtime":1019,"items_purged":["Strike_B"],"score":515,"play_id":"7dbca37f-d2dc-4e2d-8a09-748a0b417a8b","local_time":"20210212122316","is_ascension_mode":true,"campfire_choices":[{"data":"Zap","floor":6.0,"key":"SMITH"},{"data":"Dualcast","floor":8.0,"key":"SMITH"},{"data":"Sweeping Beam","floor":12.0,"key":"SMITH"},{"data":"Biased Cognition","floor":15.0,"key":"SMITH"},{"data":"Rainbow","floor":23.0,"key":"SMITH"},{"data":"Double Energy","floor":28,"key":"SMITH"}],"circlet_count":0,"master_deck":["AscendersBane","Strike_B","Strike_B","Defend_B","Defend_B","Defend_B","Zap+1","Dualcast+1","All For One","Undo","Chill","Ball Lightning","Steam","Beam Cell","Sweeping Beam+1","Cold Snap","Ball Lightning","Biased Cognition+1","Rainbow+1","Double Energy+1","All For One","Sadistic Nature","FTL","Streamline","Chill","Writhe","Chill","Sunder+1"],"relics":["Cracked Core","Symbiotic Virus","Matryoshka","Coffee Dripper","DollysMirror","Pantograph","Blood Vial","Molten Egg 2","Cables"],"acts_visited":["Exordium","TheCity"],"potions_floor_usage":[27,29],"damage_taken":[{"damage":0.0,"enemies":"Small Slimes","floor":1.0,"turns":3.0},{"damage":8.0,"enemies":"Cultist","floor":2.0,"turns":4.0},{"damage":0.0,"enemies":"2 Louse","floor":4.0,"turns":2.0},{"damage":0.0,"enemies":"Exordium Thugs","floor":5.0,"turns":6.0},{"damage":0.0,"enemies":"3 Louse","floor":7.0,"turns":3.0},{"damage":0.0,"enemies":"Gremlin Nob","floor":10.0,"turns":3.0},{"damage":1.0,"enemies":"Exordium Wildlife","floor":13.0,"turns":3.0},{"damage":0.0,"enemies":"Large Slime","floor":14.0,"turns":3.0},{"damage":0.0,"enemies":"Slime Boss","floor":16.0,"turns":7.0},{"damage":10.0,"enemies":"2 Thieves","floor":18.0,"turns":2.0},{"damage":10.0,"enemies":"Shell Parasite","floor":21.0,"turns":3.0},{"damage":0.0,"enemies":"Cultist and Chosen","floor":22.0,"turns":4.0},{"damage":19.0,"enemies":"Centurion and Healer","floor":25.0,"turns":5.0},{"damage":6,"enemies":"Book of Stabbing","floor":27,"turns":5},{"damage":17,"enemies":"Gremlin Leader","floor":29,"turns":4}],"seed_played":"-1495181284299109494","potions_obtained":[{"floor":2.0,"key":"Strength Potion"},{"floor":3.0,"key":"Energy Potion"},{"floor":10.0,"key":"Explosive Potion"},{"floor":13.0,"key":"PotionOfCapacity"},{"floor":22.0,"key":"PotionOfCapacity"},{"floor":25.0,"key":"SpeedPotion"}],"is_trial":false,"path_per_floor":["M","M","?","M","M","R","M","R","T","E","?","R","M","M","R","B",null,"M","?","$","M","M","R","?","M","T","E","R","E"],"character_chosen":"DEFECT","items_purchased":["DollysMirror","Sadistic Nature","FTL"],"campfire_rested":0,"item_purchase_floors":[20,20,20],"current_hp_per_floor":[50,42,42,42,42,42,42,42,42,42,31,31,30,30,30,30,64,54,47,47,37,37,37,37,18,18,14,14,0,0],"gold":91,"neow_bonus":"TRANSFORM_TWO_CARDS","is_daily":false,"chose_seed":false,"campfire_upgraded":6,"win_rate":0.0,"timestamp":1613161396,"path_taken":["M","M","?","M","M","R","?","R","T","E","?","R","M","M","R","BOSS","M","?","?","M","M","R","?","?","T","E","R","E"],"items_purchased_type":["Relic","Card","Card"],"build_version":"2020-12-22","purchased_purges":1,"victory":false,"max_hp_per_floor":[75,75,75,75,75,75,75,75,75,75,75,75,75,75,75,75,75,75,75,75,75,75,75,75,75,75,75,75,75,75],"card_choices":[{"not_picked":["Sweeping Beam","Recycle"],"picked":"Chill","floor":1.0},{"not_picked":["Double Energy","Leap"],"picked":"Ball Lightning","floor":2.0},{"not_picked":["White Noise","Leap"],"picked":"Steam","floor":4.0},{"not_picked":["Streamline","Aggregate"],"picked":"Beam Cell","floor":5.0},{"not_picked":["Barrage","Go for the Eyes"],"picked":"Sweeping Beam","floor":7.0},{"not_picked":["Force Field","Storm"],"picked":"Cold Snap","floor":10.0},{"not_picked":["Steam","Stack"],"picked":"Ball Lightning","floor":13.0},{"not_picked":["Gash","Scrape"],"picked":"Biased Cognition","floor":14.0},{"not_picked":["Multi-Cast","Amplify"],"picked":"Rainbow","floor":16.0},{"not_picked":["Rebound","Cold Snap"],"picked":"Double Energy","floor":18.0},{"not_picked":["Blizzard","Rebound"],"picked":"Streamline","floor":21.0},{"not_picked":["Tempest","Storm"],"picked":"Chill","floor":22.0},{"not_picked":["Barrage","Steam"],"picked":"Chill","floor":25.0},{"not_picked":["Turbo","Ball Lightning+1"],"picked":"Sunder+1","floor":27}],"player_experience":346117,"relics_obtained":[{"floor":9.0,"key":"Symbiotic Virus"},{"floor":10.0,"key":"Matryoshka"},{"floor":26.0,"key":"Blood Vial"},{"floor":26.0,"key":"Molten Egg 2"},{"floor":27,"key":"Cables"}],"event_choices":[{"damage_healed":0.0,"max_hp_gain":0.0,"max_hp_loss":0.0,"gold_gain":0.0,"event_name":"The Woman in Blue","player_choice":"Bought 1 Potion","floor":3.0,"gold_loss":0.0,"damage_taken":0.0},{"damage_healed":0.0,"max_hp_gain":0.0,"max_hp_loss":0.0,"gold_gain":75.0,"event_name":"World of Goop","player_choice":"Gather Gold","floor":11.0,"gold_loss":0.0,"damage_taken":11.0},{"damage_healed":0.0,"max_hp_gain":0.0,"max_hp_loss":0.0,"gold_gain":75.0,"event_name":"FaceTrader","player_choice":"Touch","floor":19.0,"gold_loss":0.0,"damage_taken":7.0},{"damage_healed":0.0,"max_hp_gain":0.0,"max_hp_loss":0.0,"gold_gain":0.0,"event_name":"The Mausoleum","player_choice":"Opened","floor":24.0,"gold_loss":0.0,"damage_taken":0.0,"relics_obtained":["Pantograph"],"cards_obtained":["Writhe"]}],"is_beta":false,"boss_relics":[{"not_picked":["Velvet Choker","FrozenCore"],"picked":"Coffee Dripper"}],"items_purged_floors":[20],"is_endless":false,"potions_floor_spawned":[2,10,13,22,25],"killed_by":"Gremlin Leader","ascension_level":12}}