{"host":"gj67si5k8996twoo","time":1613153071,"event":{"mods":["Abigail Mod","Act Like it!","Bartender","BaseMod","Chen","Colored Map","Energized Spire","Friendly Minions","Gensokyo","GifTheSpireLib","Highlight Path","HololiveMod","Jorbs\u0027s Wanderer Trilogy","KinomotoSakuraMod(????)","Kiyohime????","Koishi","KomeijiMod","Marisa????????","Minty Spire (QoL Compilation)","Nova Terra(??·??)","Onozuka Komachi Mod","Prisma Mod","Railgun Mod","Reimu??????","Remove Card Discount Mod","Shop Mod","StSLib","Stuff the Spire","The Administrix","The Animator","The Death Knight","The Hierophant","The Judge","The Kombatant","The Saiyan","The Servant 0.9.4","The Valiant","Yohane!","Yuyuko"],"gold_per_floor":[109,109,129,32,51,51,66,83,83,79,98,98,98,98,98,196,196,214,214,214,214,233,261,2,2,75,75,69,81,96,96,96,96,96],"floor_reached":33,"language":"ENG","playtime":3009,"items_purged":["Strike_R","Strike_R","Strike_R","Strike_R","Strike_R"],"score":255,"play_id":"4280eb7f-042c-4bee-9322-bbe634666e61","local_time":"20210212190431","is_ascension_mode":false,"campfire_choices":[{"data":"Rampage","floor":6,"key":"SMITH"},{"data":"Thunderclap","floor":15,"key":"SMITH"},{"data":"Demon Form","floor":25,"key":"SMITH"},{"data":"Pummel","floor":27,"key":"SMITH"},{"floor":32,"key":"REST"}],"circlet_count":0,"master_deck":["Defend_R","Defend_R","Defend_R","Defend_R","Bash","Pummel+1","Iron Wave","Clothesline","Rampage+1","Cleave","Thunderclap+1","Demon Form+1","Sword Boomerang","Anger","Twin Strike","Gensokyo:BlemishedSteel","Gensokyo:TarnishedGold","Iron Wave+1","Cleave"],"relics":["Burning Blood","Juzu Bracelet","StuffTheSpire:HeavyRock","Gensokyo:OccultBall","Gensokyo:Companionship","energizedSpire:DeadBattery","Gensokyo:ConquerorOfFear","Gensokyo:ChorusOfJoy","Bottled Tornado","Medical Kit","White_Cape","InkBottle"],"acts_visited":["Exordium","Gensokyo:Gensokyo"],"potions_floor_usage":[8,23],"damage_taken":[{"damage":4,"enemies":"Gensokyo:Python","floor":1,"turns":4},{"damage":4,"enemies":"Gensokyo:3_Fairies","floor":3,"turns":4},{"damage":3,"enemies":"Gensokyo:2_Kodama","floor":5,"turns":5},{"damage":3,"enemies":"Gensokyo:VengefulSpirit","floor":7,"turns":5},{"damage":17,"enemies":"Gensokyo:3_Kodama","floor":8,"turns":7},{"damage":19,"enemies":"Gensokyo:LivingMonolith","floor":11,"turns":4},{"damage":54,"enemies":"Gensokyo:Reimu","floor":16,"turns":10},{"damage":0,"enemies":"Gensokyo:2_Gloops","floor":18,"turns":4},{"damage":12,"enemies":"Gensokyo:AngelMirror","floor":22,"turns":3},{"damage":40,"enemies":"Gensokyo:Reisen","floor":23,"turns":5},{"damage":30,"enemies":"Gensokyo:Swordslinger","floor":29,"turns":5},{"damage":15,"enemies":"Gensokyo:Slime_Group","floor":30,"turns":3},{"damage":40,"enemies":"Gensokyo:Eternal_Rivals","floor":33,"turns":6}],"seed_played":"-2133971489475156184","potions_obtained":[{"floor":3,"key":"GrandPatriotsElixir:ReiMu"},{"floor":5,"key":"Dexterity Potion"},{"floor":8,"key":"GamblersBrew"},{"floor":22,"key":"MagicPotion:ReiMu"},{"floor":23,"key":"SteroidPotion"},{"floor":29,"key":"Dexterity Potion"}],"is_trial":false,"path_per_floor":["M","?","M","COS","M","R","M","M","T","$","M","?","?","?","R","B",null,"M","?","?","?","M","E","COS","R","T","R","$","M","M","?","R","B"],"character_chosen":"IRONCLAD","items_purchased":[],"campfire_rested":1,"item_purchase_floors":[],"current_hp_per_floor":[80,80,80,80,80,80,80,69,69,69,56,80,64,64,64,16,80,80,80,80,80,74,40,40,40,40,40,40,16,7,7,29,0,0],"gold":96,"neow_bonus":"THREE_CARDS","is_daily":false,"chose_seed":false,"campfire_upgraded":4,"win_rate":0.0,"timestamp":1613153071,"path_taken":["M","?","M","COS","M","R","M","M","T","$","M","?","?","?","R","BOSS","M","?","?","?","M","E","COS","R","T","R","?","M","M","?","R","BOSS"],"items_purchased_type":[],"build_version":"2020-12-22","purchased_purges":5,"victory":false,"max_hp_per_floor":[80,80,80,80,80,80,80,80,80,80,80,80,80,80,80,80,80,80,80,80,80,80,80,80,80,80,80,80,80,80,74,74,74,74],"card_choices":[{"not_picked":["StuffTheSpire:RockThrow","Ghostly Armor"],"picked":"Pummel","floor":0},{"not_picked":["Wild Strike","Flame Barrier"],"picked":"Iron Wave","floor":1},{"not_picked":["Ghostly Armor","Body Slam"],"picked":"Clothesline","floor":3},{"not_picked":["Wild Strike","Dark Embrace"],"picked":"Rampage","floor":5},{"not_picked":["StuffTheSpire:RockThrow","True Grit","Wild Strike"],"picked":"SKIP","floor":7},{"not_picked":["Fiend Fire","Offering"],"picked":"Exhume","floor":8},{"not_picked":["Combust","StuffTheSpire:Incineration"],"picked":"Cleave","floor":8},{"not_picked":["Bludgeon","True Grit"],"picked":"Thunderclap","floor":11},{"not_picked":["Barricade","Bludgeon"],"picked":"Demon Form","floor":16},{"not_picked":["Battle Trance","Ghostly Armor"],"picked":"Sword Boomerang","floor":18},{"not_picked":["Fire Breathing","Rage"],"picked":"Anger","floor":22},{"not_picked":["Dark Embrace+1","StuffTheSpire:TitanForm"],"picked":"Twin Strike","floor":23},{"not_picked":["Cleave+1","StuffTheSpire:Incineration"],"picked":"Iron Wave+1","floor":29},{"not_picked":["Second Wind","Clothesline"],"picked":"Cleave","floor":30}],"player_experience":228260,"relics_obtained":[{"floor":9,"key":"Juzu Bracelet"},{"floor":16,"key":"Gensokyo:OccultBall"},{"floor":22,"key":"Gensokyo:ConquerorOfFear"},{"floor":23,"key":"Bottled Tornado"},{"floor":26,"key":"White_Cape"},{"floor":30,"key":"Gensokyo:OccultBall"}],"event_choices":[],"is_beta":false,"boss_relics":[{"not_picked":["Snecko Eye","energizedSpire:NeverEndingSparkler"],"picked":"energizedSpire:DeadBattery"}],"items_purged_floors":[10,10,28,28,28],"is_endless":false,"potions_floor_spawned":[3,5,8,22,23,29],"killed_by":"Gensokyo:Eternal_Rivals","ascension_level":0}}