{"host":"4w0ph6h4vm9bom6o","time":1613150055,"event":{"mods":["BaseMod","Bestiary","Minty Spire (QoL Compilation)","Relic Stats","ojb\u0027s Better Paths Mod","ojb\u0027s Info Mod"],"gold_per_floor":[118,118,130,130,151,189,214,60,107,122,145,145,145,176,176,296,296,316,316,316,231,202,202,223,223,248,289,313,336,336,48,48,171,171,186,186,200,119,139,180,194,230,254,295,24,45,84,84,84,84,84],"floor_reached":50,"language":"ENG","playtime":3245,"items_purged":["Strike_B","Strike_B","Strike_B"],"score":742,"play_id":"efc7148b-6826-4fc5-ba18-90395199f36c","local_time":"20210212191415","is_ascension_mode":false,"campfire_choices":[{"data":"Defragment","floor":13.0,"key":"SMITH"},{"floor":15.0,"key":"REST"},{"data":"Genetic Algorithm","floor":23,"key":"SMITH"},{"data":"Capacitor","floor":25,"key":"SMITH"},{"floor":30,"key":"REST"},{"data":"Defragment","floor":32,"key":"SMITH"},{"floor":49,"key":"REST"}],"circlet_count":0,"master_deck":["Strike_B","Defend_B","Defend_B","Defend_B","Defend_B","Zap","Dualcast","Cold Snap","Ball Lightning","Genetic Algorithm+1","Defragment+1","Conserve Battery+1","Capacitor+1","White Noise+1","Compile Driver","Stack+1","Genetic Algorithm+1","Seek+1","Hologram+1","Ghostly+1","Ghostly+1","Ghostly+1","Ghostly+1","Ghostly+1","Heatsinks+1","Coolheaded+1","Compile Driver+1","Creative AI","Defragment+1","Amplify+1","Coolheaded+1","Capacitor+1","Loop","Cold Snap+1","Ball Lightning+1","Storm+1","Electrodynamics","BootSequence+1","Seek+1","Aggregate+1","PanicButton+1","Doom and Gloom"],"relics":["FrozenCore","Golden Idol","Toxic Egg 2","Bronze Scales","Dream Catcher","Omamori","Centennial Puzzle","Unceasing Top","Lee\u0027s Waffle","Fusion Hammer","Thread and Needle","Pen Nib","Ancient Tea Set","PreservedInsect","DollysMirror","Peace Pipe"],"acts_visited":["Exordium","TheCity","TheBeyond"],"potions_floor_usage":[],"damage_taken":[{"damage":8.0,"enemies":"2 Louse","floor":1.0,"turns":2.0},{"damage":1.0,"enemies":"Jaw Worm","floor":3.0,"turns":3.0},{"damage":0.0,"enemies":"Small Slimes","floor":5.0,"turns":3.0},{"damage":14.0,"enemies":"Lagavulin","floor":6.0,"turns":7.0},{"damage":7.0,"enemies":"Looter","floor":7.0,"turns":3.0},{"damage":12.0,"enemies":"Exordium Thugs","floor":10.0,"turns":4.0},{"damage":13.0,"enemies":"Large Slime","floor":11.0,"turns":5.0},{"damage":14.0,"enemies":"Gremlin Nob","floor":14.0,"turns":4.0},{"damage":17.0,"enemies":"Slime Boss","floor":16.0,"turns":9.0},{"damage":5,"enemies":"Shell Parasite","floor":18,"turns":6},{"damage":0,"enemies":"2 Thieves","floor":22,"turns":5},{"damage":0,"enemies":"Snecko","floor":24,"turns":8},{"damage":23,"enemies":"Gremlin Leader","floor":27,"turns":11},{"damage":0,"enemies":"Chosen and Byrds","floor":28,"turns":7},{"damage":0,"enemies":"Cultist and Chosen","floor":29,"turns":7},{"damage":14,"enemies":"Champ","floor":33,"turns":12},{"damage":7,"enemies":"Orb Walker","floor":35,"turns":5},{"damage":0,"enemies":"3 Darklings","floor":37,"turns":6},{"damage":9,"enemies":"Writhing Mass","floor":39,"turns":6},{"damage":0,"enemies":"Reptomancer","floor":40,"turns":7},{"damage":0,"enemies":"Sphere and 2 Shapes","floor":41,"turns":7},{"damage":0,"enemies":"Nemesis","floor":42,"turns":5},{"damage":5,"enemies":"Giant Head","floor":44,"turns":10},{"damage":0,"enemies":"3 Darklings","floor":46,"turns":4},{"damage":0,"enemies":"Reptomancer","floor":47,"turns":3},{"damage":40,"enemies":"Awakened One","floor":50,"turns":3}],"seed_played":"6513791906610709804","potions_obtained":[{"floor":5.0,"key":"Regen Potion"},{"floor":6.0,"key":"PowerPotion"},{"floor":7.0,"key":"Strength Potion"},{"floor":14.0,"key":"ColorlessPotion"},{"floor":16.0,"key":"DuplicationPotion"}],"is_trial":false,"path_per_floor":["M","?","M","?","M","E","M","$","T","M","M","?","R","E","R","B",null,"M","?","?","?","M","R","M","R","T","E","M","M","R","$","R","B",null,"M","?","M","$","M","E","M","E","T","E","$","M","E","?","R","B"],"character_chosen":"DEFECT","items_purchased":["Capacitor","Defragment","Lee\u0027s Waffle","Loop","DollysMirror"],"campfire_rested":3,"item_purchase_floors":[8,31,31,38,45],"current_hp_per_floor":[74,79,78,78,78,64,57,57,57,45,32,32,32,27,51,34,81,76,40,40,40,40,40,40,40,40,17,17,17,29,47,47,33,47,40,40,40,40,31,31,31,31,31,26,26,26,26,26,40,0,0],"gold":84,"neow_bonus":"TEN_PERCENT_HP_BONUS","is_daily":false,"chose_seed":false,"campfire_upgraded":4,"win_rate":0.0,"timestamp":1613150055,"path_taken":["M","?","M","?","M","E","M","$","T","M","M","?","R","E","R","BOSS","M","?","?","?","M","R","M","R","T","E","M","M","R","$","R","BOSS","M","?","M","?","M","E","M","E","T","E","$","M","E","?","R","BOSS"],"items_purchased_type":["Card","Card","Relic","Card","Relic"],"build_version":"2020-12-22","purchased_purges":3,"victory":false,"max_hp_per_floor":[82,87,87,81,81,81,81,81,81,81,81,81,81,81,81,81,81,81,40,40,40,40,40,40,40,40,40,40,40,40,47,47,47,47,47,47,47,47,47,47,47,47,47,47,47,47,47,47,47,47,47],"relic_stats":{"Peace Pipe":0,"Dream Catcher":3,"Centennial Puzzle":[18],"Lee\u0027s Waffle":18,"counters":[26,152],"Golden Idol":157,"Bronze Scales":[438],"Pen Nib":[1],"PreservedInsect":59,"obtain_stats":[{"Lee\u0027s Waffle":31,"Golden Idol":4,"Thread and Needle":40,"Pen Nib":42,"PreservedInsect":44,"Omamori":21,"Ancient Tea Set":43,"FrozenCore":17,"Peace Pipe":47,"Dream Catcher":14,"Centennial Puzzle":26,"DollysMirror":45,"Bronze Scales":9,"Fusion Hammer":34,"Toxic Egg 2":6,"Cracked Core":0,"Unceasing Top":27},{"Lee\u0027s Waffle":15,"Golden Idol":2,"Thread and Needle":20,"Pen Nib":22,"PreservedInsect":23,"Omamori":10,"Ancient Tea Set":22,"FrozenCore":9,"Peace Pipe":25,"Dream Catcher":8,"Centennial Puzzle":12,"DollysMirror":23,"Bronze Scales":5,"Fusion Hammer":16,"Toxic Egg 2":4,"Cracked Core":0,"Unceasing Top":13},{"Lee\u0027s Waffle":84,"Golden Idol":5,"Thread and Needle":120,"Pen Nib":132,"PreservedInsect":142,"Omamori":46,"Ancient Tea Set":132,"FrozenCore":40,"Peace Pipe":149,"Dream Catcher":31,"Centennial Puzzle":59,"DollysMirror":142,"Bronze Scales":18,"Fusion Hammer":96,"Toxic Egg 2":15,"Cracked Core":0,"Unceasing Top":70}],"Unceasing Top":[2],"FrozenCore":[59]},"card_choices":[{"not_picked":["Stack","Heatsinks"],"picked":"Cold Snap","floor":1.0},{"not_picked":["Sweeping Beam","Fusion"],"picked":"Ball Lightning","floor":3.0},{"not_picked":["Streamline","Gash"],"picked":"Genetic Algorithm","floor":5.0},{"not_picked":["White Noise+1","Ball Lightning"],"picked":"Defragment","floor":6.0},{"not_picked":["Stack+1","Go for the Eyes"],"picked":"Conserve Battery+1","floor":7.0},{"not_picked":["Sweeping Beam","Barrage"],"picked":"White Noise+1","floor":10.0},{"not_picked":["White Noise+1","Leap+1"],"picked":"Compile Driver","floor":11.0},{"not_picked":["Beam Cell","Steam+1"],"picked":"Stack+1","floor":14.0},{"not_picked":["Stack+1","Rip and Tear"],"picked":"Genetic Algorithm+1","floor":15.0},{"not_picked":["All For One","Creative AI"],"picked":"Seek+1","floor":16.0},{"not_picked":["Beam Cell","Sweeping Beam"],"picked":"Hologram+1","floor":18},{"not_picked":["Steam+1","Compile Driver","Gash"],"picked":"SKIP","floor":22},{"not_picked":["Stack+1","Chaos+1"],"picked":"Heatsinks","floor":24},{"not_picked":["Steam+1","Gash+1","Reinforced Body+1"],"picked":"SKIP","floor":27},{"not_picked":["Compile Driver","Tempest+1"],"picked":"Coolheaded+1","floor":28},{"not_picked":["Coolheaded+1","Go for the Eyes"],"picked":"Compile Driver+1","floor":29},{"not_picked":["Hello World+1","Aggregate+1"],"picked":"Creative AI","floor":30},{"not_picked":["Reboot+1","Seek+1"],"picked":"Amplify+1","floor":33},{"not_picked":["Ball Lightning","Hello World+1"],"picked":"Coolheaded+1","floor":35},{"not_picked":["Ball Lightning+1","Redo+1"],"picked":"Capacitor+1","floor":37},{"not_picked":["Capacitor+1","Stack+1"],"picked":"Cold Snap+1","floor":39},{"not_picked":["Skim+1","Leap+1"],"picked":"Ball Lightning+1","floor":40},{"not_picked":["Auto Shields+1","Chill+1"],"picked":"Storm+1","floor":41},{"not_picked":["Gash+1","Machine Learning"],"picked":"Electrodynamics","floor":42},{"not_picked":["Beam Cell+1","Barrage+1"],"picked":"BootSequence+1","floor":44},{"not_picked":["Cold Snap+1","Steam Power+1"],"picked":"Aggregate+1","floor":46},{"not_picked":["Chaos+1","FTL+1","Compile Driver+1"],"picked":"SKIP","floor":47},{"not_picked":["Trip+1","Deep Breath+1"],"picked":"PanicButton+1","floor":48},{"not_picked":["Stack+1","Redo+1"],"picked":"Doom and Gloom","floor":49}],"player_experience":24605,"relics_obtained":[{"floor":6.0,"key":"Toxic Egg 2"},{"floor":9.0,"key":"Bronze Scales"},{"floor":14.0,"key":"Dream Catcher"},{"floor":26,"key":"Centennial Puzzle"},{"floor":27,"key":"Unceasing Top"},{"floor":40,"key":"Thread and Needle"},{"floor":42,"key":"Pen Nib"},{"floor":43,"key":"Ancient Tea Set"},{"floor":44,"key":"PreservedInsect"},{"floor":47,"key":"Peace Pipe"}],"event_choices":[{"damage_healed":0.0,"max_hp_gain":5.0,"max_hp_loss":0.0,"gold_gain":0.0,"event_name":"Big Fish","player_choice":"Donut","floor":2.0,"gold_loss":0.0,"damage_taken":0.0},{"damage_healed":0.0,"max_hp_gain":0.0,"max_hp_loss":6.0,"gold_gain":0.0,"event_name":"Golden Idol","player_choice":"Lose Max HP","floor":4.0,"gold_loss":0.0,"damage_taken":0.0,"relics_obtained":["Golden Idol"]},{"damage_healed":0.0,"max_hp_gain":0.0,"max_hp_loss":0.0,"gold_gain":0.0,"event_name":"Liars Game","player_choice":"Ignored","floor":12.0,"gold_loss":0.0,"damage_taken":0.0},{"damage_healed":0,"gold_gain":0,"player_choice":"Became a Ghost","damage_taken":0,"max_hp_gain":0,"max_hp_loss":41,"event_name":"Ghosts","floor":19,"gold_loss":0,"cards_obtained":["Ghostly","Ghostly","Ghostly","Ghostly","Ghostly"]},{"damage_healed":0,"gold_gain":0,"player_choice":"Ignored","damage_taken":0,"max_hp_gain":0,"max_hp_loss":0,"event_name":"The Mausoleum","floor":20,"gold_loss":0},{"damage_healed":0,"gold_gain":0,"player_choice":"Obtained Relic","damage_taken":0,"relics_obtained":["Omamori"],"max_hp_gain":0,"max_hp_loss":0,"event_name":"Addict","floor":21,"gold_loss":85},{"damage_healed":0,"gold_gain":0,"player_choice":"Upgraded","damage_taken":0,"max_hp_gain":0,"max_hp_loss":0,"event_name":"Upgrade Shrine","floor":36,"gold_loss":0,"cards_upgraded":["Heatsinks"]},{"damage_healed":0,"gold_gain":0,"player_choice":"Memory 1","damage_taken":0,"max_hp_gain":0,"max_hp_loss":0,"event_name":"SensoryStone","floor":48,"gold_loss":0}],"is_beta":false,"boss_relics":[{"not_picked":["Busted Crown","Calling Bell"],"picked":"FrozenCore"},{"not_picked":["Velvet Choker","Inserter"],"picked":"Fusion Hammer"}],"items_purged_floors":[8,31,45],"is_endless":false,"potions_floor_spawned":[5,6,7,14,16,22,27,40,44,46],"killed_by":"Awakened One","ascension_level":0}}