{"host":"zsnmfqgcm92hlreo","time":1613116502,"event":{"mods":["AchievementEnabler","BaseMod","Bestiary","Block Reminder","Colored Map","Colored Powertips","Filter the Spire","Minty Spire (QoL Compilation)","Permanent Neow","Quick Restart","Relic Stats","StSLib","Weighted Paths"],"gold_per_floor":[116,126,139,149,68,103,103,113,138,154,154,195,270,329,329,450,450,474,78,78,78,126,126,142,178,225,272,127,170,244,277,277,373,373,441,441,456,731,749,782,192,228,253,253,253,291,336,355,355,355,355,355,355,6,49,49,49],"floor_reached":56,"language":"ENG","playtime":2789,"items_purged":["FlurryOfBlows","Evaluate"],"score":2445,"play_id":"51a19c4f-1db7-424f-8ce3-2f65ebc36387","local_time":"20210212015502","is_ascension_mode":true,"campfire_choices":[{"floor":7.0,"key":"REST"},{"floor":15.0,"key":"REST"},{"floor":23.0,"key":"REST"},{"floor":32.0,"key":"REST"},{"floor":44.0,"key":"RECALL"},{"floor":49.0,"key":"REST"},{"data":"Wish","floor":53,"key":"SMITH"}],"circlet_count":0,"master_deck":["AscendersBane","Eruption+1","Vigilance+1","Adaptation+1","EmptyFist","WheelKick+1","Wallop","LessonLearned+1","SpiritShield+1","FlyingSleeves+1","Indignation+1","BowlingBash","Halt+1","MentalFortress","Wish+1","Conclude+1","Perseverance+1","DevaForm+1","Tantrum+1","Ragnarok+1","EmptyBody","Fasting2+1","Wish","Vault","LikeWater","TalkToTheHand+1","SpiritShield","FearNoEvil+1","WheelKick","EmptyMind+1","Fasting2","Vault","TalkToTheHand"],"relics":["Pandora\u0027s Box","Mummified Hand","Regal Pillow","Golden Idol","Boot","Whetstone","Snecko Eye","PreservedInsect","Enchiridion","Damaru","MawBank","Unceasing Top","DollysMirror","Omamori","Pen Nib","SlaversCollar","Vajra","TungstenRod","Sling","Gremlin Horn","Meat on the Bone","Bag of Preparation","Anchor"],"acts_visited":["Exordium","TheCity","TheBeyond","TheEnding"],"potions_floor_usage":[50,56,56],"damage_taken":[{"damage":7.0,"enemies":"Jaw Worm","floor":1.0,"turns":4.0},{"damage":1.0,"enemies":"2 Louse","floor":2.0,"turns":4.0},{"damage":0.0,"enemies":"Cultist","floor":3.0,"turns":2.0},{"damage":8.0,"enemies":"Looter","floor":4.0,"turns":5.0},{"damage":11.0,"enemies":"Lagavulin","floor":6.0,"turns":7.0},{"damage":1.0,"enemies":"Large Slime","floor":8.0,"turns":6.0},{"damage":0.0,"enemies":"2 Fungi Beasts","floor":10.0,"turns":2.0},{"damage":4.0,"enemies":"Gremlin Nob","floor":12.0,"turns":3.0},{"damage":8.0,"enemies":"Lagavulin","floor":14.0,"turns":4.0},{"damage":0.0,"enemies":"Slime Boss","floor":16.0,"turns":9.0},{"damage":2.0,"enemies":"Shell Parasite","floor":18.0,"turns":3.0},{"damage":0.0,"enemies":"2 Thieves","floor":22.0,"turns":3.0},{"damage":3.0,"enemies":"Cultist and Chosen","floor":24.0,"turns":3.0},{"damage":0.0,"enemies":"Book of Stabbing","floor":25.0,"turns":1.0},{"damage":27.0,"enemies":"Gremlin Leader","floor":27.0,"turns":4.0},{"damage":2.0,"enemies":"Slavers","floor":29.0,"turns":2.0},{"damage":0.0,"enemies":"Centurion and Healer","floor":30.0,"turns":6.0},{"damage":0.0,"enemies":"Book of Stabbing","floor":31.0,"turns":2.0},{"damage":17.0,"enemies":"Automaton","floor":33.0,"turns":5.0},{"damage":2.0,"enemies":"3 Shapes","floor":35.0,"turns":5.0},{"damage":8.0,"enemies":"3 Darklings","floor":37.0,"turns":4.0},{"damage":0.0,"enemies":"Maw","floor":39.0,"turns":5.0},{"damage":8.0,"enemies":"Reptomancer","floor":40.0,"turns":4.0},{"damage":0.0,"enemies":"Nemesis","floor":42.0,"turns":2.0},{"damage":0.0,"enemies":"Reptomancer","floor":46.0,"turns":1.0},{"damage":1.0,"enemies":"Transient","floor":47.0,"turns":6.0},{"damage":1.0,"enemies":"Sphere and 2 Shapes","floor":48.0,"turns":4.0},{"damage":0,"enemies":"Awakened One","floor":50,"turns":4},{"damage":4,"enemies":"Donu and Deca","floor":51,"turns":6},{"damage":19,"enemies":"Shield and Spear","floor":55,"turns":3},{"damage":53,"enemies":"The Heart","floor":56,"turns":5}],"seed_played":"1172908594336659524","potions_obtained":[{"floor":4.0,"key":"Swift Potion"},{"floor":6.0,"key":"Block Potion"},{"floor":8.0,"key":"ColorlessPotion"},{"floor":18.0,"key":"FearPotion"},{"floor":22.0,"key":"DuplicationPotion"},{"floor":30.0,"key":"DistilledChaos"},{"floor":31.0,"key":"Explosive Potion"},{"floor":39.0,"key":"Strength Potion"},{"floor":40.0,"key":"Fire Potion"},{"floor":46.0,"key":"GamblersBrew"},{"floor":55,"key":"LiquidBronze"}],"is_trial":false,"path_per_floor":["M","M","M","M","$","E","R","M","T","M","?","E","?","E","R","B",null,"M","$","?","?","M","R","M","E","T","E","$","E","M","E","R","B",null,"M","?","M","?","M","E","$","E","T","R","?","E","M","M","R","B","B",null,"R","$","E","B"],"character_chosen":"WATCHER","items_purchased":["Conclude","Fasting2","WheelKick","PreservedInsect","DollysMirror","TungstenRod","Sling","Bag of Preparation","TalkToTheHand","PowerPotion","StancePotion"],"campfire_rested":5,"item_purchase_floors":[5,19,19,19,28,41,41,54,54,54,54],"current_hp_per_floor":[54,53,53,45,45,34,54,53,53,53,53,49,38,30,62,62,62,60,60,39,39,39,62,59,59,59,32,32,30,30,30,62,45,58,56,56,48,48,48,40,40,40,40,40,40,40,39,38,62,62,58,61,61,61,42,0,0],"gold":49,"neow_bonus":"BOSS_RELIC","is_daily":false,"chose_seed":false,"campfire_upgraded":1,"win_rate":0.0,"timestamp":1613116502,"path_taken":["M","M","M","M","$","E","R","M","T","M","?","E","?","E","R","BOSS","M","$","?","?","M","R","M","E","T","E","?","E","M","E","R","BOSS","M","?","M","?","?","E","$","E","T","R","?","E","M","M","R","BOSS","BOSS","R","$","E","BOSS"],"items_purchased_type":["Card","Card","Card","Relic","Relic","Relic","Relic","Relic","Card","Potion","Potion"],"build_version":"2020-12-22","purchased_purges":2,"victory":false,"max_hp_per_floor":[68,68,68,68,68,68,68,68,68,68,62,62,62,62,62,62,62,62,62,62,62,62,62,62,62,62,62,62,62,62,62,62,62,62,62,62,62,62,62,62,62,62,62,62,62,62,62,62,62,62,62,62,62,62,62,62,62],"relic_stats":{"Regal Pillow":39,"Gremlin Horn":[7,7],"counters":[31,124],"Golden Idol":191,"PreservedInsect":432,"Pen Nib":[12],"Bag of Preparation":[4],"Whetstone":["Conclude","Tantrum"],"Boot":[64],"MawBank":24,"Mummified Hand":[188],"Snecko Eye":[144,160,153,168],"Pandora\u0027s Box":["Adaptation","EmptyFist","WheelKick","Wallop","LessonLearned","SpiritShield","FlyingSleeves","Indignation"],"obtain_stats":[{"Regal Pillow":9,"Gremlin Horn":42,"Golden Idol":11,"Enchiridion":20,"Damaru":25,"Vajra":40,"PreservedInsect":19,"Pen Nib":31,"Omamori":29,"Bag of Preparation":54,"Whetstone":14,"Boot":12,"MawBank":26,"Sling":41,"SlaversCollar":34,"Anchor":55,"Mummified Hand":6,"DollysMirror":28,"Snecko Eye":17,"Pandora\u0027s Box":0,"PureWater":0,"Unceasing Top":27,"TungstenRod":41,"Meat on the Bone":46},{"Regal Pillow":6,"Gremlin Horn":24,"Golden Idol":7,"Enchiridion":11,"Damaru":14,"Vajra":23,"PreservedInsect":11,"Pen Nib":18,"Omamori":16,"Bag of Preparation":29,"Whetstone":9,"Boot":8,"MawBank":14,"Sling":23,"SlaversCollar":19,"Anchor":30,"Mummified Hand":5,"DollysMirror":15,"Snecko Eye":10,"Pandora\u0027s Box":0,"PureWater":0,"Unceasing Top":15,"TungstenRod":23,"Meat on the Bone":25},{"Regal Pillow":28,"Gremlin Horn":95,"Golden Idol":30,"Enchiridion":49,"Damaru":56,"Vajra":93,"PreservedInsect":49,"Pen Nib":70,"Omamori":62,"Bag of Preparation":116,"Whetstone":37,"Boot":33,"MawBank":56,"Sling":93,"SlaversCollar":75,"Anchor":119,"Mummified Hand":22,"DollysMirror":60,"Snecko Eye":46,"Pandora\u0027s Box":0,"PureWater":0,"Unceasing Top":60,"TungstenRod":93,"Meat on the Bone":96}],"Unceasing Top":[1],"TungstenRod":21,"Meat on the Bone":0},"card_choices":[{"not_picked":["Crescendo","ForeignInfluence"],"picked":"BowlingBash","floor":1.0},{"not_picked":["Prostrate","WreathOfFlame"],"picked":"Halt","floor":2.0},{"not_picked":["FlyingSleeves","WaveOfTheHand"],"picked":"MentalFortress","floor":3.0},{"not_picked":["EmptyFist","Crescendo"],"picked":"Wish","floor":4.0},{"not_picked":["Perseverance","CarveReality","CrushJoints"],"picked":"SKIP","floor":6.0},{"not_picked":["CarveReality","CrushJoints"],"picked":"Perseverance","floor":6.0},{"not_picked":["Halt","Wireheading"],"picked":"Evaluate","floor":8.0},{"not_picked":["DeceiveReality","FlurryOfBlows"],"picked":"DevaForm","floor":10.0},{"not_picked":["LikeWater","ClearTheMind"],"picked":"Tantrum","floor":12.0},{"not_picked":["DeceiveReality","InnerPeace"],"picked":"FlurryOfBlows","floor":14.0},{"not_picked":["ConjureBlade","Blasphemy"],"picked":"Ragnarok","floor":16.0},{"not_picked":["Meditate","Perseverance"],"picked":"EmptyBody","floor":18.0},{"not_picked":["PathToVictory","ClearTheMind","Adaptation"],"picked":"SKIP","floor":22.0},{"not_picked":["ThirdEye","Consecrate+1","Prostrate"],"picked":"SKIP","floor":24.0},{"not_picked":["WaveOfTheHand","Conclude","Consecrate+1"],"picked":"SKIP","floor":25.0},{"not_picked":["Consecrate","Protect","Pray"],"picked":"SKIP","floor":27.0},{"not_picked":["Halt","BattleHymn"],"picked":"Vault","floor":29.0},{"not_picked":["FlyingSleeves","LikeWater","ThirdEye"],"picked":"SKIP","floor":30.0},{"not_picked":["FlyingSleeves","ThirdEye"],"picked":"LikeWater","floor":30.0},{"not_picked":["Wallop","SashWhip"],"picked":"TalkToTheHand","floor":31.0},{"not_picked":["DeusExMachina","ConjureBlade"],"picked":"SpiritShield","floor":33.0},{"not_picked":["Protect","ForeignInfluence"],"picked":"FearNoEvil","floor":35.0},{"not_picked":["CrushJoints","WreathOfFlame"],"picked":"WheelKick","floor":37.0},{"not_picked":["FearNoEvil","MentalFortress"],"picked":"EmptyMind+1","floor":39.0},{"not_picked":["EmptyFist+1","FlurryOfBlows","DeceiveReality"],"picked":"SKIP","floor":40.0},{"not_picked":["ThirdEye","Nirvana"],"picked":"Fasting2","floor":42.0},{"not_picked":["Nirvana","EmptyBody","Evaluate"],"picked":"SKIP","floor":46.0},{"not_picked":["Nirvana","EmptyBody","Evaluate"],"picked":"SKIP","floor":46.0},{"not_picked":["SashWhip","Evaluate","FlurryOfBlows"],"picked":"SKIP","floor":47.0},{"not_picked":["WindmillStrike","FearNoEvil+1"],"picked":"Vault","floor":48.0},{"not_picked":["SashWhip","FollowUp+1","InnerPeace"],"picked":"SKIP","floor":55}],"player_experience":1095233,"relics_obtained":[{"floor":6.0,"key":"Mummified Hand"},{"floor":9.0,"key":"Regal Pillow"},{"floor":12.0,"key":"Boot"},{"floor":14.0,"key":"Whetstone"},{"floor":20.0,"key":"Enchiridion"},{"floor":25.0,"key":"Damaru"},{"floor":26.0,"key":"MawBank"},{"floor":27.0,"key":"Unceasing Top"},{"floor":29.0,"key":"Omamori"},{"floor":31.0,"key":"Pen Nib"},{"floor":40.0,"key":"Vajra"},{"floor":42.0,"key":"Gremlin Horn"},{"floor":46.0,"key":"Meat on the Bone"},{"floor":55,"key":"Anchor"}],"event_choices":[{"damage_healed":0.0,"max_hp_gain":0.0,"max_hp_loss":6.0,"gold_gain":0.0,"event_name":"Golden Idol","player_choice":"Lose Max HP","floor":11.0,"gold_loss":0.0,"damage_taken":0.0,"relics_obtained":["Golden Idol"]},{"damage_healed":0.0,"max_hp_gain":0.0,"max_hp_loss":0.0,"gold_gain":75.0,"event_name":"World of Goop","player_choice":"Gather Gold","floor":13.0,"gold_loss":0.0,"damage_taken":11.0},{"damage_healed":0.0,"max_hp_gain":0.0,"max_hp_loss":0.0,"gold_gain":0.0,"event_name":"Cursed Tome","player_choice":"Obtained Book","floor":20.0,"gold_loss":0.0,"damage_taken":21.0},{"damage_healed":0.0,"max_hp_gain":0.0,"max_hp_loss":0.0,"gold_gain":0.0,"event_name":"Tomb of Lord Red Mask","player_choice":"Ignored","floor":36.0,"gold_loss":0.0,"damage_taken":0.0},{"damage_healed":0.0,"max_hp_gain":0.0,"max_hp_loss":0.0,"gold_gain":275.0,"event_name":"Golden Shrine","player_choice":"Desecrate","floor":38.0,"gold_loss":0.0,"damage_taken":0.0,"cards_obtained":["Regret"]},{"cards_removed":["WheelKick"],"damage_healed":0.0,"max_hp_gain":0.0,"max_hp_loss":0.0,"gold_gain":0.0,"event_name":"Falling","player_choice":"Removed Attack","floor":45.0,"gold_loss":0.0,"damage_taken":0.0}],"is_beta":false,"boss_relics":[{"not_picked":["Runic Pyramid","Ectoplasm"],"picked":"Snecko Eye"},{"not_picked":["Velvet Choker","Black Star"],"picked":"SlaversCollar"}],"items_purged_floors":[19,41],"is_endless":false,"potions_floor_spawned":[4,6,8,18,22,30,31,39,40,46,47,55],"killed_by":"The Heart","ascension_level":20}}