{"host":"1avr1135to2copjv","time":1613152678,"event":{"mods":["BaseMod","Colored Map","Colored Powertips","Minty Spire (QoL Compilation)","Relic Stats","StSLib"],"gold_per_floor":[114,114,39,39,59,94,105,105,128,143,155,155,174,174,174,253,253,232,22,22,36,50,50,50],"floor_reached":23,"language":"ENG","playtime":1181,"items_purged":["Pain"],"score":425,"play_id":"0494ff0d-3a29-4a08-a0a3-e5a0cadc3093","local_time":"20210212205758","is_ascension_mode":true,"campfire_choices":[{"data":"Flechettes","floor":8,"key":"SMITH"},{"floor":12,"key":"REST"},{"data":"Neutralize","floor":15,"key":"SMITH"}],"circlet_count":0,"master_deck":["AscendersBane","Strike_G","Strike_G","Strike_G","Strike_G","Strike_G","Defend_G","Defend_G","Defend_G","Defend_G","Defend_G","Survivor","Neutralize+1","Backflip","Flechettes+1","Poisoned Stab","Dagger Spray","Deadly Poison","Cloak And Dagger","Venomology","Well Laid Plans","PiercingWail","Deadly Poison","Bouncing Flask"],"relics":["Ring of the Snake","NeowsBlessing","Regal Pillow","WarpedTongs","Singing Bowl","Potion Belt","Darkstone Periapt","Cursed Key","Mummified Hand"],"acts_visited":["Exordium","TheCity"],"potions_floor_usage":[16,16,16,18,22,23,23,23],"damage_taken":[{"damage":0,"enemies":"2 Louse","floor":1,"turns":1},{"damage":0,"enemies":"Cultist","floor":5,"turns":2},{"damage":0,"enemies":"Gremlin Nob","floor":6,"turns":2},{"damage":4,"enemies":"Small Slimes","floor":7,"turns":4},{"damage":28,"enemies":"Exordium Thugs","floor":10,"turns":5},{"damage":8,"enemies":"Looter","floor":11,"turns":4},{"damage":0,"enemies":"2 Fungi Beasts","floor":13,"turns":2},{"damage":45,"enemies":"Slime Boss","floor":16,"turns":16},{"damage":9,"enemies":"2 Thieves","floor":18,"turns":4},{"damage":1,"enemies":"3 Byrds","floor":21,"turns":5},{"damage":23,"enemies":"Snecko","floor":22,"turns":6},{"damage":34,"enemies":"Slavers","floor":23,"turns":4}],"seed_played":"418186928719649395","potions_obtained":[{"floor":5,"key":"CunningPotion"},{"floor":6,"key":"SteroidPotion"},{"floor":11,"key":"Swift Potion"},{"floor":16,"key":"BlessingOfTheForge"},{"floor":22,"key":"PowerPotion"}],"is_trial":false,"path_per_floor":["M","?","?","?","M","E","M","R","T","M","M","R","M","?","R","B",null,"M","$","?","M","M","E"],"character_chosen":"THE_SILENT","items_purchased":["Well Laid Plans","PiercingWail"],"campfire_rested":1,"item_purchase_floors":[19,19],"current_hp_per_floor":[59,59,59,59,59,59,55,55,55,27,19,53,55,50,50,5,52,45,45,45,44,21,0,0],"gold":50,"neow_bonus":"THREE_ENEMY_KILL","is_daily":false,"chose_seed":false,"campfire_upgraded":2,"win_rate":0.0,"timestamp":1613152678,"path_taken":["M","?","?","?","M","E","M","R","T","M","M","R","?","?","R","BOSS","M","$","?","?","M","E"],"items_purchased_type":["Card","Card"],"build_version":"2020-12-22","purchased_purges":1,"victory":false,"max_hp_per_floor":[66,66,66,66,66,66,66,66,66,66,66,66,68,68,68,68,68,70,70,70,70,70,70,70],"relic_stats":{"Darkstone Periapt":0,"Regal Pillow":15,"Singing Bowl":4,"counters":[12,55],"Mummified Hand":[4],"Cursed Key":0,"obtain_stats":[{"Potion Belt":9,"Darkstone Periapt":14,"Regal Pillow":2,"NeowsBlessing":0,"Singing Bowl":6,"Mummified Hand":20,"Cursed Key":17,"Ring of the Snake":0,"WarpedTongs":4},{"Potion Belt":4,"Darkstone Periapt":7,"Regal Pillow":1,"NeowsBlessing":0,"Singing Bowl":3,"Mummified Hand":9,"Cursed Key":8,"Ring of the Snake":0,"WarpedTongs":1},{"Potion Belt":9,"Darkstone Periapt":20,"Regal Pillow":1,"NeowsBlessing":0,"Singing Bowl":5,"Mummified Hand":40,"Cursed Key":36,"Ring of the Snake":0,"WarpedTongs":1}],"Ring of the Snake":[24],"WarpedTongs":[53]},"card_choices":[{"not_picked":["Underhanded Strike","Setup"],"picked":"Backflip","floor":1},{"not_picked":["Slice","Sucker Punch"],"picked":"Flechettes","floor":5},{"not_picked":["Calculated Gamble","Deadly Poison"],"picked":"Poisoned Stab","floor":6},{"not_picked":["Bane","Flying Knee"],"picked":"Dagger Spray","floor":7},{"not_picked":["Underhanded Strike","Finisher"],"picked":"Deadly Poison","floor":10},{"not_picked":["Quick Slash","Prepared"],"picked":"Cloak And Dagger","floor":11},{"not_picked":["Underhanded Strike","Doppelganger","Backflip"],"picked":"Singing Bowl","floor":13},{"not_picked":["Grand Finale","Night Terror"],"picked":"Venomology","floor":16},{"not_picked":["Sucker Punch","Dodge and Roll","Underhanded Strike+1"],"picked":"Singing Bowl","floor":18},{"not_picked":["Terror","Escape Plan"],"picked":"Deadly Poison","floor":21},{"not_picked":["Acrobatics","Finisher+1"],"picked":"Bouncing Flask","floor":22}],"player_experience":1022826,"relics_obtained":[{"floor":6,"key":"Singing Bowl"},{"floor":9,"key":"Potion Belt"}],"event_choices":[{"damage_healed":0,"gold_gain":0,"player_choice":"Box","damage_taken":0,"relics_obtained":["Regal Pillow"],"max_hp_gain":0,"max_hp_loss":0,"event_name":"Big Fish","floor":2,"gold_loss":0,"cards_obtained":["Regret"]},{"cards_removed":["Regret"],"damage_healed":0,"gold_gain":0,"player_choice":"Card Removal","damage_taken":0,"max_hp_gain":0,"max_hp_loss":0,"event_name":"The Cleric","floor":3,"gold_loss":75},{"damage_healed":0,"gold_gain":0,"player_choice":"Rummage","damage_taken":0,"relics_obtained":["WarpedTongs"],"max_hp_gain":0,"max_hp_loss":0,"event_name":"Accursed Blacksmith","floor":4,"gold_loss":0,"cards_obtained":["Pain"]},{"damage_healed":0,"gold_gain":0,"player_choice":"Success","damage_taken":5,"relics_obtained":["Darkstone Periapt"],"max_hp_gain":0,"max_hp_loss":0,"event_name":"Scrap Ooze","floor":14,"gold_loss":0},{"damage_healed":0,"gold_gain":0,"player_choice":"Gave Potion","damage_taken":0,"relics_obtained":["Mummified Hand"],"max_hp_gain":0,"max_hp_loss":0,"event_name":"WeMeetAgain","floor":20,"gold_loss":0}],"is_beta":false,"boss_relics":[{"not_picked":["Ring of the Serpent","Velvet Choker"],"picked":"Cursed Key"}],"items_purged_floors":[19],"is_endless":false,"potions_floor_spawned":[5,6,11,16,22],"killed_by":"Slavers","ascension_level":19}}