{"host":"867cnhxguf2bzj4x","time":1613157071,"event":{"mods":["BaseMod","BetterRewards","GifTheSpireLib","Lobotomy","Minty Spire (QoL Compilation)","StSLib","The Bug Knight","The Cursed","The Necromancer"],"gold_per_floor":[110,126,126,140,140,140,315,336,336,356,356,369,444,444,444,444,444],"floor_reached":16,"language":"ENG","playtime":566,"items_purged":[],"score":92,"play_id":"f3dfa8c0-6bd7-4b87-83b7-4528abfa9e71","local_time":"20210212201111","is_ascension_mode":false,"campfire_choices":[{"data":"TheCursedMod:Torture","floor":6,"key":"SMITH"},{"floor":11,"key":"REST"},{"data":"TheCursedMod:Hemoplague","floor":15,"key":"SMITH"}],"circlet_count":0,"master_deck":["TheCursedMod:Strike_TheCursed","TheCursedMod:Strike_TheCursed","TheCursedMod:Strike_TheCursed","TheCursedMod:Strike_TheCursed","TheCursedMod:Defend_TheCursed","TheCursedMod:Defend_TheCursed","TheCursedMod:Defend_TheCursed","TheCursedMod:Defend_TheCursed","TheCursedMod:CursedWand","TheCursedMod:CleanUpWorkshop","TheCursedMod:Dregs","HappyTeddy","TheCursedMod:Torture","Alriune","TheCursedMod:Torture+1","Injury","Doubt","LaLuna","TheCursedMod:LuckyCharm","TheCursedMod:SurpriseAttack","BeautyBeast","TheCursedMod:Hemoplague+1"],"relics":["TheCursedMod:BlackMagic101","CogitoBucket","HollowMod:StagPassRelic","Golden Idol","Gremlin Horn","ChangeAnything"],"acts_visited":["Exordium"],"potions_floor_usage":[],"damage_taken":[{"damage":6,"enemies":"Jaw Worm","floor":1,"turns":4},{"damage":1,"enemies":"Cultist","floor":2,"turns":4},{"damage":0,"enemies":"2 Louse","floor":4,"turns":3},{"damage":23,"enemies":"Exordium Wildlife","floor":8,"turns":4},{"damage":9,"enemies":"3 Louse","floor":10,"turns":3},{"damage":9,"enemies":"Exordium Thugs","floor":12,"turns":4},{"damage":75,"enemies":"Slime Boss","floor":16,"turns":11}],"seed_played":"-6814883883383088386","potions_obtained":[{"floor":2,"key":"Ancient Potion"},{"floor":12,"key":"EntropicBrew"}],"is_trial":false,"path_per_floor":["M","M","?","M","?","R","?","M","T","M","R","M","?","?","R","B"],"character_chosen":"THE_CURSED","items_purchased":[],"campfire_rested":1,"item_purchase_floors":[],"current_hp_per_floor":[69,68,68,68,68,68,68,45,45,36,58,49,38,63,63,0,0],"gold":444,"neow_bonus":"","is_daily":false,"chose_seed":false,"campfire_upgraded":2,"win_rate":0.0,"timestamp":1613157071,"path_taken":["M","M","?","?","?","R","?","M","T","M","R","M","?","?","R","BOSS"],"items_purchased_type":[],"build_version":"2020-12-22","purchased_purges":0,"victory":false,"max_hp_per_floor":[75,75,75,75,75,75,75,75,75,75,75,75,75,75,75,75,75],"card_choices":[{"not_picked":["UniverseFragment","Rudolta"],"picked":"HappyTeddy","floor":1},{"not_picked":["TheCursedMod:RapidMovement","TheCursedMod:VitalStrike"],"picked":"TheCursedMod:Torture","floor":1},{"not_picked":["Rudolta","VoidDream"],"picked":"Alriune","floor":2},{"not_picked":["TheCursedMod:TacticalStrike","TheCursedMod:ReleasedStrength","TheCursedMod:CircleOfFocus"],"picked":"SKIP","floor":2},{"not_picked":["Freischutz","Scorched","BeautyBeast"],"picked":"Singing Bowl","floor":4},{"not_picked":["TheCursedMod:BloodBarrier","TheCursedMod:CircleOfWindfury"],"picked":"TheCursedMod:Torture","floor":4},{"not_picked":["MHz","DreamingCurrent"],"picked":"LaLuna","floor":8},{"not_picked":["TheCursedMod:CursedShiv","TheCursedMod:WearCloak"],"picked":"TheCursedMod:LuckyCharm","floor":8},{"not_picked":["TheCursedMod:FleshFromBone","TheCursedMod:CircleOfFlame"],"picked":"TheCursedMod:SurpriseAttack","floor":10},{"not_picked":["UniverseFragment","Scarecrow"],"picked":"BeautyBeast","floor":12},{"not_picked":["TheCursedMod:TacticalStrike","TheCursedMod:Torture"],"picked":"TheCursedMod:Hemoplague","floor":12}],"player_experience":109933,"relics_obtained":[{"floor":9,"key":"Gremlin Horn"}],"event_choices":[{"damage_healed":0,"gold_gain":0,"player_choice":"Gave Potion","damage_taken":0,"relics_obtained":["HollowMod:StagPassRelic"],"max_hp_gain":0,"max_hp_loss":0,"event_name":"WeMeetAgain","floor":3,"gold_loss":0},{"damage_healed":0,"gold_gain":0,"player_choice":"Take Wound","damage_taken":0,"relics_obtained":["Golden Idol"],"max_hp_gain":0,"max_hp_loss":0,"event_name":"Golden Idol","floor":5,"gold_loss":0,"cards_obtained":["Injury"]},{"damage_healed":0,"gold_gain":175,"player_choice":"AGREE","damage_taken":0,"max_hp_gain":0,"max_hp_loss":0,"event_name":"Liars Game","floor":7,"gold_loss":0,"cards_obtained":["Doubt"]},{"damage_healed":0,"gold_gain":75,"player_choice":"Gather Gold","damage_taken":11,"max_hp_gain":0,"max_hp_loss":0,"event_name":"World of Goop","floor":13,"gold_loss":0},{"damage_healed":25,"gold_gain":0,"player_choice":"Banana","damage_taken":0,"max_hp_gain":0,"max_hp_loss":0,"event_name":"Big Fish","floor":14,"gold_loss":0}],"is_beta":false,"boss_relics":[],"items_purged_floors":[],"is_endless":false,"potions_floor_spawned":[2,12],"killed_by":"Slime Boss","ascension_level":0}}