{"host":"a3wpq7kyokchzawk","time":1613132154,"event":{"mods":["BaseMod","Colored Map","Highlight Path","Minty Spire (QoL Compilation)","Permanent Neow","Potion Indicator Mod","Relic Stats","Weighted Paths"],"gold_per_floor":[117,130,130,148,172,172,172,191,191,229,30,30,54,54,54,149,149,165,165,165,7,31,77,105,117,155,167,210,222,254,289,301,409,421,447,298,298,317,317,351,351,351],"floor_reached":41,"language":"ENG","playtime":3561,"items_purged":["Strike_G+1"],"score":968,"play_id":"7b5eff82-2b91-43c5-af43-513f9a66daef","local_time":"20210212101554","is_ascension_mode":true,"campfire_choices":[{"floor":6.0,"key":"REST"},{"floor":12.0,"key":"REST"},{"data":"Neutralize","floor":15.0,"key":"SMITH"},{"floor":25.0,"key":"REST"},{"data":"Footwork","floor":27.0,"key":"SMITH"},{"data":"Phantasmal Killer","floor":29.0,"key":"SMITH"},{"floor":32.0,"key":"REST"}],"circlet_count":0,"master_deck":["AscendersBane","Strike_G+1","Strike_G+1","Strike_G+1","Strike_G+1","Defend_G+1","Defend_G+1","Defend_G+1","Defend_G+1","Defend_G+1","Survivor+1","Neutralize+1","Backstab","Dagger Spray","Caltrops","Terror","Predator","Blade Dance+1","Footwork+1","Phantasmal Killer+1","Tactician+1","RitualDagger","Backflip+1","Dash","Deflect","Escape Plan","Blur","After Image","Well Laid Plans+1","Footwork","Madness","Madness","Reflex"],"relics":["Ring of the Snake","Centennial Puzzle","Golden Idol","Matryoshka","Strawberry","Bag of Marbles","Sozu","TwistedFunnel","MawBank","Vajra","War Paint","Ornamental Fan","Pen Nib","Letter Opener","Philosopher\u0027s Stone","Dream Catcher"],"acts_visited":["Exordium","TheCity","TheBeyond"],"potions_floor_usage":[40,40],"damage_taken":[{"damage":4.0,"enemies":"Small Slimes","floor":1.0,"turns":4.0},{"damage":1.0,"enemies":"Jaw Worm","floor":2.0,"turns":3.0},{"damage":0.0,"enemies":"2 Louse","floor":4.0,"turns":3.0},{"damage":36.0,"enemies":"Exordium Thugs","floor":5.0,"turns":6.0},{"damage":1.0,"enemies":"Looter","floor":8.0,"turns":5.0},{"damage":27.0,"enemies":"Lagavulin","floor":10.0,"turns":7.0},{"damage":1.0,"enemies":"Exordium Wildlife","floor":13.0,"turns":3.0},{"damage":32.0,"enemies":"The Guardian","floor":16.0,"turns":13.0},{"damage":16.0,"enemies":"Spheric Guardian","floor":18.0,"turns":4.0},{"damage":25.0,"enemies":"Book of Stabbing","floor":23.0,"turns":4.0},{"damage":0.0,"enemies":"Chosen","floor":24.0,"turns":3.0},{"damage":3.0,"enemies":"Gremlin Leader","floor":28.0,"turns":4.0},{"damage":0.0,"enemies":"Snake Plant","floor":30.0,"turns":2.0},{"damage":2.0,"enemies":"Chosen and Byrds","floor":31.0,"turns":3.0},{"damage":4,"enemies":"Automaton","floor":33,"turns":11},{"damage":0,"enemies":"Orb Walker","floor":35,"turns":1},{"damage":8,"enemies":"3 Darklings","floor":38,"turns":6},{"damage":26,"enemies":"Giant Head","floor":40,"turns":7},{"damage":15,"enemies":"Spire Growth","floor":41,"turns":4}],"seed_played":"4090469761145719450","potions_obtained":[{"floor":5.0,"key":"PowerPotion"},{"floor":8.0,"key":"Block Potion"},{"floor":13.0,"key":"PowerPotion"}],"is_trial":false,"path_per_floor":["M","M","?","M","M","R","?","M","T","E","$","R","M","?","R","B",null,"M","?","?","$","T","E","M","R","T","R","E","R","M","M","R","B",null,"M","$","?","M","?","E","M"],"character_chosen":"THE_SILENT","items_purchased":["Bag of Marbles","Footwork","TwistedFunnel","Footwork"],"campfire_rested":4,"item_purchase_floors":[11,11,21,36],"current_hp_per_floor":[55,54,54,54,18,36,36,35,35,15,15,35,34,34,34,2,51,35,29,29,29,29,4,4,24,24,24,21,21,21,19,39,35,59,59,59,47,39,39,13,0,0],"gold":351,"neow_bonus":"RANDOM_COMMON_RELIC","is_daily":false,"chose_seed":false,"campfire_upgraded":3,"win_rate":0.0,"timestamp":1613132154,"path_taken":["M","M","?","M","M","R","?","M","T","E","$","R","M","?","R","BOSS","M","?","?","?","?","E","M","R","T","R","E","R","M","M","R","BOSS","M","$","?","M","?","E","M"],"items_purchased_type":["Relic","Card","Relic","Card"],"build_version":"2020-12-22","purchased_purges":1,"victory":false,"max_hp_per_floor":[66,66,60,60,60,60,60,60,60,67,67,67,67,67,67,67,67,67,67,67,67,67,67,67,67,67,67,67,67,67,67,67,67,67,67,67,67,67,67,67,67,67],"relic_stats":{"Sozu":5,"Centennial Puzzle":[45],"Dream Catcher":0,"counters":[19,93],"Golden Idol":106,"Ornamental Fan":[88],"Pen Nib":[10],"Letter Opener":[67],"War Paint":["Survivor","Blade Dance"],"MawBank":168,"obtain_stats":[{"TwistedFunnel":21,"Golden Idol":3,"Vajra":22,"Pen Nib":26,"Letter Opener":28,"War Paint":23,"MawBank":22,"Sozu":17,"Centennial Puzzle":0,"Dream Catcher":40,"Matryoshka":9,"Ornamental Fan":26,"Strawberry":10,"Philosopher\u0027s Stone":34,"Bag of Marbles":11,"Ring of the Snake":0},{"TwistedFunnel":9,"Golden Idol":2,"Vajra":9,"Pen Nib":11,"Letter Opener":12,"War Paint":10,"MawBank":9,"Sozu":8,"Centennial Puzzle":0,"Dream Catcher":18,"Matryoshka":5,"Ornamental Fan":11,"Strawberry":6,"Philosopher\u0027s Stone":15,"Bag of Marbles":6,"Ring of the Snake":0},{"TwistedFunnel":48,"Golden Idol":7,"Vajra":48,"Pen Nib":55,"Letter Opener":59,"War Paint":52,"MawBank":48,"Sozu":44,"Centennial Puzzle":0,"Dream Catcher":89,"Matryoshka":21,"Ornamental Fan":55,"Strawberry":28,"Philosopher\u0027s Stone":75,"Bag of Marbles":28,"Ring of the Snake":0}],"Ring of the Snake":[38]},"card_choices":[{"not_picked":["Dagger Throw","Underhanded Strike"],"picked":"Backstab","floor":1.0},{"not_picked":["Slice","Quick Slash"],"picked":"Dagger Spray","floor":2.0},{"not_picked":["Dagger Spray","Sucker Punch"],"picked":"Caltrops","floor":4.0},{"not_picked":["Night Terror","Caltrops"],"picked":"Terror","floor":5.0},{"not_picked":["Deflect","Dagger Spray"],"picked":"Predator","floor":8.0},{"not_picked":["Acrobatics","Night Terror"],"picked":"Blade Dance","floor":10.0},{"not_picked":["Distraction","Infinite Blades","Outmaneuver"],"picked":"SKIP","floor":13.0},{"not_picked":["Grand Finale","Doppelganger"],"picked":"Phantasmal Killer","floor":16.0},{"not_picked":["Crippling Poison+1","Sucker Punch"],"picked":"Tactician+1","floor":18.0},{"not_picked":["Escape Plan","Poisoned Stab"],"picked":"Backflip+1","floor":23.0},{"not_picked":["Endless Agony","Flechettes"],"picked":"Dash","floor":24.0},{"not_picked":["Underhanded Strike","Flying Knee"],"picked":"Deflect","floor":28.0},{"not_picked":["Deflect","Calculated Gamble"],"picked":"Escape Plan","floor":30.0},{"not_picked":["Slice+1","Dagger Spray"],"picked":"Blur","floor":31.0},{"not_picked":["Storm of Steel","Tools of the Trade"],"picked":"After Image","floor":33},{"not_picked":["Dagger Spray+1","Leg Sweep"],"picked":"Well Laid Plans+1","floor":35},{"not_picked":["Prepared","Poisoned Stab+1","Crippling Poison"],"picked":"SKIP","floor":38},{"not_picked":["Bouncing Flask","Well Laid Plans+1"],"picked":"Reflex","floor":40}],"player_experience":2693690,"relics_obtained":[{"floor":9.0,"key":"Matryoshka"},{"floor":10.0,"key":"Strawberry"},{"floor":22.0,"key":"MawBank"},{"floor":22.0,"key":"Vajra"},{"floor":23.0,"key":"War Paint"},{"floor":26.0,"key":"Ornamental Fan"},{"floor":26.0,"key":"Pen Nib"},{"floor":28.0,"key":"Letter Opener"},{"floor":40,"key":"Dream Catcher"}],"event_choices":[{"damage_healed":0.0,"max_hp_gain":0.0,"max_hp_loss":6.0,"gold_gain":0.0,"event_name":"Golden Idol","player_choice":"Lose Max HP","floor":3.0,"gold_loss":0.0,"damage_taken":0.0,"relics_obtained":["Golden Idol"]},{"damage_healed":0.0,"max_hp_gain":0.0,"max_hp_loss":0.0,"gold_gain":0.0,"event_name":"Scrap Ooze","player_choice":"Fled","floor":7.0,"gold_loss":0.0,"damage_taken":0.0},{"damage_healed":0.0,"max_hp_gain":0.0,"max_hp_loss":0.0,"gold_gain":0.0,"event_name":"Lab","player_choice":"Got Potions","floor":14.0,"gold_loss":0.0,"damage_taken":0.0},{"damage_healed":0.0,"max_hp_gain":0.0,"max_hp_loss":0.0,"gold_gain":0.0,"event_name":"Nest","player_choice":"Joined the Cult","floor":19.0,"gold_loss":0.0,"damage_taken":6.0,"cards_obtained":["RitualDagger"]},{"damage_healed":0.0,"max_hp_gain":0.0,"max_hp_loss":0.0,"gold_gain":0.0,"event_name":"Back to Basics","player_choice":"Simplicity","floor":20.0,"gold_loss":0.0,"damage_taken":0.0,"cards_upgraded":["Strike_G","Strike_G","Strike_G","Strike_G","Strike_G","Defend_G","Defend_G","Defend_G","Defend_G","Defend_G"]},{"damage_healed":0,"gold_gain":0,"player_choice":"Embrace Madness","damage_taken":12,"max_hp_gain":0,"max_hp_loss":0,"event_name":"Winding Halls","floor":37,"gold_loss":0,"cards_obtained":["Madness","Madness"]},{"damage_healed":0,"gold_gain":0,"player_choice":"0 cards matched","damage_taken":0,"max_hp_gain":0,"max_hp_loss":0,"event_name":"Match and Keep!","floor":39,"gold_loss":0,"cards_obtained":[]}],"is_beta":false,"boss_relics":[{"not_picked":["Runic Dome","Velvet Choker"],"picked":"Sozu"},{"not_picked":["Coffee Dripper","SacredBark"],"picked":"Philosopher\u0027s Stone"}],"items_purged_floors":[36],"is_endless":false,"potions_floor_spawned":[5,8,13,18,30,31,35,38],"killed_by":"Spire Growth","ascension_level":20}}