{"host":"msbw0dt6hh5nqpgi","time":1613123956,"event":{"mods":["BaseMod","Minty Spire (QoL Compilation)","Replay The Spire","StSLib"],"gold_per_floor":[110,110,385,4,23,23,50,50,50,50,50,15,34,52,52,148,148,167,167,43,43,43,43,142,175,175,197,215,238,55,55,55,63,63],"floor_reached":33,"language":"ENG","playtime":3752,"items_purged":["Regret"],"score":274,"play_id":"9ed939d8-e9b2-4b97-b8b3-cc8135533e21","local_time":"20210212105916","is_ascension_mode":true,"campfire_choices":[{"data":"Zap","floor":6,"key":"SMITH"},{"data":"Compile Driver","floor":8,"key":"SMITH"},{"floor":10,"key":"REST"},{"data":"FIFO Queue","floor":23,"key":"SMITH"},{"floor":32,"key":"REST"}],"circlet_count":0,"master_deck":["Strike_B","Strike_B","Defend_B","Defend_B","Defend_B","Defend_B","Zap+1","Dualcast+1","Coolheaded","Steam","Steam","FIFO Queue+1","Hologram","BasicCrystalCard","Rip and Tear","Chill+1","Lockon","Double Energy","Aggregate","Steam Power","Echo Form","CurseOfTheBell","Rebound","Self Repair","Loop","Force Field","ReplayTheSpireMod:GoodbyeWorld","Beam Cell","Ball Lightning","Transmutation","Sweeping Beam+1"],"relics":["Cracked Core","Dream Catcher","Vajra","Ginger","Pet Ghost","Calling Bell","Carrot","TungstenRod","Replay:Mystery Machine","Nunchaku","Sundial","Replay:Bandana"],"acts_visited":["Exordium","TheCity"],"potions_floor_usage":[16,25,28,33],"damage_taken":[{"damage":0,"enemies":"Small Slimes","floor":1,"turns":3},{"damage":0,"enemies":"2 Louse","floor":5,"turns":3},{"damage":32,"enemies":"Gremlin Nob","floor":7,"turns":5},{"damage":0,"enemies":"Cultist","floor":13,"turns":3},{"damage":0,"enemies":"Looter","floor":14,"turns":3},{"damage":7,"enemies":"Slime Boss","floor":16,"turns":12},{"damage":9,"enemies":"Shell Parasite","floor":18,"turns":5},{"damage":52,"enemies":"Gremlin Leader","floor":25,"turns":7},{"damage":0,"enemies":"3 Byrds","floor":27,"turns":4},{"damage":15,"enemies":"Snecko","floor":28,"turns":9},{"damage":18,"enemies":"Snake Plant","floor":29,"turns":6},{"damage":46,"enemies":"Automaton","floor":33,"turns":10}],"seed_played":"-2664786014176392295","potions_obtained":[{"floor":1,"key":"Dexterity Potion"},{"floor":16,"key":"Regen Potion"},{"floor":18,"key":"SteroidPotion"},{"floor":27,"key":"DuplicationPotion"}],"is_trial":false,"path_per_floor":["M","?","?","$","M","R","E","R","T","R","?","$","M","M","R","B",null,"M","?","$","$","?","R","?","E","T","M","M","M","$","?","R","B"],"character_chosen":"DEFECT","items_purchased":["Coolheaded","Steam","Vajra","FIFO Queue","Lockon","Loop","Explosive Potion","Transmutation"],"campfire_rested":2,"item_purchase_floors":[4,4,4,4,12,20,20,30],"current_hp_per_floor":[75,75,75,75,75,75,43,43,43,65,65,65,65,65,65,58,75,66,66,66,66,66,66,66,36,36,36,35,24,24,24,46,0,0],"gold":63,"neow_bonus":"RANDOM_COMMON_RELIC","is_daily":false,"chose_seed":false,"campfire_upgraded":3,"win_rate":0.0,"timestamp":1613123956,"path_taken":["M","?","?","$","?","R","E","R","T","R","?","$","M","M","R","BOSS","M","?","?","$","?","R","?","E","T","M","M","M","?","?","R","BOSS"],"items_purchased_type":["Card","Card","Relic","Card","Card","Card","Potion","Card"],"build_version":"2020-12-22","purchased_purges":1,"victory":false,"max_hp_per_floor":[75,75,75,75,75,75,75,75,75,75,75,75,75,75,75,75,75,75,75,75,75,75,75,75,75,75,75,75,75,75,75,75,75,75],"card_choices":[{"not_picked":["Steam Power","BasicCrystalCard"],"picked":"Compile Driver","floor":1},{"not_picked":["Stack","Coolheaded"],"picked":"Hologram","floor":5},{"not_picked":["Rip and Tear","ReplaySolidLightProjector"],"picked":"BasicCrystalCard","floor":7},{"not_picked":["Stack","Scrape"],"picked":"Rip and Tear","floor":10},{"not_picked":["Hologram","Panic Button"],"picked":"Double Energy","floor":13},{"not_picked":["Undo","Stack"],"picked":"Aggregate","floor":14},{"not_picked":["Reboot","Seek"],"picked":"Echo Form","floor":16},{"not_picked":["Genetic Algorithm","BootSequence+1"],"picked":"Rebound","floor":18},{"not_picked":["Lockon","Undo"],"picked":"Force Field","floor":25},{"not_picked":["Streamline+1","Steam"],"picked":"ReplayTheSpireMod:GoodbyeWorld","floor":27},{"not_picked":["Leap","FIFO Queue"],"picked":"Beam Cell","floor":28},{"not_picked":["Scrape","Consume"],"picked":"Ball Lightning","floor":29},{"not_picked":["ReplayTheSpireMod:Omega Cannon","Panic Button"],"picked":"Sweeping Beam+1","floor":32}],"player_experience":63697,"relics_obtained":[{"floor":7,"key":"Ginger"},{"floor":9,"key":"Pet Ghost"},{"floor":17,"key":"Carrot"},{"floor":17,"key":"TungstenRod"},{"floor":17,"key":"Replay:Mystery Machine"},{"floor":25,"key":"Sundial"},{"floor":26,"key":"Replay:Bandana"}],"event_choices":[{"damage_healed":0,"gold_gain":275,"player_choice":"Desecrate","damage_taken":0,"max_hp_gain":0,"max_hp_loss":0,"event_name":"Golden Shrine","floor":3,"gold_loss":0,"cards_obtained":["Regret"]},{"damage_healed":0,"gold_gain":0,"cards_transformed":["Strike_B"],"player_choice":"Transformed","damage_taken":0,"max_hp_gain":0,"max_hp_loss":0,"event_name":"Transmorgrifier","floor":19,"gold_loss":0,"cards_obtained":["Self Repair"]},{"damage_healed":0,"gold_gain":0,"player_choice":"Stole Relic","damage_taken":0,"relics_obtained":["Nunchaku"],"max_hp_gain":0,"max_hp_loss":0,"event_name":"Addict","floor":22,"gold_loss":0,"cards_obtained":["Shame"]},{"damage_healed":0,"gold_gain":99,"player_choice":"Stole From Cult","damage_taken":0,"max_hp_gain":0,"max_hp_loss":0,"event_name":"Nest","floor":24,"gold_loss":0},{"cards_removed":["Shame"],"damage_healed":0,"gold_gain":0,"player_choice":"Removed Curses","damage_taken":0,"max_hp_gain":0,"max_hp_loss":0,"event_name":"Fountain of Cleansing","floor":31,"gold_loss":0}],"is_beta":false,"boss_relics":[{"not_picked":["SacredBark","SlaversCollar"],"picked":"Calling Bell"}],"items_purged_floors":[4],"is_endless":false,"potions_floor_spawned":[1,16,18,27],"killed_by":"Automaton","ascension_level":1}}