{"host":"m9osufisr3agwk96","time":1613151428,"event":{"mods":["AchievementEnabler","Aspiration","BaseMod","Colored Map","Colored Powertips","Downfall","Friendly Minions","Hermit","Highlight Path","Hubris","Minty Spire (QoL Compilation)","Rare Cards Sparkle","Reliquary","Replay The Spire","Shop Mod","StSLib"],"gold_per_floor":[114,128,128,128,128,153,153,165,245,16,32,32,47,47,47,152,152,162,437,38,28,43,43,55,71,122,122,138,157,157,182,182,277,277,290,290,310,320,52,67,83,103,126,180,190,272,272,297,297,297,297],"floor_reached":50,"language":"ENG","playtime":2142,"items_purged":["Regret","Regret","Writhe"],"score":798,"play_id":"5a6edd27-c5d0-495e-8449-367fa60b1b8d","local_time":"20210212093708","is_ascension_mode":false,"campfire_choices":[{"data":"Eruption","floor":7,"key":"SMITH"},{"data":"Judgement","floor":12,"key":"SMITH"},{"floor":15,"key":"RECALL"},{"data":"TalkToTheHand","floor":23,"key":"SMITH"},{"floor":27,"key":"REST"},{"floor":32,"key":"REST"},{"floor":47,"key":"REST"},{"floor":49,"key":"REST"}],"circlet_count":0,"master_deck":["Strike_P+1","Strike_P","Strike_P+1","Strike_P","Defend_P","Defend_P+1","Defend_P+1","Defend_P","Eruption+1","Vigilance","BowlingBash","Protect","Injury","FearNoEvil","Nirvana+1","Judgement+1","Conclude","TalkToTheHand+1","LessonLearned","CrushJoints+1","ReplayTheSpireMod:Muscle Training+1","SignatureMove+1","Replay:LoomingThreat+1","FlurryOfBlows+1","Rampage+1","Protect+1","Devotion+1","AbeCurse","Fire Breathing+1","ReachHeaven+1","Eclipse","Spot Weakness","Rupture+1","Metallicize+1","Halt","Flame Barrier+1","Limit Break","FearNoEvil+1"],"relics":["PureWater","NeowsBlessing","Replay:Ringing Soul","Frozen Egg 2","TeardropLocket","ReplayTheSpireMod:Ninjato","aspiration:IroncladSkillbook","Membership Card","CloakClasp","reliquary:TatteredRug","reliquary:RoseTintedGlasses","Abe\u0027s Treasure","Blood Vial","Pen Nib","aspiration:ChemicalBlood","Bottled Tornado","Bag of Marbles"],"acts_visited":["Exordium","TheCity","TheBeyond"],"potions_floor_usage":[11,16,16,16,18,25,29,31,33,33,38,40,40,41,45,48,48],"damage_taken":[{"damage":0,"enemies":"2 Louse","floor":1,"turns":1},{"damage":0,"enemies":"Small Slimes","floor":2,"turns":1},{"damage":0,"enemies":"3 Sentries","floor":6,"turns":2},{"damage":3,"enemies":"Cultist","floor":8,"turns":5},{"damage":0,"enemies":"Blue Slaver","floor":11,"turns":4},{"damage":0,"enemies":"3 Louse","floor":13,"turns":2},{"damage":41,"enemies":"The Guardian","floor":16,"turns":15},{"damage":0,"enemies":"Spheric Guardian","floor":18,"turns":1},{"damage":12,"enemies":"2 Thieves","floor":21,"turns":4},{"damage":1,"enemies":"Snake Plant","floor":22,"turns":3},{"damage":31,"enemies":"Cultist and Chosen","floor":24,"turns":5},{"damage":12,"enemies":"Snecko","floor":25,"turns":7},{"damage":10,"enemies":"Shelled Parasite and Fungi","floor":28,"turns":7},{"damage":9,"enemies":"3 Cultists","floor":29,"turns":3},{"damage":27,"enemies":"Book of Stabbing","floor":31,"turns":5},{"damage":23,"enemies":"Pondfish","floor":33,"turns":8},{"damage":32,"enemies":"3 Darklings","floor":35,"turns":5},{"damage":6,"enemies":"3 Shapes","floor":37,"turns":3},{"damage":1,"enemies":"Transient","floor":38,"turns":5},{"damage":47,"enemies":"3 Darklings","floor":40,"turns":5},{"damage":22,"enemies":"Maw","floor":41,"turns":6},{"damage":63,"enemies":"Writhing Mass","floor":42,"turns":7},{"damage":13,"enemies":"3 Darklings","floor":45,"turns":7},{"damage":63,"enemies":"Nemesis","floor":48,"turns":9},{"damage":94,"enemies":"Awakened One","floor":50,"turns":5}],"seed_played":"-8797321825153462107","potions_obtained":[{"floor":2,"key":"LifebloodPotion"},{"floor":8,"key":"DistilledChaos"},{"floor":11,"key":"Weak Potion"},{"floor":13,"key":"Explosive Potion"},{"floor":16,"key":"DistilledChaos"},{"floor":24,"key":"DuplicationPotion"},{"floor":28,"key":"PowerPotion"},{"floor":31,"key":"EntropicBrew"},{"floor":35,"key":"EssenceOfSteel"},{"floor":40,"key":"hexamod:SoulburnPotion"},{"floor":42,"key":"BottledMiracle"}],"is_trial":false,"path_per_floor":["M","M","?","?","?","E","R","M","T","$","M","R","M","$","R","B",null,"M","?","$","M","M","R","M","M","T","R","M","M","?","E","R","B",null,"M","?","M","M","$","M","M","M","T","T","M","T","R","E","R","B"],"character_chosen":"WATCHER","items_purchased":["Judgement","Membership Card","CloakClasp","Blood Vial","Spot Weakness","Rupture+1","Dexterity Potion","LiquidBronze"],"campfire_rested":4,"item_purchase_floors":[10,20,20,39,39,39,39,39],"current_hp_per_floor":[72,72,75,75,78,81,81,81,81,84,87,87,90,90,90,52,96,99,102,102,97,103,103,79,74,74,108,105,103,106,86,123,107,132,107,145,146,151,154,114,101,47,47,47,43,43,92,38,88,0,0],"gold":297,"neow_bonus":"THREE_ENEMY_KILL","is_daily":false,"chose_seed":false,"campfire_upgraded":3,"win_rate":0.0,"timestamp":1613151428,"path_taken":["M","M","?","?","?","E","R","M","T","$","M","R","M","$","R","BOSS","M","?","$","?","M","R","M","M","T","R","M","M","?","E","R","BOSS","M","?","M","?","$","M","M","M","T","?","M","?","R","E","R","BOSS"],"items_purchased_type":["Card","Relic","Relic","Relic","Card","Card","Potion","Potion"],"build_version":"2020-12-22","purchased_purges":3,"victory":false,"max_hp_per_floor":[72,72,75,75,78,81,81,84,84,87,90,90,93,93,93,96,96,99,102,102,105,108,108,111,114,114,114,117,120,123,126,126,129,132,135,145,148,151,154,157,160,163,163,163,166,166,166,169,169,169,169],"card_choices":[{"not_picked":["Replay:AtTheReady","CutThroughFate"],"picked":"BowlingBash","floor":1},{"not_picked":["Prostrate","Replay:AtTheReady"],"picked":"Protect","floor":2},{"not_picked":["Sanctity","Protect"],"picked":"FearNoEvil","floor":6},{"not_picked":["Perseverance","WreathOfFlame"],"picked":"Nirvana+1","floor":8},{"not_picked":["FlurryOfBlows","InnerPeace"],"picked":"Conclude","floor":11},{"not_picked":["FlyingSleeves","EmptyFist"],"picked":"TalkToTheHand","floor":13},{"not_picked":["DeusExMachina","SpiritShield"],"picked":"LessonLearned","floor":16},{"not_picked":["Pommel Strike","FlyingSleeves","hubris:CleavingFinish"],"picked":"CrushJoints","floor":18},{"not_picked":["Pommel Strike","Headbutt","Evaluate"],"picked":"ReplayTheSpireMod:Muscle Training+1","floor":21},{"not_picked":["Rage","Replay:Undeath\u0027s Touch","PathToVictory+1"],"picked":"SignatureMove+1","floor":22},{"not_picked":["ReplayTheSpireMod:Corrosion Curse+1","WaveOfTheHand","Shrug It Off"],"picked":"Replay:LoomingThreat+1","floor":24},{"not_picked":["CrushJoints+1","Shrug It Off","Cleave+1"],"picked":"FlurryOfBlows+1","floor":25},{"not_picked":["True Grit","Shrug It Off","Weave"],"picked":"Rampage+1","floor":28},{"not_picked":["Flex","Anger","Rampage+1"],"picked":"Brutality+1","floor":29},{"not_picked":["Consecrate","ConjureBlade","Searing Blow"],"picked":"Protect+1","floor":31},{"not_picked":["Double Tap","Reaper","Alpha"],"picked":"Devotion+1","floor":33},{"not_picked":["EmptyBody","Heavy Blade","Wild Strike+1"],"picked":"Fire Breathing+1","floor":35},{"not_picked":["Cleave","Replay:BluntJabs+1","Sanctity+1"],"picked":"ReachHeaven+1","floor":37},{"not_picked":["Flex","FollowUp","hubris:ReadiedAction"],"picked":"Eclipse","floor":38},{"not_picked":["Dark Embrace+1","WaveOfTheHand+1","FlurryOfBlows+1"],"picked":"Metallicize+1","floor":40},{"not_picked":["Replay:Hum","Run Through","Wild Strike"],"picked":"Halt","floor":41},{"not_picked":["Cleave","Iron Wave","Sanctity"],"picked":"Flame Barrier+1","floor":42},{"not_picked":["Warcry+1","CutThroughFate","Crescendo"],"picked":"Limit Break","floor":45},{"not_picked":["Wild Strike","Iron Wave","True Grit+1"],"picked":"FearNoEvil+1","floor":48}],"player_experience":465638,"relics_obtained":[{"floor":6,"key":"TeardropLocket"},{"floor":9,"key":"ReplayTheSpireMod:Ninjato"},{"floor":31,"key":"reliquary:RoseTintedGlasses"},{"floor":43,"key":"Pen Nib"},{"floor":44,"key":"aspiration:ChemicalBlood"},{"floor":46,"key":"Bottled Tornado"},{"floor":48,"key":"Bag of Marbles"}],"event_choices":[{"damage_healed":0,"gold_gain":0,"player_choice":"Box","damage_taken":0,"relics_obtained":["Replay:Ringing Soul"],"max_hp_gain":0,"max_hp_loss":0,"event_name":"Big Fish","floor":3,"gold_loss":0,"cards_obtained":["Regret"]},{"damage_healed":0,"gold_gain":275,"player_choice":"Desecrate","damage_taken":0,"max_hp_gain":0,"max_hp_loss":0,"event_name":"Golden Shrine","floor":19,"gold_loss":0,"cards_obtained":["Regret"]},{"damage_healed":0,"gold_gain":0,"player_choice":"Opened","damage_taken":0,"relics_obtained":["reliquary:TatteredRug"],"max_hp_gain":0,"max_hp_loss":0,"event_name":"The Mausoleum","floor":30,"gold_loss":0,"cards_obtained":["Writhe"]},{"cards_removed":["Brutality"],"damage_healed":28,"gold_gain":0,"player_choice":"Offered Rare","damage_taken":0,"max_hp_gain":10,"max_hp_loss":0,"event_name":"Bonfire Elementals","floor":36,"gold_loss":0}],"is_beta":false,"boss_relics":[{"not_picked":["reliquary:RedCape","Fusion Hammer"],"picked":"aspiration:IroncladSkillbook"},{"not_picked":["Busted Crown","reliquary:RedPaperclip"],"picked":"Abe\u0027s Treasure"}],"items_purged_floors":[10,20,39],"is_endless":false,"potions_floor_spawned":[2,8,11,13,16,24,28,31,35,40,42],"killed_by":"Awakened One","ascension_level":0}}