{"host":"8is2j71l4wmybkoi","time":1613125775,"event":{"mods":["AchievementEnabler","BaseMod","Colored Map","Minty Spire (QoL Compilation)","Rare Cards Sparkle","StSLib","SuperFastMode"],"gold_per_floor":[115,190,208,227,227,252,252,268,268,284,284,295,308,325,325,397,397,409,437,67,80,80,80],"floor_reached":22,"language":"KOR","playtime":710,"items_purged":["Strike_R"],"score":358,"play_id":"809967cd-40bd-45b8-87a6-fa3d6ade9b26","local_time":"20210212192935","is_ascension_mode":true,"campfire_choices":[{"data":"Carnage","floor":7.0,"key":"SMITH"},{"data":"Uppercut","floor":11.0,"key":"SMITH"},{"data":"Bloodletting","floor":15.0,"key":"SMITH"}],"circlet_count":0,"master_deck":["AscendersBane","Strike_R","Strike_R","Strike_R","Defend_R","Defend_R","Defend_R","Defend_R","Bash","Combust","Carnage+1","Shrug It Off","Uppercut+1","Shrug It Off","Bloodletting+1","Feed","CurseOfTheBell","Flame Barrier"],"relics":["Burning Blood","Strawberry","Dream Catcher","Pantograph","Calling Bell","Pen Nib","Pear","Thread and Needle","Red Mask","Ornamental Fan"],"acts_visited":["Exordium","TheCity"],"potions_floor_usage":[21],"damage_taken":[{"damage":10.0,"enemies":"Small Slimes","floor":1.0,"turns":4.0},{"damage":13.0,"enemies":"Jaw Worm","floor":3.0,"turns":3.0},{"damage":3.0,"enemies":"2 Louse","floor":4.0,"turns":3.0},{"damage":39.0,"enemies":"Lagavulin","floor":6.0,"turns":6.0},{"damage":5.0,"enemies":"Exordium Wildlife","floor":8.0,"turns":3.0},{"damage":9.0,"enemies":"3 Louse","floor":10.0,"turns":2.0},{"damage":2.0,"enemies":"Red Slaver","floor":12.0,"turns":4.0},{"damage":23.0,"enemies":"Exordium Thugs","floor":13.0,"turns":4.0},{"damage":5.0,"enemies":"Exordium Wildlife","floor":14.0,"turns":3.0},{"damage":21.0,"enemies":"Hexaghost","floor":16.0,"turns":10.0},{"damage":9,"enemies":"Shell Parasite","floor":18,"turns":5},{"damage":57,"enemies":"Masked Bandits","floor":19,"turns":5},{"damage":24,"enemies":"3 Byrds","floor":21,"turns":4},{"damage":0,"enemies":"Shelled Parasite and Fungi","floor":22,"turns":2}],"seed_played":"-4122148272980658400","potions_obtained":[{"floor":4.0,"key":"Weak Potion"},{"floor":6.0,"key":"BlessingOfTheForge"},{"floor":8.0,"key":"CultistPotion"},{"floor":10.0,"key":"AttackPotion"},{"floor":13.0,"key":"Energy Potion"},{"floor":18,"key":"Strength Potion"}],"is_trial":false,"path_per_floor":["M","?","M","M","?","E","R","M","T","M","R","M","M","M","R","B",null,"M","?","$","M","M"],"character_chosen":"IRONCLAD","items_purchased":["Ornamental Fan","Fire Potion"],"campfire_rested":0,"item_purchase_floors":[20,20],"current_hp_per_floor":[71,60,53,56,56,23,23,24,24,21,21,25,8,9,9,19,76,73,25,25,7,7,7],"gold":80,"neow_bonus":"RANDOM_COMMON_RELIC","is_daily":false,"chose_seed":false,"campfire_upgraded":3,"win_rate":0.0,"timestamp":1613125775,"path_taken":["M","?","M","M","?","E","R","M","T","M","R","M","M","M","R","BOSS","M","?","$","M","M"],"items_purchased_type":["Relic","Potion"],"build_version":"2020-12-22","purchased_purges":1,"victory":false,"max_hp_per_floor":[82,82,82,82,82,82,82,82,82,82,82,82,82,82,82,82,92,92,95,95,95,95,95],"card_choices":[{"not_picked":["Cleave","Feel No Pain"],"picked":"Combust","floor":1.0},{"not_picked":["Bloodletting","Havoc"],"picked":"Carnage","floor":3.0},{"not_picked":["Perfected Strike","Armaments","Heavy Blade"],"picked":"SKIP","floor":4.0},{"not_picked":["Warcry","Clash"],"picked":"Shrug It Off","floor":6.0},{"not_picked":["Iron Wave","Clothesline"],"picked":"Uppercut","floor":8.0},{"not_picked":["Sword Boomerang","Entrench"],"picked":"Shrug It Off","floor":10.0},{"not_picked":["Berserk","Sword Boomerang","Perfected Strike"],"picked":"SKIP","floor":12.0},{"not_picked":["Thunderclap","Rage"],"picked":"Bloodletting","floor":13.0},{"not_picked":["Dual Wield","Warcry","Clothesline"],"picked":"SKIP","floor":14.0},{"not_picked":["Double Tap","Exhume"],"picked":"Feed","floor":16.0},{"not_picked":["Dual Wield","Shrug It Off","Havoc"],"picked":"SKIP","floor":18},{"not_picked":["Twin Strike","Shrug It Off"],"picked":"Flame Barrier","floor":19},{"not_picked":["Carnage","Pommel Strike","Bloodletting"],"picked":"SKIP","floor":21}],"player_experience":1151960,"relics_obtained":[{"floor":6.0,"key":"Dream Catcher"},{"floor":9.0,"key":"Pantograph"},{"floor":17,"key":"Pen Nib"},{"floor":17,"key":"Pear"},{"floor":17,"key":"Thread and Needle"},{"floor":19,"key":"Red Mask"}],"event_choices":[{"damage_healed":0.0,"max_hp_gain":0.0,"max_hp_loss":0.0,"gold_gain":75.0,"event_name":"World of Goop","player_choice":"Gather Gold","floor":2.0,"gold_loss":0.0,"damage_taken":11.0},{"cards_removed":["Strike_R"],"damage_healed":0.0,"max_hp_gain":0.0,"max_hp_loss":0.0,"gold_gain":0.0,"event_name":"Living Wall","player_choice":"Forget","floor":5.0,"gold_loss":0.0,"damage_taken":0.0},{"damage_healed":0,"gold_gain":0,"player_choice":"Fought Bandits","damage_taken":0,"max_hp_gain":0,"max_hp_loss":0,"event_name":"Masked Bandits","floor":19,"gold_loss":0}],"is_beta":false,"boss_relics":[{"not_picked":["Coffee Dripper","Cursed Key"],"picked":"Calling Bell"}],"items_purged_floors":[20],"is_endless":false,"potions_floor_spawned":[4,6,8,10,13,18],"killed_by":"Shelled Parasite and Fungi","ascension_level":15}}