{"host":"q4axc00jr2bozlh9","time":1613164692,"event":{"mods":["AchievementEnabler","BaseMod","Bestiary","Colored Map","Colored Powertips","Curses Come First","Minty Spire (QoL Compilation)","Relic Stats","StSLib","SuperFastMode","UnlockEverythingMod"],"gold_per_floor":[119,132,143,68,81,117,117,156,208,220,243,271,6,42,42,146,146,174,156,156,201,201,201,240,269,269,281,3,35,35,49,49,159,159,171,226,0,0,20,61,61,61,86,111,125,125,175,209,209,209,209,209,59,101,101,101],"floor_reached":55,"language":"ENG","playtime":2583,"items_purged":["Strike_R","Defend_R","Strike_R","Defend_R"],"score":860,"play_id":"9b927148-8781-46f1-83c3-999a822683bf","local_time":"20210212221812","is_ascension_mode":false,"campfire_choices":[{"floor":7,"key":"REST"},{"floor":10,"key":"REST"},{"data":"Armaments","floor":15,"key":"SMITH"},{"data":"Limit Break","floor":23,"key":"SMITH"},{"data":"Metallicize","floor":32,"key":"SMITH"},{"floor":41,"key":"RECALL"},{"floor":46,"key":"REST"},{"floor":49,"key":"REST"},{"floor":52,"key":"REST"}],"circlet_count":0,"master_deck":["Strike_R","Defend_R","Bash","Metallicize+1","Rupture","Inflame","Shrug It Off","Rupture","Pommel Strike+1","Inflame","Armaments+1","Limit Break+1","Metallicize","Ghostly","Ghostly","Ghostly","Ghostly","Ghostly","Thunderclap+1","Whirlwind+1","Demon Form","Flex+1","Dark Embrace+1","True Grit+1"],"relics":["Burning Blood","CeramicFish","Molten Egg 2","MawBank","Lee\u0027s Waffle","Happy Flower","Sozu","MutagenicStrength","Blood Vial","Orichalcum","Pen Nib","Fusion Hammer","Champion Belt","Red Mask","Strawberry","MealTicket","Magic Flower","Frozen Egg 2","CaptainsWheel"],"acts_visited":["Exordium","TheCity","TheBeyond","TheEnding"],"potions_floor_usage":[5,6,8,11],"damage_taken":[{"damage":7,"enemies":"Cultist","floor":1,"turns":5},{"damage":3,"enemies":"Small Slimes","floor":2,"turns":4},{"damage":8,"enemies":"Jaw Worm","floor":3,"turns":8},{"damage":27,"enemies":"Lots of Slimes","floor":5,"turns":7},{"damage":28,"enemies":"3 Sentries","floor":6,"turns":13},{"damage":46,"enemies":"Lagavulin","floor":8,"turns":14},{"damage":10,"enemies":"Exordium Thugs","floor":11,"turns":5},{"damage":18,"enemies":"Large Slime","floor":12,"turns":8},{"damage":25,"enemies":"3 Sentries","floor":14,"turns":13},{"damage":43,"enemies":"Hexaghost","floor":16,"turns":13},{"damage":10,"enemies":"Shell Parasite","floor":18,"turns":6},{"damage":23,"enemies":"2 Thieves","floor":19,"turns":4},{"damage":22,"enemies":"Gremlin Leader","floor":24,"turns":7},{"damage":9,"enemies":"Centurion and Healer","floor":25,"turns":7},{"damage":0,"enemies":"Shelled Parasite and Fungi","floor":27,"turns":6},{"damage":10,"enemies":"Book of Stabbing","floor":29,"turns":6},{"damage":0,"enemies":"Snake Plant","floor":31,"turns":5},{"damage":28,"enemies":"Collector","floor":33,"turns":9},{"damage":0,"enemies":"3 Darklings","floor":35,"turns":5},{"damage":0,"enemies":"2 Orb Walkers","floor":36,"turns":5},{"damage":8,"enemies":"Orb Walker","floor":39,"turns":6},{"damage":19,"enemies":"Giant Head","floor":40,"turns":7},{"damage":0,"enemies":"Maw","floor":44,"turns":6},{"damage":3,"enemies":"4 Shapes","floor":45,"turns":3},{"damage":15,"enemies":"Mind Bloom Boss Battle","floor":47,"turns":6},{"damage":0,"enemies":"Nemesis","floor":48,"turns":5},{"damage":10,"enemies":"Time Eater","floor":50,"turns":8},{"damage":0,"enemies":"Shield and Spear","floor":54,"turns":6},{"damage":48,"enemies":"The Heart","floor":55,"turns":3}],"seed_played":"-3515783096157021897","potions_obtained":[{"floor":1,"key":"AttackPotion"},{"floor":3,"key":"SteroidPotion"},{"floor":5,"key":"LiquidBronze"},{"floor":6,"key":"ColorlessPotion"},{"floor":14,"key":"Energy Potion"}],"is_trial":false,"path_per_floor":["M","M","M","$","M","E","R","E","T","R","M","M","$","E","R","B",null,"M","M","?","?","?","R","E","M","T","M","$","E","$","M","R","B",null,"M","?","?","?","M","E","R","$","T","M","M","R","?","E","R","B",null,"R","$","E","B"],"character_chosen":"IRONCLAD","items_purchased":["Lee\u0027s Waffle","Inflame","Orichalcum"],"campfire_rested":5,"item_purchase_floors":[13,13,28],"current_hp_per_floor":[71,72,70,70,49,27,48,8,8,29,25,13,79,60,60,23,79,75,58,58,39,39,39,23,22,22,30,30,28,28,36,36,16,39,39,39,39,37,35,31,31,31,31,39,44,44,35,44,44,43,44,44,44,44,0,0],"gold":101,"neow_bonus":"REMOVE_TWO","is_daily":false,"chose_seed":false,"campfire_upgraded":3,"win_rate":0.0,"timestamp":1613164692,"path_taken":["M","M","M","?","M","E","R","E","T","R","M","M","?","E","R","BOSS","M","M","?","?","?","R","E","M","T","M","$","E","?","?","R","BOSS","M","?","?","?","M","E","R","?","T","M","?","R","?","E","R","BOSS","R","$","E","BOSS"],"items_purchased_type":["Relic","Card","Relic"],"build_version":"2020-12-22","purchased_purges":4,"victory":false,"max_hp_per_floor":[72,72,72,72,72,72,72,72,72,72,72,72,79,79,79,79,79,79,79,79,39,39,39,39,39,39,39,39,39,39,39,39,39,39,39,39,39,37,37,44,44,44,44,44,44,44,44,44,44,44,44,44,44,44,44,44],"relic_stats":{"Lee\u0027s Waffle":66,"Happy Flower":[41],"counters":[29,200],"CeramicFish":153,"Magic Flower":[4],"Pen Nib":[7],"Orichalcum":[192],"MawBank":48,"Burning Blood":151,"Sozu":7,"Blood Vial":19,"MealTicket":0,"Champion Belt":[18],"obtain_stats":[{"Lee\u0027s Waffle":13,"Happy Flower":14,"CeramicFish":6,"Magic Flower":47,"Pen Nib":29,"Orichalcum":28,"Frozen Egg 2":48,"MawBank":9,"Burning Blood":0,"Sozu":17,"Blood Vial":24,"CaptainsWheel":54,"MutagenicStrength":20,"Strawberry":40,"Molten Egg 2":8,"MealTicket":43,"Fusion Hammer":34,"Red Mask":37,"Champion Belt":36},{"Lee\u0027s Waffle":8,"Happy Flower":9,"CeramicFish":5,"Magic Flower":25,"Pen Nib":16,"Orichalcum":15,"Frozen Egg 2":26,"MawBank":6,"Burning Blood":0,"Sozu":10,"Blood Vial":13,"CaptainsWheel":28,"MutagenicStrength":12,"Strawberry":22,"Molten Egg 2":6,"MealTicket":22,"Fusion Hammer":18,"Red Mask":20,"Champion Belt":20},{"Lee\u0027s Waffle":64,"Happy Flower":77,"CeramicFish":37,"Magic Flower":178,"Pen Nib":126,"Orichalcum":120,"Frozen Egg 2":183,"MawBank":51,"Burning Blood":0,"Sozu":90,"Blood Vial":107,"CaptainsWheel":197,"MutagenicStrength":100,"Strawberry":163,"Molten Egg 2":51,"MealTicket":163,"Fusion Hammer":140,"Red Mask":150,"Champion Belt":150}]},"card_choices":[{"not_picked":["Disarm","Body Slam"],"picked":"Metallicize","floor":1},{"not_picked":["Battle Trance","Wild Strike"],"picked":"Rupture","floor":2},{"not_picked":["Body Slam","Iron Wave"],"picked":"Inflame","floor":3},{"not_picked":["Fire Breathing","Sword Boomerang"],"picked":"Shrug It Off","floor":5},{"not_picked":["Fire Breathing","Iron Wave"],"picked":"Rupture","floor":6},{"not_picked":["Combust","Reckless Charge+1"],"picked":"Pommel Strike+1","floor":8},{"not_picked":["Warcry","Shrug It Off","Pommel Strike+1"],"picked":"SKIP","floor":11},{"not_picked":["Warcry","Headbutt+1","Dual Wield"],"picked":"SKIP","floor":12},{"not_picked":["Reaper+1","Disarm"],"picked":"Armaments","floor":14},{"not_picked":["Corruption","Fiend Fire+1"],"picked":"Limit Break","floor":16},{"not_picked":["Havoc","Perfected Strike+1"],"picked":"Metallicize","floor":18},{"not_picked":["Perfected Strike+1","Anger+1","Flex"],"picked":"SKIP","floor":19},{"not_picked":["Anger+1","Cleave+1"],"picked":"Thunderclap+1","floor":24},{"not_picked":["Pummel+1","Metallicize"],"picked":"Whirlwind+1","floor":25},{"not_picked":["Clothesline+1","Warcry","Fiend Fire+1"],"picked":"SKIP","floor":27},{"not_picked":["Armaments","Clash+1","Shockwave"],"picked":"SKIP","floor":29},{"not_picked":["True Grit+1","Sword Boomerang+1","Armaments"],"picked":"SKIP","floor":31},{"not_picked":["Double Tap","Feed+1"],"picked":"Demon Form","floor":33},{"not_picked":["Thunderclap+1","Shrug It Off+1","Power Through+1"],"picked":"SKIP","floor":35},{"not_picked":["Anger+1","Flex","Evolve"],"picked":"SKIP","floor":39},{"not_picked":["Flame Barrier+1","Reaper+1"],"picked":"Flex+1","floor":40},{"not_picked":["Shrug It Off","Iron Wave+1"],"picked":"Dark Embrace+1","floor":44},{"not_picked":["Searing Blow+1","Shrug It Off+1","Evolve+1"],"picked":"SKIP","floor":45},{"not_picked":["Battle Trance+1","Cleave+1","Double Tap"],"picked":"SKIP","floor":48},{"not_picked":["Flex","Metallicize+1"],"picked":"True Grit+1","floor":54}],"player_experience":251784,"relics_obtained":[{"floor":6,"key":"CeramicFish"},{"floor":8,"key":"Molten Egg 2"},{"floor":9,"key":"MawBank"},{"floor":14,"key":"Happy Flower"},{"floor":24,"key":"Blood Vial"},{"floor":29,"key":"Pen Nib"},{"floor":36,"key":"Champion Belt"},{"floor":40,"key":"Strawberry"},{"floor":43,"key":"MealTicket"},{"floor":47,"key":"Magic Flower"},{"floor":48,"key":"Frozen Egg 2"},{"floor":54,"key":"CaptainsWheel"}],"event_choices":[{"damage_healed":0,"gold_gain":0,"player_choice":"Inject Mutagens","damage_taken":0,"relics_obtained":["MutagenicStrength"],"max_hp_gain":0,"max_hp_loss":0,"event_name":"Drug Dealer","floor":20,"gold_loss":0},{"damage_healed":0,"gold_gain":0,"player_choice":"Became a Ghost","damage_taken":0,"max_hp_gain":0,"max_hp_loss":40,"event_name":"Ghosts","floor":21,"gold_loss":0,"cards_obtained":["Ghostly","Ghostly","Ghostly","Ghostly","Ghostly"]},{"cards_removed":["Defend_R"],"damage_healed":0,"gold_gain":0,"player_choice":"Elegance","damage_taken":0,"max_hp_gain":0,"max_hp_loss":0,"event_name":"Back to Basics","floor":22,"gold_loss":0},{"damage_healed":0,"gold_gain":0,"player_choice":"Fight","damage_taken":0,"max_hp_gain":0,"max_hp_loss":0,"event_name":"Mysterious Sphere","floor":36,"gold_loss":0},{"damage_healed":0,"gold_gain":0,"player_choice":"Paid","damage_taken":0,"relics_obtained":["Red Mask"],"max_hp_gain":0,"max_hp_loss":0,"event_name":"Tomb of Lord Red Mask","floor":37,"gold_loss":226},{"damage_healed":0,"gold_gain":0,"player_choice":"Max HP","damage_taken":0,"max_hp_gain":0,"max_hp_loss":2,"event_name":"Winding Halls","floor":38,"gold_loss":0},{"damage_healed":0,"gold_gain":0,"player_choice":"Fight","damage_taken":0,"max_hp_gain":0,"max_hp_loss":0,"event_name":"MindBloom","floor":47,"gold_loss":0}],"is_beta":false,"boss_relics":[{"not_picked":["SlaversCollar","Pandora\u0027s Box"],"picked":"Sozu"},{"not_picked":["Tiny House","Runic Dome"],"picked":"Fusion Hammer"}],"items_purged_floors":[4,13,28,53],"is_endless":false,"potions_floor_spawned":[1,3,5,6,14,27,29,31,35,39,40,44],"killed_by":"The Heart","ascension_level":0}}