{"host":"mmqs5ul2bvb60kyc","time":1613141331,"event":{"mods":["AchievementEnabler","Act Like it!","BaseMod","Colored Map","Colored Powertips","Minty Spire (QoL Compilation)","Quick Restart","StSLib"],"gold_per_floor":[118,131,131,56,68,68,99,99,99,117,133,58,78,95,95,95,171,171,187,187,203,217,57,88,88,121,121,121,121,121,148,73,73,147,147,166,177,232,232,132,165,182,208,278,278,296,296,321,332,332,332,332,332,44,71,71],"floor_reached":57,"language":"ZHS","playtime":7024,"items_purged":["Defend_P","Strike_P+1"],"score":2435,"play_id":"066a8691-873f-47a5-982b-dcd41f1157f8","local_time":"20210212224851","is_ascension_mode":true,"campfire_choices":[{"data":"Adaptation","floor":6.0,"key":"SMITH"},{"data":"Indignation","floor":8.0,"key":"SMITH"},{"floor":15.0,"key":"REST"},{"data":"Omniscience","floor":16.0,"key":"SMITH"},{"floor":25.0,"key":"REST"},{"floor":28.0,"key":"REST"},{"data":"MentalFortress","floor":30.0,"key":"SMITH"},{"floor":33.0,"key":"RECALL"},{"floor":50,"key":"REST"},{"floor":53,"key":"REST"}],"circlet_count":0,"master_deck":["AscendersBane","Strike_P+1","Defend_P+1","Defend_P+1","Eruption+1","Vigilance+1","Omniscience+1","Meditate+1","Adaptation+1","Indignation+1","FearNoEvil+1","Adaptation+1","LessonLearned+1","TalkToTheHand+1","InnerPeace+1","MentalFortress+1","Crescendo+1","Vault+1"],"relics":["HolyWater","Toxic Egg 2","Medical Kit","Oddly Smooth Stone","Potion Belt","GoldenEye","Regal Pillow","Bottled Flame","Busted Crown","Du-Vu Doll","Toy Ornithopter","Omamori","HornCleat","Art of War","Gremlin Horn","Yang"],"acts_visited":["TheCity","TheBeyond","TheEnding"],"potions_floor_usage":[56,56,56,56],"damage_taken":[{"damage":0.0,"enemies":"Small Slimes","floor":1.0,"turns":3.0},{"damage":6.0,"enemies":"Cultist","floor":2.0,"turns":3.0},{"damage":4.0,"enemies":"Jaw Worm","floor":5.0,"turns":4.0},{"damage":21.0,"enemies":"3 Sentries","floor":7.0,"turns":8.0},{"damage":4.0,"enemies":"2 Fungi Beasts","floor":10.0,"turns":3.0},{"damage":7.0,"enemies":"Exordium Wildlife","floor":11.0,"turns":3.0},{"damage":2.0,"enemies":"3 Louse","floor":13.0,"turns":4.0},{"damage":11.0,"enemies":"2 Fungi Beasts","floor":14.0,"turns":4.0},{"damage":0.0,"enemies":"Slime Boss","floor":17.0,"turns":5.0},{"damage":23.0,"enemies":"Shell Parasite","floor":19.0,"turns":4.0},{"damage":18.0,"enemies":"2 Thieves","floor":21.0,"turns":2.0},{"damage":1.0,"enemies":"Chosen and Byrds","floor":22.0,"turns":3.0},{"damage":3.0,"enemies":"Book of Stabbing","floor":24.0,"turns":3.0},{"damage":3.0,"enemies":"Gremlin Leader","floor":26.0,"turns":8.0},{"damage":9.0,"enemies":"Slavers","floor":31.0,"turns":5.0},{"damage":8.0,"enemies":"Collector","floor":34.0,"turns":4.0},{"damage":0.0,"enemies":"Orb Walker","floor":36.0,"turns":3.0},{"damage":0.0,"enemies":"3 Darklings","floor":37.0,"turns":3.0},{"damage":0.0,"enemies":"2 Orb Walkers","floor":38.0,"turns":2.0},{"damage":0,"enemies":"Giant Head","floor":41,"turns":4},{"damage":3,"enemies":"Writhing Mass","floor":42,"turns":3},{"damage":5,"enemies":"Reptomancer","floor":43,"turns":3},{"damage":0,"enemies":"Sphere and 2 Shapes","floor":46,"turns":3},{"damage":0,"enemies":"Giant Head","floor":48,"turns":3},{"damage":0,"enemies":"Spire Growth","floor":49,"turns":3},{"damage":0,"enemies":"Awakened One","floor":51,"turns":4},{"damage":11,"enemies":"Shield and Spear","floor":55,"turns":4},{"damage":24,"enemies":"The Heart","floor":56,"turns":6}],"seed_played":"-4588767609456873015","potions_obtained":[{"floor":5.0,"key":"LiquidBronze"},{"floor":7.0,"key":"StancePotion"},{"floor":11.0,"key":"FearPotion"},{"floor":13.0,"key":"Regen Potion"},{"floor":21.0,"key":"BlessingOfTheForge"},{"floor":22.0,"key":"Explosive Potion"},{"floor":26.0,"key":"FearPotion"},{"floor":34.0,"key":"SkillPotion"},{"floor":36.0,"key":"SneckoOil"},{"floor":37.0,"key":"Ambrosia"},{"floor":43,"key":"Dexterity Potion"},{"floor":49,"key":"SteroidPotion"}],"is_trial":false,"path_per_floor":["M","M","?","$","M","R","E","R","T","M","M","?","M","M","R","R","B",null,"M","?","M","M","$","E","R","E","T","R","T","R","E","?","R","B",null,"M","M","?","?","$","E","M","E","T","?","M","$","E","M","R","B",null,"R","$","E","B",null],"character_chosen":"WATCHER","items_purchased":["Medical Kit","Gremlin Horn"],"campfire_rested":5,"item_purchase_floors":[23,54],"current_hp_per_floor":[61,55,55,55,51,51,30,30,30,26,19,19,17,18,38,38,38,61,38,38,20,19,19,16,36,33,33,53,53,53,44,44,44,36,60,60,60,60,60,60,60,57,52,52,52,52,52,52,52,68,68,68,68,68,57,49],"gold":71,"neow_bonus":"ONE_RANDOM_RARE_CARD","is_daily":false,"chose_seed":false,"campfire_upgraded":4,"win_rate":0.0,"timestamp":1613141331,"path_taken":["M","M","?","$","?","R","E","R","T","M","M","?","M","M","R","R","BOSS","M","?","M","M","$","E","R","E","T","R","?","R","E","?","R","BOSS","M","M","?","?","$","E","M","E","T","?","M","?","E","M","R","BOSS","R","$","E","BOSS"],"items_purchased_type":["Relic","Relic"],"build_version":"2020-12-22","purchased_purges":2,"victory":true,"max_hp_per_floor":[68,68,68,68,68,68,68,68,68,68,68,68,68,68,68,68,68,68,68,68,68,68,68,68,68,68,68,68,68,68,68,68,68,68,68,68,68,68,68,68,68,68,68,68,68,68,68,68,68,68,68,68,68,68,68,68],"card_choices":[{"not_picked":["Consecrate","Wireheading"],"picked":"Meditate","floor":1.0},{"not_picked":["Evaluate","WindmillStrike"],"picked":"Adaptation","floor":2.0},{"not_picked":["CutThroughFate","CrushJoints"],"picked":"Indignation","floor":5.0},{"not_picked":["SignatureMove","CrushJoints"],"picked":"FearNoEvil","floor":7.0},{"not_picked":["FlurryOfBlows","EmptyFist"],"picked":"Adaptation","floor":10.0},{"not_picked":["FollowUp","Prostrate+1","FlyingSleeves"],"picked":"SKIP","floor":11.0},{"not_picked":["JustLucky","Weave","Wireheading"],"picked":"SKIP","floor":13.0},{"not_picked":["CrushJoints","FollowUp","Prostrate+1"],"picked":"SKIP","floor":14.0},{"not_picked":["DeusExMachina+1","Wish+1"],"picked":"LessonLearned","floor":17.0},{"not_picked":["PathToVictory+1","FlurryOfBlows"],"picked":"TalkToTheHand","floor":19.0},{"not_picked":["Protect+1","FlyingSleeves","Conclude"],"picked":"SKIP","floor":21.0},{"not_picked":["JustLucky+1","Conclude"],"picked":"InnerPeace+1","floor":22.0},{"not_picked":["Consecrate","SandsOfTime"],"picked":"MentalFortress","floor":24.0},{"not_picked":["Worship+1","Ragnarok"],"picked":"Crescendo+1","floor":26.0},{"not_picked":["Prostrate+1","Pray+1"],"picked":"Vault+1","floor":31.0},{"not_picked":["Vengeance+1"],"picked":"SKIP","floor":36.0},{"not_picked":["Crescendo+1"],"picked":"SKIP","floor":37.0},{"not_picked":["MentalFortress"],"picked":"SKIP","floor":41},{"not_picked":["Crescendo+1"],"picked":"SKIP","floor":42},{"not_picked":["Consecrate"],"picked":"SKIP","floor":43},{"not_picked":["WreathOfFlame+1"],"picked":"SKIP","floor":46},{"not_picked":["Halt+1"],"picked":"SKIP","floor":48},{"not_picked":["Adaptation"],"picked":"SKIP","floor":49},{"not_picked":["Perseverance+1"],"picked":"SKIP","floor":55}],"player_experience":350306,"relics_obtained":[{"floor":7.0,"key":"Toxic Egg 2"},{"floor":24.0,"key":"Oddly Smooth Stone"},{"floor":26.0,"key":"Potion Belt"},{"floor":27.0,"key":"GoldenEye"},{"floor":29.0,"key":"Regal Pillow"},{"floor":31.0,"key":"Bottled Flame"},{"floor":38.0,"key":"Du-Vu Doll"},{"floor":41,"key":"Toy Ornithopter"},{"floor":43,"key":"Omamori"},{"floor":44,"key":"HornCleat"},{"floor":48,"key":"Art of War"},{"floor":55,"key":"Yang"}],"event_choices":[{"damage_healed":0.0,"max_hp_gain":0.0,"max_hp_loss":0.0,"gold_gain":0.0,"event_name":"Upgrade Shrine","player_choice":"Upgraded","floor":3.0,"gold_loss":0.0,"damage_taken":0.0,"cards_upgraded":["Eruption"]},{"cards_removed":["Strike_P"],"damage_healed":0.0,"max_hp_gain":0.0,"max_hp_loss":0.0,"gold_gain":0.0,"event_name":"The Cleric","player_choice":"Card Removal","floor":12.0,"gold_loss":75.0,"damage_taken":0.0},{"cards_removed":["Defend_P"],"damage_healed":0.0,"max_hp_gain":0.0,"max_hp_loss":0.0,"gold_gain":0.0,"event_name":"Back to Basics","player_choice":"Elegance","floor":20.0,"gold_loss":0.0,"damage_taken":0.0},{"cards_removed":["Strike_P"],"damage_healed":0.0,"max_hp_gain":0.0,"max_hp_loss":0.0,"gold_gain":0.0,"event_name":"Beggar","player_choice":"Gave Gold","floor":32.0,"gold_loss":75.0,"damage_taken":0.0},{"damage_healed":0.0,"max_hp_gain":0.0,"max_hp_loss":0.0,"gold_gain":0.0,"event_name":"Mysterious Sphere","player_choice":"Fight","floor":38.0,"gold_loss":0.0,"damage_taken":0.0},{"damage_healed":0,"gold_gain":0,"player_choice":"Memory 1","damage_taken":0,"max_hp_gain":0,"max_hp_loss":0,"event_name":"SensoryStone","floor":39,"gold_loss":0},{"damage_healed":0,"gold_gain":0,"player_choice":"Ignored","damage_taken":0,"max_hp_gain":0,"max_hp_loss":0,"event_name":"Tomb of Lord Red Mask","floor":45,"gold_loss":0}],"is_beta":false,"boss_relics":[{"not_picked":["Cursed Key","SacredBark"],"picked":"HolyWater"},{"not_picked":["Coffee Dripper","Runic Pyramid"],"picked":"Busted Crown"}],"items_purged_floors":[4,40],"is_endless":false,"potions_floor_spawned":[5,7,11,13,21,22,26,34,36,37,43,49],"ascension_level":18}}