{"host":"d3bsw5ou8fswq5qc","time":1613164541,"event":{"mods":["Aspiration","BaseMod","Colored Map","Conspire","Downfall","Duelist Mod","GifTheSpireLib","Googly Eyes","Minty Spire (QoL Compilation)","Replay The Spire","StSLib","Stuff the Spire","The Jungle"],"gold_per_floor":[99,115,147,164,164,164,164,179,213,225,238,252,281,12,22,121,121,121,221,239,249,249,249,296,324,109,141,141,172,172,172,187,288,288,288,298,298,83,83,83,83,101,37,48,48,59,72,22,37,37,37,37],"floor_reached":50,"language":"FRA","playtime":6331,"items_purged":["Slimebound:Strike_Slimebound","Slimebound:Defend_Slimebound","Amnesia","Languid"],"score":881,"play_id":"fdeb00e0-7309-4d6c-bb50-0b2e5d5f0845","local_time":"20210212221541","is_ascension_mode":true,"campfire_choices":[{"data":"Slimebound:Split","floor":1,"key":"SMITH"},{"data":"Slimebound:OozeBath","floor":18,"key":"SMITH"},{"data":"Slimebound:FormOfPuddle","floor":28,"key":"SMITH"},{"data":"Slimebound:SamplingLick","floor":30,"key":"SMITH"},{"data":"Slimebound:SlimeSlap","floor":35,"key":"SMITH"},{"data":"Slimebound:CorrosiveSpit","floor":45,"key":"SMITH"}],"circlet_count":0,"master_deck":["AscendersBane","Slimebound:Strike_Slimebound","Slimebound:Strike_Slimebound","Slimebound:Tackle","Slimebound:Defend_Slimebound","Slimebound:Defend_Slimebound","Slimebound:Defend_Slimebound","Slimebound:Split+1","Slimebound:CorrosiveSpit+1","Slimebound:SamplingLick+1","Slimebound:LeechingTouch","Slimebound:Prepare","Slimebound:SplitAcid","Slimebound:Schlurp","Slimebound:GoopSpray","Slimebound:ViciousTackle+1","Slimebound:OozeBath+1","Slimebound:FormOfPuddle+1","Slimebound:SplitMire","Slimebound:SplitBruiser","Slimebound:SlimeSlap+1","Slimebound:OozeBath+1","Slimebound:SplitLeeching+1","Slimebound:HauntingLick+1","Slimebound:HauntingLick+1"],"relics":["Slimebound:AbsorbEndCombat","Smiling Mask","Simple Rune","Snack Pack","Bag of Preparation","Shuriken","Juzu Bracelet","Philosopher\u0027s Stone","theJungle:WildPear","Toy Ornithopter","conspire:DeflatedDodgeball","conspire:TreasureMap","StuffTheSpire:Experiment12","Slimebound:SlimedSkullRelic","Replay:Ancient Bell","Boot","Iron Hammer","Ice Cream","Slimebound:SelfDamagePreventRelic","aspiration:FetidBarrel","aspiration:KaomsHeart"],"acts_visited":["Exordium","Exordium","TheBeyond"],"potions_floor_usage":[10,13,50,50],"damage_taken":[{"damage":0,"enemies":"Small Slimes","floor":2,"turns":3},{"damage":12,"enemies":"conspire:MimicChest","floor":3,"turns":4},{"damage":0,"enemies":"Jaw Worm","floor":4,"turns":4},{"damage":0,"enemies":"Cultist","floor":8,"turns":3},{"damage":14,"enemies":"3 Sentries","floor":9,"turns":10},{"damage":0,"enemies":"Gremlin Gang","floor":10,"turns":4},{"damage":0,"enemies":"2 Fungi Beasts","floor":11,"turns":3},{"damage":0,"enemies":"3 Louse","floor":12,"turns":2},{"damage":34,"enemies":"Gremlin Nob","floor":13,"turns":5},{"damage":0,"enemies":"downfall:FleeingMerchant","floor":14,"turns":4},{"damage":13,"enemies":"Large Slime","floor":15,"turns":5},{"damage":36,"enemies":"WA_ARCHETYPE_RETAIN","floor":16,"turns":10},{"damage":4,"enemies":"theJungle:Flameango_and_Byrd","floor":20,"turns":5},{"damage":7,"enemies":"theJungle:5_Spyders","floor":21,"turns":7},{"damage":31,"enemies":"theJungle:2_Phrogs","floor":25,"turns":7},{"damage":1,"enemies":"downfall:FleeingMerchant","floor":26,"turns":4},{"damage":3,"enemies":"theJungle:Cassacara","floor":27,"turns":6},{"damage":20,"enemies":"theJungle:2_Phrogs","floor":29,"turns":7},{"damage":0,"enemies":"theJungle:SlimyTreeVines","floor":32,"turns":4},{"damage":38,"enemies":"SI_MIRROR_ARCHETYPE","floor":33,"turns":12},{"damage":24,"enemies":"3 Darklings","floor":36,"turns":5},{"damage":13,"enemies":"downfall:FleeingMerchant","floor":38,"turns":4},{"damage":0,"enemies":"Orb Walker","floor":42,"turns":3},{"damage":5,"enemies":"downfall:FleeingMerchant","floor":43,"turns":3},{"damage":13,"enemies":"Sphere and 2 Shapes","floor":44,"turns":5},{"damage":13,"enemies":"Maw","floor":46,"turns":6},{"damage":19,"enemies":"3 Darklings","floor":47,"turns":4},{"damage":9,"enemies":"Sphere and 2 Shapes","floor":49,"turns":4},{"damage":440,"enemies":"DF_ARCHETYPE_ORBS","floor":50,"turns":6}],"seed_played":"-1798507348549525993","potions_obtained":[{"floor":3,"key":"EssenceOfSteel"},{"floor":6,"key":"Flashbang"},{"floor":6,"key":"Languid Potion"},{"floor":9,"key":"Energy Potion"},{"floor":11,"key":"Swift Potion"},{"floor":12,"key":"DistilledChaos"},{"floor":13,"key":"Cursed Concoction"},{"floor":29,"key":"DuplicationPotion"}],"is_trial":false,"path_per_floor":["R_BF","M","?","M","?","?","T","M","E","M","M","M","E","$","M","B",null,"R","?","M","M","?","?","T","E","$","E","R","E","R","?","M","B",null,"R","M","?","$","?","?","T","M","$","M","R","M","M","$","M","B"],"character_chosen":"SLIMEBOUND","items_purchased":["Juzu Bracelet","Slimebound:ViciousTackle+1","conspire:TreasureMap","Slimebound:SelfDamagePreventRelic","aspiration:KaomsHeart","aspiration:KMNothing","aspiration:KMNothing","aspiration:KMNothing"],"campfire_rested":0,"item_purchase_floors":[14,14,26,38,43,48,48,48],"current_hp_per_floor":[59,61,55,59,59,59,59,65,53,61,68,77,49,55,53,25,66,66,61,65,71,81,90,90,66,69,76,76,64,64,64,70,42,80,80,67,67,62,106,106,106,106,203,195,195,190,175,175,172,0,0,0],"gold":37,"neow_bonus":"RANDOM_COMMON_RELIC","is_daily":false,"chose_seed":false,"campfire_upgraded":6,"win_rate":0.0,"timestamp":1613164541,"path_taken":["R_BF","M","?","M","?","?","T","?","E","?","M","M","E","$","M","BOSS","R","?","M","M","?","?","T","E","$","E","R","E","R","?","M","BOSS","R","M","?","$","?","?","T","M","?","M","R","M","M","$","M","BOSS"],"items_purchased_type":["Relic","Card","Relic","Relic","Relic","Relic","Relic","Relic"],"build_version":"2020-12-22","purchased_purges":4,"victory":false,"max_hp_per_floor":[65,65,65,65,65,65,65,65,65,65,68,77,77,77,80,80,80,80,80,80,83,93,93,93,93,93,93,93,93,93,93,93,93,93,93,96,96,96,106,106,106,106,206,206,206,206,206,206,206,206,206,206],"card_choices":[{"not_picked":["Slimebound:ComboTackle","Slimebound:GrowthPunch"],"picked":"Slimebound:SamplingLick","floor":2},{"not_picked":["Slimebound:SplitAcid","Slimebound:RollThrough"],"picked":"Slimebound:LeechingTouch","floor":4},{"not_picked":["Slimebound:RollThrough","Slimebound:ItLooksTasty"],"picked":"Slimebound:Prepare","floor":8},{"not_picked":["Slimebound:FormOfPuddle","Slimebound:LeechingTouch"],"picked":"Slimebound:GoopSpray","floor":9},{"not_picked":["Slimebound:BestDefense","Slimebound:Recollect"],"picked":"Slimebound:MassFeed","floor":10},{"not_picked":["Slimebound:SpikyOuterGoop","Slimebound:Dissolve"],"picked":"Slimebound:SplitAcid","floor":11},{"not_picked":["Slimebound:SlimeSpikes","Slimebound:LeechingTouch"],"picked":"Slimebound:Schlurp","floor":12},{"not_picked":["Slimebound:LeechingTouch","Slimebound:DouseInSlime"],"picked":"Slimebound:GoopSpray","floor":13},{"not_picked":["Slimebound:ItLooksTasty","Slimebound:GrowthPunch","Slimebound:Prepare"],"picked":"SKIP","floor":14},{"not_picked":["Slimebound:SamplingLick","Slimebound:HungryTackle","Slimebound:Prepare"],"picked":"SKIP","floor":15},{"not_picked":["Slimebound:MinionMaster","Slimebound:SelfFormingGoo"],"picked":"Slimebound:OozeBath","floor":16},{"not_picked":["Slimebound:LeechingTouch","Slimebound:ProtectTheBoss","Slimebound:ServeAndProtect+1"],"picked":"SKIP","floor":20},{"not_picked":["Slimebound:RollThrough","Slimebound:SamplingLick","Slimebound:PressTheAttack"],"picked":"SKIP","floor":21},{"not_picked":["Slimebound:FlameTackle+1","Slimebound:Schlurp","Slimebound:ItLooksTasty"],"picked":"SKIP","floor":25},{"not_picked":["Slimebound:Prepare+1","Slimebound:GrowthPunch+1"],"picked":"Slimebound:FormOfPuddle","floor":26},{"not_picked":["Slimebound:Replication","Slimebound:SplitSpecialist"],"picked":"Slimebound:SplitMire","floor":27},{"not_picked":["Slimebound:GoopTackle+1","Slimebound:ComboTackle+1","Slimebound:LeechingTouch+1"],"picked":"SKIP","floor":29},{"not_picked":["Slimebound:LeadByExample+1","Slimebound:LeechingTouch+1","Slimebound:MinionMaster"],"picked":"SKIP","floor":32},{"not_picked":["Slimebound:SelfFormingGoo","Slimebound:PrepareCrush"],"picked":"Slimebound:SlimeSlap","floor":33},{"not_picked":["Regret","Overencumbered"],"picked":"ReplayTheSpireMod:Doomed","floor":34},{"not_picked":["Looming Evil","downfall:Malfunctioning"],"picked":"Languid","floor":34},{"not_picked":["theDuelist:DuelistAscender","downfall:Bewildered"],"picked":"Amnesia","floor":34},{"not_picked":["Slimebound:ProtectTheBoss+1","Slimebound:HungryTackle","Slimebound:HauntingLick"],"picked":"SKIP","floor":36},{"not_picked":["Slimebound:ProtectTheBoss","Slimebound:Grow"],"picked":"Slimebound:SplitLeeching+1","floor":38},{"not_picked":["Slimebound:ItLooksTasty+1","Slimebound:SplitAcid","Slimebound:RollThrough"],"picked":"SKIP","floor":42},{"not_picked":["Slimebound:OneTwoCombo","Slimebound:GoopTackle","Slimebound:GoopSpray"],"picked":"SKIP","floor":43},{"not_picked":["Slimebound:SplitAcid+1","Slimebound:ProtectTheBoss+1","Slimebound:LeechingTouch+1"],"picked":"SKIP","floor":44},{"not_picked":["Slimebound:AcidTongue+1","Slimebound:FinishingTackle"],"picked":"Slimebound:HauntingLick+1","floor":46},{"not_picked":["Slimebound:LeechingTouch","Slimebound:GoopSpray+1"],"picked":"Slimebound:HauntingLick+1","floor":47},{"not_picked":["Slimebound:LeechEnergy","Slimebound:ComboTackle","Slimebound:FinishingTackle+1"],"picked":"SKIP","floor":49}],"player_experience":262124,"relics_obtained":[{"floor":3,"key":"Simple Rune"},{"floor":7,"key":"Snack Pack"},{"floor":9,"key":"Bag of Preparation"},{"floor":13,"key":"Shuriken"},{"floor":24,"key":"Toy Ornithopter"},{"floor":25,"key":"conspire:DeflatedDodgeball"},{"floor":27,"key":"StuffTheSpire:Experiment12"},{"floor":29,"key":"Slimebound:SlimedSkullRelic"},{"floor":41,"key":"aspiration:FetidBarrel"}],"event_choices":[{"damage_healed":0,"gold_gain":0,"player_choice":"Got Potions","damage_taken":0,"max_hp_gain":0,"max_hp_loss":0,"event_name":"Lab","floor":6,"gold_loss":0},{"cards_removed":["Slimebound:MassFeed"],"damage_healed":34,"gold_gain":0,"player_choice":"Offered Rare","damage_taken":0,"max_hp_gain":10,"max_hp_loss":0,"event_name":"Bonfire Elementals","floor":39,"gold_loss":0}],"is_beta":false,"boss_relics":[{"not_picked":["Velvet Choker","aspiration:PoetsPen_weak"],"picked":"Philosopher\u0027s Stone"},{"not_picked":["aspiration:RunicSpoon","Runic Dome"],"picked":"Replay:Ancient Bell"},{"not_picked":["Replay:Wax Seal","Dream Catcher"],"picked":"Boot"},{"not_picked":["Slimebound:PreparedRelic","Eternal Feather"],"picked":"Iron Hammer"},{"not_picked":["aspiration:AnachronicSnailShell","Durian"],"picked":"Ice Cream"}],"items_purged_floors":[14,26,38,48],"is_endless":false,"potions_floor_spawned":[3,9,11,12,13,15,16,20,27,29,44,46,47,49],"killed_by":"DF_ARCHETYPE_ORBS","ascension_level":10}}