{"host":"b7j598ve05halrwk","time":1613114376,"event":{"mods":["2.2 Compatiblity","BaseMod","Block Reminder","DeckTracker","Minty Spire (QoL Compilation)","Relic Stats","Slay the Relics Exporter","StSLib","ojb\u0027s Better Paths Mod","ojb\u0027s Info Mod"],"gold_per_floor":[218,118,268,39,114,148,148,176,226,301,316,327,85,102,102,179,179,197,212,228,240,240,240,4,22,22,33,33,33,33],"floor_reached":29,"language":"ENG","playtime":1559,"items_purged":["Defend_B","Doubt"],"score":470,"play_id":"49ed7ad9-8d89-4efb-bd3e-2ad8c73080d6","local_time":"20210212021936","is_ascension_mode":true,"campfire_choices":[{"floor":7.0,"key":"REST"},{"floor":15.0,"key":"REST"},{"floor":23,"key":"REST"},{"data":"Hyperbeam","floor":28,"key":"SMITH"}],"circlet_count":0,"master_deck":["AscendersBane","Strike_B","Strike_B+1","Strike_B","Strike_B","Defend_B+1","Defend_B","Defend_B","Zap+1","Dualcast","Go for the Eyes+1","Go for the Eyes","Doom and Gloom","Lockon","Steam","Scrape","Reinforced Body","Glacier","Hyperbeam+1","Capacitor","Ball Lightning","Cold Snap","Hologram","Machine Learning","Scrape","Machine Learning","BootSequence"],"relics":["Cracked Core","Cables","Whetstone","Boot","War Paint","Philosopher\u0027s Stone","Shovel"],"acts_visited":["Exordium","TheCity"],"potions_floor_usage":[21,21,21,21,25,29],"damage_taken":[{"damage":4.0,"enemies":"Jaw Worm","floor":1.0,"turns":4.0},{"damage":32.0,"enemies":"3 Sentries","floor":6.0,"turns":6.0},{"damage":25.0,"enemies":"Lagavulin","floor":8.0,"turns":5.0},{"damage":9.0,"enemies":"2 Louse","floor":11.0,"turns":2.0},{"damage":2.0,"enemies":"Small Slimes","floor":12.0,"turns":2.0},{"damage":0.0,"enemies":"Blue Slaver","floor":14.0,"turns":2.0},{"damage":21.0,"enemies":"The Guardian","floor":16.0,"turns":13.0},{"damage":1,"enemies":"Spheric Guardian","floor":18,"turns":3},{"damage":10,"enemies":"Chosen","floor":19,"turns":5},{"damage":26,"enemies":"Snecko","floor":20,"turns":4},{"damage":18,"enemies":"Chosen and Byrds","floor":21,"turns":6},{"damage":9,"enemies":"Snake Plant","floor":25,"turns":4},{"damage":4,"enemies":"Centurion and Healer","floor":27,"turns":5},{"damage":33,"enemies":"Gremlin Leader","floor":29,"turns":5}],"seed_played":"-9105339622548378966","potions_obtained":[{"floor":6.0,"key":"SpeedPotion"},{"floor":8.0,"key":"DuplicationPotion"},{"floor":16.0,"key":"SteroidPotion"},{"floor":18,"key":"Strength Potion"},{"floor":20,"key":"EntropicBrew"},{"floor":22,"key":"PowerPotion"}],"is_trial":false,"path_per_floor":["M","$","?","$","?","E","R","E","T","?","M","M","$","M","R","B",null,"M","M","M","M","?","R","$","M","T","M","R","E"],"character_chosen":"DEFECT","items_purchased":["Go for the Eyes","Doom and Gloom","Lockon","War Paint","Reinforced Body","Machine Learning","Scrape"],"campfire_rested":3,"item_purchase_floors":[2,4,4,13,13,24,24],"current_hp_per_floor":[60,60,60,60,49,17,38,13,13,13,4,2,2,2,23,2,54,53,43,17,21,21,42,42,33,33,29,29,0,0],"gold":33,"neow_bonus":"HUNDRED_GOLD","is_daily":false,"chose_seed":false,"campfire_upgraded":1,"win_rate":0.0,"timestamp":1613114376,"path_taken":["M","$","?","$","?","E","R","E","T","?","M","M","?","M","R","BOSS","M","M","M","?","?","R","$","M","T","?","R","E"],"items_purchased_type":["Card","Card","Card","Relic","Card","Card","Card"],"build_version":"2020-12-22","purchased_purges":2,"victory":false,"max_hp_per_floor":[71,71,71,71,71,71,71,71,71,71,71,71,71,71,71,71,71,71,71,71,71,71,71,71,71,71,71,71,71,71],"relic_stats":{"Shovel":0,"counters":[14,66],"Whetstone":["Go for the Eyes","Strike_B"],"War Paint":["Zap","Defend_B"],"Boot":[55],"obtain_stats":[{"Shovel":26,"Philosopher\u0027s Stone":17,"Whetstone":8,"War Paint":13,"Cracked Core":0,"Boot":9,"Cables":6},{"Shovel":12,"Philosopher\u0027s Stone":7,"Whetstone":3,"War Paint":5,"Cracked Core":0,"Boot":3,"Cables":2},{"Shovel":56,"Philosopher\u0027s Stone":34,"Whetstone":15,"War Paint":19,"Cracked Core":0,"Boot":15,"Cables":10}],"Cables":[47,27,16,4,0]},"card_choices":[{"not_picked":["Stack","Darkness"],"picked":"Go for the Eyes","floor":1.0},{"not_picked":["Barrage","Streamline","Go for the Eyes"],"picked":"SKIP","floor":6.0},{"not_picked":["Chaos","Rip and Tear","Streamline"],"picked":"SKIP","floor":8.0},{"not_picked":["Rebound","Tempest"],"picked":"Steam","floor":11.0},{"not_picked":["Conserve Battery","Gash"],"picked":"Scrape","floor":12.0},{"not_picked":["Hologram","Aggregate"],"picked":"Glacier","floor":14.0},{"not_picked":["Thunder Strike","Rainbow"],"picked":"Hyperbeam","floor":16.0},{"not_picked":["Sweeping Beam","Hologram"],"picked":"Capacitor","floor":18},{"not_picked":["Stack","Melter+1"],"picked":"Ball Lightning","floor":19},{"not_picked":["Rebound","Leap"],"picked":"Cold Snap","floor":20},{"not_picked":["Force Field","Cold Snap"],"picked":"Hologram","floor":21},{"not_picked":["Scrape+1","Gash"],"picked":"Machine Learning","floor":25},{"not_picked":["Turbo","Rip and Tear"],"picked":"BootSequence","floor":27}],"player_experience":1138820,"relics_obtained":[{"floor":6.0,"key":"Cables"},{"floor":8.0,"key":"Whetstone"},{"floor":9.0,"key":"Boot"},{"floor":26,"key":"Shovel"}],"event_choices":[{"damage_healed":0.0,"max_hp_gain":0.0,"max_hp_loss":0.0,"gold_gain":150.0,"event_name":"Liars Game","player_choice":"AGREE","floor":3.0,"gold_loss":0.0,"damage_taken":0.0,"cards_obtained":["Doubt"]},{"damage_healed":0.0,"max_hp_gain":0.0,"max_hp_loss":0.0,"gold_gain":75.0,"event_name":"World of Goop","player_choice":"Gather Gold","floor":5.0,"gold_loss":0.0,"damage_taken":11.0},{"damage_healed":0.0,"max_hp_gain":0.0,"max_hp_loss":0.0,"gold_gain":75.0,"event_name":"Golden Wing","player_choice":"Gained Gold","floor":10.0,"gold_loss":0.0,"damage_taken":0.0},{"damage_healed":0,"gold_gain":0,"player_choice":"Got Potions","damage_taken":0,"max_hp_gain":0,"max_hp_loss":0,"event_name":"Lab","floor":22,"gold_loss":0}],"is_beta":false,"boss_relics":[{"not_picked":["Cursed Key","Tiny House"],"picked":"Philosopher\u0027s Stone"}],"items_purged_floors":[2,4],"is_endless":false,"potions_floor_spawned":[6,8,16,18,20],"killed_by":"Gremlin Leader","ascension_level":20}}