{"host":"lehbxtjrpalkmwwj","time":1613130803,"event":{"mods":["ATMod(阿瑾Mod)","Aspiration","BaseMod","Challenge The Spire","Colored Map","Colored Powertips","Conspire","Dota2Spire","Energized Spire","Hunter 猎人","Minty Spire (QoL Compilation)","Quick Restart","Relic Stats","Reliquary","Replay The Spire","Spicy Shops","StSLib","TestMod","The Cursed","The IronCluck","The Poker Player","Waifu the Spire","Wide Potions","[IsaacMod]以撒尖塔","【遗物卡牌】REMEMod","沙雕材质包mod","篝火指南"],"gold_per_floor":[112,165,165,185,196,226,226,146,146,158,185,206,206,206,206,304,304,366,135,135,161,194,243,643,681,681,176,226,37,64,64,64,276,276,300,320,352,40,65,105,46,111,111,61,92,99,147,38,11,32,32,32,79,116,17],"floor_reached":56,"language":"ZHS","playtime":1927,"items_purged":["ReplayTheSpireMod:Splinters","conspire:NecroticWound","conspire:Blindness"],"score":2273,"play_id":"429cd59d-ca5e-4f88-99e4-50ff36aafdbb","local_time":"20210212195323","is_ascension_mode":true,"campfire_choices":[{"floor":7.0,"key":"RECALL"},{"data":"REME_WheelOfFate","floor":13,"key":"SMITH"},{"data":"Combust","floor":15,"key":"SMITH"},{"data":"Berserk","floor":32,"key":"SMITH"}],"circlet_count":0,"master_deck":["Strike_R","Strike_R","Strike_R","Strike_R","Strike_R","Defend_R","Defend_R","Defend_R","Defend_R","Bash","EpicFetus","EpicFetus","REME_WheelOfFate+1","AT_FamilyPortrait","Shrug It Off","Carnage+1","Uppercut+1","ReplayTheSpireMod:LeadingStrike+1","Cleave+1","ReplayTheSpireMod:Limb From Limb+1","Headbutt+1","Headbutt+1","Combust+1","Berserk+1","Whirlwind+1","ReplayTheSpireMod:Strike From Hell+1","Uppercut+1","Barricade","REME_Fury","AT_EmpoweredMortalDraw+1","Perfected Strike+1","testmod-AdversityCounterattack+1","testmod-AdversityCounterattack+1","Iron Wave+1","Bludgeon+1","Bludgeon+1","ReplayTheSpireMod:IOU","Massacre+1","Clothesline+1","Infinite Blades+1","ReplayTheSpireMod:IOU","ReplayTheSpireMod:IOU","ReplayTheSpireMod:IOU","CommonCold","ReplayTheSpireMod:IOU","ReplayTheSpireMod:IOU","REME_CurseOfMatryoshka+1","ReplayTheSpireMod:Splinters","Decay","ReplayTheSpireMod:IOU","Delirium","ReplayTheSpireMod:IOU","ReplayTheSpireMod:IOU","ReplayTheSpireMod:IOU","ReplayTheSpireMod:IOU","ReplayTheSpireMod:IOU","ReplayTheSpireMod:IOU","Parasite","ReplayTheSpireMod:IOU","ReplayTheSpireMod:IOU","ReplayTheSpireMod:Splinters","Spreading Infection","ReplayTheSpireMod:IOU","ReplayTheSpireMod:IOU","Injury","ReplayTheSpireMod:IOU","ReplayTheSpireMod:IOU","Overencumbered","ReplayTheSpireMod:IOU","CommonCold","ReplayTheSpireMod:IOU","conspire:Blindness","Writhe","ReplayTheSpireMod:IOU","Clothesline+1","AT_WindFlip+1","Phantasmal Killer+1","Overencumbered","Eviscerate+1","Corpse Explosion+1","Poisoned Stab+1","Madness","Madness","conspire:NecroticWound","Whirlwind+1","ReplayTheSpireMod:IOU","ReplayTheSpireMod:IOU","ReplayTheSpireMod:IOU","ReplayTheSpireMod:Faulty Equipment+1","ReplayTheSpireMod:IOU","ReplayTheSpireMod:IOU","ReplayTheSpireMod:IOU","ReplayTheSpireMod:IOU","ReplayTheSpireMod:IOU","ReplayTheSpireMod:Faulty Equipment+1","ReplayTheSpireMod:IOU","ReplayTheSpireMod:IOU","Writhe","ReplayTheSpireMod:IOU","Writhe","ReplayTheSpireMod:IOU","ReplayTheSpireMod:IOU","Normality","ReplayTheSpireMod:IOU","ReplayTheSpireMod:IOU","ReplayTheSpireMod:IOU","ReplayTheSpireMod:IOU","Pain","Shame","Overencumbered","Phantasmal Killer+1","Phantasmal Killer+1","Midas Touch+1","testmod-AdversityCounterattack+1","REME_AllRoundStrike+1","Bane+1","ReplayTheSpireMod:IOU","ReplayTheSpireMod:IOU","ReplayTheSpireMod:IOU","CommonCold","ReplayTheSpireMod:IOU","ReplayTheSpireMod:IOU","Overencumbered","ReplayTheSpireMod:Doomed","ReplayTheSpireMod:IOU","conspire:Blindness","ReplayTheSpireMod:IOU","ReplayTheSpireMod:IOU","Pain","ReplayTheSpireMod:IOU","ReplayTheSpireMod:IOU","Pain","Looming Evil","CurseOfTheBell","Acrobatics+1","Delirium"],"relics":["Burning Blood","HushsDoor","REME_ComplimentaryCards","testmod-D_4","SalivaCoin","NeowsBlessing","Molten Egg 2","Juzu Bracelet","testmod-IndustrialRevolution","UnicornStump","reliquary:RoseTintedGlasses","Question Card","Painkiller Herb","Succubus","OrangePellets","Chaos","MutagenicStrength","testmod-Acrobat","energizedSpire:UnstableMolecules","AT_MortalBlade","Replay:Wax Seal","ReplayTheSpireMod:Lightbulb","Snack Pack","Ring of Greed","Ring of Hypnosis","Blue Doll","Golden Egg","White Beast Statue","Replay:Rubber Ducky","aspiration:SilentSkillbook","Fusion Hammer","energizedSpire:OgreHead","testmod-Fortitude","HornCleat","reliquary:RadioactivePellet","testmod-StringDisintegrator","MegaBlast","aspiration:FutureDiary","ReplayTheSpireMod:TigerMarble","ReplayTheSpireMod:ShopPack","Dead Branch","SlaversCollar","Calling Bell","AT_RedTearstoneRing","Dota2Spire:MagicBottle","Lee\u0027s Waffle","reliquary:OuijaBoard"],"acts_visited":["Exordium","TheCity","TheBeyond","TheEnding"],"potions_floor_usage":[11,25,33,34,37,40,42,55,55],"damage_taken":[{"damage":0.0,"enemies":"Jaw Worm","floor":1.0,"turns":1.0},{"damage":0.0,"enemies":"Small Slimes","floor":4.0,"turns":1.0},{"damage":0.0,"enemies":"Cultist","floor":5.0,"turns":1.0},{"damage":0.0,"enemies":"Lagavulin","floor":6.0,"turns":3.0},{"damage":0,"enemies":"2 Fungi Beasts","floor":10,"turns":2},{"damage":0,"enemies":"Gremlin Nob","floor":11,"turns":2},{"damage":12,"enemies":"Large Slime","floor":12,"turns":2},{"damage":0,"enemies":"Slime Boss","floor":16,"turns":2},{"damage":14,"enemies":"3 Byrds","floor":18,"turns":3},{"damage":4,"enemies":"Shell Parasite","floor":21,"turns":2},{"damage":18,"enemies":"Cultist and Chosen","floor":22,"turns":2},{"damage":9,"enemies":"Book of Stabbing","floor":23,"turns":2},{"damage":1,"enemies":"conspire:SneckoGhost","floor":25,"turns":2},{"damage":0,"enemies":"REME_1_Revenger","floor":30,"turns":1},{"damage":12,"enemies":"Collector","floor":33,"turns":2},{"damage":6,"enemies":"3 Darklings","floor":35,"turns":2},{"damage":0,"enemies":"3 Shapes","floor":36,"turns":1},{"damage":13,"enemies":"3 Darklings","floor":37,"turns":2},{"damage":7,"enemies":"Sphere and 2 Shapes","floor":39,"turns":2},{"damage":0,"enemies":"R_Hoarder","floor":40,"turns":2},{"damage":1,"enemies":"Transient","floor":41,"turns":5},{"damage":13,"enemies":"Reptomancer","floor":42,"turns":3},{"damage":5,"enemies":"Nemesis","floor":44,"turns":3},{"damage":14,"enemies":"3 Darklings","floor":45,"turns":2},{"damage":0,"enemies":"R_Hoarder","floor":47,"turns":4},{"damage":11,"enemies":"Replay:Hell Engine","floor":50,"turns":2},{"damage":0,"enemies":"Shield and Spear","floor":54,"turns":1},{"damage":9,"enemies":"The Heart","floor":55,"turns":2}],"seed_played":"3867313851369603324","potions_obtained":[{"floor":2.0,"key":"SmokeBomb"},{"floor":5.0,"key":"DuplicationPotion"},{"floor":6.0,"key":"EssenceOfSteel"},{"floor":21,"key":"Fire Potion"},{"floor":23,"key":"FearPotion"},{"floor":33,"key":"REME_GoldPotion"},{"floor":35,"key":"PowerPotion"},{"floor":36,"key":"Toxic Potion"},{"floor":37,"key":"Fire Potion"},{"floor":40,"key":"Dota2Spire:Clarity"},{"floor":41,"key":"Strength Potion"},{"floor":42,"key":"SkillPotion"},{"floor":44,"key":"LiquidBronze"},{"floor":45,"key":"Venom Potion"}],"is_trial":false,"path_per_floor":["M","?","?","M","M","E","R","$","T","M","E","M","R","T","R","B",null,"?","T","?","?","?","E","?","E","T","T","?","T","E","?","T","B",null,"?","?","?","T","?","E","?","E","T","E","?","?","E","T","T","B",null,"T","T","E","B",null],"character_chosen":"IRONCLAD","items_purchased":["ReplayTheSpireMod:Limb From Limb+1","Succubus","OrangePellets","Chaos","Replay:Wax Seal","ReplayTheSpireMod:Lightbulb","Snack Pack","Perfected Strike+1","testmod-AdversityCounterattack+1","Bludgeon+1","Fusion Hammer","energizedSpire:OgreHead","testmod-Fortitude","HornCleat","ReplayTheSpireMod:ShopPack","Dead Branch","SlaversCollar","Phantasmal Killer","Bane+1","Calling Bell"],"campfire_rested":0,"item_purchase_floors":[8,17,19,19,27,27,27,27,29,34,38,38,38,38,48,48,48,48,49,53],"current_hp_per_floor":[80,80,80,80,80,80,80,80,80,80,80,80,80,80,80,80,65,57,57,57,59,47,49,49,54,54,54,54,54,62,62,62,62,56,56,56,49,49,52,56,56,55,55,56,50,43,56,56,56,51,56,56,63,63,63],"gold":17,"neow_bonus":"THREE_ENEMY_KILL","is_daily":false,"chose_seed":false,"campfire_upgraded":3,"win_rate":0.0,"timestamp":1613130803,"path_taken":["M","?","?","M","M","E","R","$","T","M","E","M","R","?","R","BOSS","?","T","?","?","?","E","?","E","T","T","?","T","E","?","T","BOSS","?","?","?","T","?","E","?","E","T","E","?","?","E","T","T","BOSS","T","T","E","BOSS"],"items_purchased_type":["Card","Relic","Relic","Card","Relic","Relic","Relic","Card","Card","Card","Relic","Relic","Relic","Relic","Relic","Relic","Relic","Card","Card","Relic"],"build_version":"2020-12-22","purchased_purges":3,"victory":true,"max_hp_per_floor":[80,80,80,80,80,80,80,80,80,80,80,80,80,80,80,80,65,65,65,65,65,65,65,65,65,65,65,65,65,65,65,65,65,56,56,56,56,56,56,56,56,56,56,56,56,56,56,56,56,56,56,56,63,63,63],"relic_stats":{"OrangePellets":[19],"Lee\u0027s Waffle":7,"counters":[28,59],"Dead Branch":[53],"Juzu Bracelet":1,"Question Card":26,"obtain_stats":[{"Chaos":19,"reliquary:OuijaBoard":54,"Golden Egg":28,"AT_ATBox":0,"energizedSpire:UnstableMolecules":25,"Dota2Spire:MagicBottle":53,"HornCleat":38,"Succubus":17,"Fusion Hammer":38,"Replay:Wax Seal":27,"KeepersGift":0,"AT_RedTearstoneRing":53,"testmod-TestBox":0,"Ring of Hypnosis":28,"Dead Branch":48,"AT_MortalBlade":26,"energizedSpire:OgreHead":38,"Question Card":11,"testmod-Fortitude":38,"OrangePellets":19,"SlaversCollar":48,"testmod-D_4":0,"MutagenicStrength":20,"testmod-Acrobat":23,"Molten Egg 2":2,"aspiration:SilentSkillbook":37,"ReplayTheSpireMod:TigerMarble":47,"HushsDoor":0,"UnicornStump":6,"Painkiller Herb":17,"Blue Doll":28,"Juzu Bracelet":3,"Burning Blood":0,"Replay:Rubber Ducky":34,"testmod-StringDisintegrator":42,"reliquary:RoseTintedGlasses":9,"reliquary:RadioactivePellet":40,"aspiration:FutureDiary":44,"Lee\u0027s Waffle":53,"NeowsBlessing":0,"Ring of Greed":28,"testmod-IndustrialRevolution":6,"White Beast Statue":30,"MegaBlast":43,"Calling Bell":53,"SalivaCoin":0,"Snack Pack":27,"ReplayTheSpireMod:Lightbulb":27,"REME_ComplimentaryCards":0,"ReplayTheSpireMod:ShopPack":48},{"Chaos":9,"reliquary:OuijaBoard":27,"Golden Egg":13,"AT_ATBox":0,"energizedSpire:UnstableMolecules":13,"Dota2Spire:MagicBottle":26,"HornCleat":18,"Succubus":8,"Fusion Hammer":18,"Replay:Wax Seal":13,"KeepersGift":0,"AT_RedTearstoneRing":26,"testmod-TestBox":0,"Ring of Hypnosis":13,"Dead Branch":25,"AT_MortalBlade":13,"energizedSpire:OgreHead":18,"Question Card":6,"testmod-Fortitude":18,"OrangePellets":9,"SlaversCollar":25,"testmod-D_4":0,"MutagenicStrength":9,"testmod-Acrobat":12,"Molten Egg 2":1,"aspiration:SilentSkillbook":18,"ReplayTheSpireMod:TigerMarble":25,"HushsDoor":0,"UnicornStump":4,"Painkiller Herb":8,"Blue Doll":13,"Juzu Bracelet":1,"Burning Blood":0,"Replay:Rubber Ducky":15,"testmod-StringDisintegrator":22,"reliquary:RoseTintedGlasses":4,"reliquary:RadioactivePellet":20,"aspiration:FutureDiary":23,"Lee\u0027s Waffle":26,"NeowsBlessing":0,"Ring of Greed":13,"testmod-IndustrialRevolution":4,"White Beast Statue":14,"MegaBlast":22,"Calling Bell":26,"SalivaCoin":0,"Snack Pack":13,"ReplayTheSpireMod:Lightbulb":13,"REME_ComplimentaryCards":0,"ReplayTheSpireMod:ShopPack":25},{"Chaos":17,"reliquary:OuijaBoard":57,"Golden Egg":25,"AT_ATBox":0,"energizedSpire:UnstableMolecules":25,"Dota2Spire:MagicBottle":56,"HornCleat":33,"Succubus":14,"Fusion Hammer":33,"Replay:Wax Seal":25,"KeepersGift":0,"AT_RedTearstoneRing":56,"testmod-TestBox":0,"Ring of Hypnosis":25,"Dead Branch":54,"AT_MortalBlade":25,"energizedSpire:OgreHead":33,"Question Card":10,"testmod-Fortitude":33,"OrangePellets":17,"SlaversCollar":54,"testmod-D_4":0,"MutagenicStrength":17,"testmod-Acrobat":23,"Molten Egg 2":1,"aspiration:SilentSkillbook":32,"ReplayTheSpireMod:TigerMarble":54,"HushsDoor":0,"UnicornStump":6,"Painkiller Herb":14,"Blue Doll":25,"Juzu Bracelet":1,"Burning Blood":0,"Replay:Rubber Ducky":28,"testmod-StringDisintegrator":45,"reliquary:RoseTintedGlasses":6,"reliquary:RadioactivePellet":37,"aspiration:FutureDiary":48,"Lee\u0027s Waffle":56,"NeowsBlessing":0,"Ring of Greed":25,"testmod-IndustrialRevolution":6,"White Beast Statue":26,"MegaBlast":45,"Calling Bell":56,"SalivaCoin":0,"Snack Pack":25,"ReplayTheSpireMod:Lightbulb":25,"REME_ComplimentaryCards":0,"ReplayTheSpireMod:ShopPack":54}],"Burning Blood":89},"card_choices":[{"not_picked":[],"picked":"EpicFetus","floor":0.0},{"not_picked":[],"picked":"EpicFetus","floor":0.0},{"not_picked":["Power Through","Run Through"],"picked":"Shrug It Off","floor":1.0},{"not_picked":["Headbutt+1","Clash+1"],"picked":"Carnage+1","floor":2.0},{"not_picked":["Twin Strike+1","Clash+1"],"picked":"Uppercut+1","floor":4.0},{"not_picked":["AT_BodySlamDance","Warcry"],"picked":"ReplayTheSpireMod:LeadingStrike+1","floor":5.0},{"not_picked":["Corruption","Hemokinesis+1"],"picked":"Cleave+1","floor":6.0},{"not_picked":["Flame Barrier","Body Slam+1"],"picked":"Headbutt+1","floor":10},{"not_picked":["AT_DiedThrough","AT_BodySlamDance"],"picked":"Headbutt+1","floor":11},{"not_picked":["True Grit","Corruption","Rupture"],"picked":"Combust","floor":12},{"not_picked":["Eclipse","Replay:Many Hands","Offering"],"picked":"Berserk","floor":16},{"not_picked":["Pommel Strike+1","ReplayTheSpireMod:Strike From Hell+1","Hemokinesis+1"],"picked":"Whirlwind+1","floor":18},{"not_picked":["AT_ManFootWork","Dark Embrace","Rage"],"picked":"ReplayTheSpireMod:Strike From Hell+1","floor":21},{"not_picked":["Replay:Undeath\u0027s Touch+1","Dark Embrace+1","Shrug It Off"],"picked":"Uppercut+1","floor":22},{"not_picked":["Headbutt+1","Pommel Strike+1","AT_IchimonjiDouble+1"],"picked":"Barricade","floor":23},{"not_picked":["Rampage+1","Run Through+1","Clash+1"],"picked":"REME_Fury","floor":25},{"not_picked":["Disarm","Flame Barrier","True Grit"],"picked":"Iron Wave+1","floor":30},{"not_picked":["Barricade","Brutality","conspire:Purge"],"picked":"Bludgeon+1","floor":33},{"not_picked":["Life Link","Flex+1","Armaments+1"],"picked":"Massacre+1","floor":35},{"not_picked":["Headbutt+1","Flex","Twin Strike+1"],"picked":"Clothesline+1","floor":36},{"not_picked":["Terror","Escape Plan+1","Flechettes+1","Body Slam+1"],"picked":"Infinite Blades+1","floor":37},{"not_picked":["Cleave+1","Anger+1","Dark Embrace+1","Twin Strike+1"],"picked":"Clothesline+1","floor":39},{"not_picked":["Flying Knee+1","Shrug It Off+1","Massacre+1","Backflip"],"picked":"AT_WindFlip+1","floor":40},{"not_picked":["Replay:Undeath\u0027s Touch+1","Tactician","Bane+1","Underhanded Strike+1"],"picked":"Phantasmal Killer","floor":41},{"not_picked":["Headbutt+1","Sword Boomerang+1","Warcry","Setup+1"],"picked":"Eviscerate+1","floor":42},{"not_picked":["Well Laid Plans","Predator+1","Deadly Poison+1","AT_WindFlip+1"],"picked":"Corpse Explosion","floor":44},{"not_picked":["Dagger Throw+1","Headbutt+1","AT_GerminateFire+1","Shrug It Off+1"],"picked":"Poisoned Stab+1","floor":45},{"not_picked":["AT_IchimonjiDouble+1","Slice+1","AT_GerminateFire","Headbutt+1"],"picked":"Whirlwind+1","floor":47},{"not_picked":["testmod-TradeIn","testmod-EternalityOfKhronos","testmod-AssimilatedRune","testmod-Reproduce"],"picked":"Midas Touch","floor":48},{"not_picked":["REME_FirmDetermination","Purity","Discovery","Replay:Sssssssssshield"],"picked":"testmod-AdversityCounterattack","floor":48},{"not_picked":["testmod-Arrangement","testmod-HeadAttack","Secret Weapon","ChaosCard"],"picked":"REME_AllRoundStrike","floor":48},{"not_picked":["Massacre+1","Run Through+1","Defy Death+1","Headbutt+1"],"picked":"Acrobatics+1","floor":54}],"player_experience":169791,"relics_obtained":[{"floor":2.0,"key":"Molten Egg 2"},{"floor":6.0,"key":"UnicornStump"},{"floor":9,"key":"reliquary:RoseTintedGlasses"},{"floor":11,"key":"Question Card"},{"floor":23,"key":"testmod-Acrobat"},{"floor":25,"key":"energizedSpire:UnstableMolecules"},{"floor":26,"key":"AT_MortalBlade"},{"floor":28,"key":"Ring of Greed"},{"floor":28,"key":"Ring of Hypnosis"},{"floor":28,"key":"Blue Doll"},{"floor":28,"key":"Golden Egg"},{"floor":30,"key":"White Beast Statue"},{"floor":40,"key":"reliquary:RadioactivePellet"},{"floor":42,"key":"testmod-StringDisintegrator"},{"floor":43,"key":"MegaBlast"},{"floor":44,"key":"aspiration:FutureDiary"},{"floor":47,"key":"ReplayTheSpireMod:TigerMarble"},{"floor":53,"key":"AT_RedTearstoneRing"},{"floor":53,"key":"Dota2Spire:MagicBottle"},{"floor":53,"key":"Lee\u0027s Waffle"},{"floor":54,"key":"reliquary:OuijaBoard"}],"event_choices":[{"damage_healed":0.0,"max_hp_gain":0.0,"max_hp_loss":0.0,"gold_gain":0.0,"event_name":"给自己的盒子","player_choice":"Swap Relic","floor":3.0,"relics_lost":["testmod-TestBox"],"gold_loss":0.0,"damage_taken":0.0,"relics_obtained":["Juzu Bracelet"]},{"damage_healed":0,"gold_gain":0,"player_choice":"Inject Mutagens","damage_taken":0,"relics_obtained":["MutagenicStrength"],"max_hp_gain":0,"max_hp_loss":0,"event_name":"Drug Dealer","floor":20,"gold_loss":0},{"damage_healed":0,"gold_gain":400,"player_choice":"Sell","damage_taken":0,"max_hp_gain":0,"max_hp_loss":0,"event_name":"恩洛斯的盘子","floor":24,"relics_lost":["AT_ATBox"],"gold_loss":0},{"damage_healed":0,"gold_gain":0,"player_choice":"Embrace Madness","damage_taken":7,"max_hp_gain":0,"max_hp_loss":0,"event_name":"Winding Halls","floor":46,"gold_loss":0,"cards_obtained":["Madness","Madness"]}],"is_beta":false,"boss_relics":[{"not_picked":["energizedSpire:NeverEndingSparkler","Ooze Armor"],"picked":"Painkiller Herb"},{"not_picked":[]},{"not_picked":["Bottled Lightning","Sundial"],"picked":"Replay:Rubber Ducky"},{"not_picked":[]}],"items_purged_floors":[29,34,38],"is_endless":false,"potions_floor_spawned":[5,6,10,21,23,33,35,36,37,39,40,41,42,44,45,47,54],"ascension_level":3}}