{"host":"zcipiasjj2sqh3bo","time":1613155744,"event":{"mods":["BaseMod","Colored Map","Colored Powertips","Downfall","Minty Spire (QoL Compilation)","Replay The Spire","StSLib"],"gold_per_floor":[99,111,211,224,237,252,252,286,286,386,386,399,199,211,225,322,322,322,335,351,368,368,268,268,303,303,221,235,255,255,273,285,383,383,383,383,383,165,165,180,180,200,200,216,216,227,227,244,264,264,264,264],"floor_reached":50,"language":"ENG","playtime":4653,"items_purged":["Delirium"],"score":520,"play_id":"91feca1b-50fe-4fe0-b58e-c634521ff5bc","local_time":"20210212134904","is_ascension_mode":false,"campfire_choices":[{"data":"champ:Execute","floor":1,"key":"SMITH"},{"floor":13,"key":"REST"},{"floor":18,"key":"RECALL"},{"floor":23,"key":"REST"},{"floor":26,"key":"REST"},{"floor":30,"key":"REST"},{"data":"champ:Lariat","floor":35,"key":"SMITH"},{"floor":43,"key":"REST"},{"data":"champ:StrikeOfGenius","floor":45,"key":"SMITH"},{"floor":47,"key":"REST"}],"circlet_count":0,"master_deck":["champ:Execute+1","champ:Taunt","champ:DeathBlow","champ:PreciseThrust","champ:FaceSlap","champ:ShieldWall","champ:BerserkersShout","champ:RisingSlash","champ:StanceDance","champ:StrikeOfGenius+1","champ:UltimateStance","champ:ShieldThrow","champ:VampiricStrike","champ:DefensiveShout","champ:Parry","champ:HeartStrike","champ:Endure","champ:Backstep","champ:BerserkersShout","champ:Endure","champ:ArenaPreparation","champ:Lariat+1","champ:Duel","champ:IronFortress","champ:HeavySlash","champ:Lariat+1","champ:GladiatorStyle","champ:Devastate","champ:CrookedStrike+1","Mayhem","Panacea","Trip","champ:BringItOn+1","champ:ShieldWall","champ:ArenaPreparation+1","champ:ArenaPreparation","Parasite","champ:Improvising"],"relics":["champ:ChampionCrown","Replay:Kaleidoscope","CloakClasp","downfall:HeartBlessingGreen","downfall:HeartBlessingBlue","Pandora\u0027s Box","downfall:HeartBlessingRed","Question Card","Pondfish Scales","ReplayTheSpireMod:Ring of Collecting","ReplayTheSpireMod:Ring of Challenge","ReplayTheSpireMod:ShopPack","Ring of Panic","Bottled Lightning"],"acts_visited":["Exordium","TheCity","TheBeyond"],"potions_floor_usage":[8,16,19,32,33,48,48,50],"damage_taken":[{"damage":16,"enemies":"Cultist","floor":2,"turns":4},{"damage":18,"enemies":"Jaw Worm","floor":4,"turns":3},{"damage":27,"enemies":"Small Slimes","floor":5,"turns":2},{"damage":31,"enemies":"2 Fungi Beasts","floor":6,"turns":3},{"damage":52,"enemies":"Lagavulin","floor":8,"turns":6},{"damage":73,"enemies":"Lagavulin","floor":10,"turns":10},{"damage":18,"enemies":"Exordium Wildlife","floor":12,"turns":4},{"damage":12,"enemies":"Red Slaver","floor":14,"turns":3},{"damage":10,"enemies":"2 Fungi Beasts","floor":15,"turns":3},{"damage":23,"enemies":"DF_ARCHETYPE_STREAMLINE","floor":16,"turns":7},{"damage":21,"enemies":"3 Byrds","floor":19,"turns":6},{"damage":76,"enemies":"Cultist and Chosen","floor":20,"turns":7},{"damage":55,"enemies":"Centurion and Healer","floor":21,"turns":6},{"damage":104,"enemies":"Gremlin Leader","floor":25,"turns":5},{"damage":20,"enemies":"downfall:FleeingMerchant","floor":27,"turns":4},{"damage":47,"enemies":"Shelled Parasite and Fungi","floor":28,"turns":6},{"damage":17,"enemies":"Snake Plant","floor":29,"turns":4},{"damage":23,"enemies":"Snecko","floor":31,"turns":5},{"damage":44,"enemies":"Centurion and Healer","floor":32,"turns":3},{"damage":184,"enemies":"WA_ARCHETYPE_CALM","floor":33,"turns":10},{"damage":15,"enemies":"downfall:FleeingMerchant","floor":38,"turns":4},{"damage":78,"enemies":"3 Darklings","floor":40,"turns":5},{"damage":20,"enemies":"3 Shapes","floor":42,"turns":6},{"damage":20,"enemies":"Jaw Worm Horde","floor":44,"turns":5},{"damage":33,"enemies":"Spire Growth","floor":46,"turns":4},{"damage":52,"enemies":"Writhing Mass","floor":48,"turns":7},{"damage":69,"enemies":"Jaw Worm Horde","floor":49,"turns":4},{"damage":132,"enemies":"IC_BLOCK_ARCHETYPE","floor":50,"turns":4}],"seed_played":"4408471056879956319","potions_obtained":[{"floor":5,"key":"Fire Potion"},{"floor":12,"key":"LifebloodPotion"},{"floor":16,"key":"Guardian:BlockOnCardUsePotion"},{"floor":19,"key":"Fruit Juice"},{"floor":28,"key":"SpeedPotion"},{"floor":31,"key":"sneckomod:MuddlingPotion"},{"floor":32,"key":"Death Potion"},{"floor":33,"key":"SkillPotion"},{"floor":42,"key":"AttackPotion"},{"floor":49,"key":"Elixir"}],"is_trial":false,"path_per_floor":["R","M","?","M","M","M","T","E","?","?","?","M","R","M","M","B",null,"R_BF","M","M","M","?","R","T","E","R","$","M","M","R","M","M","B",null,"R","?","?","$","?","M","T","M","R","M","R","M","R","M","M","B"],"character_chosen":"THE_CHAMP","items_purchased":["champ:IronFortress","ReplayTheSpireMod:ShopPack"],"campfire_rested":6,"item_purchase_floors":[27,38],"current_hp_per_floor":[99,98,98,90,83,72,72,40,40,15,15,12,54,52,52,49,109,109,108,72,72,72,106,106,62,96,96,84,82,114,106,92,53,114,114,114,114,114,114,81,81,76,110,110,110,102,114,82,58,0,0,0],"gold":264,"neow_bonus":"TEN_PERCENT_HP_BONUS","is_daily":false,"chose_seed":false,"campfire_upgraded":3,"win_rate":0.0,"timestamp":1613155744,"path_taken":["R","M","?","?","M","M","T","E","?","?","?","M","R","?","M","BOSS","R_BF","M","M","M","?","R","T","E","R","$","M","M","R","M","M","BOSS","R","?","?","$","?","M","T","M","R","M","R","M","R","M","M","BOSS"],"items_purchased_type":["Card","Relic"],"build_version":"2020-12-22","purchased_purges":1,"victory":false,"max_hp_per_floor":[99,99,99,99,99,99,99,99,99,99,99,99,109,109,109,109,109,109,114,114,114,114,114,114,114,114,114,114,114,114,114,114,114,114,114,114,114,114,114,114,114,114,114,114,114,114,114,114,114,114,114,114],"card_choices":[{"not_picked":["champ:PreciseThrust","champ:BringItOn"],"picked":"champ:DeathBlow","floor":2},{"not_picked":["champ:PreemptiveStrike","champ:PerfectedStrike"],"picked":"champ:ShieldSlam","floor":4},{"not_picked":["champ:GutPunch","champ:TornadoPunch"],"picked":"champ:PreciseThrust","floor":5},{"not_picked":["champ:CrownThrow","champ:FlashCut"],"picked":"champ:FaceSlap","floor":6},{"not_picked":["champ:GladiatorStyle","champ:FancyFootwork"],"picked":"champ:ShieldWall","floor":8},{"not_picked":["champ:BladeFlurry","champ:EnragedBash"],"picked":"champ:BerserkersShout","floor":10},{"not_picked":["champ:GutPunch","champ:EnGarde"],"picked":"champ:RisingSlash","floor":12},{"not_picked":["champ:Circumvent","champ:FanOfKnives"],"picked":"champ:StanceDance","floor":14},{"not_picked":["champ:PreciseThrust","champ:EndlessRage"],"picked":"champ:StrikeOfGenius","floor":15},{"not_picked":["champ:LastStand","champ:HeavySlash"],"picked":"champ:UltimateStance","floor":16},{"not_picked":["champ:FocusedBerserking","champ:FalseCounter+1"],"picked":"champ:Endure","floor":19},{"not_picked":["champ:PerfectedStrike","champ:Shatter+1"],"picked":"champ:ArenaPreparation","floor":20},{"not_picked":["champ:SetATrap","champ:Parry+1"],"picked":"champ:Lariat+1","floor":21},{"not_picked":["champ:Backstep","champ:HeartStrike+1","champ:StanceDance"],"picked":"champ:Duel","floor":25},{"not_picked":["champ:Encircle","champ:Shatter","champ:BerserkersShout","champ:StanceDance"],"picked":"SKIP","floor":27},{"not_picked":["champ:HeartStrike","champ:EnGarde","champ:Shatter","champ:BringItOn"],"picked":"SKIP","floor":28},{"not_picked":["champ:PreciseThrust","champ:DefensiveShout","champ:IronFortress"],"picked":"champ:HeavySlash","floor":29},{"not_picked":["champ:FlashCut+1","champ:BringItOn+1","champ:IronFortress+1"],"picked":"champ:Lariat","floor":31},{"not_picked":["champ:FocusedDefense","champ:RapidStrikes","champ:EnragedBash"],"picked":"champ:GladiatorStyle","floor":32},{"not_picked":["champ:HoldFirm","champ:UltimateStance","champ:DancingMaster"],"picked":"champ:Devastate","floor":33},{"not_picked":["champ:Shatter","champ:FalseCounter+1","champ:FlashCut"],"picked":"champ:CrookedStrike+1","floor":38},{"not_picked":["Midas Touch","Master of Strategy","Secret Technique"],"picked":"Mayhem","floor":38},{"not_picked":["Swift Strike","Crow Ritual","Mind Blast"],"picked":"Panacea","floor":38},{"not_picked":["Replay:Parry","Panacea","Violence"],"picked":"Trip","floor":38},{"not_picked":["champ:DefensiveShout+1","champ:FlashCut+1","champ:PerfectedStrike"],"picked":"champ:BringItOn+1","floor":40},{"not_picked":["champ:CrownThrow","champ:TornadoPunch+1","champ:FanOfKnives+1"],"picked":"champ:ShieldWall","floor":42},{"not_picked":["champ:PreciseThrust","champ:Circumvent","champ:GutPunch+1"],"picked":"champ:ArenaPreparation+1","floor":44},{"not_picked":["champ:EndlessRage","champ:ShieldSlam+1","champ:FancyFootwork"],"picked":"champ:ArenaPreparation","floor":46},{"not_picked":["champ:EnGarde","champ:Haymaker","champ:Backstep","champ:FanOfKnives+1"],"picked":"SKIP","floor":48},{"not_picked":["champ:PreemptiveStrike+1","champ:EndlessRage","champ:FanOfKnives"],"picked":"champ:Improvising","floor":49}],"player_experience":1000118,"relics_obtained":[{"floor":8,"key":"Replay:Kaleidoscope"},{"floor":10,"key":"CloakClasp"},{"floor":24,"key":"Question Card"},{"floor":25,"key":"Pondfish Scales"},{"floor":36,"key":"ReplayTheSpireMod:Ring of Collecting"},{"floor":36,"key":"ReplayTheSpireMod:Ring of Challenge"},{"floor":41,"key":"Ring of Panic"},{"floor":41,"key":"Bottled Lightning"}],"event_choices":[{"cards_removed":["champ:ShieldSlam"],"damage_healed":0,"gold_gain":0,"player_choice":"Removed Skill","damage_taken":0,"max_hp_gain":0,"max_hp_loss":0,"event_name":"Falling","floor":37,"gold_loss":0}],"is_beta":false,"boss_relics":[{"not_picked":["SlaversCollar","SacredBark"],"picked":"Pandora\u0027s Box"},{"not_picked":["Replay:Drink Me","Coffee Dripper","ReplayTheSpireMod:DimensionalGlitch"]}],"items_purged_floors":[38],"is_endless":false,"potions_floor_spawned":[5,12,16,19,28,31,32,33,40,42,46,49],"killed_by":"IC_BLOCK_ARCHETYPE","ascension_level":0}}