{"host":"3e3mwsgb9gfqiuxm","time":1613169286,"event":{"mods":["Act Like it!","BaseMod","Colored Map","Colored Powertips","Downfall","Gensokyo","Hermit","Hubris","Infinite Spire","Jorbs\u0027s Wanderer Trilogy","Koishi","Marisa????????","Minty Spire (QoL Compilation)","Quick Restart","Rare Cards Sparkle","Reimu??????","Remilia??????","Replay The Spire","Shop Mod","StSLib","SuperFastMode","Td1madao Mod","The Animator","The Bug Knight","The Cursed","The Hierophant","The Servant 0.9.4","everything is the same but u backflip on backflip","slay the spire mod where everything is the same but ironclad has a cowboy hat"],"gold_per_floor":[113,128,141,160,160,160,188,188,240,270,290,319,319,319,319,55,55,55,55],"floor_reached":18,"language":"ENG","playtime":585,"items_purged":[],"score":180,"play_id":"d4d890a3-8968-45e3-9f89-4c2fc326b5d3","local_time":"20210212173446","is_ascension_mode":true,"campfire_choices":[{"data":"MagicAbsorber","floor":6,"key":"SMITH"},{"data":"GalacticHalo","floor":13,"key":"SMITH"}],"circlet_count":0,"master_deck":["Strike_MRS+1","Strike_MRS+1","Strike_MRS+1","Strike_MRS+1","Defend_MRS","Defend_MRS","Defend_MRS","MasterSpark+1","UpSweep","MagicAbsorber+1","AlicesGift","GrandCross","GalacticHalo+1","PulseMagic","WitchLeyline","WitchLeyline","Gensokyo:Shovel","Gensokyo:ScrapIron","Gensokyo:TarnishedGold","OortCloud"],"relics":["MiniHakkero","ReplayFunnel","Mastiff:ReiMu","Gensokyo:Justice","Dream Catcher","Centennial Puzzle","Replay:Bottled Steam","Medical Kit"],"acts_visited":["Gensokyo:Gensokyo"],"potions_floor_usage":[12,12],"damage_taken":[{"damage":0,"enemies":"Gensokyo:Gryphon","floor":1,"turns":5},{"damage":4,"enemies":"Gensokyo:2_Kodama","floor":2,"turns":4},{"damage":0,"enemies":"Gensokyo:3_Fairies","floor":3,"turns":3},{"damage":12,"enemies":"Gensokyo:Gryphon_and_Rabbit","floor":4,"turns":7},{"damage":3,"enemies":"Gensokyo:Mamizou","floor":7,"turns":5},{"damage":4,"enemies":"Gensokyo:Cirno","floor":10,"turns":4},{"damage":0,"enemies":"Gensokyo:VengefulSpirit","floor":11,"turns":3},{"damage":0,"enemies":"Gensokyo:Aya","floor":12,"turns":3},{"damage":45,"enemies":"Gensokyo:Reimu","floor":18,"turns":5}],"seed_played":"-5870355056594830262","potions_obtained":[{"floor":4,"key":"SkillPotion"},{"floor":7,"key":"Reflective Coating"},{"floor":11,"key":"sneckomod:MuddlingPotion"},{"floor":12,"key":"LiquidBronze"}],"is_trial":false,"path_per_floor":["M","M","M","M","?","R","E","?","T","E","M","E","R","PTL","PTL","COS","R_BF","B"],"character_chosen":"MARISA","items_purchased":[],"campfire_rested":0,"item_purchase_floors":[],"current_hp_per_floor":[75,71,71,59,37,37,34,34,34,30,30,30,30,30,30,30,30,0,0],"gold":55,"neow_bonus":"RANDOM_COMMON_RELIC","is_daily":false,"chose_seed":false,"campfire_upgraded":2,"win_rate":0.0,"timestamp":1613169286,"path_taken":["M","M","M","?","?","R","E","?","T","E","?","E","R","PTL","PTL","COS","R_BF","BOSS"],"items_purchased_type":[],"build_version":"2020-12-22","purchased_purges":0,"victory":false,"max_hp_per_floor":[75,75,75,75,75,75,75,75,75,75,75,75,75,75,75,75,75,75,75],"card_choices":[{"not_picked":["MilkyWay","EarthLightRay"],"picked":"MagicAbsorber","floor":1},{"not_picked":["EnergyRecoil","ChargingUp"],"picked":"AlicesGift","floor":2},{"not_picked":["6A","DC"],"picked":"GrandCross","floor":3},{"not_picked":["DC","NonDirectionalLaser"],"picked":"GalacticHalo","floor":4},{"not_picked":["AsteroidBelt","ShootingEcho"],"picked":"MagicChant","floor":7},{"not_picked":["PowerUp","StarlightTyphoon"],"picked":"PulseMagic","floor":10},{"not_picked":["UnstableBomb","Acceleration"],"picked":"WitchLeyline","floor":11},{"not_picked":["MagicAbsorber","GravityBeat"],"picked":"WitchLeyline","floor":12}],"player_experience":1372562,"relics_obtained":[{"floor":7,"key":"Mastiff:ReiMu"},{"floor":9,"key":"Dream Catcher"},{"floor":10,"key":"Centennial Puzzle"},{"floor":12,"key":"Replay:Bottled Steam"}],"event_choices":[],"is_beta":false,"boss_relics":[],"items_purged_floors":[],"is_endless":false,"potions_floor_spawned":[4,7,11,12],"killed_by":"Gensokyo:Reimu","ascension_level":4}}