{"host":"3hzk4hwwdropes3d","time":1613100271,"event":{"mods":["BaseMod","Downfall","Hermit","Minty Spire (QoL Compilation)","StSLib"],"gold_per_floor":[99,99,99,99,99,9,58,70,100,118,145,145,45,59,73,172,172,72,72,157,157,157,157,157],"floor_reached":22,"language":"ENG","playtime":1234,"items_purged":["champ:Strike"],"score":216,"play_id":"8b6c9fdb-d756-4aff-9e08-29957a12b731","local_time":"20210211192431","is_ascension_mode":true,"campfire_choices":[{"floor":1,"key":"RECALL"},{"data":"champ:StanceDance","floor":13,"key":"SMITH"},{"data":"champ:Taunt","floor":18,"key":"SMITH"}],"circlet_count":0,"master_deck":["champ:Strike","champ:Defend","champ:Defend","champ:Defend","champ:Defend","champ:Execute","champ:Taunt+1","champ:Circumvent","champ:ShieldSigil","champ:BringItOn","champ:FlashCut","champ:StanceDance+1","champ:EnGarde","champ:Circumvent","champ:Lariat+1","champ:TornadoPunch","champ:DefensiveShout","champ:Improvising"],"relics":["champ:ChampionCrown","downfall:HeartsMalice","Incense Burner","Regal Pillow","Letter Opener","Darkstone Periapt","downfall:HeartBlessingGreen","Empty Cage","downfall:HeartBlessingRed"],"acts_visited":["Exordium","TheCity"],"potions_floor_usage":[11],"damage_taken":[{"damage":0,"enemies":"Cultist","floor":2,"turns":1},{"damage":0,"enemies":"Jaw Worm","floor":3,"turns":1},{"damage":0,"enemies":"Small Slimes","floor":5,"turns":1},{"damage":25,"enemies":"downfall:FleeingMerchant","floor":6,"turns":4},{"damage":3,"enemies":"Blue Slaver","floor":8,"turns":4},{"damage":27,"enemies":"3 Sentries","floor":9,"turns":7},{"damage":1,"enemies":"Exordium Wildlife","floor":10,"turns":5},{"damage":21,"enemies":"Lagavulin","floor":11,"turns":7},{"damage":3,"enemies":"Large Slime","floor":14,"turns":7},{"damage":8,"enemies":"Exordium Thugs","floor":15,"turns":5},{"damage":49,"enemies":"DF_ARCHETYPE_STREAMLINE","floor":16,"turns":11},{"damage":10,"enemies":"3 Byrds","floor":22,"turns":1}],"seed_played":"8252290386376893747","potions_obtained":[{"floor":8,"key":"FairyPotion"},{"floor":10,"key":"champ:CounterPotion"},{"floor":11,"key":"Ancient Potion"}],"is_trial":false,"path_per_floor":["R","M","M","?","M","$","T","M","E","M","E","?","R","M","M","B",null,"R","?","?","?","M"],"character_chosen":"THE_CHAMP","items_purchased":[],"campfire_rested":0,"item_purchase_floors":[],"current_hp_per_floor":[90,90,90,90,90,90,90,90,73,82,71,71,71,68,60,21,90,90,90,72,72,62,62,62],"gold":157,"neow_bonus":"THREE_ENEMY_KILL","is_daily":false,"chose_seed":false,"campfire_upgraded":2,"win_rate":0.0,"timestamp":1613100271,"path_taken":["R","M","?","?","M","$","T","M","E","M","E","?","R","M","M","BOSS","R","?","?","?","M"],"items_purchased_type":[],"build_version":"2020-12-22","purchased_purges":1,"victory":false,"max_hp_per_floor":[90,90,90,90,90,90,90,90,90,90,90,90,90,90,90,90,90,90,90,90,90,90,90,90],"card_choices":[{"not_picked":["champ:Backstep","champ:FlashCut"],"picked":"champ:Circumvent","floor":2},{"not_picked":["champ:PerfectedStrike","champ:Endure"],"picked":"champ:ShieldSigil","floor":3},{"not_picked":["champ:RecklessLeap","champ:FanOfKnives"],"picked":"champ:BringItOn","floor":5},{"not_picked":["champ:GutPunch","champ:PreciseThrust"],"picked":"champ:FlashCut","floor":6},{"not_picked":["champ:BerserkerStyle","champ:BerserkersShout"],"picked":"champ:StanceDance","floor":8},{"not_picked":["champ:CalledShot","champ:PreciseThrust"],"picked":"champ:EnGarde","floor":9},{"not_picked":["champ:StanceDance","champ:BerserkersShout"],"picked":"champ:Circumvent","floor":10},{"not_picked":["champ:Improvising","champ:Circumvent"],"picked":"champ:Lariat","floor":11},{"not_picked":["champ:CrownThrow","champ:ShieldSlam"],"picked":"champ:TornadoPunch","floor":14},{"not_picked":["champ:ShieldSigil","champ:CrownThrow"],"picked":"champ:DefensiveShout","floor":15},{"not_picked":["champ:HeavySlash","champ:CheapShot"],"picked":"champ:Improvising","floor":16}],"player_experience":383867,"relics_obtained":[{"floor":7,"key":"Regal Pillow"},{"floor":9,"key":"Letter Opener"},{"floor":11,"key":"Darkstone Periapt"}],"event_choices":[{"damage_healed":0,"gold_gain":0,"player_choice":"Grow","damage_taken":0,"max_hp_gain":0,"max_hp_loss":0,"event_name":"Living Wall","floor":12,"gold_loss":0,"cards_upgraded":["champ:Lariat"]},{"damage_healed":0,"gold_gain":0,"player_choice":"Ignored","damage_taken":0,"max_hp_gain":0,"max_hp_loss":0,"event_name":"Ghosts","floor":21,"gold_loss":0}],"is_beta":false,"boss_relics":[{"not_picked":["Runic Dome","Astrolabe"],"picked":"Empty Cage"}],"items_purged_floors":[6],"is_endless":false,"potions_floor_spawned":[8,10,11,16],"killed_by":"3 Byrds","ascension_level":3}}