{"host":"0n5mtkr6i2vrdslb","time":1613123114,"event":{"mods":["100% Spire Juice","Act Like it!","Alarm Clock","Astrologer","Bard","BaseMod","Better Synergies","Better Vampires","Challenge The Spire","Conspire","Decade(王小明)","Defuse TimeMaze Blight","Dota2Spire","Downfall","Energized Spire","FanaticalFans","FoggyMod","FutureSeer","Gensokyo","Gremlin Mod","GungeonMod","Hallownest","Highlight Path","HumanHunterMod(怪物杀人mod)","Hunter 猎人","Jedi Mod","KinomotoSakuraMod(木之本樱)","LagranYue(拉格朗・月)","Lobotomy","LobotomyExtend","Luminous","Minty Spire (QoL Compilation)","MostiFishMod","Nova Terra(诺娃・泰拉)","Pale of the Ancients","Quarter Circle Forward PUNCH!","Quick Restart","Red Circlet Mod","Reimu（博丽灵梦）","Relic Filter Mod","Relic Stats","Replay The Spire","Ryuuou龙王","SIMod","SOS（斯巴达之子）","Shop Mod","Spicy Shops","StSLib","The Bug Knight","The Cursed","The Gatherer","The Hierophant","The Invoker Mod","The Runesmith","TheHeartMod","UnlockEverythingMod","Waifu the Spire","Warlord Emblem","[GremlinLeader]The Maniac","[IsaacMod]以撒尖塔","noobMod","【功能Mod】聪明的最终Boss","【遗物卡牌】REMEMod","残留之物","篝火指南"],"gold_per_floor":[131,64,91,1,1,3,20,20,45,72,135,135,135,135,135,230,180,199,474,474,11,28,28,59,59,59,59,84,84,84,84,84,187,187,378,378,389,442,158,221,321,321,321,396,440,440,315,355,62,62,62,62,62,43,101,131],"floor_reached":57,"language":"ZHS","playtime":4148,"items_purged":["theHeart:theHeartDefend","Regret","theHeart:theHeartCommonAttack","theHeart:theHeartCommonAttack","theHeart:theHeartDefend+1","theHeart:theHeartCommonAttack","Shame"],"score":1431,"play_id":"908307f6-9348-4cd0-acb1-fd69fa47a8ea","local_time":"20210212174514","is_ascension_mode":false,"campfire_choices":[{"floor":12.0,"key":"REST"},{"data":"theHeart:Devour","floor":15,"key":"SMITH"},{"floor":23,"key":"REST"},{"data":"Purity","floor":30,"key":"SMITH"},{"data":"theHeart:theHeartDefend","floor":32,"key":"PURGE"},{"floor":42,"key":"RECALL"},{"data":"theHeart:CorruptedForm","floor":53,"key":"SMITH"}],"circlet_count":0,"master_deck":["theHeart:BloodDrop","theHeart:Scab","theHeart:theHeartCommonAttack+1","PinkiePromise+1","theHeart:Hemorrhage","theHeart:FiberOpticCatheter","Purity+1","theHeart:BloodFlow","theHeart:BloodClots","theHeart:Devour+1","theHeart:PrecisionCut","theHeart:theHeartCommonAttack","theHeart:Hemoblastosis","theHeart:HyperCoagulation","theHeart:Devour","theHeart:CorruptedForm+1","theHeart:BloodRitual","theHeart:Devour+1"],"relics":["theHeart:BeatOfDeath","HushsDoor","REME_ComplimentaryCards","Fans:FanaticalFans","DaveBox","ice","EGODaCapo","LagranYue:RandomDrawCardRelic","SynthV:TestCard","LetterFromLob","Dota2Spire:LinkenSphere","theHeart:EmergencyDefibrillator","BloodDonationBag","TheBattery","Gremlin Food","BionicSphere","YumHeart","energizedSpire:HugeHouse","MerchantsRug","theHeart:RunicPlate","REME_HandOfSuture","MarkOfWind","Omamori","DemoMod:MonsterBlood","jedi:bottledfury","LaetitiaHeart","BloodWine","BlankCard","Dota2Spire:HandOfMidas","DemoMod:MeatBun","Dota2Spire:Mjollnir","Replay:Bottled Steam","Quantum Egg","Membership Card","Anchor","HowToJump"],"acts_visited":["Exordium","TheCity","TheBeyond","TheEnding"],"potions_floor_usage":[24,48,48],"damage_taken":[{"damage":6.0,"enemies":"Jaw Worm","floor":1.0,"turns":3.0},{"damage":19.0,"enemies":"conspire:MimicChest","floor":3.0,"turns":5.0},{"damage":5.0,"enemies":"2 Louse","floor":7.0,"turns":2.0},{"damage":72.0,"enemies":"Lagavulin","floor":10.0,"turns":13.0},{"damage":21.0,"enemies":"Gremlin Nob","floor":11.0,"turns":11.0},{"damage":143,"enemies":"Hexaghost","floor":16,"turns":16},{"damage":5,"enemies":"conspire:FuzzyDice","floor":18,"turns":3},{"damage":74,"enemies":"3 Byrds","floor":22,"turns":3},{"damage":44,"enemies":"REME_1_Revenger","floor":24,"turns":9},{"damage":56,"enemies":"Gremlin Leader","floor":28,"turns":4},{"damage":240,"enemies":"Collector","floor":33,"turns":4},{"damage":3,"enemies":"3 Shapes","floor":35,"turns":3},{"damage":0,"enemies":"3 Darklings","floor":37,"turns":3},{"damage":0,"enemies":"2 Orb Walkers","floor":38,"turns":3},{"damage":0,"enemies":"Reptomancer","floor":40,"turns":3},{"damage":3,"enemies":"Sphere and 2 Shapes","floor":45,"turns":3},{"damage":27,"enemies":"Transient","floor":48,"turns":5},{"damage":0,"enemies":"conspire:OrnateMirror","floor":50,"turns":4},{"damage":30,"enemies":"Shield and Spear","floor":55,"turns":2},{"damage":425,"enemies":"Delirium","floor":56,"turns":8}],"seed_played":"-977443734176033337","potions_obtained":[{"floor":7.0,"key":"SpeedPotion"},{"floor":10.0,"key":"Fire Potion"},{"floor":16,"key":"DistilledChaos"},{"floor":22,"key":"BlessingOfTheForge"},{"floor":24,"key":"Fire Potion"},{"floor":33,"key":"Explosive Potion"},{"floor":40,"key":"Regen Potion"},{"floor":48,"key":"Dexterity Potion"}],"is_trial":false,"path_per_floor":["M","$","?","$","M","R","M","?","T","E","?","R","?","M","R","B",null,"M","?","?","$","M","R","E","?","T","?","E","T","R","M","R","B",null,"M","?","M","?","$","E","?","R","T","T","M","?","$","M","R","B",null,null,"R","$","E","B",null],"character_chosen":"THE_HEART","items_purchased":["theHeart:EndlessHatred","Purity","theHeart:EmergencyDefibrillator","TheBattery","theHeart:HyperCoagulation","MerchantsRug","theHeart:RunicPlate","theHeart:Devour","Dota2Spire:HandOfMidas","DemoMod:MeatBun","Membership Card","Anchor"],"campfire_rested":2,"item_purchase_floors":[2,4,6,6,17,21,21,21,39,39,49,49],"current_hp_per_floor":[68,68,49,49,42,6,1,26,26,23,27,57,57,57,57,64,102,97,97,97,74,15,55,144,144,144,144,95,95,95,95,95,109,195,195,195,195,195,185,196,196,196,196,196,196,196,196,229,229,256,256,256,256,208,206,4785],"gold":131,"neow_bonus":"UPGRADE_CARD","is_daily":false,"chose_seed":false,"campfire_upgraded":3,"win_rate":0.0,"timestamp":1613123114,"path_taken":["M","$","?","$","?","R","?","?","T","E","?","R","?","?","R","BOSS","M","?","?","?","?","R","E","?","T","?","E","?","R","?","R","BOSS","M","?","?","?","$","E","?","R","T","?","?","?","?","?","R","BOSS","R","$","E","BOSS"],"items_purchased_type":["Card","Card","Relic","Relic","Card","Relic","Relic","Card","Relic","Relic","Relic","Relic"],"build_version":"2020-12-22","purchased_purges":7,"victory":true,"max_hp_per_floor":[75,75,75,75,75,75,75,75,75,81,102,102,102,102,102,116,102,109,109,109,109,135,135,146,146,146,146,167,167,167,167,167,195,195,195,195,195,195,195,196,196,196,196,196,196,196,196,232,232,256,256,256,256,256,258,4889],"relic_stats":{"counters":[20,107],"obtain_stats":[{"DaveBox":0,"LagranYue:RandomDrawCardRelic":0,"BloodWine":34,"DemoMod:GlassGuonStoneRelic":3,"ice":0,"Fans:FanaticalFans":0,"TheBattery":6,"jedi:bottledfury":29,"LaetitiaHeart":31,"DemoMod:MonsterBlood":28,"MarkOfWind":25,"Dota2Spire:Mjollnir":40,"energizedSpire:HugeHouse":17,"theHeart:RunicPlate":21,"theHeart:EmergencyDefibrillator":6,"Replay:Bottled Steam":43,"KeepersGift":0,"Gremlin Food":9,"MerchantsRug":21,"Dota2Spire:HandOfMidas":39,"theHeart:BeatOfDeath":0,"HowToJump":55,"Quantum Egg":44,"Omamori":27,"YumHeart":11,"Anchor":49,"SynthV:TestCard":1,"EGODaCapo":0,"DemoMod:MeatBun":39,"BionicSphere":10,"BloodDonationBag":6,"Dota2Spire:LinkenSphere":3,"REME_HandOfSuture":24,"LetterFromLob":1,"Membership Card":49,"BlankCard":38,"HushsDoor":0,"REME_ComplimentaryCards":0,"BloodDonationMachine":0},{"DaveBox":0,"LagranYue:RandomDrawCardRelic":0,"BloodWine":11,"DemoMod:GlassGuonStoneRelic":2,"ice":0,"Fans:FanaticalFans":0,"TheBattery":2,"jedi:bottledfury":10,"LaetitiaHeart":10,"DemoMod:MonsterBlood":10,"MarkOfWind":9,"Dota2Spire:Mjollnir":15,"energizedSpire:HugeHouse":6,"theHeart:RunicPlate":7,"theHeart:EmergencyDefibrillator":2,"Replay:Bottled Steam":15,"KeepersGift":0,"Gremlin Food":3,"MerchantsRug":7,"Dota2Spire:HandOfMidas":14,"theHeart:BeatOfDeath":0,"HowToJump":19,"Quantum Egg":15,"Omamori":9,"YumHeart":5,"Anchor":17,"SynthV:TestCard":1,"EGODaCapo":0,"DemoMod:MeatBun":14,"BionicSphere":4,"BloodDonationBag":2,"Dota2Spire:LinkenSphere":2,"REME_HandOfSuture":9,"LetterFromLob":1,"Membership Card":17,"BlankCard":14,"HushsDoor":0,"REME_ComplimentaryCards":0,"BloodDonationMachine":0},{"DaveBox":0,"LagranYue:RandomDrawCardRelic":0,"BloodWine":73,"DemoMod:GlassGuonStoneRelic":8,"ice":0,"Fans:FanaticalFans":0,"TheBattery":8,"jedi:bottledfury":69,"LaetitiaHeart":69,"DemoMod:MonsterBlood":69,"MarkOfWind":65,"Dota2Spire:Mjollnir":85,"energizedSpire:HugeHouse":50,"theHeart:RunicPlate":53,"theHeart:EmergencyDefibrillator":8,"Replay:Bottled Steam":85,"KeepersGift":0,"Gremlin Food":10,"MerchantsRug":53,"Dota2Spire:HandOfMidas":82,"theHeart:BeatOfDeath":0,"HowToJump":99,"Quantum Egg":85,"Omamori":65,"YumHeart":34,"Anchor":93,"SynthV:TestCard":3,"EGODaCapo":0,"DemoMod:MeatBun":82,"BionicSphere":23,"BloodDonationBag":8,"Dota2Spire:LinkenSphere":8,"REME_HandOfSuture":65,"LetterFromLob":3,"Membership Card":93,"BlankCard":82,"HushsDoor":0,"REME_ComplimentaryCards":0,"BloodDonationMachine":0}]},"card_choices":[{"not_picked":[],"picked":"Bomb","floor":0.0},{"not_picked":["theHeart:FattyMembrane","theHeart:ElementalCharge"],"picked":"theHeart:Hemorrhage","floor":1.0},{"not_picked":["theHeart:Cleanse","theHeart:Arrhythmia","theHeart:CapillaryExchange","theHeart:Crush"],"picked":"theHeart:FiberOpticCatheter","floor":3.0},{"not_picked":["theHeart:SpireGrowth","theHeart:Arrhythmia","theHeart:PainfulStabs","theHeart:GrayPlatelets"],"picked":"theHeart:BloodFlow","floor":7.0},{"not_picked":["theHeart:SpireGrowth","theHeart:MindScape","theHeart:Cholesterol","theHeart:ElementalCharge"],"picked":"theHeart:BloodClots","floor":10.0},{"not_picked":["theHeart:TranquilRhythm","theHeart:Embolism","theHeart:Invincibility","theHeart:PainfulStabs"],"picked":"theHeart:Devour","floor":11.0},{"not_picked":["theHeart:HeartAttack","theHeart:Echo","theHeart:TotalHeartFailure","theHeart:FiberOpticCatheter"],"picked":"theHeart:PrecisionCut","floor":16},{"not_picked":["theHeart:CapillaryExchange+1","theHeart:HastyFortification","theHeart:SpireGrowth","theHeart:Arrhythmia+1","theHeart:Betablocker"],"picked":"SKIP","floor":18},{"not_picked":["theHeart:CapillaryExchange","theHeart:Crush+1","theHeart:SpireGrowth","theHeart:Tachycardia"],"picked":"theHeart:CorruptedForm","floor":22},{"not_picked":["theHeart:GrayPlatelets","theHeart:CorruptedForm","theHeart:FattyMembrane+1","theHeart:Omega3","theHeart:EndlessHatred+1"],"picked":"SKIP","floor":24},{"not_picked":["theHeart:PoisonousCyst","theHeart:MindScape","theHeart:TentacleWhip+1","theHeart:Cleanse","theHeart:TranquilRhythm"],"picked":"SKIP","floor":28},{"not_picked":["theHeart:Terrify","theHeart:PrecisionCut","theHeart:TotalHeartFailure","theHeart:FiberOpticCatheter"],"picked":"theHeart:BloodRitual","floor":33},{"not_picked":["theHeart:Hypertension","theHeart:Embolism+1","theHeart:ArterialFlow+1","theHeart:Cleanse","theHeart:Devour"],"picked":"SKIP","floor":35},{"not_picked":["theHeart:Betablocker+1","theHeart:TentacleWhip","theHeart:NoxiousBlood+1","theHeart:AncientEvil","theHeart:Crush+1"],"picked":"SKIP","floor":37},{"not_picked":["theHeart:LeechSeed+1","theHeart:TentacleWhip","theHeart:TorrentialFlow","theHeart:Wrath+1","theHeart:ArterialFlow+1"],"picked":"SKIP","floor":40},{"not_picked":["theHeart:SpireGrowth+1","theHeart:Cleanse+1","theHeart:ArterialFlow","theHeart:HastyFortification","theHeart:TentacleWhip"],"picked":"SKIP","floor":45},{"not_picked":["theHeart:Crush","theHeart:EndlessHatred+1","theHeart:PainfulStabs","theHeart:TentacleWhip","theHeart:QuickBite"],"picked":"SKIP","floor":48},{"not_picked":["theHeart:Terrify","theHeart:Omega3","theHeart:ArterialFlow+1","theHeart:Hemoblastosis","theHeart:QuantumEntanglement"],"picked":"SKIP","floor":55}],"player_experience":236064,"relics_obtained":[{"floor":1.0,"key":"SynthV:TestCard"},{"floor":1.0,"key":"LetterFromLob"},{"floor":3.0,"key":"Dota2Spire:LinkenSphere"},{"floor":9.0,"key":"Gremlin Food"},{"floor":10.0,"key":"BionicSphere"},{"floor":11.0,"key":"YumHeart"},{"floor":24,"key":"REME_HandOfSuture"},{"floor":28,"key":"DemoMod:MonsterBlood"},{"floor":29,"key":"jedi:bottledfury"},{"floor":38,"key":"BlankCard"},{"floor":40,"key":"Dota2Spire:Mjollnir"},{"floor":43,"key":"Replay:Bottled Steam"},{"floor":44,"key":"Quantum Egg"},{"floor":55,"key":"HowToJump"}],"event_choices":[{"cards_removed":["theHeart:theHeartDefend"],"damage_healed":0.0,"max_hp_gain":0.0,"max_hp_loss":0.0,"gold_gain":0.0,"event_name":"Golden Wing","player_choice":"Card Removal","floor":5.0,"gold_loss":0.0,"damage_taken":7.0},{"damage_healed":25.0,"max_hp_gain":0.0,"max_hp_loss":0.0,"gold_gain":0.0,"event_name":"Big Fish","player_choice":"Banana","floor":8.0,"gold_loss":0.0,"damage_taken":0.0},{"damage_healed":0.0,"max_hp_gain":0.0,"max_hp_loss":0.0,"gold_gain":0.0,"event_name":"Dead Adventurer","player_choice":"Searched \u00272\u0027 times","floor":11.0,"gold_loss":0.0,"damage_taken":0.0},{"damage_healed":0,"gold_gain":0,"player_choice":"Leave","damage_taken":0,"max_hp_gain":0,"max_hp_loss":0,"event_name":"conspire:Investor","floor":14,"gold_loss":0},{"damage_healed":0,"gold_gain":275,"player_choice":"Desecrate","damage_taken":0,"max_hp_gain":0,"max_hp_loss":0,"event_name":"Golden Shrine","floor":19,"gold_loss":0,"cards_obtained":["Regret"]},{"damage_healed":0,"gold_gain":0,"player_choice":"Stole Relic","damage_taken":0,"relics_obtained":["Omamori"],"max_hp_gain":0,"max_hp_loss":0,"event_name":"Addict","floor":27,"gold_loss":0,"cards_obtained":["Shame"]},{"cards_removed":["theHeart:theHeartCommonAttack"],"damage_healed":0,"gold_gain":0,"player_choice":"Removed Attack","damage_taken":0,"max_hp_gain":0,"max_hp_loss":0,"event_name":"Falling","floor":36,"gold_loss":0},{"damage_healed":0,"gold_gain":0,"player_choice":"Fight","damage_taken":0,"max_hp_gain":0,"max_hp_loss":0,"event_name":"Mysterious Sphere","floor":38,"gold_loss":0},{"damage_healed":0,"gold_gain":0,"player_choice":"Ignored","damage_taken":0,"max_hp_gain":0,"max_hp_loss":0,"event_name":"Ryuuou:Expiration","floor":41,"gold_loss":0},{"damage_healed":0,"gold_gain":0,"player_choice":"Copied","damage_taken":0,"max_hp_gain":0,"max_hp_loss":0,"event_name":"Duplicator","floor":46,"gold_loss":0,"cards_obtained":["theHeart:Devour"]}],"is_beta":false,"boss_relics":[{"not_picked":["Runic Dome","PlaceholderMod:LiveLive"],"picked":"energizedSpire:HugeHouse"},{"not_picked":[]},{"not_picked":["energizedSpire:SpiderWeb","ReplayTheSpireMod:DimensionalGlitch"],"picked":"BloodWine"},{"not_picked":[]}],"items_purged_floors":[17,21,39,47,49,54,54],"is_endless":false,"potions_floor_spawned":[7,10,16,22,24,33,40,48],"ascension_level":0}}