{"host":"o3b7ow6d1xe49css","time":1613132155,"event":{"mods":["Act Like it!","Aspiration","BaseMod","Bestiary","Better Altar","Better Match","Better Note","Better Sensory Stone","Better Skull","Better Third Choice","Colored Powertips","Conspire","Energized Spire","GifTheSpireLib","Halation","Hermit","Hubris","Infinite Spire","Lobotomy","Marisa????????","Minty Spire (QoL Compilation)","Quick Restart","Rare Cards Sparkle","Relic Filter Mod","Reliquary","Replay The Spire","Spicy Shops","Spikes Relics","Spire Arcade","StSLib","Stuff the Spire","The Blue Laboratory","Wandering Minibosses"],"gold_per_floor":[116,129,141,141,161,161,161,191,191,191,2,35,35,67,67,168,168,185,197,212,224,224,250,285,285,334,334,35,62,95,122,122,220,220,234,234,134,153,153,187,187,213,213,213,190,190,190,190,190,190,190,14,41,41],"floor_reached":55,"language":"ENG","playtime":1833,"items_purged":["Strike_P","Strike_P","Strike_P","Consecrate+1"],"score":2150,"play_id":"ec675367-c7c5-4501-a836-96b558581264","local_time":"20210212031555","daily_mods":["Heirloom","Flight"],"is_ascension_mode":true,"campfire_choices":[{"data":"Eruption","floor":6,"key":"SMITH"},{"data":"Halt","floor":7,"key":"SMITH"},{"data":"Fasting2","floor":10,"key":"SMITH"},{"data":"BattleHymn","floor":13,"key":"SMITH"},{"data":"SandsOfTime","floor":15,"key":"SMITH"},{"data":"Vengeance","floor":25,"key":"SMITH"},{"data":"Consecrate","floor":27,"key":"SMITH"},{"data":"Vigilance","floor":32,"key":"SMITH"},{"data":"Defend_P","floor":41,"key":"SMITH"},{"data":"Prostrate","floor":46,"key":"SMITH"},{"data":"Prostrate","floor":51,"key":"SMITH"}],"circlet_count":0,"master_deck":["Defend_P","Defend_P","Defend_P","Defend_P+1","Eruption+1","Vigilance+1","SandsOfTime+1","Vengeance+1","UniverseFragment","Halt+1","Fasting2+1","BattleHymn+1","Prostrate+1","Establishment","Prostrate+1","Halt","Consecrate+1","WreathOfFlame","Scrawl"],"relics":["PureWater","Ring of Chaos","hubris:GlazedTorus","CogitoBucket","StuffTheSpire:HeavyRock","StuffTheSpire:Tea","halation:Komachan","StuffTheSpire:Experiment12","aspiration:AnachronicSnailShell","ReplayTheSpireMod:DimensionalGlitch","wanderingMiniBosses:AbyssPearl","halation:PinkSoulGem","infinitespire:BottledMercury","Replay:Baseball","RollingBoulder","aspiration:Nostalgia","Iron Core","Replay:Rubber Ducky","Orichalcum","CherryCoatedStake","aspiration:TomeofQuesting","Coffee Dripper","hubris:Icosahedron","Onion Ring","Ancient Tea Set","infinitespire:EmpoweringShard","hubris:Towel","SpikesRelics:ToyHorsey","Frozen Eye","Mirror"],"acts_visited":["Exordium","TheCity","TheBeyond","TheEnding"],"potions_floor_usage":[5,23,29,54,54,54],"damage_taken":[{"damage":0,"enemies":"Small Slimes","floor":1,"turns":2},{"damage":5,"enemies":"Jaw Worm","floor":2,"turns":4},{"damage":1,"enemies":"2 Louse","floor":3,"turns":3},{"damage":1,"enemies":"Exordium Wildlife","floor":5,"turns":3},{"damage":2,"enemies":"Lagavulin","floor":8,"turns":5},{"damage":0,"enemies":"3 Sentries","floor":12,"turns":5},{"damage":11,"enemies":"Gremlin Nob","floor":14,"turns":3},{"damage":0,"enemies":"Fading Forest","floor":16,"turns":11},{"damage":0,"enemies":"conspire:FuzzyDice","floor":18,"turns":3},{"damage":0,"enemies":"3 Byrds","floor":19,"turns":7},{"damage":0,"enemies":"Centurion and Healer","floor":20,"turns":3},{"damage":0,"enemies":"Shelled Parasite and Fungi","floor":21,"turns":4},{"damage":0,"enemies":"Book of Stabbing","floor":23,"turns":3},{"damage":0,"enemies":"conspire:SneckoGhost","floor":24,"turns":3},{"damage":0,"enemies":"Gremlin Leader","floor":29,"turns":3},{"damage":1,"enemies":"Nightmare","floor":30,"turns":4},{"damage":0,"enemies":"conspire:SneckoGhost","floor":31,"turns":3},{"damage":0,"enemies":"Collector","floor":33,"turns":4},{"damage":0,"enemies":"3 Shapes","floor":35,"turns":4},{"damage":0,"enemies":"Orb Walker","floor":38,"turns":2},{"damage":0,"enemies":"Reptomancer","floor":40,"turns":2},{"damage":0,"enemies":"R_Hoarder","floor":42,"turns":6},{"damage":0,"enemies":"Reptomancer","floor":45,"turns":3},{"damage":0,"enemies":"Awakened One","floor":50,"turns":7},{"damage":20,"enemies":"Shield and Spear","floor":53,"turns":4},{"damage":0,"enemies":"The Heart","floor":54,"turns":6}],"seed_played":"654072845919292586","potions_obtained":[{"floor":1,"key":"Ambrosia"},{"floor":3,"key":"Energy Potion"},{"floor":8,"key":"BottledMiracle"},{"floor":14,"key":"SpeedPotion"},{"floor":23,"key":"blueLaboratory:RememoryPotion"},{"floor":29,"key":"blueLaboratory:BubblePotion"},{"floor":30,"key":"LiquidMemories"},{"floor":33,"key":"Fire Potion"},{"floor":38,"key":"LifebloodPotion"}],"is_trial":true,"path_per_floor":["M","M","M","?","M","R","R","E","T","R","$","E","R","E","R","B",null,"M","M","M","M","?","E","E","R","T","R","$","E","NM","E","R","B",null,"M","?","$","M","$","E","R","E","T","?","E","R","?","AVR","R","B","R","$","E","B",null],"character_chosen":"WATCHER","items_purchased":["BattleHymn","halation:Komachan","aspiration:Nostalgia","Replay:Rubber Ducky","Swift Potion"],"campfire_rested":0,"item_purchase_floors":[11,11,28,28,52],"current_hp_per_floor":[72,67,66,66,65,65,65,63,63,63,63,63,63,52,52,60,69,69,69,69,69,69,69,69,69,69,69,69,69,68,68,68,70,72,72,72,72,72,72,72,72,72,72,72,72,72,72,72,72,72,72,72,53,53],"gold":41,"neow_bonus":"","is_daily":false,"chose_seed":false,"campfire_upgraded":11,"win_rate":0.0,"timestamp":1613132155,"path_taken":["M","M","M","?","M","R","R","E","T","R","$","E","R","E","R","BOSS","M","M","M","M","?","E","E","R","T","R","$","E","NM","E","R","BOSS","M","?","$","M","$","E","R","E","T","?","E","R","?","AVR","R","BOSS","R","$","E","BOSS"],"items_purchased_type":["Card","Relic","Relic","Relic","Potion"],"build_version":"2020-12-22","purchased_purges":4,"victory":true,"max_hp_per_floor":[72,72,72,72,72,72,72,72,72,72,72,72,72,72,72,72,72,72,72,72,72,72,72,72,72,72,72,72,72,72,72,72,72,72,72,72,72,72,72,72,72,72,72,72,72,72,72,72,72,72,72,72,72,72],"card_choices":[{"not_picked":["Prostrate","Crescendo"],"picked":"SandsOfTime","floor":1},{"not_picked":["LittlePrince","PunishingBird","SpiderBud"],"picked":"Singing Bowl","floor":1},{"not_picked":["Evaluate","Replay:Cycle"],"picked":"Vengeance","floor":2},{"not_picked":["Murderer","MHz"],"picked":"UniverseFragment","floor":2},{"not_picked":["Blasphemy","Pray"],"picked":"Halt","floor":3},{"not_picked":["OldLady","OSAHOGD","Bloodbath"],"picked":"Singing Bowl","floor":3},{"not_picked":["MHz","LittlePrince","BodiesMountain"],"picked":"Singing Bowl","floor":5},{"not_picked":["Nirvana","Evaluate","Replay:Hum"],"picked":"SKIP","floor":5},{"not_picked":["EmptyBody","ThirdEye"],"picked":"Fasting2","floor":8},{"not_picked":["Wellcheers","Alriune","QueenOfHatred"],"picked":"Singing Bowl","floor":8},{"not_picked":["BowlingBash","FlurryOfBlows"],"picked":"Prostrate","floor":12},{"not_picked":["BeautyBeast","WallGazer","SpiderBud"],"picked":"Singing Bowl","floor":12},{"not_picked":["PathToVictory","CutThroughFate","Replay:AllIn"],"picked":"SKIP","floor":14},{"not_picked":["Replay:AllIn","Vault"],"picked":"Establishment","floor":16},{"not_picked":["EmptyFist","SashWhip"],"picked":"Prostrate","floor":18},{"not_picked":["Replay:Vibes","SashWhip+1"],"picked":"Consecrate","floor":19},{"not_picked":["Replay:Cycle+1","Study"],"picked":"Halt","floor":20},{"not_picked":["SashWhip","Worship"],"picked":"Consecrate+1","floor":21},{"not_picked":["WheelKick","WreathOfFlame+1","DeceiveReality"],"picked":"SKIP","floor":23},{"not_picked":["EmptyFist","Vengeance","Evaluate"],"picked":"SKIP","floor":24},{"not_picked":["Defragment+1","Rip and Tear","Collect+1"],"picked":"SKIP","floor":29},{"not_picked":["Replay:ManipulateFuture+1","Body Slam+1","Rebound"],"picked":"SKIP","floor":30},{"not_picked":["Inflame","EmptyMind+1","FollowUp+1"],"picked":"SKIP","floor":31},{"not_picked":["WreathOfFlame+1","Replay:BluntJabs+1","Replay:DivineShield"],"picked":"SKIP","floor":35},{"not_picked":["CrushJoints","EmptyFist+1","FlyingSleeves+1"],"picked":"SKIP","floor":38},{"not_picked":["Pray+1","Nirvana+1","Ragnarok"],"picked":"SKIP","floor":40},{"not_picked":["Evaluate+1","WaveOfTheHand+1","ClearTheMind"],"picked":"SKIP","floor":42},{"not_picked":["Devotion","Consecrate+1","CarveReality"],"picked":"SKIP","floor":45},{"not_picked":["EmptyMind","FearNoEvil+1"],"picked":"Scrawl","floor":53}],"player_experience":1375899,"relics_obtained":[{"floor":8,"key":"StuffTheSpire:HeavyRock"},{"floor":9,"key":"StuffTheSpire:Tea"},{"floor":12,"key":"StuffTheSpire:Experiment12"},{"floor":14,"key":"aspiration:AnachronicSnailShell"},{"floor":19,"key":"wanderingMiniBosses:AbyssPearl"},{"floor":23,"key":"infinitespire:BottledMercury"},{"floor":24,"key":"Replay:Baseball"},{"floor":26,"key":"RollingBoulder"},{"floor":29,"key":"Orichalcum"},{"floor":30,"key":"CherryCoatedStake"},{"floor":31,"key":"aspiration:TomeofQuesting"},{"floor":40,"key":"Onion Ring"},{"floor":42,"key":"Ancient Tea Set"},{"floor":43,"key":"infinitespire:EmpoweringShard"},{"floor":45,"key":"SpikesRelics:ToyHorsey"},{"floor":53,"key":"Mirror"}],"event_choices":[],"is_beta":false,"boss_relics":[{"not_picked":["aspiration:PoetsPen_weak","halation:SmartPhone"],"picked":"ReplayTheSpireMod:DimensionalGlitch"},{"not_picked":["Pandora\u0027s Box","Snecko Eye"],"picked":"Coffee Dripper"}],"items_purged_floors":[11,37,48,52],"is_endless":true,"potions_floor_spawned":[1,3,8,14,18,23,29,30,33,38,42],"ascension_level":5}}