{"host":"j4g6ia6asvpyu2b0","time":1613088224,"event":{"mods":["BaseMod","Colored Map","Infinite Spire","Minty Spire (QoL Compilation)","Permanent Neow","Quick Restart","Relic Stats","StSLib","Unceasing Turn Reminder"],"gold_per_floor":[110,121,121,71,86,112,112,143,143,158,158,158,169,169,169,273,273,290,310,310,323,340,340,371,381,381,381,407,407,332,365,365,365,365,365],"floor_reached":34,"language":"ENG","playtime":1221,"items_purged":[],"score":471,"play_id":"86b8afcd-c210-4365-ac2d-bf2877689fc1","local_time":"20210211170344","is_ascension_mode":true,"campfire_choices":[{"data":"Bash","floor":7,"key":"SMITH"},{"floor":11,"key":"RECALL"},{"data":"Inflame","floor":15,"key":"SMITH"},{"data":"Limit Break","floor":23,"key":"SMITH"},{"data":"Dual Wield","floor":27,"key":"SMITH"},{"floor":29,"key":"REST"},{"floor":32,"key":"REST"}],"circlet_count":0,"master_deck":["Defend_R","Defend_R+1","Defend_R","Bash+1","Apotheosis+1","Disarm+1","Pommel Strike","Clothesline","Limit Break+1","Seeing Red+1","Headbutt","Inflame+1","infinitespire:Fortify","Feed","Evolve","Warcry","Bite","Bite","Bite","Bite","Bite","Feel No Pain","Dual Wield+1","Shrug It Off","Inflame","Pommel Strike+1","Pummel+1"],"relics":["Burning Blood","War Paint","White Beast Statue","Centennial Puzzle","Runic Dome","FossilizedHelix","infinitespire:CheckeredPen","Molten Egg 2","Red Mask"],"acts_visited":["Exordium","TheCity"],"potions_floor_usage":[6,24,28],"damage_taken":[{"damage":3,"enemies":"Jaw Worm","floor":1,"turns":3},{"damage":0,"enemies":"2 Louse","floor":2,"turns":3},{"damage":2,"enemies":"Small Slimes","floor":5,"turns":3},{"damage":10,"enemies":"Lagavulin","floor":6,"turns":8},{"damage":30,"enemies":"3 Sentries","floor":8,"turns":10},{"damage":10,"enemies":"Exordium Thugs","floor":10,"turns":5},{"damage":2,"enemies":"Large Slime","floor":13,"turns":4},{"damage":7,"enemies":"Hexaghost","floor":16,"turns":10},{"damage":7,"enemies":"3 Byrds","floor":18,"turns":6},{"damage":19,"enemies":"Shell Parasite","floor":19,"turns":9},{"damage":27,"enemies":"3 Cultists","floor":21,"turns":6},{"damage":12,"enemies":"Snake Plant","floor":22,"turns":6},{"damage":31,"enemies":"Nightmare","floor":24,"turns":9},{"damage":19,"enemies":"Snecko","floor":25,"turns":6},{"damage":52,"enemies":"Slavers","floor":28,"turns":5},{"damage":21,"enemies":"Masked Bandits","floor":31,"turns":5},{"damage":54,"enemies":"Collector","floor":33,"turns":8}],"seed_played":"-8088586091587612266","potions_obtained":[{"floor":2,"key":"Strength Potion"},{"floor":5,"key":"Energy Potion"},{"floor":10,"key":"Swift Potion"},{"floor":13,"key":"Ancient Potion"},{"floor":16,"key":"PowerPotion"},{"floor":18,"key":"infinitespire:BlackPotion"},{"floor":24,"key":"EssenceOfSteel"},{"floor":28,"key":"LiquidMemories"},{"floor":31,"key":"LiquidMemories"}],"is_trial":false,"path_per_floor":["M","M","?","?","M","E","R","E","T","M","R","?","M","?","R","B",null,"M","M","?","M","M","R","NM","M","T","R","E","R","?","?","R","B",null],"character_chosen":"IRONCLAD","items_purchased":[],"campfire_rested":2,"item_purchase_floors":[],"current_hp_per_floor":[80,80,80,80,80,76,76,52,52,48,48,48,52,32,32,31,80,82,73,60,58,58,58,47,46,46,46,16,36,36,38,59,26,26,26],"gold":365,"neow_bonus":"RANDOM_COLORLESS_2","is_daily":false,"chose_seed":false,"campfire_upgraded":4,"win_rate":0.0,"timestamp":1613088224,"path_taken":["M","M","?","?","M","E","R","E","T","M","R","?","?","?","R","BOSS","M","M","?","M","M","R","NM","M","T","R","E","R","?","?","R","BOSS"],"items_purchased_type":[],"build_version":"2020-12-22","purchased_purges":0,"victory":false,"max_hp_per_floor":[80,80,80,80,80,80,80,80,80,80,80,80,80,80,80,80,80,83,87,60,64,64,64,64,64,64,64,67,67,67,71,71,75,75,75],"relic_stats":{"Centennial Puzzle":[36],"counters":[17,106],"War Paint":["Disarm","Defend_R"],"obtain_stats":[{"Runic Dome":17,"Centennial Puzzle":9,"Molten Egg 2":28,"Red Mask":31,"infinitespire:CheckeredPen":26,"War Paint":6,"Burning Blood":0,"White Beast Statue":8,"FossilizedHelix":24},{"Runic Dome":8,"Centennial Puzzle":5,"Molten Egg 2":15,"Red Mask":16,"infinitespire:CheckeredPen":14,"War Paint":4,"Burning Blood":0,"White Beast Statue":5,"FossilizedHelix":13},{"Runic Dome":46,"Centennial Puzzle":27,"Molten Egg 2":93,"Red Mask":98,"infinitespire:CheckeredPen":88,"War Paint":17,"Burning Blood":0,"White Beast Statue":27,"FossilizedHelix":82}],"Burning Blood":89},"card_choices":[{"not_picked":["Sadistic Nature","Chrysalis"],"picked":"Apotheosis","floor":0},{"not_picked":["Headbutt","Shrug It Off"],"picked":"Disarm","floor":1},{"not_picked":["Warcry","Shrug It Off"],"picked":"Pommel Strike","floor":2},{"not_picked":["Burning Pact","Bloodletting"],"picked":"Clothesline","floor":5},{"not_picked":["Armaments","Inflame"],"picked":"Limit Break","floor":6},{"not_picked":["Havoc","Headbutt"],"picked":"Seeing Red","floor":8},{"not_picked":["True Grit","Carnage"],"picked":"Headbutt","floor":10},{"not_picked":["Infernal Blade","Anger"],"picked":"Inflame","floor":13},{"not_picked":["infinitespire:TheBestDefense","infinitespire:Punishment"],"picked":"infinitespire:Fortify","floor":14},{"not_picked":["Double Tap","Bludgeon"],"picked":"Feed","floor":16},{"not_picked":["Carnage","True Grit"],"picked":"Evolve","floor":18},{"not_picked":["Flex","Sever Soul+1"],"picked":"Warcry","floor":19},{"not_picked":["Perfected Strike","Carnage"],"picked":"Feel No Pain","floor":21},{"not_picked":["Clash","Sentinel"],"picked":"Dual Wield","floor":22},{"not_picked":["Thunderclap","Cleave"],"picked":"Shrug It Off","floor":24},{"not_picked":["Havoc+1","Headbutt"],"picked":"Inflame","floor":25},{"not_picked":["Iron Wave+1","Shrug It Off+1"],"picked":"Pommel Strike+1","floor":28},{"not_picked":["Intimidate+1","Clash+1"],"picked":"Pummel+1","floor":31}],"player_experience":1235362,"relics_obtained":[{"floor":6,"key":"War Paint"},{"floor":8,"key":"White Beast Statue"},{"floor":9,"key":"Centennial Puzzle"},{"floor":24,"key":"FossilizedHelix"},{"floor":26,"key":"infinitespire:CheckeredPen"},{"floor":28,"key":"Molten Egg 2"},{"floor":31,"key":"Red Mask"}],"event_choices":[{"damage_healed":0,"gold_gain":0,"player_choice":"Grow","damage_taken":0,"max_hp_gain":0,"max_hp_loss":0,"event_name":"Living Wall","floor":3,"gold_loss":0,"cards_upgraded":["Apotheosis"]},{"cards_removed":["Doubt"],"damage_healed":0,"gold_gain":0,"player_choice":"Card Removal","damage_taken":0,"max_hp_gain":0,"max_hp_loss":0,"event_name":"The Cleric","floor":4,"gold_loss":50},{"damage_healed":0,"gold_gain":0,"player_choice":"Forge","damage_taken":0,"max_hp_gain":0,"max_hp_loss":0,"event_name":"Accursed Blacksmith","floor":12,"gold_loss":0,"cards_upgraded":["Seeing Red"]},{"damage_healed":0,"gold_gain":0,"player_choice":"Became a vampire","damage_taken":0,"max_hp_gain":0,"max_hp_loss":27,"event_name":"Vampires","floor":20,"gold_loss":0,"cards_obtained":["Bite","Bite","Bite","Bite","Bite"]},{"cards_removed":["Defend_R"],"damage_healed":0,"gold_gain":0,"player_choice":"Gave Gold","damage_taken":0,"max_hp_gain":0,"max_hp_loss":0,"event_name":"Beggar","floor":30,"gold_loss":75},{"damage_healed":0,"gold_gain":0,"player_choice":"Fought Bandits","damage_taken":0,"max_hp_gain":0,"max_hp_loss":0,"event_name":"Masked Bandits","floor":31,"gold_loss":0}],"is_beta":false,"boss_relics":[{"not_picked":["Busted Crown","Empty Cage"],"picked":"Runic Dome"}],"items_purged_floors":[],"is_endless":false,"potions_floor_spawned":[2,5,10,13,16,18,19,21,22,24,25,28,31,33],"ascension_level":1}}