{"host":"sian7qp8a9pc9xwd","time":1613103999,"event":{"mods":["BaseMod","Minty Spire (QoL Compilation)","StSLib","SuperFastMode"],"gold_per_floor":[39,90,15,69,69,69,69,104,176,213,213,273,343,29,29,179,179,195,231,78,116,116,116,116,155,178,238,249,25,65,104,104,104,104],"floor_reached":33,"language":"ENG","playtime":1720,"items_purged":["Defend_P","Eruption+1"],"score":319,"play_id":"4231119e-edeb-4aa4-aabe-a8675de4f2ca","local_time":"20210211232639","is_ascension_mode":true,"campfire_choices":[{"data":"HandOfGreed","floor":6.0,"key":"SMITH"},{"data":"Pray","floor":11.0,"key":"SMITH"},{"data":"Eruption","floor":15,"key":"SMITH"},{"floor":23,"key":"REST"},{"floor":32,"key":"REST"}],"circlet_count":0,"master_deck":["Strike_P+1","Strike_P","Strike_P","Strike_P","Defend_P","Defend_P+1","Defend_P","Vigilance","HandOfGreed+1","Pray+1","Pray+1","Omniscience","FlurryOfBlows","Evaluate","Prostrate+1","LessonLearned","Secret Technique","Devotion","TalkToTheHand","HandOfGreed+1","Prostrate+1","Prostrate"],"relics":["PureWater","Pantograph","Busted Crown","DollysMirror","Orichalcum","PreservedInsect"],"acts_visited":["Exordium","TheCity"],"potions_floor_usage":[13,16,21,27,30,33,33],"damage_taken":[{"damage":0.0,"enemies":"Cultist","floor":1.0,"turns":3.0},{"damage":9.0,"enemies":"2 Louse","floor":2.0,"turns":4.0},{"damage":1.0,"enemies":"Small Slimes","floor":4.0,"turns":4.0},{"damage":6.0,"enemies":"Looter","floor":8.0,"turns":2.0},{"damage":0.0,"enemies":"Exordium Thugs","floor":10.0,"turns":3.0},{"damage":1.0,"enemies":"Exordium Wildlife","floor":12.0,"turns":4.0},{"damage":0,"enemies":"Lots of Slimes","floor":13,"turns":3},{"damage":15,"enemies":"Slime Boss","floor":16,"turns":6},{"damage":29,"enemies":"2 Thieves","floor":18,"turns":3},{"damage":20,"enemies":"Chosen","floor":19,"turns":5},{"damage":28,"enemies":"Sentry and Sphere","floor":21,"turns":5},{"damage":5,"enemies":"Centurion and Healer","floor":25,"turns":5},{"damage":11,"enemies":"Chosen and Byrds","floor":27,"turns":5},{"damage":2,"enemies":"Snecko","floor":28,"turns":4},{"damage":18,"enemies":"Centurion and Healer","floor":30,"turns":4},{"damage":3,"enemies":"Chosen and Byrds","floor":31,"turns":3},{"damage":54,"enemies":"Automaton","floor":33,"turns":8}],"seed_played":"4366119783965633523","potions_obtained":[{"floor":1.0,"key":"GamblersBrew"},{"floor":8.0,"key":"FairyPotion"},{"floor":12.0,"key":"BlessingOfTheForge"},{"floor":19,"key":"SteroidPotion"},{"floor":25,"key":"StancePotion"},{"floor":30,"key":"BottledMiracle"},{"floor":31,"key":"AttackPotion"}],"is_trial":false,"path_per_floor":["M","M","$","M","$","R","?","M","T","M","R","M","M","$","R","B",null,"M","M","$","M","?","R","?","M","T","M","M","$","M","M","R","B"],"character_chosen":"WATCHER","items_purchased":["LessonLearned","Secret Technique","DollysMirror","Prostrate","DistilledChaos"],"campfire_rested":2,"item_purchase_floors":[14,14,20,29,29],"current_hp_per_floor":[65,56,56,55,55,55,55,49,49,49,49,48,48,48,48,57,68,39,19,19,21,21,42,42,37,37,26,24,24,6,3,24,0,0],"gold":104,"neow_bonus":"RANDOM_COLORLESS_2","is_daily":false,"chose_seed":false,"campfire_upgraded":3,"win_rate":0.0,"timestamp":1613103999,"path_taken":["M","?","$","M","$","R","?","M","T","M","R","M","M","?","R","BOSS","M","M","$","M","?","R","?","M","T","M","M","$","?","M","R","BOSS"],"items_purchased_type":["Card","Card","Relic","Card","Potion"],"build_version":"2020-12-22","purchased_purges":2,"victory":false,"max_hp_per_floor":[72,72,72,72,72,72,72,72,72,72,72,72,72,72,72,72,72,72,72,72,72,72,72,72,72,72,72,72,72,72,72,72,72,72],"card_choices":[{"not_picked":["Master of Strategy","Chrysalis"],"picked":"HandOfGreed","floor":0.0},{"not_picked":["Wireheading","EmptyBody"],"picked":"Pray","floor":1.0},{"not_picked":["BowlingBash","ForeignInfluence"],"picked":"Pray","floor":2.0},{"not_picked":["BowlingBash","Sanctity","SashWhip"],"picked":"SKIP","floor":4.0},{"not_picked":["EmptyMind","Crescendo"],"picked":"FlurryOfBlows","floor":8.0},{"not_picked":["EmptyFist","PathToVictory"],"picked":"Evaluate","floor":10.0},{"not_picked":["ClearTheMind","Consecrate","Halt"],"picked":"SKIP","floor":12.0},{"not_picked":["MasterReality","BowlingBash"],"picked":"Prostrate","floor":13},{"not_picked":["Judgement","DevaForm"],"picked":"Devotion","floor":16},{"not_picked":[],"picked":"TalkToTheHand","floor":18},{"not_picked":["CrushJoints"],"picked":"SKIP","floor":19},{"not_picked":["InnerPeace"],"picked":"SKIP","floor":21},{"not_picked":["EmptyBody+1"],"picked":"SKIP","floor":25},{"not_picked":["Evaluate"],"picked":"SKIP","floor":27},{"not_picked":[],"picked":"Prostrate+1","floor":28},{"not_picked":["JustLucky"],"picked":"SKIP","floor":30},{"not_picked":["Meditate"],"picked":"SKIP","floor":31}],"player_experience":964906,"relics_obtained":[{"floor":9.0,"key":"Pantograph"},{"floor":26,"key":"PreservedInsect"}],"event_choices":[{"damage_healed":0.0,"max_hp_gain":0.0,"max_hp_loss":0.0,"gold_gain":0.0,"event_name":"Match and Keep!","player_choice":"1 cards matched","floor":7.0,"gold_loss":0.0,"damage_taken":0.0,"cards_obtained":["Omniscience"]},{"damage_healed":0,"gold_gain":0,"player_choice":"Opened","damage_taken":0,"relics_obtained":["Orichalcum"],"max_hp_gain":0,"max_hp_loss":0,"event_name":"The Mausoleum","floor":22,"gold_loss":0},{"damage_healed":0,"gold_gain":0,"player_choice":"Ignored","damage_taken":0,"max_hp_gain":0,"max_hp_loss":0,"event_name":"Ghosts","floor":24,"gold_loss":0}],"is_beta":false,"boss_relics":[{"not_picked":["Runic Dome","Astrolabe"],"picked":"Busted Crown"}],"items_purged_floors":[3,29],"is_endless":false,"potions_floor_spawned":[1,8,12,19,25,30,31],"killed_by":"Automaton","ascension_level":6}}