{"host":"bwv3g1hezaeonepb","time":1613129163,"event":{"mods":["Ascension Reborn","Aspiration","BaseMod","Colored Powertips","Conspire","Googly Eyes","KomeijiMod","Minty Spire (QoL Compilation)","Replay The Spire","Shop Mod","StSLib","The Construct","The Runesmith"],"gold_per_floor":[111,125,125,78,78,78,95,95,118,138,165,165,180,198,198,299,299,316,333,333,333,352,352,379,379,406,422,434,434,434],"floor_reached":29,"language":"ZHS","playtime":1286,"items_purged":[],"score":237,"play_id":"9ea0df8a-e07a-437c-97cb-e68507448ddc","local_time":"20210212192603","is_ascension_mode":true,"campfire_choices":[{"data":"Life Link","floor":6,"key":"SMITH"},{"data":"Thunderclap","floor":15,"key":"SMITH"},{"floor":23,"key":"REST"},{"floor":25,"key":"REST"}],"circlet_count":0,"master_deck":["Strike_R","Strike_R","Strike_R","Strike_R","Strike_R","Defend_R","Defend_R+1","Defend_R+1","Bash","Thunderclap+1","Life Link+1","JustLucky","Defy Death+1","Flying Knee","Demon Form","Blood for Blood+1","Blood for Blood","Twin Strike+1","Cleave"],"relics":["Burning Blood","aspiration:Nostalgia","Replay:M_StaffOfTheSnake","Toxic Egg 2","War Paint","Odd Mushroom","SlaversCollar","Strawberry","King of Hearts"],"acts_visited":["Exordium","TheCity"],"potions_floor_usage":[24],"damage_taken":[{"damage":6,"enemies":"Jaw Worm","floor":1,"turns":5},{"damage":13,"enemies":"2 Louse","floor":2,"turns":3},{"damage":0,"enemies":"Small Slimes","floor":7,"turns":3},{"damage":24,"enemies":"Exordium Thugs","floor":10,"turns":4},{"damage":34,"enemies":"The Mushroom Lair","floor":11,"turns":3},{"damage":6,"enemies":"Blue Slaver","floor":13,"turns":3},{"damage":3,"enemies":"Red Slaver","floor":14,"turns":5},{"damage":63,"enemies":"Hexaghost","floor":16,"turns":10},{"damage":40,"enemies":"Spheric Guardian","floor":18,"turns":6},{"damage":8,"enemies":"Chosen","floor":19,"turns":3},{"damage":39,"enemies":"Snake Plant","floor":22,"turns":4},{"damage":41,"enemies":"Book of Stabbing","floor":24,"turns":4},{"damage":30,"enemies":"3 Cultists","floor":27,"turns":4},{"damage":28,"enemies":"Shelled Parasite and Fungi","floor":28,"turns":5},{"damage":15,"enemies":"Snecko","floor":29,"turns":2}],"seed_played":"3685046422993985473","potions_obtained":[{"floor":2,"key":"Energy Potion"},{"floor":7,"key":"Doom Potion"},{"floor":14,"key":"Energy Potion"},{"floor":16,"key":"Adrenaline Potion"},{"floor":24,"key":"BloodPotion"}],"is_trial":false,"path_per_floor":["M","M","?","$","?","R","M","?","T","M","?","?","M","M","R","B",null,"M","M","?","?","M","R","E","R","T","M","M","M"],"character_chosen":"IRONCLAD","items_purchased":["JustLucky"],"campfire_rested":2,"item_purchase_floors":[4],"current_hp_per_floor":[80,73,73,73,73,73,79,79,79,61,33,80,80,80,80,23,80,46,44,44,52,19,43,32,58,58,34,12,0,0],"gold":434,"neow_bonus":"NOSTALGIA","is_daily":false,"chose_seed":false,"campfire_upgraded":2,"win_rate":0.0,"timestamp":1613129163,"path_taken":["M","M","?","$","?","R","M","?","T","M","?","?","M","?","R","BOSS","M","M","?","?","M","R","E","R","T","M","M","?"],"items_purchased_type":["Card"],"build_version":"2020-12-22","purchased_purges":0,"victory":false,"max_hp_per_floor":[80,80,80,80,80,80,80,80,80,80,80,80,80,80,80,80,80,80,80,80,80,80,80,87,87,87,87,87,87,87],"card_choices":[{"not_picked":["Flame Barrier","Sever Soul"],"picked":"Thunderclap","floor":1},{"not_picked":["Twin Strike","Armaments"],"picked":"Life Link","floor":2},{"not_picked":["Perfected Strike","Headbutt"],"picked":"Defy Death+1","floor":7},{"not_picked":["Vengeance+1","JustLucky","Impervious+1"],"picked":"SKIP","floor":10},{"not_picked":["Vengeance+1","Anger","Warcry+1"],"picked":"SKIP","floor":13},{"not_picked":["Sever Soul","Dagger Throw"],"picked":"Flying Knee","floor":14},{"not_picked":["Impervious+1","Die Die Die"],"picked":"Demon Form","floor":16},{"not_picked":["Sword Boomerang","Perfected Strike"],"picked":"Blood for Blood+1","floor":18},{"not_picked":["Entrench+1","Rage+1"],"picked":"Blood for Blood","floor":19},{"not_picked":["ReplayTheSpireMod:Limb From Limb","Pommel Strike"],"picked":"Twin Strike+1","floor":22},{"not_picked":["Defy Death+1","Thunderclap"],"picked":"Cleave","floor":24},{"not_picked":["Flex+1","Twin Strike","Sever Soul"],"picked":"SKIP","floor":27},{"not_picked":["Pommel Strike","Anger","Rampage"],"picked":"SKIP","floor":28}],"player_experience":3282,"relics_obtained":[{"floor":9,"key":"War Paint"},{"floor":11,"key":"Odd Mushroom"},{"floor":24,"key":"Strawberry"},{"floor":26,"key":"King of Hearts"}],"event_choices":[{"damage_healed":0,"gold_gain":0,"player_choice":"Fought Mushrooms","damage_taken":0,"max_hp_gain":0,"max_hp_loss":0,"event_name":"Mushrooms","floor":11,"gold_loss":0},{"cards_removed":["Life Link"],"damage_healed":47,"gold_gain":0,"player_choice":"Offered Uncommon","damage_taken":0,"max_hp_gain":0,"max_hp_loss":0,"event_name":"Bonfire Elementals","floor":12,"gold_loss":0}],"is_beta":false,"boss_relics":[{"not_picked":["Replay:Ancient Bell","Cursed Key"],"picked":"SlaversCollar"}],"items_purged_floors":[],"is_endless":false,"potions_floor_spawned":[2,7,14,16,19,24,27],"killed_by":"Snecko","ascension_level":0}}