{"host":"dnvpprmy3abbf89m","time":1613173445,"event":{"mods":["BaseMod","Colored Map","Minty Spire (QoL Compilation)","StSLib"],"gold_per_floor":[113,113,132,80,80,80,113,113,113,113,134,59,59,72,72,191,191,211,54,54,72,92,92,17,17,17],"floor_reached":25,"language":"ENG","playtime":1174,"items_purged":["Strike_R"],"score":274,"play_id":"11653033-04ce-4596-b343-5cdafe3da0e7","local_time":"20210213004405","is_ascension_mode":true,"campfire_choices":[{"data":"Armaments","floor":6.0,"key":"SMITH"},{"data":"Pommel Strike","floor":10.0,"key":"SMITH"},{"data":"Bash","floor":13.0,"key":"SMITH"},{"floor":15.0,"key":"REST"},{"floor":23,"key":"REST"}],"circlet_count":0,"master_deck":["Strike_R","Strike_R","Defend_R","Defend_R","Defend_R","Defend_R","Bash+1","Pummel","Pommel Strike+1","Armaments+1","Impervious","Burning Pact","Juggernaut","Entrench","Headbutt"],"relics":["Burning Blood","NeowsBlessing","Golden Idol","Odd Mushroom","Sozu","PreservedInsect"],"acts_visited":["Exordium","TheCity"],"potions_floor_usage":[16,16],"damage_taken":[{"damage":0.0,"enemies":"2 Louse","floor":1.0,"turns":1.0},{"damage":0.0,"enemies":"Cultist","floor":3.0,"turns":1.0},{"damage":0.0,"enemies":"The Mushroom Lair","floor":7.0,"turns":1.0},{"damage":0.0,"enemies":"Jaw Worm","floor":11.0,"turns":3.0},{"damage":22.0,"enemies":"Lots of Slimes","floor":14.0,"turns":5.0},{"damage":49,"enemies":"Hexaghost","floor":16,"turns":12},{"damage":16,"enemies":"Shell Parasite","floor":18,"turns":9},{"damage":9,"enemies":"Chosen","floor":21,"turns":6},{"damage":17,"enemies":"Snecko","floor":22,"turns":5},{"damage":62,"enemies":"Book of Stabbing","floor":25,"turns":7}],"seed_played":"-7017440262392123447","potions_obtained":[{"floor":1.0,"key":"SneckoOil"},{"floor":7.0,"key":"PowerPotion"},{"floor":14.0,"key":"BlessingOfTheForge"}],"is_trial":false,"path_per_floor":["M","?","M","$","?","R","?","?","T","R","M","$","R","M","R","B",null,"M","$","?","M","M","R","?","E"],"character_chosen":"IRONCLAD","items_purchased":["Armaments","PreservedInsect"],"campfire_rested":2,"item_purchase_floors":[4,19],"current_hp_per_floor":[78,78,80,80,60,60,66,59,59,59,65,65,65,49,73,30,68,58,58,52,49,38,62,62,0,0],"gold":17,"neow_bonus":"THREE_ENEMY_KILL","is_daily":false,"chose_seed":false,"campfire_upgraded":3,"win_rate":0.0,"timestamp":1613173445,"path_taken":["M","?","?","$","?","R","?","?","T","R","?","?","R","M","R","BOSS","M","$","?","?","M","R","?","E"],"items_purchased_type":["Card","Relic"],"build_version":"2020-12-22","purchased_purges":1,"victory":false,"max_hp_per_floor":[80,80,80,80,80,80,80,80,80,80,80,80,80,80,80,80,80,80,80,80,80,80,80,80,80,80],"card_choices":[{"not_picked":["Headbutt","Heavy Blade"],"picked":"Pummel","floor":1.0},{"not_picked":["Sword Boomerang","Clash"],"picked":"Pommel Strike","floor":3.0},{"not_picked":["Warcry","True Grit"],"picked":"Impervious","floor":7.0},{"not_picked":["Heavy Blade","Wild Strike","Thunderclap"],"picked":"SKIP","floor":11.0},{"not_picked":["Iron Wave","Anger"],"picked":"Burning Pact","floor":14.0},{"not_picked":["Brutality","Bludgeon"],"picked":"Juggernaut","floor":16},{"not_picked":["Havoc","Hemokinesis"],"picked":"Entrench","floor":18},{"not_picked":["Headbutt","Armaments","Perfected Strike"],"picked":"SKIP","floor":21},{"not_picked":["Armaments","Perfected Strike"],"picked":"Headbutt","floor":21},{"not_picked":["Anger","Pommel Strike","Thunderclap+1"],"picked":"SKIP","floor":22}],"player_experience":855188,"relics_obtained":[{"floor":7.0,"key":"Odd Mushroom"}],"event_choices":[{"damage_healed":0.0,"max_hp_gain":0.0,"max_hp_loss":0.0,"gold_gain":0.0,"event_name":"The Woman in Blue","player_choice":"Bought 0 Potions","floor":2.0,"gold_loss":0.0,"damage_taken":0.0},{"damage_healed":0.0,"max_hp_gain":0.0,"max_hp_loss":0.0,"gold_gain":0.0,"event_name":"Golden Idol","player_choice":"Take Damage","floor":5.0,"gold_loss":0.0,"damage_taken":20.0,"relics_obtained":["Golden Idol"]},{"damage_healed":0.0,"max_hp_gain":0.0,"max_hp_loss":0.0,"gold_gain":0.0,"event_name":"Mushrooms","player_choice":"Fought Mushrooms","floor":7.0,"gold_loss":0.0,"damage_taken":0.0},{"cards_removed":["Strike_R"],"damage_healed":0.0,"max_hp_gain":0.0,"max_hp_loss":0.0,"gold_gain":0.0,"event_name":"Golden Wing","player_choice":"Card Removal","floor":8.0,"gold_loss":0.0,"damage_taken":7.0},{"damage_healed":0,"gold_gain":0,"player_choice":"","damage_taken":6,"max_hp_gain":0,"max_hp_loss":0,"event_name":"Knowing Skull","floor":20,"potions_obtained":[],"gold_loss":0,"cards_obtained":[]},{"cards_removed":["Strike_R"],"damage_healed":0,"gold_gain":0,"player_choice":"Gave Gold","damage_taken":0,"max_hp_gain":0,"max_hp_loss":0,"event_name":"Beggar","floor":24,"gold_loss":75}],"is_beta":false,"boss_relics":[{"not_picked":["Coffee Dripper","Black Star"],"picked":"Sozu"}],"items_purged_floors":[12],"is_endless":false,"potions_floor_spawned":[1,7,14,21],"killed_by":"Book of Stabbing","ascension_level":9}}