{"host":"0ueeacaatm8t6jyh","time":1613130595,"event":{"mods":["AchievementEnabler","BaseMod","Colored Powertips","Minty Spire (QoL Compilation)","Quick Restart","Rare Cards Sparkle","Shop Mod","StSLib"],"gold_per_floor":[109,34,34,48,123,156,136,151,151,161,161,172,12,24,24,24,24,24],"floor_reached":17,"language":"ZHS","playtime":358,"items_purged":["Defend_P"],"score":257,"play_id":"c830cfa2-459a-4b67-a9cc-0a40799cadb3","local_time":"20210212194955","is_ascension_mode":true,"campfire_choices":[{"data":"Eruption","floor":15.0,"key":"SMITH"},{"data":"MentalFortress","floor":16.0,"key":"SMITH"}],"circlet_count":0,"master_deck":["AscendersBane","Strike_P","Strike_P","Strike_P","Strike_P","Defend_P","Defend_P","Defend_P","Eruption+1","Vigilance","InnerPeace","MentalFortress+1","Brilliance"],"relics":["PureWater","NeowsBlessing","FaceOfCleric","Eternal Feather","Ancient Tea Set","Bottled Lightning"],"acts_visited":["Exordium"],"potions_floor_usage":[17],"damage_taken":[{"damage":0.0,"enemies":"Jaw Worm","floor":1.0,"turns":1.0},{"damage":0.0,"enemies":"Cultist","floor":4.0,"turns":1.0},{"damage":0.0,"enemies":"3 Sentries","floor":6.0,"turns":2.0},{"damage":10.0,"enemies":"2 Louse","floor":8.0,"turns":3.0},{"damage":14.0,"enemies":"Large Slime","floor":10.0,"turns":4.0},{"damage":6.0,"enemies":"Red Slaver","floor":12.0,"turns":4.0},{"damage":5.0,"enemies":"Exordium Wildlife","floor":14.0,"turns":5.0},{"damage":34,"enemies":"Slime Boss","floor":17,"turns":6}],"seed_played":"2052416871554369600","potions_obtained":[{"floor":4.0,"key":"EssenceOfSteel"},{"floor":7.0,"key":"PowerPotion"},{"floor":12.0,"key":"AttackPotion"}],"is_trial":false,"path_per_floor":["M","$","?","M","?","E","?","M","T","M","T","M","$","M","R","R","B"],"character_chosen":"WATCHER","items_purchased":["Brilliance"],"campfire_rested":0,"item_purchase_floors":[13],"current_hp_per_floor":[61,61,61,62,51,52,52,43,43,30,30,25,25,21,27,33,0,0],"gold":24,"neow_bonus":"THREE_ENEMY_KILL","is_daily":false,"chose_seed":false,"campfire_upgraded":2,"win_rate":0.0,"timestamp":1613130595,"path_taken":["M","$","?","?","?","E","?","M","T","?","?","M","?","M","R","R","BOSS"],"items_purchased_type":["Card"],"build_version":"2020-12-22","purchased_purges":1,"victory":false,"max_hp_per_floor":[68,68,68,69,69,70,70,71,71,72,72,73,73,74,74,74,74,74],"card_choices":[{"not_picked":["Protect","LikeWater","FollowUp"],"picked":"SKIP","floor":1.0},{"not_picked":["BattleHymn","ClearTheMind","FollowUp"],"picked":"SKIP","floor":4.0},{"not_picked":["Consecrate","Collect","Weave"],"picked":"SKIP","floor":6.0},{"not_picked":["WheelKick","CrushJoints"],"picked":"InnerPeace","floor":8.0},{"not_picked":["ClearTheMind","PathToVictory"],"picked":"MentalFortress","floor":10.0},{"not_picked":["Protect","SashWhip","Conclude"],"picked":"SKIP","floor":12.0},{"not_picked":["EmptyBody","WreathOfFlame","SashWhip"],"picked":"SKIP","floor":14.0}],"player_experience":526431,"relics_obtained":[{"floor":6.0,"key":"Eternal Feather"},{"floor":9.0,"key":"Ancient Tea Set"},{"floor":11.0,"key":"Bottled Lightning"}],"event_choices":[{"damage_healed":0.0,"max_hp_gain":0.0,"max_hp_loss":0.0,"gold_gain":0.0,"event_name":"FaceTrader","player_choice":"Trade","floor":3.0,"gold_loss":0.0,"damage_taken":0.0,"relics_obtained":["FaceOfCleric"]},{"damage_healed":0.0,"max_hp_gain":0.0,"max_hp_loss":0.0,"gold_gain":75.0,"event_name":"World of Goop","player_choice":"Gather Gold","floor":5.0,"gold_loss":0.0,"damage_taken":11.0},{"damage_healed":0.0,"max_hp_gain":0.0,"max_hp_loss":0.0,"gold_gain":0.0,"event_name":"The Woman in Blue","player_choice":"Bought 1 Potion","floor":7.0,"gold_loss":0.0,"damage_taken":0.0}],"is_beta":false,"boss_relics":[],"items_purged_floors":[2],"is_endless":false,"potions_floor_spawned":[4,8,12],"killed_by":"Slime Boss","ascension_level":19}}