{"host":"8xqrs3rh9uxfv7nb","time":1613135885,"event":{"mods":["AchievementEnabler","BaseMod","Colored Powertips","FruityMod","Koishi","KomeijiMod","Minty Spire (QoL Compilation)","Permanent Neow","StSLib","UnlockEverythingMod"],"gold_per_floor":[119,47,47,222,222,254,271,318,318,318,359,368,368,368,368,474,474,494,593,613,538,547,590,2357,2383,2430,2449,2462,2462,0,11,11,116,116,152,152,152,203,203,257,1693,1539,1539,1404,1419,1419],"floor_reached":45,"language":"ENG","playtime":4451,"items_purged":["Doubt","Defend_Komeiji+1","Strike_Komeiji+1"],"score":803,"play_id":"ce550c66-40e6-4c09-a481-e5889053ea4b","local_time":"20210212141805","is_ascension_mode":false,"campfire_choices":[{"data":"Dash_Komeiji","floor":10,"key":"SMITH"},{"floor":12,"key":"REST"},{"floor":15,"key":"RECALL"},{"data":"1","floor":29,"key":"LIFT"},{"data":"2","floor":32,"key":"LIFT"}],"circlet_count":13,"master_deck":["Strike_Komeiji+1","Dash_Komeiji+1","SeekerDolls+1","NingyouFukuhei+1","NingyouKisou+1","JyouchiJin+1","NingyouFukuhei+1","GasuOrimono+1","NingyouSP+1","NingyouFukuhei+1","NarrowSpark+1","PerfectMaid+1","NarrowSpark+1","SeekerWire+1","GasuOrimono+1","LittleLegion+1","FreezeTouchMe+1","TerribleSouvenir+1","GasuOrimono+1","SeekerWire+1","TerribleSouvenir+1","SemiAutomaton+1","GasuOrimono+1"],"relics":["KomeijisEye","SpellCardsRule","MusicBox","Ancient Tea Set","Lantern","WingedGreaves","Bottled Lightning","CeramicFish","White Beast Statue","Dream Catcher","CrystalOfMemory","SlaversCollar","SacredBark","Black Star","Enchiridion","MigarariNingyou","Molten Egg 2","Mango","Juzu Bracelet","Membership Card","The Courier","ClockworkSouvenir","Bronze Scales","Toy Ornithopter","Omamori","Blue Candle","Oddly Smooth Stone","MealTicket","Nunchaku","PreservedInsect","Ornamental Fan","Bag of Preparation","Letter Opener","Kunai","RingOfDollmaker","Pen Nib","Incense Burner","Gambling Chip","TungstenRod","Blood Vial","SpellExtend","Girya","Bag of Marbles","Meat on the Bone","ShirouKen","Toxic Egg 2","Matryoshka","Potion Belt","Whetstone","ColorfulQuillpen","Orichalcum","War Paint","Darkstone Periapt","InkBottle","Sundial","Pear","Gremlin Horn","Torii","Vajra","Dead Branch","Boot","Lizard Tail","Happy Flower","Shuriken","Tiny Chest","Akabeko","Centennial Puzzle","Ginger","Regal Pillow","Art of War","Anchor","HoshigumaDish","Strawberry","Question Card","StrikeDummy","Mercury Hourglass","Mummified Hand","Pantograph","Prayer Wheel","Singing Bowl","Frozen Egg 2","Du-Vu Doll","Bird Faced Urn","KyoryuNoHagoromo","FossilizedHelix","Peace Pipe","Ice Cream","Thread and Needle","Unceasing Top","Calipers","Turnip","CaptainsWheel","StoneCalendar","Pocketwatch","Circlet","WordlessDocument","Empty Cage","Mark of the Bloom","Medical Kit","Membership Card","Sling"],"acts_visited":["Exordium","TheCity","TheBeyond"],"potions_floor_usage":[11,14,14,25],"damage_taken":[{"damage":2.0,"enemies":"Jaw Worm","floor":1.0,"turns":6.0},{"damage":15.0,"enemies":"3 Sentries","floor":6.0,"turns":6.0},{"damage":7.0,"enemies":"Small Slimes","floor":7.0,"turns":5.0},{"damage":11,"enemies":"Gremlin Nob","floor":11,"turns":6},{"damage":0,"enemies":"The Guardian","floor":16,"turns":13},{"damage":5,"enemies":"Chosen","floor":18,"turns":9},{"damage":46,"enemies":"3 Byrds","floor":20,"turns":7},{"damage":12,"enemies":"Gremlin Leader","floor":23,"turns":9},{"damage":0,"enemies":"Book of Stabbing","floor":25,"turns":4},{"damage":0,"enemies":"Snake Plant","floor":27,"turns":2},{"damage":0,"enemies":"3 Cultists","floor":28,"turns":1},{"damage":0,"enemies":"Chosen and Byrds","floor":31,"turns":1},{"damage":0,"enemies":"Automaton","floor":33,"turns":5},{"damage":0,"enemies":"3 Shapes","floor":35,"turns":1},{"damage":0,"enemies":"2 Orb Walkers","floor":40,"turns":1},{"damage":0,"enemies":"Orb Walker","floor":45,"turns":3}],"seed_played":"-4086237623968567635","potions_obtained":[{"floor":6.0,"key":"Fire Potion"},{"floor":11,"key":"SteroidPotion"},{"floor":14,"key":"Fruit Juice"},{"floor":14,"key":"Fruit Juice"},{"floor":14,"key":"SteroidPotion"},{"floor":20,"key":"DuplicationPotion"},{"floor":25,"key":"Fire Potion"},{"floor":27,"key":"SkillPotion"},{"floor":28,"key":"Swift Potion"},{"floor":33,"key":"EssenceOfSteel"},{"floor":40,"key":"ColorlessPotion"}],"is_trial":false,"path_per_floor":["M","$","?","?","?","E","M","$","T","R","E","R","?","?","R","B",null,"M","?","M","?","?","E","$","E","T","M","M","R","?","M","R","B",null,"M","?","?","T","?","?","$","$","T","$","M"],"character_chosen":"KomeijiSatori","items_purchased":["NingyouFukuhei+1","NingyouKisou+1","Bottled Lightning","NingyouFukuhei+1","CeramicFish","CultistPotion","Mango","Juzu Bracelet","ClockworkSouvenir","Bronze Scales","Toy Ornithopter","Omamori","Blue Candle","Oddly Smooth Stone","MealTicket","Nunchaku","PreservedInsect","Ornamental Fan","Bag of Preparation","Letter Opener","Kunai","RingOfDollmaker","Pen Nib","Incense Burner","Gambling Chip","TungstenRod","Blood Vial","SpellExtend","Girya","Bag of Marbles","Meat on the Bone","ShirouKen","Toxic Egg 2","Matryoshka","Potion Belt","Whetstone","ColorfulQuillpen","Orichalcum","War Paint","Darkstone Periapt","InkBottle","Sundial","Pear","Gremlin Horn","Torii","Vajra","Dead Branch","Boot","Lizard Tail","Happy Flower","Shuriken","Tiny Chest","Akabeko","Centennial Puzzle","Ginger","Regal Pillow","Art of War","Anchor","HoshigumaDish","Strawberry","Question Card","StrikeDummy","Mercury Hourglass","Mummified Hand","Pantograph","Prayer Wheel","Singing Bowl","Frozen Egg 2","Du-Vu Doll","Bird Faced Urn","KyoryuNoHagoromo","FossilizedHelix","Peace Pipe","Ice Cream","Thread and Needle","Unceasing Top","Calipers","Turnip","CaptainsWheel","StoneCalendar","Pocketwatch","Circlet","Circlet","Circlet","Circlet","Circlet","Circlet","Medical Kit","LittleLegion+1","FreezeTouchMe+1","TerribleSouvenir+1","Membership Card","GasuOrimono+1","SeekerWire+1","TerribleSouvenir+1","Sling","SemiAutomaton+1","GasuOrimono+1"],"campfire_rested":1,"item_purchase_floors":[2,2,8,8,8,8,24,24,24,24,24,24,24,24,24,24,24,24,24,24,24,24,24,24,24,24,24,24,24,24,24,24,24,24,24,24,24,24,24,24,24,24,24,24,24,24,24,24,24,24,24,24,24,24,24,24,24,24,24,24,24,24,24,24,24,24,24,24,24,24,24,24,24,24,24,24,24,24,24,24,24,24,24,24,24,24,41,41,41,41,41,42,42,42,42,44,44,44],"current_hp_per_floor":[48,48,41,41,46,31,24,24,24,24,16,32,32,42,42,42,65,60,60,14,14,14,2,33,58,58,66,72,72,72,84,84,112,112,112,112,112,112,112,112,112,112,112,112,112,112],"gold":1419,"neow_bonus":"RANDOM_COMMON_RELIC","is_daily":false,"chose_seed":false,"campfire_upgraded":1,"win_rate":0.0,"timestamp":1613135885,"path_taken":["M","$","?","?","?","E","M","$","T","R","E","R","?","?","R","BOSS","M","?","M","?","?","E","?","E","T","M","M","R","?","M","R","BOSS","M","?","?","?","?","?","?","$","T","$","M"],"items_purchased_type":["Card","Card","Relic","Card","Relic","Potion","Relic","Relic","Relic","Relic","Relic","Relic","Relic","Relic","Relic","Relic","Relic","Relic","Relic","Relic","Relic","Relic","Relic","Relic","Relic","Relic","Relic","Relic","Relic","Relic","Relic","Relic","Relic","Relic","Relic","Relic","Relic","Relic","Relic","Relic","Relic","Relic","Relic","Relic","Relic","Relic","Relic","Relic","Relic","Relic","Relic","Relic","Relic","Relic","Relic","Relic","Relic","Relic","Relic","Relic","Relic","Relic","Relic","Relic","Relic","Relic","Relic","Relic","Relic","Relic","Relic","Relic","Relic","Relic","Relic","Relic","Relic","Relic","Relic","Relic","Relic","Undefined","Undefined","Undefined","Undefined","Undefined","Undefined","Relic","Card","Card","Card","Relic","Card","Card","Card","Relic","Card","Card"],"build_version":"2020-12-22","purchased_purges":3,"victory":false,"max_hp_per_floor":[50,50,50,50,55,55,55,55,55,55,55,55,55,65,65,65,65,65,65,65,65,65,65,96,98,98,102,106,106,106,110,110,112,112,112,112,112,112,112,114,114,114,114,114,114,114],"card_choices":[{"not_picked":["DemonLordCradle","RoshinSou+1"],"picked":"SeekerDolls","floor":1.0},{"not_picked":["ShyakuBuku","DemonLordCradle","SeishiRoten+1"],"picked":"SKIP","floor":6.0},{"not_picked":["VampireKiss","LunaDial"],"picked":"JyouchiJin+1","floor":7.0},{"not_picked":["NingyouYunhei+1","NingyouSousou+1"],"picked":"GasuOrimono","floor":11},{"not_picked":["JyouchiJin+1","SeishiRoten+1"],"picked":"NingyouSP+1","floor":12},{"not_picked":["IceTornado","HisouTensoku"],"picked":"HelanNingyou","floor":16},{"not_picked":["KoKei+1","NingyouMusou+1"],"picked":"NingyouFukuhei+1","floor":18},{"not_picked":["Melting","KeiseiJin+1"],"picked":"NarrowSpark","floor":20},{"not_picked":["NingyouShinki+1","EverywhereHibernate"],"picked":"NarrowSpark+1","floor":23},{"not_picked":["GroundStardust+1","NingyouKisou+1","Mishyaguji+1","KokorosuKi+1"],"picked":"Singing Bowl","floor":25},{"not_picked":["SelfTokamak+1","EnMu+1","KeiseiJin+1","KinbakuJin+1"],"picked":"Singing Bowl","floor":27},{"not_picked":["EnMu+1","InscribeRedSoul+1","YoukiSo+1","NarrowSpark+1"],"picked":"Singing Bowl","floor":27},{"not_picked":["ArtfulChanter+1","KouPou+1","RikonNoKama+1","HenyouMirume+1"],"picked":"Singing Bowl","floor":28},{"not_picked":["DemonsDinnerFork+1","DemonLordCradle+1","NingyouFukuhei+1","GroundStardust+1"],"picked":"Singing Bowl","floor":28},{"not_picked":["DemonLordCradle+1","Melting+1","NingyouShinki+1","KinbakuJin+1"],"picked":"Singing Bowl","floor":31},{"not_picked":["NingyouKisou+1","Melting+1","NingyouShinki+1","HisouNoKen+1"],"picked":"Singing Bowl","floor":31},{"not_picked":["EverywhereHibernate+1","HelanNingyou+1","SemiAutomaton+1","MusouMyousyu+1"],"picked":"Singing Bowl","floor":33},{"not_picked":["Agarareta+1","NingyouOkisou+1","HagoromoMizu+1"],"picked":"SeekerWire+1","floor":35},{"not_picked":["DemonLordCradle+1","Agarareta+1","Melting+1"],"picked":"GasuOrimono+1","floor":35},{"not_picked":["NingyouSP+1","Agarareta+1","KoKei+1","Mishyaguji+1"],"picked":"Singing Bowl","floor":40},{"not_picked":["NingyouShinki+1","MusuNoYume+1","SeekerDolls+1","VampireKiss+1"],"picked":"SKIP","floor":45},{"not_picked":["RikonNoKama+1","NarrowSpark+1","SatsujinDooru+1","NingyouFukuhei+1"],"picked":"SKIP","floor":45}],"player_experience":146161,"relics_obtained":[{"floor":6.0,"key":"WingedGreaves"},{"floor":9,"key":"White Beast Statue"},{"floor":11,"key":"Dream Catcher"},{"floor":11,"key":"CrystalOfMemory"},{"floor":23,"key":"MigarariNingyou"},{"floor":23,"key":"Molten Egg 2"},{"floor":25,"key":"Circlet"},{"floor":25,"key":"Circlet"},{"floor":26,"key":"Circlet"},{"floor":38,"key":"Circlet"},{"floor":38,"key":"Circlet"},{"floor":40,"key":"Circlet"},{"floor":43,"key":"Circlet"}],"event_choices":[{"damage_healed":0.0,"max_hp_gain":0.0,"max_hp_loss":0.0,"gold_gain":0.0,"event_name":"Scrap Ooze","player_choice":"Success","floor":3.0,"gold_loss":0.0,"damage_taken":7.0,"relics_obtained":["Lantern"]},{"damage_healed":0.0,"max_hp_gain":0.0,"max_hp_loss":0.0,"gold_gain":175.0,"event_name":"Liars Game","player_choice":"AGREE","floor":4.0,"gold_loss":0.0,"damage_taken":0.0,"cards_obtained":["Doubt"]},{"damage_healed":0.0,"max_hp_gain":5.0,"max_hp_loss":0.0,"gold_gain":0.0,"event_name":"Big Fish","player_choice":"Donut","floor":5.0,"gold_loss":0.0,"damage_taken":0.0},{"cards_removed":["Strike_Komeiji"],"damage_healed":0,"gold_gain":0,"player_choice":"Forget","damage_taken":0,"max_hp_gain":0,"max_hp_loss":0,"event_name":"Living Wall","floor":13,"gold_loss":0},{"damage_healed":0,"gold_gain":0,"player_choice":"Got Potions","damage_taken":0,"max_hp_gain":0,"max_hp_loss":0,"event_name":"Lab","floor":14,"gold_loss":0},{"damage_healed":0,"gold_gain":99,"player_choice":"Stole From Cult","damage_taken":0,"max_hp_gain":0,"max_hp_loss":0,"event_name":"Nest","floor":19,"gold_loss":0},{"cards_removed":["Defend_Komeiji"],"damage_healed":0,"gold_gain":0,"player_choice":"Gave Gold","damage_taken":0,"max_hp_gain":0,"max_hp_loss":0,"event_name":"Beggar","floor":21,"gold_loss":75},{"cards_removed":["HelanNingyou"],"damage_healed":0,"gold_gain":0,"player_choice":"Removed Skill","damage_taken":0,"max_hp_gain":0,"max_hp_loss":0,"event_name":"Falling","floor":36,"gold_loss":0},{"cards_removed":["Defend_Komeiji"],"damage_healed":0,"gold_gain":0,"player_choice":"Purged","damage_taken":0,"max_hp_gain":0,"max_hp_loss":0,"event_name":"Purifier","floor":37,"gold_loss":0},{"damage_healed":0,"gold_gain":0,"player_choice":"Upgrade","damage_taken":0,"relics_obtained":["Mark of the Bloom"],"max_hp_gain":0,"max_hp_loss":0,"event_name":"MindBloom","floor":39,"gold_loss":0,"cards_upgraded":["Strike_Komeiji","GasuOrimono"]},{"damage_healed":0,"gold_gain":0,"player_choice":"Fight","damage_taken":0,"max_hp_gain":0,"max_hp_loss":0,"event_name":"Mysterious Sphere","floor":40,"gold_loss":0}],"is_beta":false,"boss_relics":[{"not_picked":["Runic Dome","Runic Pyramid","Coffee Dripper"]},{"not_picked":["Calling Bell","Cursed Key"],"picked":"Empty Cage"}],"items_purged_floors":[8,41,42],"is_endless":false,"potions_floor_spawned":[6,11,16,18,20,23,25,27,28,31,33,35,40,45],"killed_by":"Orb Walker","ascension_level":0}}