{"host":"8t5dkgm85abdp22d","time":1613117955,"event":{"mods":["Act Like it!","BaseMod","Colored Powertips","Gensokyo","Hallownest","Luminous","Minty Spire (QoL Compilation)","Prisma Mod","Reimu£®≤©¿ˆ¡È√Œ£©","Reliquary","Ryuuou¡˙Õı","SIMod","StSLib","The Bug Knight","TheWitcher","UnlockEverythingMod","Waifu the Spire","Yakumo Yukari mod","°æ“≈ŒÔø®≈∆°øREMEMod","≤–¡Ù÷ÆŒÔ"],"gold_per_floor":[110,128,128,53,68,95,95,109,132,132,234,234,234],"floor_reached":12,"language":"ZHS","playtime":564,"items_purged":[],"score":78,"play_id":"5c00e73e-53f2-4806-95e1-c4ef5f955176","local_time":"20210212161915","is_ascension_mode":false,"campfire_choices":[{"data":"PrismaMod:MiyuUncommonDexBuff","floor":7.0,"key":"SMITH"}],"circlet_count":0,"master_deck":["PrismaMod:MiyuCommonDefend","PrismaMod:MiyuCommonDefend","PrismaMod:MiyuCommonDefend","PrismaMod:MiyuCommonDefend","PrismaMod:MiyuCommonAttack","PrismaMod:MiyuCommonAttack","PrismaMod:MiyuCommonAttack","PrismaMod:MiyuCommonAttack","PrismaMod:MiyuCommonAttack","PrismaMod:MiyuCheapChannelAttack","PrismaMod:MiyuCheapChannelDefend","RunawayExorcism:ReiMu","PrismaMod:MiyuMaid","Hallownest:skillGreenpathMap","PrismaMod:MiyuEvokeCheapAttack","PrismaMod:MiyuUncommonDexBuff+1","PrismaMod:MiyuUberAttack","PrismaMod:MiyuCarnivalDefend"],"relics":["PrismaMod:PrismaSapphire","REME_ComplimentaryCards","NeowsBlessing","reliquary:Boomerang","Potion Belt","Runic Dome"],"acts_visited":["Exordium","TheCity"],"potions_floor_usage":[],"damage_taken":[{"damage":0.0,"enemies":"Hallownest:monsterHuskWarrior","floor":1.0,"turns":1.0},{"damage":0.0,"enemies":"Hallownest:2_MossCreeps","floor":2.0,"turns":1.0},{"damage":0.0,"enemies":"Hallownest:2_Tiktiks_and_1_Crawlid","floor":5.0,"turns":3.0},{"damage":17.0,"enemies":"Hallownest:eliteMossKnight","floor":6.0,"turns":12.0},{"damage":4.0,"enemies":"Hallownest:Wandering_and_Horned","floor":8.0,"turns":4.0},{"damage":45.0,"enemies":"Hallownest:BossHornet","floor":11.0,"turns":8.0}],"seed_played":"7400211767114951329","potions_obtained":[{"floor":1.0,"key":"FairyPotion"},{"floor":5.0,"key":"AttackPotion"},{"floor":6.0,"key":"Energy Potion"},{"floor":11.0,"key":"GrandPatriotsElixir:ReiMu"}],"is_trial":false,"path_per_floor":["M","M","?","?","M","E","R","M","T","?","B",null],"character_chosen":"MIYU","items_purchased":[],"campfire_rested":0,"item_purchase_floors":[],"current_hp_per_floor":[75,75,75,75,75,58,58,54,54,54,13,75,75],"gold":234,"neow_bonus":"THREE_ENEMY_KILL","is_daily":false,"chose_seed":false,"campfire_upgraded":1,"win_rate":0.0,"timestamp":1613117955,"path_taken":["M","M","?","?","M","E","R","M","T","?","BOSS"],"items_purchased_type":[],"build_version":"2020-12-22","purchased_purges":0,"victory":false,"max_hp_per_floor":[75,75,75,75,75,75,75,75,75,75,75,75,75],"card_choices":[{"not_picked":["PrismaMod:MiyuUncommonAOEAttack","PrismaMod:MiyuCheapChannelVul","PrismaMod:MiyuEvokeBuffDex"],"picked":"SKIP","floor":1.0},{"not_picked":["PrismaMod:MiyuAttackChannelWeak","PrismaMod:MiyuUncommonAOEAttack"],"picked":"PrismaMod:MiyuMaid","floor":2.0},{"not_picked":["PrismaMod:MiyuUncommonAttack","PrismaMod:MiyuCheapStrBuff"],"picked":"PrismaMod:MiyuEvokeCheapAttack","floor":5.0},{"not_picked":["PrismaMod:MiyuMaid","PrismaMod:MiyuUncommonPlate"],"picked":"PrismaMod:MiyuUncommonDexBuff","floor":6.0},{"not_picked":["PrismaMod:MiyuCommonAOEAttack","PrismaMod:MiyuEvokeBuffStr"],"picked":"PrismaMod:MiyuUberAttack","floor":8.0},{"not_picked":["PrismaMod:MiyuDefendChannelDefend","PrismaMod:MiyuBride"],"picked":"PrismaMod:MiyuCarnivalDefend","floor":11.0}],"player_experience":97073,"relics_obtained":[{"floor":6.0,"key":"reliquary:Boomerang"},{"floor":9.0,"key":"Potion Belt"}],"event_choices":[],"is_beta":false,"boss_relics":[{"not_picked":["Sozu","Fusion Hammer"],"picked":"Runic Dome"}],"items_purged_floors":[],"is_endless":false,"potions_floor_spawned":[1,5,6,11],"ascension_level":0}}