{"host":"6jrnojxwearbrjzo","time":1613156880,"event":{"mods":["BaseMod","Conspire","Minty Spire (QoL Compilation)","MostiFishMod","Quick Restart","Random Character Button","Spicy Shops","StSLib","The Servant 0.9.4","[功能]功能增强和修复MOD","篝火指南"],"gold_per_floor":[110,285,285,100,116,151,190,215,262,287,287,321,129,129,129,225,225,240,18,117,117,32,3,3,3,26,60,60,95,95,130,130,232,232,249,249,249,52,0,27,54,154,154,188,66,66,50,50,50,50],"floor_reached":51,"language":"ZHS","playtime":1232,"items_purged":["Doubt","Defend_P","Defend_P","Strike_P","Defend_P"],"score":1637,"play_id":"1b317521-ada4-49fb-9e1a-fec6085b88fb","local_time":"20210213030800","is_ascension_mode":true,"campfire_choices":[{"floor":15,"key":"REST"},{"data":"MostiFishMod:Disappear","floor":25,"key":"SMITH"},{"data":"LessonLearned","floor":28,"key":"SMITH"},{"data":"ClearTheMind","floor":30,"key":"SMITH"},{"data":"Crescendo","floor":32,"key":"SMITH"},{"data":"Madness","floor":49,"key":"SMITH"}],"circlet_count":0,"master_deck":["Strike_P+1","Defend_P+1","Eruption+1","Vigilance+1","SignatureMove+1","Crescendo+1","MostiFishMod:FlowState+1","MostiFishMod:Disappear+1","ClearTheMind+1","FlurryOfBlows+1","Madness+1","MostiFishMod:ButterFly"],"relics":["DaveBox","BirthdayGift-Tetrahedron","conspire:SlowCooker","SynthV:TestCard","Sundial","Whetstone","Dream Catcher","Nunchaku","conspire:DecoderRing","Chemical X","Anchor","Mercury Hourglass","Regal Pillow","Bag of Marbles","Vajra","Shuriken","Juzu Bracelet","War Paint","InkBottle","Bronze Scales","White Beast Statue","Frozen Eye","PatriotShield","Frozen Egg 2","Incense Burner","Melange","HornCleat","Oddly Smooth Stone","Orichalcum","PreservedInsect","Centennial Puzzle","Tiny Chest","Blood Vial","Torii","xbg","Strawberry","Sling","Pen Nib","TeardropLocket","conspire:TopHat","Potion Belt","ClockworkSouvenir","Red Mask","Lizard Tail","Akabeko","ImprovedEquipment","SynthV:C4","Unceasing Top","Ying","MealTicket","ChiLing","Chi","Ling"],"acts_visited":["Exordium","TheCity","TheBeyond"],"potions_floor_usage":[6,7,16,27],"damage_taken":[{"damage":8,"enemies":"Jaw Worm","floor":1,"turns":2},{"damage":2,"enemies":"Cultist","floor":5,"turns":2},{"damage":2,"enemies":"Gremlin Nob","floor":6,"turns":2},{"damage":2,"enemies":"conspire:MimicChest","floor":7,"turns":2},{"damage":3,"enemies":"3 Sentries","floor":8,"turns":2},{"damage":4,"enemies":"Lagavulin","floor":10,"turns":3},{"damage":4,"enemies":"3 Sentries","floor":12,"turns":3},{"damage":34,"enemies":"Hexaghost","floor":16,"turns":3},{"damage":2,"enemies":"Chosen","floor":18,"turns":2},{"damage":2,"enemies":"Slavers","floor":27,"turns":2},{"damage":2,"enemies":"conspire:Head Lice","floor":29,"turns":2},{"damage":2,"enemies":"conspire:SneckoGhost","floor":31,"turns":2},{"damage":4,"enemies":"conspire:MysteriousRune","floor":33,"turns":3},{"damage":0,"enemies":"Orb Walker","floor":35,"turns":1},{"damage":4,"enemies":"Nemesis","floor":40,"turns":3},{"damage":0,"enemies":"Reptomancer","floor":44,"turns":1},{"damage":3,"enemies":"Donu and Deca","floor":50,"turns":1}],"seed_played":"-1367107560143890768","potions_obtained":[{"floor":1,"key":"BlessingOfTheForge"},{"floor":5,"key":"Energy Potion"},{"floor":6,"key":"Fruit Juice"},{"floor":8,"key":"Regen Potion"},{"floor":10,"key":"PowerPotion"},{"floor":16,"key":"AttackPotion"},{"floor":27,"key":"Energy Potion"},{"floor":40,"key":"Fruit Juice"},{"floor":40,"key":"Energy Potion"}],"is_trial":false,"path_per_floor":["M","?","T","$","M","E","?","E","T","E","?","E","$","?","R","B",null,"M","$","?","?","?","$","?","R","T","E","R","E","R","E","R","B",null,"M","?","?","$","?","E","T","?","T","E","R","?","R","?","R","B",null],"character_chosen":"WATCHER","items_purchased":["SignatureMove","Whetstone","Dream Catcher","Nunchaku","conspire:DecoderRing","Chemical X","War Paint","InkBottle","Bronze Scales","White Beast Statue","Frozen Eye","Frozen Egg 2","Incense Burner","Melange","HornCleat","Oddly Smooth Stone","PreservedInsect","Sling","Pen Nib","TeardropLocket","conspire:TopHat","Potion Belt","ClockworkSouvenir","Unceasing Top","Ying","MealTicket","ChiLing"],"campfire_rested":1,"item_purchase_floors":[4,4,4,4,4,4,13,13,13,13,13,19,19,19,19,19,23,38,38,38,38,38,38,45,45,45,47],"current_hp_per_floor":[57,57,57,57,55,58,56,53,53,49,42,38,38,38,76,42,68,66,66,66,66,66,66,66,66,66,64,64,62,62,62,62,60,73,75,75,82,82,82,80,80,80,80,82,82,94,94,84,84,91],"gold":50,"neow_bonus":"BOSS_RELIC","is_daily":false,"chose_seed":false,"campfire_upgraded":5,"win_rate":0.0,"timestamp":1613156880,"path_taken":["M","?","?","$","?","E","?","E","T","E","?","E","?","?","R","BOSS","M","$","?","?","?","?","?","R","T","E","R","E","R","E","R","BOSS","M","?","?","$","?","E","?","?","T","E","R","?","R","?","R","BOSS"],"items_purchased_type":["Card","Relic","Relic","Relic","Relic","Relic","Relic","Relic","Relic","Relic","Relic","Relic","Relic","Relic","Relic","Relic","Relic","Relic","Relic","Relic","Relic","Relic","Relic","Relic","Relic","Relic","Relic"],"build_version":"2020-12-22","purchased_purges":5,"victory":true,"max_hp_per_floor":[72,72,72,72,72,77,77,77,77,77,77,77,77,77,77,77,77,77,77,77,77,77,77,77,77,77,77,77,77,77,77,77,77,77,77,77,84,84,84,84,84,84,84,84,84,94,94,94,94,94],"card_choices":[{"not_picked":["DeceiveReality","EmptyFist","Protect"],"picked":"SKIP","floor":1},{"not_picked":["MostiFishMod:Speedup","FearNoEvil","ThirdEye","JustLucky","Consecrate"],"picked":"SKIP","floor":5},{"not_picked":["EmptyBody","Nirvana","EmptyFist","MostiFishMod:Unraveling"],"picked":"Crescendo","floor":6},{"not_picked":["CutThroughFate","SashWhip","Crescendo","ThirdEye"],"picked":"MostiFishMod:FlowState","floor":7},{"not_picked":["CrushJoints","Evaluate","DeceiveReality","MostiFishMod:FlowState"],"picked":"MostiFishMod:Disappear","floor":8},{"not_picked":["SandsOfTime","Indignation","Evaluate","Swivel","EmptyBody"],"picked":"SKIP","floor":10},{"not_picked":["SashWhip","EmptyBody","Protect","CrushJoints","MostiFishMod:FlowState"],"picked":"SKIP","floor":12},{"not_picked":["Blasphemy","MostiFishMod:StarLaLaLa","DevaForm","Ragnarok"],"picked":"LessonLearned","floor":16},{"not_picked":["Crescendo","EmptyFist","ReachHeaven","DeceiveReality"],"picked":"ClearTheMind","floor":18},{"not_picked":["FlyingSleeves","ReachHeaven+1","SashWhip","PathToVictory","SignatureMove"],"picked":"SKIP","floor":27},{"not_picked":["ClearTheMind","Weave","FlyingSleeves","MostiFishMod:StarOceanP","EmptyBody+1"],"picked":"SKIP","floor":29},{"not_picked":["EmptyMind+1","EmptyBody","Indignation+1","Weave+1","MostiFishMod:OutWit+1"],"picked":"SKIP","floor":31},{"not_picked":["MostiFishMod:Minus","Brilliance","DeusExMachina","Alpha"],"picked":"LessonLearned","floor":33},{"not_picked":["MostiFishMod:Nomercy+1","Evaluate+1","ForeignInfluence","SashWhip+1","Halt"],"picked":"SKIP","floor":35},{"not_picked":["CrushJoints","JustLucky","Protect+1","Evaluate"],"picked":"FlurryOfBlows","floor":40},{"not_picked":["Consecrate+1","ClearTheMind","Crescendo","EmptyFist+1","BowlingBash+1"],"picked":"SKIP","floor":44},{"not_picked":["Violence","Bandage Up","Sadistic Nature+1","HandOfGreedLower"],"picked":"Madness","floor":48},{"not_picked":["PanicButton","Dark Shackles","Bandage Up","Dramatic Entrance"],"picked":"MostiFishMod:ButterFly","floor":48}],"player_experience":129514,"relics_obtained":[{"floor":1,"key":"SynthV:TestCard"},{"floor":3,"key":"Sundial"},{"floor":6,"key":"Anchor"},{"floor":7,"key":"Mercury Hourglass"},{"floor":8,"key":"Regal Pillow"},{"floor":9,"key":"Bag of Marbles"},{"floor":10,"key":"Vajra"},{"floor":12,"key":"Juzu Bracelet"},{"floor":26,"key":"Centennial Puzzle"},{"floor":27,"key":"Tiny Chest"},{"floor":29,"key":"Blood Vial"},{"floor":31,"key":"Torii"},{"floor":40,"key":"Lizard Tail"},{"floor":41,"key":"Akabeko"},{"floor":43,"key":"ImprovedEquipment"},{"floor":44,"key":"SynthV:C4"}],"event_choices":[{"damage_healed":0,"gold_gain":175,"player_choice":"AGREE","damage_taken":0,"max_hp_gain":0,"max_hp_loss":0,"event_name":"Liars Game","floor":2,"gold_loss":0,"cards_obtained":["Doubt"]},{"damage_healed":0,"gold_gain":0,"player_choice":"Success","damage_taken":7,"relics_obtained":["Shuriken"],"max_hp_gain":0,"max_hp_loss":0,"event_name":"Scrap Ooze","floor":11,"gold_loss":0},{"cards_removed":["Strike_P"],"damage_healed":0,"gold_gain":0,"player_choice":"Purged","damage_taken":0,"max_hp_gain":0,"max_hp_loss":0,"event_name":"Purifier","floor":14,"gold_loss":0},{"damage_healed":0,"gold_gain":99,"player_choice":"Stole From Cult","damage_taken":0,"max_hp_gain":0,"max_hp_loss":0,"event_name":"Nest","floor":20,"gold_loss":0},{"damage_healed":0,"gold_gain":0,"player_choice":"Ignored","damage_taken":0,"max_hp_gain":0,"max_hp_loss":0,"event_name":"Vampires","floor":21,"gold_loss":0},{"damage_healed":0,"gold_gain":0,"player_choice":"Obtained Relic","damage_taken":0,"relics_obtained":["Orichalcum"],"max_hp_gain":0,"max_hp_loss":0,"event_name":"Addict","floor":22,"gold_loss":85},{"cards_removed":["Strike_P"],"damage_healed":0,"gold_gain":0,"player_choice":"Elegance","damage_taken":0,"max_hp_gain":0,"max_hp_loss":0,"event_name":"Back to Basics","floor":24,"gold_loss":0},{"damage_healed":0,"gold_gain":0,"player_choice":"Forge","damage_taken":0,"max_hp_gain":0,"max_hp_loss":0,"event_name":"Accursed Blacksmith","floor":36,"gold_loss":0,"cards_upgraded":["LessonLearned"]},{"cards_removed":["LessonLearned"],"damage_healed":0,"gold_gain":0,"player_choice":"Gave Card","damage_taken":0,"relics_obtained":["Strawberry"],"max_hp_gain":0,"max_hp_loss":0,"event_name":"WeMeetAgain","floor":37,"gold_loss":0},{"damage_healed":0,"gold_gain":0,"player_choice":"Paid","damage_taken":0,"relics_obtained":["Red Mask"],"max_hp_gain":0,"max_hp_loss":0,"event_name":"Tomb of Lord Red Mask","floor":39,"gold_loss":52},{"damage_healed":0,"gold_gain":100,"player_choice":"Pray","damage_taken":0,"max_hp_gain":0,"max_hp_loss":0,"event_name":"Golden Shrine","floor":42,"gold_loss":0},{"cards_removed":["LessonLearned"],"damage_healed":2,"gold_gain":0,"player_choice":"Offered Rare","damage_taken":0,"max_hp_gain":10,"max_hp_loss":0,"event_name":"Bonfire Elementals","floor":46,"gold_loss":0},{"damage_healed":0,"gold_gain":0,"player_choice":"Memory 3","damage_taken":10,"max_hp_gain":0,"max_hp_loss":0,"event_name":"SensoryStone","floor":48,"gold_loss":0}],"is_beta":false,"boss_relics":[{"not_picked":["GuanYuAspect","Jackal-EndForJourney"],"picked":"PatriotShield"},{"not_picked":["RhineFirstAidKit","Velvet Choker"],"picked":"xbg"}],"items_purged_floors":[4,4,4,4,13],"is_endless":false,"potions_floor_spawned":[1,5,6,8,10,10,12,12,16,16,16,18,27,27,29,29,29,31,31,31,31,33,35,40,40,40,40,44,44,44,44],"ascension_level":6}}