{"host":"msmkw03x1o7nq45i","time":1613131663,"event":{"mods":["AchievementEnabler","BaseMod","Bestiary","Colored Powertips","GifTheSpireLib","Highlight Path","Minty Spire (QoL Compilation)","Random Character Button","Relic Stats","StSLib","everything is the same but u backflip on backflip"],"gold_per_floor":[117,117,129,129,142,177,177,197,224,224,267,283,283,14,14,97,178,204,213,234,256,270,270,305,344,344,344,363,363,400,79,79,79,79],"floor_reached":33,"language":"ENG","playtime":2093,"items_purged":["Regret"],"score":740,"play_id":"2c270d1a-02dd-4e12-9332-b425bdc51c2b","local_time":"20210212140743","is_ascension_mode":true,"campfire_choices":[{"data":"Sucker Punch","floor":10,"key":"SMITH"},{"floor":13,"key":"REST"},{"data":"Blade Dance","floor":15,"key":"SMITH"},{"data":"Cloak And Dagger","floor":23,"key":"SMITH"},{"data":"Footwork","floor":27,"key":"SMITH"},{"data":"Catalyst","floor":29,"key":"SMITH"},{"floor":32,"key":"REST"}],"circlet_count":0,"master_deck":["AscendersBane","Survivor","Neutralize","Flying Knee+1","Sucker Punch+1","Backstab","Unload+1","Quick Slash+1","Tools of the Trade","Blade Dance+1","Grand Finale","Expertise","Cloak And Dagger","Backstab","Bouncing Flask","Catalyst+1","Poisoned Stab","Corpse Explosion","Flying Knee","Cloak And Dagger","Masterful Stab","Dodge and Roll","Cloak And Dagger+1","Footwork+1","Prepared+1","Blade Dance","Footwork"],"relics":["Ring of the Snake","NeowsBlessing","Nunchaku","CeramicFish","Akabeko","Pen Nib","Bag of Marbles","Pandora\u0027s Box","Red Mask","Regal Pillow","Whetstone","Juzu Bracelet","Sling"],"acts_visited":["Exordium","TheCity"],"potions_floor_usage":[6,8,11,16,25,30,30,33],"damage_taken":[{"damage":0,"enemies":"Cultist","floor":1,"turns":1},{"damage":0,"enemies":"2 Louse","floor":3,"turns":2},{"damage":0,"enemies":"Small Slimes","floor":5,"turns":1},{"damage":29,"enemies":"Gremlin Nob","floor":6,"turns":4},{"damage":0,"enemies":"Gremlin Gang","floor":8,"turns":3},{"damage":14,"enemies":"Lagavulin","floor":11,"turns":4},{"damage":0,"enemies":"Exordium Wildlife","floor":12,"turns":2},{"damage":3,"enemies":"Slime Boss","floor":16,"turns":4},{"damage":2,"enemies":"Chosen","floor":18,"turns":3},{"damage":6,"enemies":"3 Byrds","floor":20,"turns":3},{"damage":0,"enemies":"3 Cultists","floor":21,"turns":4},{"damage":0,"enemies":"Shelled Parasite and Fungi","floor":22,"turns":1},{"damage":0,"enemies":"Masked Bandits","floor":24,"turns":1},{"damage":14,"enemies":"Gremlin Leader","floor":25,"turns":6},{"damage":14,"enemies":"Sentry and Sphere","floor":28,"turns":4},{"damage":7,"enemies":"Book of Stabbing","floor":30,"turns":3},{"damage":72,"enemies":"Automaton","floor":33,"turns":6}],"seed_played":"1812856509419255488","potions_obtained":[{"floor":3,"key":"AttackPotion"},{"floor":6,"key":"Swift Potion"},{"floor":8,"key":"BlessingOfTheForge"},{"floor":12,"key":"SteroidPotion"},{"floor":20,"key":"SmokeBomb"},{"floor":21,"key":"SteroidPotion"},{"floor":28,"key":"Block Potion"},{"floor":30,"key":"Poison Potion"}],"is_trial":false,"path_per_floor":["M","?","M","?","M","E","?","M","T","R","E","M","R","$","R","B",null,"M","?","M","M","M","R","?","E","T","R","M","R","E","$","R","B"],"character_chosen":"THE_SILENT","items_purchased":["Blade Dance","Bag of Marbles","Block Potion","Footwork","PowerPotion","Sling"],"campfire_rested":2,"item_purchase_floors":[14,14,14,31,31,31],"current_hp_per_floor":[59,59,59,59,59,30,30,30,30,30,16,16,35,35,35,32,58,56,56,50,50,50,50,50,36,36,36,22,22,15,15,49,0,0],"gold":79,"neow_bonus":"THREE_ENEMY_KILL","is_daily":false,"chose_seed":false,"campfire_upgraded":5,"win_rate":0.0,"timestamp":1613131663,"path_taken":["M","?","M","?","?","E","?","?","T","R","E","M","R","$","R","BOSS","M","?","?","M","M","R","?","E","T","R","M","R","E","$","R","BOSS"],"items_purchased_type":["Card","Relic","Potion","Card","Potion","Relic"],"build_version":"2020-12-22","purchased_purges":1,"victory":false,"max_hp_per_floor":[66,66,66,66,66,66,66,66,66,66,66,66,66,66,66,66,66,66,66,66,66,66,66,66,66,66,66,66,66,66,66,66,66,66],"relic_stats":{"Nunchaku":[16],"Regal Pillow":15,"counters":[17,52],"CeramicFish":189,"Pandora\u0027s Box":["Expertise","Cloak And Dagger","Backstab","Bouncing Flask","Quick Slash","Catalyst","Poisoned Stab","Corpse Explosion","Flying Knee"],"Pen Nib":[13],"Juzu Bracelet":0,"Whetstone":["Quick Slash","Flying Knee"],"obtain_stats":[{"Regal Pillow":25,"NeowsBlessing":0,"CeramicFish":6,"Pen Nib":11,"Juzu Bracelet":30,"Whetstone":26,"Sling":31,"Akabeko":9,"Nunchaku":2,"Pandora\u0027s Box":17,"Bag of Marbles":14,"Red Mask":24,"Ring of the Snake":0},{"Regal Pillow":14,"NeowsBlessing":0,"CeramicFish":4,"Pen Nib":6,"Juzu Bracelet":16,"Whetstone":14,"Sling":16,"Akabeko":5,"Nunchaku":1,"Pandora\u0027s Box":8,"Bag of Marbles":7,"Red Mask":13,"Ring of the Snake":0},{"Regal Pillow":39,"NeowsBlessing":0,"CeramicFish":8,"Pen Nib":15,"Juzu Bracelet":46,"Whetstone":39,"Sling":46,"Akabeko":11,"Nunchaku":1,"Pandora\u0027s Box":21,"Bag of Marbles":17,"Red Mask":33,"Ring of the Snake":0}],"Ring of the Snake":[34]},"card_choices":[{"not_picked":["Calculated Gamble","Cloak And Dagger"],"picked":"Flying Knee","floor":1},{"not_picked":["Bane","PiercingWail"],"picked":"Sucker Punch","floor":3},{"not_picked":["Quick Slash","Dagger Throw"],"picked":"Unload","floor":5},{"not_picked":["Riddle With Holes","Deadly Poison"],"picked":"Quick Slash","floor":6},{"not_picked":["Distraction","Slice","Outmaneuver"],"picked":"SKIP","floor":8},{"not_picked":["Choke","Accuracy"],"picked":"Tools of the Trade","floor":11},{"not_picked":["Slice","Outmaneuver","Dagger Throw"],"picked":"SKIP","floor":12},{"not_picked":["Night Terror","Doppelganger"],"picked":"Grand Finale","floor":16},{"not_picked":["Well Laid Plans","Crippling Poison"],"picked":"Cloak And Dagger","floor":18},{"not_picked":["Distraction","Underhanded Strike"],"picked":"Dodge and Roll","floor":20},{"not_picked":["Outmaneuver","Blade Dance"],"picked":"Cloak And Dagger","floor":21},{"not_picked":["Quick Slash","Tactician","Endless Agony"],"picked":"SKIP","floor":22},{"not_picked":["Deadly Poison","Leg Sweep"],"picked":"Footwork","floor":24},{"not_picked":["Quick Slash","Poisoned Stab"],"picked":"Prepared+1","floor":25},{"not_picked":["Outmaneuver","Bane+1","Deadly Poison"],"picked":"SKIP","floor":28},{"not_picked":["Underhanded Strike","Corpse Explosion"],"picked":"Blade Dance","floor":30}],"player_experience":534667,"relics_obtained":[{"floor":6,"key":"CeramicFish"},{"floor":9,"key":"Akabeko"},{"floor":11,"key":"Pen Nib"},{"floor":24,"key":"Red Mask"},{"floor":25,"key":"Regal Pillow"},{"floor":26,"key":"Whetstone"},{"floor":30,"key":"Juzu Bracelet"}],"event_choices":[{"damage_healed":0,"gold_gain":0,"player_choice":"Box","damage_taken":0,"relics_obtained":["Nunchaku"],"max_hp_gain":0,"max_hp_loss":0,"event_name":"Big Fish","floor":2,"gold_loss":0,"cards_obtained":["Regret"]},{"damage_healed":0,"gold_gain":0,"cards_transformed":["Strike_G"],"player_choice":"Transformed","damage_taken":0,"max_hp_gain":0,"max_hp_loss":0,"event_name":"Transmorgrifier","floor":4,"gold_loss":0,"cards_obtained":["Backstab"]},{"damage_healed":0,"gold_gain":0,"player_choice":"Upgraded","damage_taken":0,"max_hp_gain":0,"max_hp_loss":0,"event_name":"Upgrade Shrine","floor":7,"gold_loss":0,"cards_upgraded":["Unload"]},{"damage_healed":0,"gold_gain":0,"cards_transformed":["Quick Slash"],"player_choice":"Transformed","damage_taken":0,"max_hp_gain":0,"max_hp_loss":0,"event_name":"Transmorgrifier","floor":19,"gold_loss":0,"cards_obtained":["Masterful Stab"]},{"damage_healed":0,"gold_gain":0,"player_choice":"Fought Bandits","damage_taken":0,"max_hp_gain":0,"max_hp_loss":0,"event_name":"Masked Bandits","floor":24,"gold_loss":0}],"is_beta":false,"boss_relics":[{"not_picked":["Black Star","Runic Dome"],"picked":"Pandora\u0027s Box"}],"items_purged_floors":[31],"is_endless":false,"potions_floor_spawned":[3,6,8,12,20,21,28,30],"killed_by":"Automaton","ascension_level":20}}