{"host":"n7nn89ivkf5vjy11","time":1613102447,"event":{"mods":["BaseMod","Minty Spire (QoL Compilation)","Relic Stats"],"gold_per_floor":[112,112,137,137,150,150,176,31,57,87,98,98,118,149,149,246,246,264,264,264,278,278,307,307,332,332,346,346,57,69,103,103,207,207,227,227,277,277,287,287,313,330,354,147,160,170,202,216,216,216],"floor_reached":51,"language":"ENG","playtime":8544,"items_purged":["Envenom","Defend_G"],"score":911,"play_id":"25822e4d-633f-4114-8e4c-ccbfbe7496f7","local_time":"20210211200047","is_ascension_mode":true,"campfire_choices":[{"data":"A Thousand Cuts","floor":6,"key":"SMITH"},{"data":"Concentrate","floor":12,"key":"SMITH"},{"data":"Dodge and Roll","floor":15,"key":"SMITH"},{"data":"Footwork","floor":24,"key":"SMITH"},{"data":"Prepared","floor":28,"key":"SMITH"},{"data":"Backflip","floor":32,"key":"SMITH"},{"data":"Adrenaline","floor":40,"key":"SMITH"},{"data":"Footwork","floor":49,"key":"SMITH"}],"circlet_count":0,"master_deck":["Strike_G","Strike_G","Strike_G","Strike_G","Strike_G+1","Defend_G","Defend_G","Defend_G","Defend_G","Survivor","Neutralize+1","Venomology","Flying Knee","A Thousand Cuts+1","Prepared+1","Dodge and Roll+1","Finesse","Concentrate+1","Backflip+1","Deflect","Enlightenment","Footwork+1","Blade Dance","Dagger Throw+1","PiercingWail","Blur","Backflip+1","Adrenaline+1","Deadly Poison+1","Blind","Dagger Throw+1","Cloak And Dagger+1","Footwork+1","Underhanded Strike+1","Tactician+1","Underhanded Strike+1"],"relics":["Ring of the Snake","Pen Nib","Incense Burner","Smiling Mask","Centennial Puzzle","Strawberry","Whetstone","Coffee Dripper","MutagenicStrength","White Beast Statue","Blue Candle","Meat on the Bone","MealTicket","Akabeko","Runic Pyramid","CaptainsWheel","StrikeDummy","Snake Skull","Bag of Preparation","Orichalcum"],"acts_visited":["Exordium","TheCity","TheBeyond"],"potions_floor_usage":[1,5,7,7,7,10,10,13,14,14,14,16,16,18,21,23,23,23,27,30,30,31,31,33,33,33,37,39,41,41,42,46,47,48,48,50,50,50],"damage_taken":[{"damage":2,"enemies":"Cultist","floor":1,"turns":6},{"damage":0,"enemies":"Jaw Worm","floor":5,"turns":3},{"damage":4,"enemies":"3 Sentries","floor":7,"turns":7},{"damage":1,"enemies":"Gremlin Nob","floor":10,"turns":3},{"damage":0,"enemies":"Small Slimes","floor":11,"turns":3},{"damage":2,"enemies":"Blue Slaver","floor":13,"turns":4},{"damage":3,"enemies":"3 Sentries","floor":14,"turns":8},{"damage":5,"enemies":"Hexaghost","floor":16,"turns":8},{"damage":4,"enemies":"3 Byrds","floor":18,"turns":4},{"damage":10,"enemies":"Shell Parasite","floor":21,"turns":6},{"damage":0,"enemies":"Book of Stabbing","floor":23,"turns":5},{"damage":34,"enemies":"Slavers","floor":25,"turns":7},{"damage":2,"enemies":"Centurion and Healer","floor":27,"turns":5},{"damage":0,"enemies":"Snake Plant","floor":30,"turns":3},{"damage":2,"enemies":"Book of Stabbing","floor":31,"turns":7},{"damage":13,"enemies":"Collector","floor":33,"turns":12},{"damage":0,"enemies":"Orb Walker","floor":35,"turns":5},{"damage":0,"enemies":"Mind Bloom Boss Battle","floor":37,"turns":7},{"damage":0,"enemies":"3 Shapes","floor":39,"turns":4},{"damage":9,"enemies":"Reptomancer","floor":41,"turns":6},{"damage":1,"enemies":"Writhing Mass","floor":42,"turns":5},{"damage":0,"enemies":"4 Shapes","floor":45,"turns":3},{"damage":0,"enemies":"Sphere and 2 Shapes","floor":46,"turns":3},{"damage":0,"enemies":"Nemesis","floor":47,"turns":5},{"damage":0,"enemies":"Transient","floor":48,"turns":5},{"damage":33,"enemies":"Time Eater","floor":50,"turns":13}],"seed_played":"5632753446388491209","potions_obtained":[{"floor":10,"key":"BlessingOfTheForge"},{"floor":11,"key":"Explosive Potion"},{"floor":14,"key":"Block Potion"},{"floor":21,"key":"CunningPotion"},{"floor":25,"key":"FairyPotion"},{"floor":27,"key":"ColorlessPotion"},{"floor":30,"key":"EssenceOfSteel"},{"floor":31,"key":"Explosive Potion"},{"floor":33,"key":"Fruit Juice"},{"floor":35,"key":"PowerPotion"},{"floor":37,"key":"Swift Potion"},{"floor":41,"key":"LiquidMemories"},{"floor":42,"key":"Regen Potion"},{"floor":47,"key":"Swift Potion"},{"floor":48,"key":"ColorlessPotion"}],"is_trial":false,"path_per_floor":["M","?","T","?","M","R","E","$","T","E","M","R","M","E","R","B",null,"M","?","?","M","?","E","R","E","T","M","R","$","M","E","R","B",null,"M","?","?","?","M","R","E","M","T","$","M","M","E","M","R","B",null],"character_chosen":"THE_SILENT","items_purchased":["Dodge and Roll","Finesse","MealTicket","Flash of Steel","Bag of Preparation"],"campfire_rested":0,"item_purchase_floors":[8,8,29,29,44],"current_hp_per_floor":[68,73,73,70,70,70,66,66,66,72,72,72,70,67,67,62,82,78,78,66,56,56,56,56,22,22,32,32,32,44,42,42,46,87,87,87,87,87,87,87,78,77,77,87,87,87,87,87,87,54],"gold":216,"neow_bonus":"ONE_RANDOM_RARE_CARD","is_daily":false,"chose_seed":false,"campfire_upgraded":8,"win_rate":0.0,"timestamp":1613102447,"path_taken":["M","?","?","?","M","R","E","?","T","E","M","R","M","E","R","BOSS","M","?","?","?","?","E","R","E","T","M","R","$","M","E","R","BOSS","M","?","?","?","M","R","E","M","T","$","M","?","E","M","R","BOSS"],"items_purchased_type":["Card","Card","Relic","Card","Relic"],"build_version":"2020-12-22","purchased_purges":2,"victory":true,"max_hp_per_floor":[70,75,75,75,75,75,75,75,75,82,82,82,82,82,82,82,82,82,82,82,82,82,82,82,82,82,82,82,82,82,82,82,87,87,87,87,87,87,87,87,87,87,87,87,87,87,87,87,87,87],"relic_stats":{"counters":[26,147],"Blue Candle":[0],"Pen Nib":[32],"Snake Skull":[34],"Bag of Preparation":[10],"Whetstone":["Strike_G","Neutralize"],"Orichalcum":[6],"Smiling Mask":75,"Centennial Puzzle":[39],"MealTicket":10,"obtain_stats":[{"Blue Candle":25,"Pen Nib":3,"Snake Skull":43,"Incense Burner":4,"Bag of Preparation":44,"Whetstone":14,"Orichalcum":47,"Smiling Mask":7,"White Beast Statue":23,"Akabeko":31,"Centennial Puzzle":9,"CaptainsWheel":37,"Strawberry":10,"MutagenicStrength":19,"MealTicket":29,"Coffee Dripper":17,"StrikeDummy":41,"Ring of the Snake":0,"Meat on the Bone":26,"Runic Pyramid":34},{"Blue Candle":12,"Pen Nib":1,"Snake Skull":21,"Incense Burner":1,"Bag of Preparation":21,"Whetstone":7,"Orichalcum":24,"Smiling Mask":3,"White Beast Statue":11,"Akabeko":15,"Centennial Puzzle":3,"CaptainsWheel":18,"Strawberry":4,"MutagenicStrength":9,"MealTicket":13,"Coffee Dripper":8,"StrikeDummy":20,"Ring of the Snake":0,"Meat on the Bone":12,"Runic Pyramid":16},{"Blue Candle":64,"Pen Nib":6,"Snake Skull":118,"Incense Burner":6,"Bag of Preparation":118,"Whetstone":34,"Orichalcum":129,"Smiling Mask":16,"White Beast Statue":57,"Akabeko":79,"Centennial Puzzle":16,"CaptainsWheel":103,"Strawberry":19,"MutagenicStrength":46,"MealTicket":69,"Coffee Dripper":42,"StrikeDummy":113,"Ring of the Snake":0,"Meat on the Bone":64,"Runic Pyramid":91}],"Ring of the Snake":[52],"Meat on the Bone":36},"card_choices":[{"not_picked":["Poisoned Stab","Slice"],"picked":"Flying Knee","floor":1},{"not_picked":["Cloak And Dagger","Flechettes"],"picked":"A Thousand Cuts","floor":5},{"not_picked":["Underhanded Strike","Predator"],"picked":"Prepared","floor":7},{"not_picked":["Bouncing Flask","Tactician","Flechettes"],"picked":"SKIP","floor":10},{"not_picked":["PiercingWail","Predator"],"picked":"Concentrate","floor":11},{"not_picked":["Underhanded Strike","Flechettes","Dodge and Roll"],"picked":"SKIP","floor":13},{"not_picked":["Heel Hook","Noxious Fumes"],"picked":"Backflip","floor":14},{"not_picked":["Venomology","Corpse Explosion"],"picked":"Envenom","floor":16},{"not_picked":["Noxious Fumes","Bane+1"],"picked":"Deflect","floor":18},{"not_picked":["Caltrops","Choke"],"picked":"Footwork","floor":21},{"not_picked":["Predator","Finisher"],"picked":"Blade Dance","floor":23},{"not_picked":["Sucker Punch","Eviscerate"],"picked":"Dagger Throw+1","floor":25},{"not_picked":["Backflip","Sucker Punch+1"],"picked":"PiercingWail","floor":27},{"not_picked":["Bouncing Flask","Dagger Throw"],"picked":"Blur","floor":30},{"not_picked":["PiercingWail+1","Flying Knee+1"],"picked":"Backflip+1","floor":31},{"not_picked":["Tools of the Trade","Venomology"],"picked":"Adrenaline","floor":33},{"not_picked":["Escape Plan+1","Acrobatics+1"],"picked":"Deadly Poison+1","floor":35},{"not_picked":["Dramatic Entrance","Master of Strategy"],"picked":"Blind","floor":36},{"not_picked":["Dagger Spray","Masterful Stab"],"picked":"Dagger Throw+1","floor":37},{"not_picked":["Flying Knee+1","Prepared"],"picked":"Cloak And Dagger+1","floor":39},{"not_picked":["Acrobatics+1","Blade Dance+1","PiercingWail+1"],"picked":"SKIP","floor":41},{"not_picked":["Escape Plan+1","Slice"],"picked":"Footwork","floor":42},{"not_picked":["Bane+1","Crippling Poison+1","Blur+1"],"picked":"SKIP","floor":45},{"not_picked":["Backstab","Escape Plan+1"],"picked":"Underhanded Strike+1","floor":46},{"not_picked":["Leg Sweep+1","Flechettes"],"picked":"Tactician+1","floor":47},{"not_picked":["Sucker Punch+1","Acrobatics+1"],"picked":"Underhanded Strike+1","floor":48}],"player_experience":255556,"relics_obtained":[{"floor":3,"key":"Pen Nib"},{"floor":7,"key":"Smiling Mask"},{"floor":9,"key":"Centennial Puzzle"},{"floor":10,"key":"Strawberry"},{"floor":14,"key":"Whetstone"},{"floor":23,"key":"White Beast Statue"},{"floor":25,"key":"Blue Candle"},{"floor":26,"key":"Meat on the Bone"},{"floor":31,"key":"Akabeko"},{"floor":37,"key":"CaptainsWheel"},{"floor":41,"key":"StrikeDummy"},{"floor":43,"key":"Snake Skull"},{"floor":47,"key":"Orichalcum"}],"event_choices":[{"damage_healed":0,"gold_gain":0,"player_choice":"Donut","damage_taken":0,"max_hp_gain":5,"max_hp_loss":0,"event_name":"Big Fish","floor":2,"gold_loss":0},{"damage_healed":0,"gold_gain":0,"player_choice":"Success","damage_taken":3,"relics_obtained":["Incense Burner"],"max_hp_gain":0,"max_hp_loss":0,"event_name":"Scrap Ooze","floor":4,"gold_loss":0},{"damage_healed":0,"gold_gain":0,"player_choice":"Inject Mutagens","damage_taken":0,"relics_obtained":["MutagenicStrength"],"max_hp_gain":0,"max_hp_loss":0,"event_name":"Drug Dealer","floor":19,"gold_loss":0},{"damage_healed":0,"gold_gain":0,"player_choice":"CARD ","damage_taken":12,"max_hp_gain":0,"max_hp_loss":0,"event_name":"Knowing Skull","floor":20,"potions_obtained":[],"gold_loss":0,"cards_obtained":["Enlightenment"]},{"damage_healed":0,"gold_gain":0,"player_choice":"Ignored","damage_taken":0,"max_hp_gain":0,"max_hp_loss":0,"event_name":"Ghosts","floor":22,"gold_loss":0},{"damage_healed":0,"gold_gain":0,"player_choice":"Memory 1","damage_taken":0,"max_hp_gain":0,"max_hp_loss":0,"event_name":"SensoryStone","floor":36,"gold_loss":0},{"damage_healed":0,"gold_gain":0,"player_choice":"Fight","damage_taken":0,"max_hp_gain":0,"max_hp_loss":0,"event_name":"MindBloom","floor":37,"gold_loss":0},{"cards_removed":["Flash of Steel"],"damage_healed":0,"gold_gain":0,"player_choice":"Removed Attack","damage_taken":0,"max_hp_gain":0,"max_hp_loss":0,"event_name":"Falling","floor":38,"gold_loss":0}],"is_beta":false,"boss_relics":[{"not_picked":["Velvet Choker","Cursed Key"],"picked":"Coffee Dripper"},{"not_picked":["Runic Dome","Fusion Hammer"],"picked":"Runic Pyramid"}],"items_purged_floors":[29,44],"is_endless":false,"potions_floor_spawned":[10,11,13,14,21,25,27,30,31,33,35,37,39,41,42,45,46,47,48],"ascension_level":2}}