{"host":"pj7egx7jkoz18hom","time":1613110303,"event":{"mods":["AchievementEnabler","BaseMod","Keyboard Shortcuts","Minty Spire (QoL Compilation)","SuperFastMode"],"gold_per_floor":[114,131,146,156,176,176,190,190,216,216,291,310,375,385,385,487,487,499,533,549,31,45,71,88,88,161,161,195,207,207,62,62,159,159,172,184,184,203,203,230,230,557,584,584,615,615,626,638,638,638,638],"floor_reached":50,"language":"KOR","playtime":2757,"items_purged":["Bash"],"score":673,"play_id":"430639d0-d063-495d-88f8-88f0ed40c458","local_time":"20210212151143","is_ascension_mode":true,"campfire_choices":[{"data":"Armaments","floor":6,"key":"SMITH"},{"data":"True Grit","floor":8,"key":"SMITH"},{"data":"Armaments","floor":10,"key":"SMITH"},{"floor":15,"key":"REST"},{"floor":25,"key":"REST"},{"data":"Reaper","floor":27,"key":"SMITH"},{"floor":32,"key":"REST"},{"floor":41,"key":"REST"},{"data":"Offering","floor":44,"key":"SMITH"},{"data":"Body Slam","floor":46,"key":"SMITH"},{"data":"Carnage","floor":49,"key":"SMITH"}],"circlet_count":0,"master_deck":["Strike_R","Strike_R","Strike_R","Strike_R","Strike_R","Defend_R","Defend_R","Pommel Strike","Armaments+1","Infernal Blade","Armaments+1","Carnage+1","Anger","True Grit+1","Thunderclap","Body Slam+1","Reaper+1","Infernal Blade","Anger+1","Entrench","Berserk","Flex+1","Anger","Feed","Necronomicurse","Offering+1","True Grit+1","Ghostly Armor+1","Intimidate+1"],"relics":["Burning Blood","Bag of Marbles","Happy Flower","Empty Cage","Red Mask","CaptainsWheel","ClockworkSouvenir","PreservedInsect","Frozen Egg 2","Pen Nib","Necronomicon","Regal Pillow","Philosopher\u0027s Stone","Gambling Chip","Old Coin","Ancient Tea Set","Mango"],"acts_visited":["Exordium","TheCity","TheBeyond"],"potions_floor_usage":[16,22,22,33,33,50,50],"damage_taken":[{"damage":9,"enemies":"Jaw Worm","floor":1,"turns":5},{"damage":0,"enemies":"2 Louse","floor":2,"turns":3},{"damage":0,"enemies":"Cultist","floor":3,"turns":3},{"damage":11,"enemies":"Blue Slaver","floor":4,"turns":4},{"damage":20,"enemies":"Exordium Wildlife","floor":5,"turns":4},{"damage":12,"enemies":"Looter","floor":7,"turns":3},{"damage":2,"enemies":"Large Slime","floor":12,"turns":6},{"damage":12,"enemies":"3 Sentries","floor":13,"turns":6},{"damage":18,"enemies":"Exordium Wildlife","floor":14,"turns":4},{"damage":53,"enemies":"Hexaghost","floor":16,"turns":11},{"damage":34,"enemies":"Shell Parasite","floor":18,"turns":5},{"damage":18,"enemies":"Masked Bandits","floor":19,"turns":4},{"damage":11,"enemies":"2 Thieves","floor":20,"turns":3},{"damage":7,"enemies":"Centurion and Healer","floor":22,"turns":5},{"damage":5,"enemies":"Gremlin Leader","floor":23,"turns":7},{"damage":49,"enemies":"3 Cultists","floor":24,"turns":6},{"damage":33,"enemies":"Book of Stabbing","floor":28,"turns":5},{"damage":10,"enemies":"Snake Plant","floor":29,"turns":2},{"damage":13,"enemies":"Collector","floor":33,"turns":6},{"damage":6,"enemies":"Orb Walker","floor":35,"turns":2},{"damage":34,"enemies":"3 Darklings","floor":36,"turns":5},{"damage":3,"enemies":"Jaw Worm Horde","floor":38,"turns":4},{"damage":53,"enemies":"Nemesis","floor":40,"turns":5},{"damage":7,"enemies":"Reptomancer","floor":42,"turns":3},{"damage":42,"enemies":"Nemesis","floor":45,"turns":5},{"damage":30,"enemies":"4 Shapes","floor":47,"turns":2},{"damage":60,"enemies":"Transient","floor":48,"turns":5},{"damage":110,"enemies":"Donu and Deca","floor":50,"turns":9}],"seed_played":"7557807344815865771","potions_obtained":[{"floor":2,"key":"Weak Potion"},{"floor":4,"key":"FearPotion"},{"floor":12,"key":"ElixirPotion"},{"floor":16,"key":"Block Potion"},{"floor":20,"key":"Explosive Potion"},{"floor":28,"key":"Explosive Potion"},{"floor":40,"key":"Regen Potion"},{"floor":45,"key":"BlessingOfTheForge"},{"floor":47,"key":"Energy Potion"}],"is_trial":false,"path_per_floor":["M","M","M","M","M","R","M","R","T","R","?","M","?","M","R","B",null,"M","?","M","$","M","E","M","R","T","R","E","M","?","$","R","B",null,"M","M","?","M","?","E","R","E","T","R","E","R","M","M","R","B"],"character_chosen":"IRONCLAD","items_purchased":["CaptainsWheel","ClockworkSouvenir","Regal Pillow"],"campfire_rested":4,"item_purchase_floors":[21,21,31],"current_hp_per_floor":[77,80,80,75,61,61,55,55,55,55,44,48,42,30,54,7,80,52,40,35,35,45,54,26,50,50,50,30,29,13,13,52,63,83,86,67,67,70,70,25,64,81,81,81,64,64,96,42,42,0,0],"gold":638,"neow_bonus":"THREE_CARDS","is_daily":false,"chose_seed":false,"campfire_upgraded":7,"win_rate":0.0,"timestamp":1613110303,"path_taken":["M","M","M","M","M","R","M","R","T","R","?","M","?","M","R","BOSS","M","?","M","$","M","E","M","R","T","R","E","M","?","?","R","BOSS","M","M","?","M","?","E","R","E","T","R","E","R","M","M","R","BOSS"],"items_purchased_type":["Relic","Relic","Relic"],"build_version":"2020-12-22","purchased_purges":1,"victory":false,"max_hp_per_floor":[80,80,80,80,80,80,80,80,80,80,80,80,80,80,80,80,80,80,80,80,80,80,80,80,80,80,80,80,83,83,83,83,83,83,86,86,86,86,82,82,82,82,82,82,96,96,96,96,96,99,99],"card_choices":[{"not_picked":["Rampage","Searing Blow"],"picked":"Pommel Strike","floor":0},{"not_picked":["Iron Wave","Rage"],"picked":"Armaments","floor":1},{"not_picked":["Wild Strike","Whirlwind"],"picked":"Infernal Blade","floor":2},{"not_picked":["Body Slam","Warcry"],"picked":"Armaments","floor":3},{"not_picked":["Dropkick","Dark Embrace"],"picked":"Carnage","floor":4},{"not_picked":["Shrug It Off","Warcry"],"picked":"Anger","floor":5},{"not_picked":["Clothesline","Shrug It Off"],"picked":"True Grit","floor":7},{"not_picked":["Sword Boomerang","Combust"],"picked":"Thunderclap","floor":12},{"not_picked":["Clothesline","Clash"],"picked":"Body Slam","floor":13},{"not_picked":["Battle Trance","Intimidate","Flame Barrier"],"picked":"SKIP","floor":14},{"not_picked":["Juggernaut","Immolate"],"picked":"Reaper","floor":16},{"not_picked":["Entrench","Disarm"],"picked":"Infernal Blade","floor":18},{"not_picked":["Sword Boomerang","Twin Strike"],"picked":"Anger+1","floor":19},{"not_picked":["Spot Weakness","True Grit+1"],"picked":"Entrench","floor":20},{"not_picked":["Blood for Blood","Heavy Blade+1"],"picked":"Berserk","floor":22},{"not_picked":["Heavy Blade","Iron Wave"],"picked":"Flex+1","floor":23},{"not_picked":["Heavy Blade","Blood for Blood"],"picked":"Anger","floor":24},{"not_picked":["Feel No Pain+1","Shockwave+1"],"picked":"Feed","floor":28},{"not_picked":["Body Slam","Clothesline","Cleave"],"picked":"SKIP","floor":29},{"not_picked":["Limit Break","Demon Form+1"],"picked":"Offering","floor":33},{"not_picked":["Iron Wave","Shrug It Off","Twin Strike+1"],"picked":"SKIP","floor":35},{"not_picked":["Twin Strike+1","Body Slam+1"],"picked":"Dropkick+1","floor":36},{"not_picked":["Heavy Blade+1","Twin Strike","Carnage+1"],"picked":"SKIP","floor":38},{"not_picked":["Pommel Strike","Sword Boomerang"],"picked":"True Grit+1","floor":40},{"not_picked":["Flex","Body Slam","Perfected Strike"],"picked":"SKIP","floor":42},{"not_picked":["Juggernaut+1","Clash+1"],"picked":"Ghostly Armor+1","floor":45},{"not_picked":["True Grit+1","Sword Boomerang","Combust+1"],"picked":"SKIP","floor":47},{"not_picked":["Burning Pact","Inflame+1"],"picked":"Intimidate+1","floor":48}],"player_experience":9638,"relics_obtained":[{"floor":9,"key":"Bag of Marbles"},{"floor":13,"key":"Happy Flower"},{"floor":19,"key":"Red Mask"},{"floor":23,"key":"PreservedInsect"},{"floor":26,"key":"Frozen Egg 2"},{"floor":28,"key":"Pen Nib"},{"floor":30,"key":"Necronomicon"},{"floor":40,"key":"Gambling Chip"},{"floor":42,"key":"Old Coin"},{"floor":43,"key":"Ancient Tea Set"},{"floor":45,"key":"Mango"}],"event_choices":[{"damage_healed":0,"gold_gain":75,"player_choice":"Gather Gold","damage_taken":11,"max_hp_gain":0,"max_hp_loss":0,"event_name":"World of Goop","floor":11,"gold_loss":0},{"damage_healed":0,"gold_gain":0,"player_choice":"Searched \u00271\u0027 times","damage_taken":0,"max_hp_gain":0,"max_hp_loss":0,"event_name":"Dead Adventurer","floor":13,"gold_loss":0},{"damage_healed":0,"gold_gain":0,"player_choice":"Fought Bandits","damage_taken":0,"max_hp_gain":0,"max_hp_loss":0,"event_name":"Masked Bandits","floor":19,"gold_loss":0},{"damage_healed":0,"gold_gain":0,"player_choice":"Obtained Book","damage_taken":16,"max_hp_gain":0,"max_hp_loss":0,"event_name":"Cursed Tome","floor":30,"gold_loss":0},{"cards_removed":["Dropkick"],"damage_healed":0,"gold_gain":0,"player_choice":"Removed Attack","damage_taken":0,"max_hp_gain":0,"max_hp_loss":0,"event_name":"Falling","floor":37,"gold_loss":0},{"damage_healed":0,"gold_gain":0,"player_choice":"Max HP","damage_taken":0,"max_hp_gain":0,"max_hp_loss":4,"event_name":"Winding Halls","floor":39,"gold_loss":0}],"is_beta":false,"boss_relics":[{"not_picked":["Mark of Pain","Sozu"],"picked":"Empty Cage"},{"not_picked":["Calling Bell","Tiny House"],"picked":"Philosopher\u0027s Stone"}],"items_purged_floors":[21],"is_endless":false,"potions_floor_spawned":[2,4,12,16,19,20,28,40,45,47],"killed_by":"Donu and Deca","ascension_level":2}}