{"host":"8injpn8qs0kr8sd6","time":1613104094,"event":{"mods":["Act Like it!","BaseMod","Downfall","KinomotoSakuraMod(Ä¾Ö®±¾Ó£)","Marisa£¨ìFÓê¡¡Ä§ÀíÉ³£©","Minty Spire (QoL Compilation)","Quick Restart","Reimu£¨²©ÀöÁéÃÎ£©","RumiaBox-Â¶Ã×æ«µÄÉñÃØºÐ×Ó","Spicy Shops","StSLib","¡¾ÒÅÎï¿¨ÅÆ¡¿REMEMod"],"gold_per_floor":[99,109,109,121,141,156,180,200,7,21,6,18,35,35,51,155,155,155,173,184,284,284,284,284],"floor_reached":22,"language":"ZHS","playtime":1127,"items_purged":[],"score":182,"play_id":"1da4e9a6-cf58-4f63-a28a-8f1e0a2a9a3f","local_time":"20210212122814","is_ascension_mode":false,"campfire_choices":[{"data":"bronze:HardenedForm","floor":1,"key":"SMITH"},{"data":"bronze:Verify","floor":18,"key":"SMITH"}],"circlet_count":0,"master_deck":["bronze:Replicate","bronze:Goto","bronze:HardenedForm+1","bronze:Iterate","bronze:HyperBeam","bronze:Flail","bronze:FineTuning","bronze:GetLatest","bronze:Boost","bronze:SpaghettiCode","bronze:Philosophize","bronze:ChildClass","bronze:CutThrough","bronze:FindAndReplace","bronze:Shield","bronze:Verify+1","bronze:DelayedGuard","bronze:Backtrace","bronze:DigitalCarnage","bronze:Repulsor","bronze:Deprecate","bronze:GetLatest","bronze:Turbo+1","bronze:DonuBeam","bronze:DecaBeam","bronze:Optimize"],"relics":["bronze:BronzeCore","REME_ComplimentaryCards","Akabeko","ClockworkSouvenir","Pandora\u0027s Box"],"acts_visited":["Exordium","TheCity"],"potions_floor_usage":[6,11,11,21,21],"damage_taken":[{"damage":3,"enemies":"2 Louse","floor":2,"turns":4},{"damage":1,"enemies":"Cultist","floor":4,"turns":4},{"damage":8,"enemies":"Small Slimes","floor":5,"turns":3},{"damage":20,"enemies":"Exordium Thugs","floor":6,"turns":3},{"damage":12,"enemies":"Blue Slaver","floor":8,"turns":2},{"damage":0,"enemies":"downfall:FleeingMerchant","floor":9,"turns":4},{"damage":1,"enemies":"2 Fungi Beasts","floor":10,"turns":3},{"damage":3,"enemies":"downfall:FleeingMerchant","floor":11,"turns":4},{"damage":10,"enemies":"Exordium Thugs","floor":12,"turns":2},{"damage":0,"enemies":"Blue Slaver","floor":13,"turns":1},{"damage":0,"enemies":"Exordium Thugs","floor":15,"turns":1},{"damage":27,"enemies":"IC_STATUS_ARCHETYPE","floor":16,"turns":5},{"damage":0,"enemies":"3 Byrds","floor":19,"turns":1},{"damage":10,"enemies":"Chosen","floor":20,"turns":2},{"damage":24,"enemies":"Chosen","floor":21,"turns":6},{"damage":36,"enemies":"Snake Plant","floor":22,"turns":4}],"seed_played":"2105748237966250019","potions_obtained":[{"floor":2,"key":"Explosive Potion"},{"floor":4,"key":"Block Potion"},{"floor":10,"key":"champ:CounterPotion"},{"floor":15,"key":"SpeedPotion"},{"floor":16,"key":"Fire Potion"},{"floor":19,"key":"LiquidMemories"}],"is_trial":false,"path_per_floor":["R","M","?","M","M","M","T","M","$","M","$","M","M","?","M","B",null,"R","M","M","?","M"],"character_chosen":"THE_AUTOMATON","items_purchased":["ClockworkSouvenir","bronze:Philosophize"],"campfire_rested":0,"item_purchase_floors":[9,9],"current_hp_per_floor":[77,74,74,73,65,45,45,33,33,32,29,19,19,77,77,50,77,77,77,67,43,7,7,7],"gold":284,"neow_bonus":"TEN_PERCENT_HP_BONUS","is_daily":false,"chose_seed":false,"campfire_upgraded":2,"win_rate":0.0,"timestamp":1613104094,"path_taken":["R","M","?","?","M","M","T","M","$","M","$","M","M","?","M","BOSS","R","M","M","?","M"],"items_purchased_type":["Relic","Card"],"build_version":"2020-12-22","purchased_purges":0,"victory":false,"max_hp_per_floor":[77,77,77,77,77,77,77,77,77,77,77,77,77,77,77,77,77,77,77,77,77,77,77,77],"card_choices":[{"not_picked":["bronze:Shield","bronze:BugBarrage"],"picked":"bronze:Iterate","floor":2},{"not_picked":["bronze:Frontload","bronze:Virus"],"picked":"bronze:Flail","floor":4},{"not_picked":["bronze:DelayedGuard","bronze:BitShift"],"picked":"bronze:FineTuning","floor":5},{"not_picked":["bronze:Branch","bronze:WildBeam"],"picked":"bronze:GetLatest","floor":6},{"not_picked":["bronze:FineTuning","bronze:Turbo"],"picked":"bronze:Boost","floor":8},{"not_picked":["bronze:Shell","bronze:Repair"],"picked":"bronze:SpaghettiCode","floor":9},{"not_picked":["bronze:Safeguard","bronze:Shield","bronze:CloningBeam"],"picked":"SKIP","floor":10},{"not_picked":["bronze:FollowUp","bronze:BugBarrage"],"picked":"bronze:ChildClass","floor":11},{"not_picked":["bronze:ForceShield","bronze:BuggyMess","bronze:Frontload"],"picked":"SKIP","floor":12},{"not_picked":["bronze:BuggyMess","bronze:FineTuning","bronze:WhirlingStrike"],"picked":"SKIP","floor":13},{"not_picked":["bronze:Branch","bronze:DelayedGuard"],"picked":"bronze:CutThrough","floor":15},{"not_picked":["bronze:Break","bronze:BurnOut"],"picked":"bronze:FindAndReplace","floor":16},{"not_picked":["bronze:OilSpill","bronze:ForLoop"],"picked":"bronze:GetLatest","floor":19},{"not_picked":["bronze:DigitalCarnage","bronze:CutThrough"],"picked":"bronze:Turbo+1","floor":20},{"not_picked":[],"picked":"bronze:DonuBeam","floor":21},{"not_picked":[],"picked":"bronze:DecaBeam","floor":21},{"not_picked":["bronze:DelayedSlice","bronze:ForLoop"],"picked":"bronze:Optimize","floor":21}],"player_experience":488652,"relics_obtained":[{"floor":7,"key":"Akabeko"}],"event_choices":[{"damage_healed":58,"gold_gain":0,"player_choice":"Full Heal","damage_taken":0,"max_hp_gain":0,"max_hp_loss":0,"event_name":"Wheel of Change","floor":14,"gold_loss":0}],"is_beta":false,"boss_relics":[{"not_picked":["SoulBox","Snecko Eye"],"picked":"Pandora\u0027s Box"}],"items_purged_floors":[],"is_endless":false,"potions_floor_spawned":[2,4,10,15,16,19],"killed_by":"Snake Plant","ascension_level":0}}