{"host":"u1pme1jhvp02dnrz","time":1613108908,"event":{"mods":["AchievementEnabler","BaseMod","Bestiary","Colored Map","Colored Powertips","Highlight Path","Minty Spire (QoL Compilation)","Random Character Button","Relic Stats"],"gold_per_floor":[114,39,55,55,230,255,255,255,255],"floor_reached":8,"language":"ENG","playtime":673,"items_purged":["Strike_B"],"score":57,"play_id":"b4968040-3ed4-4678-9e4b-01200d068e3d","local_time":"20210211234828","is_ascension_mode":true,"campfire_choices":[{"floor":7.0,"key":"REST"}],"circlet_count":0,"master_deck":["Strike_B","Strike_B","Strike_B","Defend_B","Defend_B","Defend_B","Defend_B","Zap","Dualcast","Steam Power","Gash","Doubt","FTL"],"relics":["SlaversCollar","Potion Belt","Toy Ornithopter"],"acts_visited":["Exordium"],"potions_floor_usage":[8],"damage_taken":[{"damage":5.0,"enemies":"Small Slimes","floor":1.0,"turns":3.0},{"damage":17.0,"enemies":"Jaw Worm","floor":3.0,"turns":4.0},{"damage":20.0,"enemies":"Lagavulin","floor":6.0,"turns":8.0},{"damage":49,"enemies":"Gremlin Nob","floor":8,"turns":5}],"seed_played":"-935887835241301362","potions_obtained":[{"floor":1.0,"key":"EssenceOfDarkness"},{"floor":3.0,"key":"EssenceOfDarkness"},{"floor":6.0,"key":"Fruit Juice"}],"is_trial":false,"path_per_floor":["M","$","M","?","?","E","R","E"],"character_chosen":"DEFECT","items_purchased":[],"campfire_rested":1,"item_purchase_floors":[],"current_hp_per_floor":[70,70,53,28,28,8,30,0,0],"gold":255,"neow_bonus":"BOSS_RELIC","is_daily":false,"chose_seed":false,"campfire_upgraded":0,"win_rate":0.0,"timestamp":1613108908,"path_taken":["M","$","M","?","?","E","R","E"],"items_purchased_type":[],"build_version":"2020-12-22","purchased_purges":1,"victory":false,"max_hp_per_floor":[75,75,75,75,75,75,75,80,80],"relic_stats":{"counters":[4,20],"obtain_stats":[{"Potion Belt":4,"SlaversCollar":0,"Cracked Core":0,"Toy Ornithopter":6},{"Potion Belt":2,"SlaversCollar":0,"Cracked Core":0,"Toy Ornithopter":3},{"Potion Belt":7,"SlaversCollar":0,"Cracked Core":0,"Toy Ornithopter":15}],"Toy Ornithopter":5},"card_choices":[{"not_picked":["Barrage","Conserve Battery"],"picked":"Steam Power","floor":1.0},{"not_picked":["Stack","Rebound"],"picked":"Gash","floor":3.0},{"not_picked":["Go for the Eyes","Stack"],"picked":"FTL","floor":6.0}],"player_experience":201876,"relics_obtained":[{"floor":6.0,"key":"Toy Ornithopter"}],"event_choices":[{"damage_healed":0.0,"max_hp_gain":0.0,"max_hp_loss":0.0,"gold_gain":0.0,"event_name":"Scrap Ooze","player_choice":"Success","floor":4.0,"gold_loss":0.0,"damage_taken":25.0,"relics_obtained":["Potion Belt"]},{"damage_healed":0.0,"max_hp_gain":0.0,"max_hp_loss":0.0,"gold_gain":175.0,"event_name":"Liars Game","player_choice":"AGREE","floor":5.0,"gold_loss":0.0,"damage_taken":0.0,"cards_obtained":["Doubt"]}],"is_beta":false,"boss_relics":[],"items_purged_floors":[2],"is_endless":false,"potions_floor_spawned":[1,3,6],"killed_by":"Gremlin Nob","ascension_level":1}}