{"host":"z2qbs5oitkx9dzyk","time":1613157335,"event":{"mods":["BaseMod","Colored Map","Colored Powertips","Minty Spire (QoL Compilation)","Shop Mod"],"gold_per_floor":[110,123,8,183,183,214,214,225,304,304,304,107,57,77,77,176,176,160,85,85,104,119,119,134,3,27,27,27,27,43,59,59,154,154,171,188,188,188,138,158,178,0,50,79,110,122,134,160,172,184,196,208,66,100,100,100],"floor_reached":55,"language":"ENG","playtime":2730,"items_purged":["Strike_B","Strike_B","Defend_B","Tempest"],"score":744,"play_id":"35142dde-0bcc-47e5-ae0b-c1287a02fcd6","local_time":"20210212131535","is_ascension_mode":false,"campfire_choices":[{"data":"Chill","floor":7.0,"key":"SMITH"},{"data":"Defragment","floor":10.0,"key":"SMITH"},{"data":"Leap","floor":15.0,"key":"SMITH"},{"data":"Glacier","floor":23.0,"key":"SMITH"},{"data":"RitualDagger","floor":29.0,"key":"SMITH"},{"data":"Buffer","floor":32.0,"key":"SMITH"},{"floor":47.0,"key":"RECALL"},{"floor":49.0,"key":"REST"},{"data":"Creative AI","floor":52.0,"key":"SMITH"}],"circlet_count":0,"master_deck":["Zap+1","Dualcast","Conserve Battery+1","Capacitor","Chill+1","Leap+1","Defragment+1","Buffer+1","Glacier+1","Cold Snap+1","Capacitor","Recycle","RitualDagger+1","Barrage+1","Ball Lightning","Creative AI+1","Redo+1","Redo+1","Glacier+1","Defragment+1","Darkness+1","Consume+1","Capacitor","White Noise","Lockon+1"],"relics":["Cracked Core","Smiling Mask","Runic Capacitor","Nuclear Battery","Whetstone","Velvet Choker","Red Mask","MawBank","Toy Ornithopter"],"acts_visited":["Exordium","TheCity","TheBeyond","TheEnding"],"potions_floor_usage":[55,55,55,55,55],"damage_taken":[{"damage":2.0,"enemies":"Jaw Worm","floor":1.0,"turns":4.0},{"damage":1.0,"enemies":"Small Slimes","floor":2.0,"turns":2.0},{"damage":11.0,"enemies":"Lagavulin","floor":6.0,"turns":9.0},{"damage":0.0,"enemies":"2 Louse","floor":8.0,"turns":4.0},{"damage":0.0,"enemies":"Large Slime","floor":14.0,"turns":6.0},{"damage":16.0,"enemies":"The Guardian","floor":16.0,"turns":10.0},{"damage":2.0,"enemies":"2 Thieves","floor":18.0,"turns":4.0},{"damage":11.0,"enemies":"Chosen","floor":21.0,"turns":7.0},{"damage":3.0,"enemies":"Snake Plant","floor":22.0,"turns":6.0},{"damage":0.0,"enemies":"Sentry and Sphere","floor":24.0,"turns":10.0},{"damage":0.0,"enemies":"Centurion and Healer","floor":30.0,"turns":20.0},{"damage":0.0,"enemies":"Shelled Parasite and Fungi","floor":31.0,"turns":6.0},{"damage":0.0,"enemies":"Automaton","floor":33.0,"turns":11.0},{"damage":6.0,"enemies":"Orb Walker","floor":35.0,"turns":4.0},{"damage":0.0,"enemies":"3 Shapes","floor":36.0,"turns":5.0},{"damage":0.0,"enemies":"Maw","floor":40.0,"turns":8.0},{"damage":24.0,"enemies":"Transient","floor":41.0,"turns":5.0},{"damage":0.0,"enemies":"Spire Growth","floor":44.0,"turns":5.0},{"damage":0.0,"enemies":"4 Shapes","floor":45.0,"turns":6.0},{"damage":0.0,"enemies":"Transient","floor":48.0,"turns":5.0},{"damage":0.0,"enemies":"Donu and Deca","floor":50.0,"turns":9.0},{"damage":30.0,"enemies":"Shield and Spear","floor":54.0,"turns":8.0},{"damage":79,"enemies":"The Heart","floor":55,"turns":3}],"seed_played":"4350646306488627782","potions_obtained":[{"floor":6.0,"key":"LiquidBronze"},{"floor":8.0,"key":"Explosive Potion"},{"floor":16.0,"key":"PotionOfCapacity"},{"floor":21.0,"key":"LiquidBronze"},{"floor":22.0,"key":"PotionOfCapacity"},{"floor":30.0,"key":"PotionOfCapacity"},{"floor":31.0,"key":"DistilledChaos"},{"floor":41.0,"key":"SkillPotion"},{"floor":44.0,"key":"Block Potion"},{"floor":48.0,"key":"EntropicBrew"}],"is_trial":false,"path_per_floor":["M","M","$","?","?","E","R","M","T","R","?","$","?","M","R","B",null,"M","?","?","M","M","R","M","$","T","?","?","R","M","M","R","B",null,"M","M","?","?","$","M","M","?","T","M","M","$","R","M","R","B",null,"R","$","E","B"],"character_chosen":"DEFECT","items_purchased":["Capacitor","Chill","Runic Capacitor","Capacitor","Capacitor","White Noise"],"campfire_rested":1,"item_purchase_floors":[3,3,12,25,53,53],"current_hp_per_floor":[73,72,72,72,65,54,54,54,54,54,54,54,54,54,54,38,75,73,73,73,62,59,59,59,59,59,59,53,53,53,53,53,53,75,69,69,69,69,69,69,45,45,45,45,45,45,45,45,67,67,75,75,75,45,0,0],"gold":100,"neow_bonus":"UPGRADE_CARD","is_daily":false,"chose_seed":false,"campfire_upgraded":7,"win_rate":0.0,"timestamp":1613157335,"path_taken":["M","M","$","?","?","E","R","M","T","R","?","$","?","M","R","BOSS","M","?","?","M","M","R","M","$","T","?","?","R","M","M","R","BOSS","M","M","?","?","?","M","M","?","T","M","M","?","R","M","R","BOSS","R","$","E","BOSS"],"items_purchased_type":["Card","Card","Relic","Card","Card","Card"],"build_version":"2020-12-22","purchased_purges":4,"victory":false,"max_hp_per_floor":[75,75,75,75,75,75,75,75,75,75,75,75,75,75,75,75,75,75,75,75,75,75,75,75,75,75,75,75,75,75,75,75,75,75,75,75,75,75,75,75,75,75,75,75,75,75,75,75,75,75,75,75,75,75,75,75],"card_choices":[{"not_picked":["Skim","Sweeping Beam"],"picked":"Conserve Battery","floor":1.0},{"not_picked":["Beam Cell","Sweeping Beam","Aggregate"],"picked":"SKIP","floor":2.0},{"not_picked":["Static Discharge","Blizzard"],"picked":"Leap","floor":6.0},{"not_picked":["Stack","Tempest"],"picked":"Defragment","floor":8.0},{"not_picked":["Steam","Blizzard","Turbo"],"picked":"SKIP","floor":14.0},{"not_picked":["Reboot","Seek"],"picked":"Buffer","floor":16.0},{"not_picked":["Doom and Gloom","Static Discharge","Turbo"],"picked":"SKIP","floor":18.0},{"not_picked":["Compile Driver+1","Gash"],"picked":"Glacier","floor":21.0},{"not_picked":["Sunder","Cold Snap","Turbo"],"picked":"SKIP","floor":22.0},{"not_picked":["Stack","Beam Cell+1"],"picked":"Cold Snap+1","floor":24.0},{"not_picked":["Conserve Battery","Cold Snap"],"picked":"Barrage+1","floor":30.0},{"not_picked":["Compile Driver","Hologram+1"],"picked":"Ball Lightning","floor":31.0},{"not_picked":["Multi-Cast","Reboot"],"picked":"Creative AI","floor":33.0},{"not_picked":["Coolheaded","Aggregate","Compile Driver+1"],"picked":"SKIP","floor":35.0},{"not_picked":["Double Energy","Go for the Eyes"],"picked":"Redo+1","floor":36.0},{"not_picked":["Cold Snap","Sweeping Beam+1"],"picked":"Redo+1","floor":40.0},{"not_picked":["Steam","Rip and Tear+1"],"picked":"Glacier+1","floor":41.0},{"not_picked":["Redo","Hologram+1"],"picked":"Defragment+1","floor":44.0},{"not_picked":["Beam Cell+1","FTL"],"picked":"Darkness+1","floor":45.0},{"not_picked":["Go for the Eyes+1","Buffer"],"picked":"Consume+1","floor":48.0},{"not_picked":["Chill+1","Self Repair"],"picked":"Lockon+1","floor":54.0}],"player_experience":420321,"relics_obtained":[{"floor":6.0,"key":"Smiling Mask"},{"floor":26.0,"key":"Whetstone"},{"floor":43.0,"key":"MawBank"},{"floor":54.0,"key":"Toy Ornithopter"}],"event_choices":[{"damage_healed":0.0,"max_hp_gain":0.0,"max_hp_loss":0.0,"gold_gain":175.0,"event_name":"Liars Game","player_choice":"AGREE","floor":4.0,"gold_loss":0.0,"damage_taken":0.0,"cards_obtained":["Doubt"]},{"cards_removed":["Doubt"],"damage_healed":0.0,"max_hp_gain":0.0,"max_hp_loss":0.0,"gold_gain":0.0,"event_name":"Golden Wing","player_choice":"Card Removal","floor":5.0,"gold_loss":0.0,"damage_taken":7.0},{"damage_healed":0.0,"max_hp_gain":0.0,"max_hp_loss":0.0,"gold_gain":0.0,"event_name":"Living Wall","player_choice":"Grow","floor":11.0,"gold_loss":0.0,"damage_taken":0.0,"cards_upgraded":["Conserve Battery"]},{"cards_removed":["Strike_B"],"damage_healed":0.0,"max_hp_gain":0.0,"max_hp_loss":0.0,"gold_gain":0.0,"event_name":"The Cleric","player_choice":"Card Removal","floor":13.0,"gold_loss":50.0,"damage_taken":0.0},{"cards_removed":["Strike_B"],"damage_healed":0.0,"max_hp_gain":0.0,"max_hp_loss":0.0,"gold_gain":0.0,"event_name":"Beggar","player_choice":"Gave Gold","floor":19.0,"gold_loss":75.0,"damage_taken":0.0},{"damage_healed":0.0,"max_hp_gain":0.0,"max_hp_loss":0.0,"gold_gain":0.0,"event_name":"Vampires","player_choice":"Ignored","floor":20.0,"gold_loss":0.0,"damage_taken":0.0},{"damage_healed":0.0,"max_hp_gain":0.0,"max_hp_loss":0.0,"gold_gain":0.0,"cards_transformed":["Defend_B","Defend_B"],"event_name":"Drug Dealer","player_choice":"Became Test Subject","floor":27.0,"gold_loss":0.0,"damage_taken":0.0,"cards_obtained":["Tempest","Recycle"]},{"damage_healed":0.0,"max_hp_gain":0.0,"max_hp_loss":0.0,"gold_gain":0.0,"event_name":"Nest","player_choice":"Joined the Cult","floor":28.0,"gold_loss":0.0,"damage_taken":6.0,"cards_obtained":["RitualDagger"]},{"damage_healed":0.0,"max_hp_gain":0.0,"max_hp_loss":0.0,"gold_gain":0.0,"event_name":"Mysterious Sphere","player_choice":"Ignored","floor":37.0,"gold_loss":0.0,"damage_taken":0.0},{"cards_removed":["Defend_B"],"damage_healed":0.0,"max_hp_gain":0.0,"max_hp_loss":0.0,"gold_gain":0.0,"event_name":"Falling","player_choice":"Removed Skill","floor":38.0,"gold_loss":0.0,"damage_taken":0.0},{"damage_healed":0.0,"max_hp_gain":0.0,"max_hp_loss":0.0,"gold_gain":0.0,"event_name":"Tomb of Lord Red Mask","player_choice":"Paid","floor":42.0,"gold_loss":178.0,"damage_taken":0.0,"relics_obtained":["Red Mask"]}],"is_beta":false,"boss_relics":[{"not_picked":["Tiny House","Inserter"],"picked":"Nuclear Battery"},{"not_picked":["Fusion Hammer","Sozu"],"picked":"Velvet Choker"}],"items_purged_floors":[12,25,39,53],"is_endless":false,"potions_floor_spawned":[6,8,16,21,22,30,31,41,44,48],"killed_by":"The Heart","ascension_level":0}}