{"host":"Code","time":1613113198,"event":{"mods":["AchievementEnabler","Act Like it!","BaseMod","BetterRewards","Colored Map","Colored Powertips","Downfall","Highlight Path","Marisa£®ÏF”Í°°ƒß¿Ì…≥£©","Minty Spire (QoL Compilation)","Quick Restart","Rare Cards Sparkle","Relic Stats","Reliquary","Replay The Spire","Shop Mod","StSLib","The Disciple","UnlockEverythingMod"],"gold_per_floor":[110,0,0,20,36,36,62,62,138,138,138,213,241,252,252,252,252],"floor_reached":16,"language":"ZHS","playtime":294,"items_purged":[],"score":98,"play_id":"cfa522c9-c123-46a4-8757-630204821458","local_time":"20210212145958","is_ascension_mode":false,"campfire_choices":[{"data":"Cleave","floor":6.0,"key":"SMITH"},{"data":"Run Through","floor":8.0,"key":"SMITH"},{"data":"Clash","floor":10.0,"key":"SMITH"},{"data":"ReplayTheSpireMod:Muscle Training","floor":15,"key":"SMITH"}],"circlet_count":0,"master_deck":["Strike_R","Strike_R","Strike_R","Strike_R","Strike_R","Defend_R","Defend_R","Defend_R","Defend_R","Bash","Clash+1","True Grit+1","Pummel","Run Through+1","Cleave+1","Massacre","ReplayTheSpireMod:Muscle Training+1"],"relics":["Burning Blood","NeowsBlessing","Odd Mushroom","Meat on the Bone","Another Sword","reliquary:PurpleTingedLeaf"],"acts_visited":["Exordium"],"potions_floor_usage":[],"damage_taken":[{"damage":0.0,"enemies":"Jaw Worm","floor":1.0,"turns":1.0},{"damage":0.0,"enemies":"Cultist","floor":4.0,"turns":1.0},{"damage":0.0,"enemies":"2 Louse","floor":5.0,"turns":1.0},{"damage":3.0,"enemies":"The Mushroom Lair","floor":7.0,"turns":3.0},{"damage":36.0,"enemies":"Lagavulin","floor":13.0,"turns":5.0},{"damage":5,"enemies":"Looter","floor":14,"turns":2},{"damage":56,"enemies":"The Guardian","floor":16,"turns":5}],"seed_played":"-8451852758337159911","potions_obtained":[{"floor":7.0,"key":"Milkshake"},{"floor":14,"key":"Cursed Concoction"}],"is_trial":false,"path_per_floor":["M","$","?","M","M","R","?","R","T","R","T","?","E","M","R","B"],"character_chosen":"IRONCLAD","items_purchased":["True Grit+1","Pummel"],"campfire_rested":0,"item_purchase_floors":[2,2],"current_hp_per_floor":[80,80,80,80,80,80,80,80,80,80,80,69,51,53,53,0,0],"gold":252,"neow_bonus":"THREE_ENEMY_KILL","is_daily":false,"chose_seed":false,"campfire_upgraded":4,"win_rate":0.0,"timestamp":1613113198,"path_taken":["M","$","?","M","?","R","?","R","T","R","?","?","E","M","R","BOSS"],"items_purchased_type":["Card","Card"],"build_version":"2020-12-18","purchased_purges":0,"victory":false,"max_hp_per_floor":[80,80,80,80,80,80,80,80,80,80,80,80,80,80,80,80,80],"relic_stats":{"counters":[7,18],"obtain_stats":[{"NeowsBlessing":0,"Another Sword":11,"Odd Mushroom":7,"Burning Blood":0,"reliquary:PurpleTingedLeaf":13,"Meat on the Bone":9},{"NeowsBlessing":0,"Another Sword":4,"Odd Mushroom":4,"Burning Blood":0,"reliquary:PurpleTingedLeaf":5,"Meat on the Bone":4},{"NeowsBlessing":0,"Another Sword":6,"Odd Mushroom":6,"Burning Blood":0,"reliquary:PurpleTingedLeaf":11,"Meat on the Bone":6}],"Burning Blood":15,"Meat on the Bone":12},"card_choices":[{"not_picked":["Iron Wave","Defy Death"],"picked":"Clash","floor":1.0},{"not_picked":["Replay:Undeath\u0027s Touch","True Grit"],"picked":"Run Through","floor":4.0},{"not_picked":["Thunderclap","True Grit"],"picked":"Cleave","floor":5.0},{"not_picked":["Headbutt","Wild Strike"],"picked":"Massacre","floor":13},{"not_picked":["Dual Wield","Bludgeon"],"picked":"ReplayTheSpireMod:Muscle Training","floor":14}],"player_experience":274536,"relics_obtained":[{"floor":7.0,"key":"Odd Mushroom"},{"floor":9.0,"key":"Meat on the Bone"},{"floor":11.0,"key":"Another Sword"},{"floor":13,"key":"reliquary:PurpleTingedLeaf"}],"event_choices":[{"damage_healed":0.0,"max_hp_gain":0.0,"max_hp_loss":0.0,"gold_gain":0.0,"event_name":"Transmorgrifier","player_choice":"Ignored","floor":3.0,"gold_loss":0.0,"damage_taken":0.0},{"damage_healed":0.0,"max_hp_gain":0.0,"max_hp_loss":0.0,"gold_gain":0.0,"event_name":"Mushrooms","player_choice":"Fought Mushrooms","floor":7.0,"gold_loss":0.0,"damage_taken":0.0},{"damage_healed":0.0,"max_hp_gain":0.0,"max_hp_loss":0.0,"gold_gain":75.0,"event_name":"World of Goop","player_choice":"Gather Gold","floor":12.0,"gold_loss":0.0,"damage_taken":11.0}],"is_beta":true,"boss_relics":[],"items_purged_floors":[],"is_endless":false,"potions_floor_spawned":[7,14],"killed_by":"The Guardian","ascension_level":0}}