{"host":"2dp3t1i5s6bd92af","time":1613128753,"event":{"mods":["ATMod(ªü½@Mod)","BaseMod","Colored Powertips","Minty Spire (QoL Compilation)","StSLib"],"gold_per_floor":[111,111,121,121,133,161,174,208,208,208,219,219,250,274,274,393,393,412,427,466,490,244,278,278,298,298,398,413,452,452,471,471,594,594,614,270,290,310,673,714,714,739,762,762,803,1025,1056,418,418,418,418,418,418,459,459],"floor_reached":56,"language":"ZHS","playtime":2254,"items_purged":["Strike_P","Strike_P","Defend_P"],"score":1750,"play_id":"7f5b49c0-2d4a-484e-9fad-335d540cc9d1","local_time":"20210212191913","is_ascension_mode":true,"campfire_choices":[{"data":"Eruption","floor":10.0,"key":"SMITH"},{"data":"Defend_P","floor":15.0,"key":"PURGE"},{"data":"Omniscience","floor":24,"key":"SMITH"},{"data":"Defend_P","floor":32,"key":"PURGE"},{"data":"AT_FamilyPortrait","floor":41,"key":"SMITH"},{"data":"Strike_P","floor":44,"key":"PURGE"},{"floor":49,"key":"RECALL"},{"data":"Vigilance","floor":52,"key":"SMITH"}],"circlet_count":0,"master_deck":["Eruption+1","Vigilance+1","AT_KingSlayer","FollowUp","Vault+1","Judgement","EmptyBody","LikeWater","Omniscience+1","CutThroughFate+1","Collect+1","AT_FamilyPortrait+1","DevaForm","Vault","Indignation","FlyingSleeves+1","CrushJoints+1"],"relics":["PureWater","AT_ATBox","NeowsBlessing","StoneCalendar","Peace Pipe","AT_ForceNature","Golden Idol","Question Card","Philosopher\u0027s Stone","Red Mask","Smiling Mask","AT_ImmortalShieldbow","Bottled Flame","Sozu","War Paint","Melange","Old Coin","InkBottle","Happy Flower","Pear","Bag of Preparation","Unceasing Top","GoldenEye","Nunchaku"],"acts_visited":["Exordium","TheCity","TheBeyond","TheEnding"],"potions_floor_usage":[25,28,55],"damage_taken":[{"damage":0.0,"enemies":"Jaw Worm","floor":1.0,"turns":1.0},{"damage":0.0,"enemies":"Cultist","floor":3.0,"turns":1.0},{"damage":0.0,"enemies":"Small Slimes","floor":5.0,"turns":4.0},{"damage":20.0,"enemies":"3 Sentries","floor":6.0,"turns":12.0},{"damage":20.0,"enemies":"Gremlin Gang","floor":7.0,"turns":4.0},{"damage":10.0,"enemies":"Lagavulin","floor":8.0,"turns":4.0},{"damage":0.0,"enemies":"Blue Slaver","floor":11.0,"turns":2.0},{"damage":1.0,"enemies":"3 Sentries","floor":13.0,"turns":5.0},{"damage":5.0,"enemies":"Exordium Thugs","floor":14.0,"turns":5.0},{"damage":0.0,"enemies":"Slime Boss","floor":16.0,"turns":5.0},{"damage":0.0,"enemies":"Spheric Guardian","floor":18.0,"turns":2.0},{"damage":18.0,"enemies":"3 Byrds","floor":19.0,"turns":4.0},{"damage":0.0,"enemies":"Masked Bandits","floor":20.0,"turns":2.0},{"damage":10,"enemies":"Gremlin Leader","floor":23,"turns":3},{"damage":0,"enemies":"Snake Plant","floor":25,"turns":2},{"damage":4,"enemies":"Cultist and Chosen","floor":28,"turns":3},{"damage":0,"enemies":"Book of Stabbing","floor":29,"turns":2},{"damage":0,"enemies":"Centurion and Healer","floor":31,"turns":2},{"damage":0,"enemies":"Collector","floor":33,"turns":1},{"damage":0,"enemies":"3 Darklings","floor":35,"turns":3},{"damage":0,"enemies":"Orb Walker","floor":37,"turns":1},{"damage":0,"enemies":"Writhing Mass","floor":38,"turns":1},{"damage":0,"enemies":"Mind Bloom Boss Battle","floor":39,"turns":1},{"damage":0,"enemies":"Reptomancer","floor":40,"turns":1},{"damage":0,"enemies":"Transient","floor":42,"turns":1},{"damage":0,"enemies":"Nemesis","floor":45,"turns":1},{"damage":0,"enemies":"Reptomancer","floor":47,"turns":1},{"damage":0,"enemies":"Time Eater","floor":50,"turns":1},{"damage":6,"enemies":"Shield and Spear","floor":54,"turns":4},{"damage":47,"enemies":"The Heart","floor":55,"turns":7}],"seed_played":"4868923893691154761","potions_obtained":[{"floor":6.0,"key":"Block Potion"},{"floor":8.0,"key":"Ancient Potion"},{"floor":11.0,"key":"Weak Potion"},{"floor":13.0,"key":"BlessingOfTheForge"},{"floor":23,"key":"Swift Potion"},{"floor":28,"key":"Fruit Juice"},{"floor":31,"key":"SneckoOil"},{"floor":33,"key":"SpeedPotion"}],"is_trial":false,"path_per_floor":["M","?","M","?","M","E","M","E","T","R","M","?","E","M","R","B",null,"M","M","?","T","$","E","R","M","T","?","M","E","?","M","R","B",null,"M","$","M","M","?","E","R","M","T","R","E","?","E","$","R","B",null,"R","$","E","B",null],"character_chosen":"WATCHER","items_purchased":["AT_FamilyPortrait","War Paint","Melange","Unceasing Top","GoldenEye"],"campfire_rested":0,"item_purchase_floors":[22,36,36,48,48],"current_hp_per_floor":[72,72,72,72,72,52,32,22,22,22,22,22,21,16,16,16,67,67,49,49,49,49,39,39,39,39,39,40,40,40,40,40,40,72,72,72,72,72,72,72,72,72,72,72,82,82,82,82,82,82,82,82,82,76,29],"gold":459,"neow_bonus":"THREE_ENEMY_KILL","is_daily":false,"chose_seed":false,"campfire_upgraded":4,"win_rate":0.0,"timestamp":1613128753,"path_taken":["M","?","?","?","M","E","M","E","T","R","?","?","E","M","R","BOSS","M","M","?","?","$","E","R","M","T","?","?","E","?","M","R","BOSS","M","$","M","M","?","E","R","M","T","R","E","?","E","$","R","BOSS","R","$","E","BOSS"],"items_purchased_type":["Card","Relic","Relic","Relic","Relic"],"build_version":"2020-12-22","purchased_purges":3,"victory":true,"max_hp_per_floor":[72,72,72,72,72,72,72,72,72,72,72,67,67,67,67,67,67,67,67,67,67,67,67,67,67,67,67,72,72,72,72,72,72,72,72,72,72,72,72,72,72,72,72,72,82,82,82,82,82,82,82,82,82,82,82],"card_choices":[{"not_picked":["EmptyBody","Consecrate"],"picked":"FollowUp","floor":1.0},{"not_picked":["JustLucky","CrushJoints"],"picked":"Vault","floor":3.0},{"not_picked":["AT_SoftenMuscles","Protect","BowlingBash"],"picked":"SKIP","floor":5.0},{"not_picked":["WindmillStrike","DeceiveReality"],"picked":"Judgement","floor":6.0},{"not_picked":["FlyingSleeves","Swivel","CrushJoints"],"picked":"SKIP","floor":7.0},{"not_picked":["ClearTheMind","AT_RealColorLess"],"picked":"EmptyBody","floor":8.0},{"not_picked":["FollowUp","Weave"],"picked":"LikeWater","floor":11.0},{"not_picked":["FlurryOfBlows","ThirdEye","DeceiveReality"],"picked":"SKIP","floor":13.0},{"not_picked":["Halt","FlurryOfBlows","Wallop","AT_DivineConfetti"],"picked":"SKIP","floor":14.0},{"not_picked":["Alpha","Judgement","Brilliance"],"picked":"Omniscience","floor":16.0},{"not_picked":["Evaluate","ReachHeaven","SandsOfTime","FlyingSleeves"],"picked":"SKIP","floor":18.0},{"not_picked":["FollowUp","EmptyMind","CrushJoints+1"],"picked":"CutThroughFate+1","floor":19.0},{"not_picked":["Nirvana+1","EmptyBody","AT_OneInchPunch"],"picked":"Collect","floor":20.0},{"not_picked":["AT_DivineConfetti","Prostrate","Evaluate+1","BowlingBash"],"picked":"SKIP","floor":23},{"not_picked":["BowlingBash","Vengeance","Crescendo","CutThroughFate+1"],"picked":"SKIP","floor":25},{"not_picked":["ClearTheMind","CutThroughFate","BattleHymn","EmptyMind"],"picked":"SKIP","floor":28},{"not_picked":["SandsOfTime","JustLucky","ForeignInfluence"],"picked":"DevaForm","floor":29},{"not_picked":["InnerPeace+1","EmptyFist","Fasting2+1","JustLucky+1"],"picked":"SKIP","floor":31},{"not_picked":["InnerPeace+1","EmptyFist","Fasting2+1","JustLucky+1"],"picked":"SKIP","floor":31},{"not_picked":["LessonLearned","AT_MachinaRedman","AT_IrregularMenstruation"],"picked":"Vault","floor":33},{"not_picked":["Protect+1","CrushJoints+1","BattleHymn+1","Halt+1"],"picked":"SKIP","floor":35},{"not_picked":["FollowUp+1","BowlingBash+1","ClearTheMind","Meditate+1"],"picked":"SKIP","floor":37},{"not_picked":["AT_RealFormLess+1","MentalFortress","AT_SoftenMuscles","Tantrum+1"],"picked":"SKIP","floor":38},{"not_picked":["LikeWater+1","DevaForm","InnerPeace+1"],"picked":"Indignation","floor":40},{"not_picked":["Consecrate+1","Crescendo+1","Study"],"picked":"FlyingSleeves+1","floor":42},{"not_picked":["Vengeance","Evaluate+1","AT_OneInchPunch","Conclude+1"],"picked":"SKIP","floor":45},{"not_picked":["Pray+1","JustLucky+1","FlurryOfBlows","AT_ChampionStep+1"],"picked":"SKIP","floor":47},{"not_picked":["AT_RealFormLess","ThirdEye","FearNoEvil+1"],"picked":"CrushJoints+1","floor":54}],"player_experience":443261,"relics_obtained":[{"floor":6.0,"key":"StoneCalendar"},{"floor":8.0,"key":"Peace Pipe"},{"floor":9.0,"key":"AT_ForceNature"},{"floor":13.0,"key":"Question Card"},{"floor":20.0,"key":"Red Mask"},{"floor":23,"key":"Smiling Mask"},{"floor":26,"key":"AT_ImmortalShieldbow"},{"floor":29,"key":"Bottled Flame"},{"floor":39,"key":"Old Coin"},{"floor":40,"key":"InkBottle"},{"floor":43,"key":"Happy Flower"},{"floor":45,"key":"Pear"},{"floor":47,"key":"Bag of Preparation"},{"floor":54,"key":"Nunchaku"}],"event_choices":[{"cards_removed":["Strike_P"],"damage_healed":0.0,"max_hp_gain":0.0,"max_hp_loss":0.0,"gold_gain":0.0,"event_name":"Bonfire Elementals","player_choice":"Offered Basic","floor":2.0,"gold_loss":0.0,"damage_taken":0.0},{"cards_removed":["Defend_P"],"damage_healed":0.0,"max_hp_gain":0.0,"max_hp_loss":0.0,"gold_gain":0.0,"event_name":"Purifier","player_choice":"Purged","floor":4.0,"gold_loss":0.0,"damage_taken":0.0},{"damage_healed":0.0,"max_hp_gain":0.0,"max_hp_loss":5.0,"gold_gain":0.0,"event_name":"Golden Idol","player_choice":"Lose Max HP","floor":12.0,"gold_loss":0.0,"damage_taken":0.0,"relics_obtained":["Golden Idol"]},{"damage_healed":0.0,"max_hp_gain":0.0,"max_hp_loss":0.0,"gold_gain":0.0,"event_name":"Masked Bandits","player_choice":"Fought Bandits","floor":20.0,"gold_loss":0.0,"damage_taken":0.0},{"damage_healed":0,"gold_gain":100,"player_choice":"Pray","damage_taken":0,"max_hp_gain":0,"max_hp_loss":0,"event_name":"Golden Shrine","floor":27,"gold_loss":0},{"damage_healed":0,"gold_gain":0,"player_choice":"Ignored","damage_taken":0,"max_hp_gain":0,"max_hp_loss":0,"event_name":"Ghosts","floor":30,"gold_loss":0},{"damage_healed":0,"gold_gain":0,"player_choice":"Fight","damage_taken":0,"max_hp_gain":0,"max_hp_loss":0,"event_name":"MindBloom","floor":39,"gold_loss":0},{"damage_healed":0,"gold_gain":222,"player_choice":"Wore Mask","damage_taken":0,"max_hp_gain":0,"max_hp_loss":0,"event_name":"Tomb of Lord Red Mask","floor":46,"gold_loss":0}],"is_beta":false,"boss_relics":[{"not_picked":["Ectoplasm","Cursed Key"],"picked":"Philosopher\u0027s Stone"},{"not_picked":["Empty Cage","Velvet Choker"],"picked":"Sozu"}],"items_purged_floors":[22,36,48],"is_endless":false,"potions_floor_spawned":[6,8,11,13,23,28,31,33,35,37,39,42,47],"ascension_level":2}}