{"host":"x7u3amoxy3d4heu5","time":1613157722,"event":{"mods":["BaseMod","Colored Map","DeckTracker","Hermit","Hubris","Infinite Spire","Marisa????????","Minty Spire (QoL Compilation)","Quick Restart","Replay The Spire","StSLib","The Cursed","The IronCluck","The Jungle","The Servant 0.9.4","The Wild Card","Unceasing Turn Reminder","slay the spire mod where everything is the same but ironclad has a cowboy hat"],"gold_per_floor":[117,292,306,306,326,326,326,357,357,391,465,476,476,476],"floor_reached":13,"language":"ENG","playtime":485,"items_purged":[],"score":102,"play_id":"d20d3efa-8990-4b94-a250-8e15da9dc03d","local_time":"20210212122202","is_ascension_mode":true,"campfire_choices":[{"floor":9,"key":"REST"}],"circlet_count":0,"master_deck":["hermit:Strike_Hermit","hermit:Strike_Hermit","hermit:Strike_Hermit","hermit:Strike_Hermit","hermit:Defend_Hermit","hermit:Defend_Hermit","hermit:Defend_Hermit","hermit:Defend_Hermit","hermit:Snapshot","hermit:Covet","hermit:HoleUp","Doubt","hermit:Misfire","hermit:CursedWeapon","hermit:Horror","hermit:LowProfile","hermit:FlashPowder","hermit:HighCaliber"],"relics":["hermit:Momento","NeowsBlessing","Replay:Multitool","Pocketwatch"],"acts_visited":["Exordium"],"potions_floor_usage":[],"damage_taken":[{"damage":0,"enemies":"Jaw Worm","floor":1,"turns":1},{"damage":0,"enemies":"Small Slimes","floor":3,"turns":1},{"damage":2,"enemies":"Cultist","floor":5,"turns":2},{"damage":35,"enemies":"Lagavulin","floor":8,"turns":7},{"damage":54,"enemies":"3 Sentries","floor":10,"turns":13},{"damage":2,"enemies":"3 Louse","floor":12,"turns":3},{"damage":7,"enemies":"Gremlin Nob","floor":13,"turns":3}],"seed_played":"5081624431475264716","potions_obtained":[{"floor":3,"key":"FearPotion"},{"floor":10,"key":"CultistPotion"},{"floor":12,"key":"CultistPotion"}],"is_trial":false,"path_per_floor":["M","?","M","?","M","PTL","PTL","E","R","E","T","M","E"],"character_chosen":"HERMIT","items_purchased":[],"campfire_rested":1,"item_purchase_floors":[],"current_hp_per_floor":[75,75,75,75,73,73,73,38,60,6,6,4,0,0],"gold":476,"neow_bonus":"THREE_ENEMY_KILL","is_daily":false,"chose_seed":false,"campfire_upgraded":0,"win_rate":0.0,"timestamp":1613157722,"path_taken":["M","?","M","?","M","PTL","PTL","E","R","E","T","M","E"],"items_purchased_type":[],"build_version":"2020-12-22","purchased_purges":0,"victory":false,"max_hp_per_floor":[75,75,75,75,75,75,75,75,75,75,75,75,75,75],"card_choices":[{"not_picked":["hermit:Manifest","hermit:NoHoldsBarred"],"picked":"hermit:HoleUp","floor":1},{"not_picked":["hermit:Scavenge","hermit:WideOpen"],"picked":"hermit:Misfire","floor":3},{"not_picked":["hermit:Manifest","hermit:Coalescence"],"picked":"hermit:Horror","floor":5},{"not_picked":["hermit:LuckOfTheDraw","hermit:Showdown"],"picked":"hermit:LowProfile","floor":8},{"not_picked":["hermit:GoldenBullet","hermit:HoleUp"],"picked":"hermit:FlashPowder","floor":10},{"not_picked":["hermit:BodyArmor","hermit:HoleUp"],"picked":"hermit:HighCaliber","floor":12}],"player_experience":609178,"relics_obtained":[{"floor":8,"key":"Replay:Multitool"},{"floor":10,"key":"Pocketwatch"}],"event_choices":[{"damage_healed":0,"gold_gain":175,"player_choice":"AGREE","damage_taken":0,"max_hp_gain":0,"max_hp_loss":0,"event_name":"Liars Game","floor":2,"gold_loss":0,"cards_obtained":["Doubt"]}],"is_beta":false,"boss_relics":[],"items_purged_floors":[],"is_endless":false,"potions_floor_spawned":[3,10,12],"killed_by":"Gremlin Nob","ascension_level":2}}