{"host":"8anmd7ibyxevnonj","time":1613121507,"event":{"mods":["BaseMod","Curses Come First","Downfall","Minty Spire (QoL Compilation)","StSLib"],"gold_per_floor":[99,117,127,144,164,164,164,164,195,195,213,213,213,230,249,347,347,347,347,347,362,362,58,58,58,58,43,57,86,86,141,161,260,260,260,275,293,305,317,3,58,58,58,83,83,83,97,97,110,110],"floor_reached":51,"language":"ENG","playtime":4692,"items_purged":[],"score":697,"play_id":"61a926dd-7111-4734-809d-fc77622ac3dc","local_time":"20210212101827","is_ascension_mode":false,"campfire_choices":[{"data":"hexamod:Sear","floor":1,"key":"SMITH"},{"data":"hexamod:RetreatToShadows","floor":6,"key":"SMITH"},{"data":"hexamod:VolcanoVisage","floor":12,"key":"SMITH"},{"floor":18,"key":"RECALL"},{"floor":25,"key":"REST"},{"floor":30,"key":"REST"},{"floor":35,"key":"REST"},{"floor":42,"key":"REST"},{"floor":46,"key":"REST"}],"circlet_count":0,"master_deck":["hexamod:Strike+1","hexamod:Strike+1","hexamod:Strike+1","hexamod:Defend+1","hexamod:Defend+1","hexamod:Defend+1","hexamod:Defend+1","hexamod:Sear+1","hexamod:Float+1","hexamod:SpectersWail+1","hexamod:InspiringFlames+1","hexamod:RetreatToShadows+1","hexamod:BurningTouch+1","hexamod:VolcanoVisage+1","Iron Wave+1","hexamod:SuperheatedStrike+1","hexamod:Hexaguard+1","hexamod:ThirdSeal","hexamod:FifthSeal","hexamod:ApocalypseNow+1","CurseOfTheBell","hexamod:GhostOfSpirePresent+1","hexamod:ExtraCrispy+1","hexamod:FourthSeal","hexamod:GhostOfSpireFuture+1","hexamod:SpectersWail+1","hexamod:RadiantFlame+1","hexamod:SixthSeal","hexamod:ForkedFlame+1","hexamod:SixthSeal","hexamod:StepThrough+1","hexamod:ExtraCrispy+1","hexamod:SixthSeal","hexamod:FirstSeal","hexamod:PowerFromBeyond+1","hexamod:RecurringNightmare+1","hexamod:UnlimitedPower+1","hexamod:HexaLevel+1","hexamod:GhostflameBarrier+1","hexamod:SuperheatedStrike+1","hexamod:PhantomCloak+1","hexamod:HeatCrush+1","hexamod:GhostOfSpireFuture+1","hexamod:NightmareGuise+1","hexamod:FlamesFromBeyond+1","hexamod:ShieldOfDarkness+1","hexamod:DynamicBlow+1"],"relics":["hexamod:SpiritBrand","Mummified Hand","MealTicket","Regal Pillow","Fusion Hammer","Potion Belt","Calling Bell","Strawberry","Eternal Feather","hexamod:SoulConsumer","Strange Spoon","Happy Flower","CaptainsWheel","MutagenicStrength","Ice Cream","Vajra","Empty Cage","Blood Vial","HandDrill","Ancient Tea Set"],"acts_visited":["Exordium","TheCity","TheBeyond"],"potions_floor_usage":[16,28,29,29,29,32,38,38,40,44,44,44,44,44,50,50,50,50,50],"damage_taken":[{"damage":0,"enemies":"Cultist","floor":2,"turns":3},{"damage":0,"enemies":"Small Slimes","floor":3,"turns":3},{"damage":1,"enemies":"2 Louse","floor":4,"turns":2},{"damage":4,"enemies":"Blue Slaver","floor":5,"turns":4},{"damage":15,"enemies":"3 Sentries","floor":9,"turns":9},{"damage":2,"enemies":"3 Louse","floor":11,"turns":3},{"damage":8,"enemies":"Exordium Thugs","floor":14,"turns":4},{"damage":0,"enemies":"2 Fungi Beasts","floor":15,"turns":3},{"damage":26,"enemies":"IC_STATUS_ARCHETYPE","floor":16,"turns":8},{"damage":12,"enemies":"Shell Parasite","floor":21,"turns":7},{"damage":0,"enemies":"Chosen","floor":22,"turns":1},{"damage":0,"enemies":"downfall:FleeingMerchant","floor":23,"turns":4},{"damage":3,"enemies":"downfall:FleeingMerchant","floor":27,"turns":4},{"damage":17,"enemies":"3 Cultists","floor":28,"turns":6},{"damage":66,"enemies":"Slavers","floor":29,"turns":6},{"damage":18,"enemies":"Cultist and Chosen","floor":32,"turns":6},{"damage":57,"enemies":"SI_MIRROR_ARCHETYPE","floor":33,"turns":12},{"damage":17,"enemies":"3 Darklings","floor":36,"turns":7},{"damage":9,"enemies":"3 Shapes","floor":37,"turns":4},{"damage":33,"enemies":"Maw","floor":38,"turns":8},{"damage":14,"enemies":"Spire Growth","floor":39,"turns":5},{"damage":4,"enemies":"downfall:FleeingMerchant","floor":40,"turns":4},{"damage":73,"enemies":"Giant Head","floor":44,"turns":9},{"damage":2,"enemies":"Sphere and 2 Shapes","floor":47,"turns":7},{"damage":6,"enemies":"Jaw Worm Horde","floor":49,"turns":4},{"damage":83,"enemies":"WA_ARCHETYPE_DIVINITY","floor":50,"turns":10}],"seed_played":"7102990249964884793","potions_obtained":[{"floor":3,"key":"AttackPotion"},{"floor":5,"key":"SteroidPotion"},{"floor":11,"key":"SneckoOil"},{"floor":16,"key":"sneckomod:MuddlingPotion"},{"floor":21,"key":"Block Potion"},{"floor":23,"key":"AttackPotion"},{"floor":28,"key":"BlessingOfTheForge"},{"floor":28,"key":"AttackPotion"},{"floor":29,"key":"ColorlessPotion"},{"floor":32,"key":"sneckomod:MuddlingPotion"},{"floor":33,"key":"DistilledChaos"},{"floor":33,"key":"PowerPotion"},{"floor":36,"key":"Energy Potion"},{"floor":37,"key":"EntropicBrew"},{"floor":38,"key":"BlessingOfTheForge"},{"floor":38,"key":"GamblersBrew"},{"floor":39,"key":"hexamod:DoubleChargePotion"},{"floor":44,"key":"Ancient Potion"},{"floor":49,"key":"hexamod:DoubleChargePotion"}],"is_trial":false,"path_per_floor":["R","M","M","M","M","R","T","?","E","?","M","R","?","M","M","B",null,"R","?","?","M","M","$","T","R","?","$","M","E","R","T","M","B",null,"R","M","M","M","M","$","T","R","?","E","?","R","M","?","M","B",null],"character_chosen":"THE_SPIRIT","items_purchased":["Strange Spoon","Happy Flower","Blood Vial","HandDrill"],"campfire_rested":5,"item_purchase_floors":[23,23,40,40],"current_hp_per_floor":[77,77,77,76,72,72,72,60,45,45,43,43,43,35,35,9,77,77,77,84,76,76,84,84,84,84,84,71,9,70,70,63,17,84,84,78,69,47,44,59,59,84,84,22,22,84,84,84,82,12],"gold":110,"neow_bonus":"TEN_PERCENT_HP_BONUS","is_daily":false,"chose_seed":false,"campfire_upgraded":3,"win_rate":0.0,"timestamp":1613121507,"path_taken":["R","M","M","M","M","R","T","?","E","?","?","R","?","M","M","BOSS","R","?","?","M","M","$","T","R","?","$","M","E","R","?","M","BOSS","R","M","M","M","M","$","T","R","?","E","?","R","?","?","M","BOSS"],"items_purchased_type":["Relic","Relic","Relic","Relic"],"build_version":"2020-12-13","purchased_purges":0,"victory":true,"max_hp_per_floor":[77,77,77,77,77,77,77,77,77,77,77,77,77,77,77,77,77,77,77,84,84,84,84,84,84,84,84,84,84,84,84,84,84,84,84,84,84,84,84,84,84,84,84,84,84,84,84,84,84,84],"card_choices":[{"not_picked":["hexamod:PhantomFireball","hexamod:BurningTouch"],"picked":"hexamod:SpectersWail","floor":2},{"not_picked":["hexamod:ShieldOfDarkness","hexamod:FastForward"],"picked":"hexamod:InspiringFlames","floor":3},{"not_picked":["hexamod:Firestarter","hexamod:CatchUp"],"picked":"hexamod:RetreatToShadows","floor":4},{"not_picked":["hexamod:Rewind","hexamod:AdvancingGuard"],"picked":"hexamod:BurningTouch","floor":5},{"not_picked":["hexamod:Firestarter","hexamod:HauntingEcho"],"picked":"hexamod:VolcanoVisage","floor":9},{"not_picked":["hexamod:HeatCrush","hexamod:NightmareGuise"],"picked":"hexamod:SuperheatedStrike","floor":11},{"not_picked":["hexamod:Again","hexamod:BurningTouch"],"picked":"hexamod:Hexaguard","floor":14},{"not_picked":["hexamod:FlamesFromBeyond","hexamod:Again"],"picked":"hexamod:ThirdSeal","floor":15},{"not_picked":["hexamod:ParanormalForm","hexamod:FlameSwitch"],"picked":"hexamod:FifthSeal","floor":16},{"not_picked":["hexamod:Toasty","hexamod:ParanormalForm"],"picked":"hexamod:ApocalypseNow","floor":16},{"not_picked":["hexamod:SuperheatedStrike","hexamod:RainOfEmbers"],"picked":"hexamod:ExtraCrispy+1","floor":21},{"not_picked":["hexamod:ThirdSeal","hexamod:SecondSeal"],"picked":"hexamod:FourthSeal","floor":21},{"not_picked":["hexamod:GhostShield","hexamod:FourthSeal"],"picked":"hexamod:GhostOfSpireFuture+1","floor":21},{"not_picked":["hexamod:GhostShield","hexamod:NightmareStrike","hexamod:GhostLash"],"picked":"SKIP","floor":22},{"not_picked":["hexamod:GhostLash","hexamod:NightmareStrike"],"picked":"hexamod:SpectersWail","floor":23},{"not_picked":["hexamod:SecondSeal","hexamod:ThirdSeal","hexamod:FourthSeal"],"picked":"SKIP","floor":23},{"not_picked":["hexamod:RetreatToShadows","hexamod:SuperheatedStrike"],"picked":"hexamod:RadiantFlame","floor":27},{"not_picked":["hexamod:FourthSeal","hexamod:SecondSeal"],"picked":"hexamod:SixthSeal","floor":27},{"not_picked":["hexamod:BacktrackSmack+1","hexamod:SkipABeat"],"picked":"hexamod:ForkedFlame","floor":27},{"not_picked":["hexamod:FirstSeal","hexamod:SecondSeal"],"picked":"hexamod:SixthSeal","floor":28},{"not_picked":["hexamod:RetreatToShadows","hexamod:ThirdSeal"],"picked":"hexamod:StepThrough","floor":28},{"not_picked":["hexamod:GhostShield","hexamod:FirstSeal"],"picked":"hexamod:ExtraCrispy","floor":28},{"not_picked":["hexamod:FirstSeal","hexamod:FourthSeal"],"picked":"hexamod:SixthSeal","floor":29},{"not_picked":["hexamod:RecurringNightmare+1","hexamod:NightmareGuise"],"picked":"hexamod:FirstSeal","floor":29},{"not_picked":["hexamod:SuperheatedStrike","hexamod:GhostOfSpireFuture","hexamod:GhostLash"],"picked":"SKIP","floor":29},{"not_picked":["hexamod:RadiantFlame+1","hexamod:SearingWound"],"picked":"hexamod:PowerFromBeyond+1","floor":32},{"not_picked":["hexamod:BurningTouch+1","hexamod:AdvancingGuard"],"picked":"hexamod:RecurringNightmare+1","floor":32},{"not_picked":["hexamod:ParanormalForm","hexamod:GhostflameInferno"],"picked":"hexamod:UnlimitedPower","floor":33},{"not_picked":["hexamod:SixthSeal","hexamod:FlameSwitch"],"picked":"hexamod:HexaLevel","floor":33},{"not_picked":["hexamod:GhostLash","hexamod:SpectersWail"],"picked":"hexamod:GhostflameBarrier+1","floor":36},{"not_picked":["hexamod:NightmareStrike+1","hexamod:SwordOfDarkness+1"],"picked":"hexamod:SuperheatedStrike+1","floor":36},{"not_picked":["hexamod:SecondSeal","hexamod:ThirdSeal","hexamod:SixthSeal"],"picked":"SKIP","floor":36},{"not_picked":["hexamod:FourthSeal","hexamod:BurningTouch","hexamod:Firestarter+1"],"picked":"SKIP","floor":37},{"not_picked":["hexamod:ShieldOfDarkness+1","hexamod:GhostLash+1"],"picked":"hexamod:PhantomCloak","floor":38},{"not_picked":["hexamod:FirstSeal","hexamod:SecondSeal","hexamod:ThirdSeal"],"picked":"SKIP","floor":38},{"not_picked":["hexamod:GhostShield","hexamod:BacktrackSmack","hexamod:InspiringFlames"],"picked":"SKIP","floor":38},{"not_picked":["hexamod:RecurringNightmare","hexamod:FastForward"],"picked":"hexamod:HeatCrush+1","floor":39},{"not_picked":["hexamod:SpectersWail+1","hexamod:GhostShield"],"picked":"hexamod:GhostOfSpireFuture","floor":39},{"not_picked":["hexamod:NightmareStrike+1","hexamod:GhostOfSpireFuture+1"],"picked":"hexamod:NightmareGuise","floor":40},{"not_picked":["hexamod:ParanormalForm","hexamod:GhostShield"],"picked":"hexamod:FlamesFromBeyond+1","floor":40},{"not_picked":["hexamod:Incineration","hexamod:RecurringNightmare+1"],"picked":"hexamod:ShieldOfDarkness+1","floor":44},{"not_picked":["hexamod:Firestarter","hexamod:HauntingEcho","hexamod:SixthSeal"],"picked":"SKIP","floor":44},{"not_picked":["hexamod:AdvancingGuard+1","hexamod:BurningTouch"],"picked":"hexamod:DynamicBlow+1","floor":47},{"not_picked":["hexamod:SpectralAdrenaline","hexamod:GhostShield+1","hexamod:HeatCrush"],"picked":"SKIP","floor":47},{"not_picked":["hexamod:FirstSeal","hexamod:SixthSeal","hexamod:FourthSeal"],"picked":"SKIP","floor":47},{"not_picked":["hexamod:BacktrackSmack","hexamod:HeatMetal+1","hexamod:InspiringFlames+1"],"picked":"SKIP","floor":49}],"player_experience":118310,"relics_obtained":[{"floor":7,"key":"Mummified Hand"},{"floor":9,"key":"Regal Pillow"},{"floor":20,"key":"Strawberry"},{"floor":20,"key":"Eternal Feather"},{"floor":20,"key":"hexamod:SoulConsumer"},{"floor":24,"key":"CaptainsWheel"},{"floor":29,"key":"Ice Cream"},{"floor":31,"key":"Vajra"},{"floor":44,"key":"Ancient Tea Set"}],"event_choices":[{"damage_healed":0,"gold_gain":0,"player_choice":"Success","damage_taken":12,"relics_obtained":["MealTicket"],"max_hp_gain":0,"max_hp_loss":0,"event_name":"Scrap Ooze","floor":8,"gold_loss":0},{"cards_removed":["hexamod:Strike"],"damage_healed":0,"gold_gain":0,"player_choice":"Took Card","damage_taken":0,"max_hp_gain":0,"max_hp_loss":0,"event_name":"NoteForYourself","floor":10,"gold_loss":0,"cards_obtained":["Iron Wave"]},{"damage_healed":0,"gold_gain":0,"player_choice":"Stole Relic","damage_taken":0,"relics_obtained":["Potion Belt"],"max_hp_gain":0,"max_hp_loss":0,"event_name":"Addict","floor":19,"gold_loss":0,"cards_obtained":["Pride"]},{"damage_healed":0,"gold_gain":0,"player_choice":"Inject Mutagens","damage_taken":0,"relics_obtained":["MutagenicStrength"],"max_hp_gain":0,"max_hp_loss":0,"event_name":"Drug Dealer","floor":26,"gold_loss":0}],"is_beta":false,"boss_relics":[{"not_picked":["Calling Bell","bronze:MakeshiftBattery"],"picked":"Fusion Hammer"},{"not_picked":["hexamod:IceCube","Black Star"],"picked":"Empty Cage"}],"items_purged_floors":[],"is_endless":false,"potions_floor_spawned":[3,5,11,15,16,21,28,33,37,38,44,49],"ascension_level":0}}