{"host":"8u7tvcybuv0u72fd","time":1613110273,"event":{"mods":["BaseMod","BetterRewards","Colored Map","Colored Powertips","Minty Spire (QoL Compilation)","Quick Restart","Shop Mod"],"gold_per_floor":[118,118,193,204,218,247,247,259,306,306,306,54,74,105,105,210,210,228,247,247,260,183,183,282,282,354,379,379,395,406,433,433,532,832,850,850,950,966,966,966,998,652,652,667,667,272,272,289,289,289,289,289,2,35,35],"floor_reached":56,"language":"ENG","playtime":2619,"items_purged":["Strike_R"],"score":1603,"play_id":"dc8e471e-647b-4cde-921c-131b62e95caa","local_time":"20210212011113","is_ascension_mode":false,"campfire_choices":[{"data":"Bash","floor":7.0,"key":"SMITH"},{"data":"Body Slam","floor":15.0,"key":"SMITH"},{"data":"Barricade","floor":23.0,"key":"SMITH"},{"data":"Double Tap","floor":25.0,"key":"SMITH"},{"data":"Inflame","floor":28.0,"key":"SMITH"},{"data":"Shrug It Off","floor":32.0,"key":"SMITH"},{"data":"Impervious","floor":40.0,"key":"SMITH"},{"data":"Exhume","floor":45.0,"key":"SMITH"},{"data":"Battle Trance","floor":47.0,"key":"SMITH"},{"floor":49.0,"key":"RECALL"},{"data":"Defend_R","floor":52.0,"key":"SMITH"}],"circlet_count":0,"master_deck":["Strike_R","Strike_R+1","Strike_R+1","Defend_R+1","Defend_R+1","Defend_R+1","Bash+1","Inflame+1","Heavy Blade+1","Shrug It Off+1","Headbutt","Body Slam+1","Double Tap+1","Thunderclap+1","Seeing Red","Barricade+1","Impervious+1","Exhume+1","CurseOfTheBell","Rage+1","Battle Trance+1","Twin Strike+1"],"relics":["Burning Blood","Mango","ClockworkSouvenir","Mummified Hand","Medical Kit","Happy Flower","Mark of Pain","Pantograph","HornCleat","Oddly Smooth Stone","Bronze Scales","Gremlin Horn","Bag of Preparation","Potion Belt","Art of War","MerchantsRug","Kunai","Centennial Puzzle"],"acts_visited":["TheCity","TheBeyond","TheEnding"],"potions_floor_usage":[54,54,55,55,55],"damage_taken":[{"damage":1.0,"enemies":"Cultist","floor":1.0,"turns":3.0},{"damage":4.0,"enemies":"Small Slimes","floor":4.0,"turns":4.0},{"damage":1.0,"enemies":"Jaw Worm","floor":5.0,"turns":3.0},{"damage":40.0,"enemies":"3 Sentries","floor":6.0,"turns":8.0},{"damage":4.0,"enemies":"2 Fungi Beasts","floor":8.0,"turns":3.0},{"damage":1.0,"enemies":"3 Louse","floor":13.0,"turns":3.0},{"damage":12.0,"enemies":"Gremlin Nob","floor":14.0,"turns":4.0},{"damage":16.0,"enemies":"Slime Boss","floor":16.0,"turns":6.0},{"damage":2.0,"enemies":"Spheric Guardian","floor":18.0,"turns":3.0},{"damage":11.0,"enemies":"Shell Parasite","floor":19.0,"turns":4.0},{"damage":7.0,"enemies":"Snecko","floor":21.0,"turns":4.0},{"damage":28.0,"enemies":"Gremlin Leader","floor":27.0,"turns":7.0},{"damage":3.0,"enemies":"Centurion and Healer","floor":29.0,"turns":4.0},{"damage":0.0,"enemies":"Cultist and Chosen","floor":30.0,"turns":6.0},{"damage":60.0,"enemies":"Collector","floor":33.0,"turns":13.0},{"damage":6.0,"enemies":"3 Darklings","floor":35.0,"turns":3.0},{"damage":0.0,"enemies":"3 Shapes","floor":38.0,"turns":3.0},{"damage":0.0,"enemies":"Reptomancer","floor":41.0,"turns":6.0},{"damage":12.0,"enemies":"Transient","floor":44.0,"turns":5.0},{"damage":6.0,"enemies":"Writhing Mass","floor":48.0,"turns":6.0},{"damage":73.0,"enemies":"Time Eater","floor":50.0,"turns":13.0},{"damage":8,"enemies":"Shield and Spear","floor":54,"turns":6},{"damage":54,"enemies":"The Heart","floor":55,"turns":9}],"seed_played":"-5682115526155389564","potions_obtained":[{"floor":8.0,"key":"Weak Potion"},{"floor":19.0,"key":"Weak Potion"},{"floor":30.0,"key":"Explosive Potion"},{"floor":33.0,"key":"Swift Potion"},{"floor":48.0,"key":"Energy Potion"}],"is_trial":false,"path_per_floor":["M","$","?","M","M","E","R","M","T","?","?","$","M","E","R","B",null,"M","M","?","M","$","R","?","R","T","E","R","M","M","T","R","B",null,"M","?","?","M","?","R","E","$","T","M","R","$","R","M","R","B",null,"R","$","E","B",null],"character_chosen":"IRONCLAD","items_purchased":["ClockworkSouvenir","Mummified Hand","Block Potion","Strength Potion","Medical Kit","Body Slam","Barricade","Potion Belt","Battle Trance","Art of War","War Paint","Whetstone","AttackPotion","Explosive Potion","MerchantsRug","Kunai","Weak Potion"],"campfire_rested":0,"item_purchase_floors":[0,0,0,0,12,12,22,42,42,42,46,46,46,46,53,53,53],"current_hp_per_floor":[65,65,56,58,63,29,35,37,37,37,37,37,42,36,42,32,94,94,89,89,88,88,94,94,94,94,72,81,84,90,90,94,40,94,94,94,94,94,94,94,94,94,94,88,94,94,94,94,94,27,94,94,94,92,46],"gold":35,"neow_bonus":"","is_daily":false,"chose_seed":false,"campfire_upgraded":10,"win_rate":0.0,"timestamp":1613110273,"path_taken":["M","?","?","?","M","E","R","M","T","?","?","$","M","E","R","BOSS","M","M","?","?","?","R","?","R","T","E","R","M","M","?","R","BOSS","M","?","?","?","?","R","E","$","T","?","R","$","R","M","R","BOSS","R","$","E","BOSS"],"items_purchased_type":["Relic","Relic","Potion","Potion","Relic","Card","Card","Relic","Card","Relic","Relic","Relic","Potion","Potion","Relic","Relic","Potion"],"build_version":"2020-12-22","purchased_purges":1,"victory":true,"max_hp_per_floor":[94,94,94,94,94,94,94,94,94,94,94,94,94,94,94,94,94,94,94,94,94,94,94,94,94,94,94,94,94,94,94,94,94,94,94,94,94,94,94,94,94,94,94,94,94,94,94,94,94,94,94,94,94,94,94],"card_choices":[{"not_picked":["True Grit","Clothesline"],"picked":"Inflame","floor":1.0},{"not_picked":["Entrench","Pommel Strike"],"picked":"Heavy Blade","floor":4.0},{"not_picked":["Flex","Heavy Blade"],"picked":"Shrug It Off","floor":5.0},{"not_picked":["Infernal Blade","Cleave","Battle Trance"],"picked":"SKIP","floor":6.0},{"not_picked":["Metallicize","Iron Wave"],"picked":"Headbutt","floor":8.0},{"not_picked":["Wild Strike","Anger","Perfected Strike"],"picked":"SKIP","floor":13.0},{"not_picked":["Combust","Immolate","Infernal Blade"],"picked":"SKIP","floor":14.0},{"not_picked":["Brutality","Feed"],"picked":"Double Tap","floor":16.0},{"not_picked":["Fire Breathing","Intimidate"],"picked":"Thunderclap+1","floor":18.0},{"not_picked":["Burning Pact","Armaments+1","Perfected Strike"],"picked":"SKIP","floor":19.0},{"not_picked":["Clothesline","Thunderclap+1","Wild Strike"],"picked":"SKIP","floor":21.0},{"not_picked":["Clothesline","Thunderclap+1","Wild Strike"],"picked":"SKIP","floor":21.0},{"not_picked":["Thunderclap","Pummel"],"picked":"Impervious","floor":27.0},{"not_picked":["Inflame","Clash","Body Slam"],"picked":"SKIP","floor":29.0},{"not_picked":["Armaments+1","Heavy Blade","Reckless Charge+1"],"picked":"SKIP","floor":30.0},{"not_picked":["Offering","Bludgeon"],"picked":"Exhume","floor":33.0},{"not_picked":["Body Slam+1","Pummel"],"picked":"Rage+1","floor":35.0},{"not_picked":["Clash+1","Ghostly Armor+1","Reckless Charge"],"picked":"SKIP","floor":38.0},{"not_picked":["Berserk","True Grit+1","Warcry+1"],"picked":"SKIP","floor":41.0},{"not_picked":["Anger","Havoc","Seeing Red"],"picked":"SKIP","floor":44.0},{"not_picked":["Clothesline","Dropkick"],"picked":"Twin Strike+1","floor":48.0},{"not_picked":["Perfected Strike","Armaments+1","Shrug It Off"],"picked":"SKIP","floor":54}],"player_experience":1516536,"relics_obtained":[{"floor":6.0,"key":"Eternal Feather"},{"floor":9.0,"key":"Smiling Mask"},{"floor":14.0,"key":"Happy Flower"},{"floor":26.0,"key":"Pantograph"},{"floor":27.0,"key":"HornCleat"},{"floor":31.0,"key":"Oddly Smooth Stone"},{"floor":34.0,"key":"Bronze Scales"},{"floor":34.0,"key":"Gremlin Horn"},{"floor":34.0,"key":"Old Coin"},{"floor":41.0,"key":"Bag of Preparation"},{"floor":54,"key":"Centennial Puzzle"}],"event_choices":[{"damage_healed":0.0,"max_hp_gain":0.0,"max_hp_loss":0.0,"gold_gain":75.0,"event_name":"FaceTrader","player_choice":"Touch","floor":3.0,"gold_loss":0.0,"damage_taken":9.0},{"damage_healed":0.0,"max_hp_gain":0.0,"max_hp_loss":0.0,"gold_gain":0.0,"event_name":"Liars Game","player_choice":"Ignored","floor":10.0,"gold_loss":0.0,"damage_taken":0.0},{"damage_healed":0.0,"max_hp_gain":0.0,"max_hp_loss":0.0,"gold_gain":0.0,"event_name":"Living Wall","player_choice":"Grow","floor":11.0,"gold_loss":0.0,"damage_taken":0.0,"cards_upgraded":["Heavy Blade"]},{"damage_healed":0.0,"max_hp_gain":0.0,"max_hp_loss":0.0,"gold_gain":0.0,"cards_transformed":["Strike_R"],"event_name":"Transmorgrifier","player_choice":"Transformed","floor":20.0,"gold_loss":0.0,"damage_taken":0.0,"cards_obtained":["Seeing Red"]},{"damage_healed":0.0,"max_hp_gain":0.0,"max_hp_loss":0.0,"gold_gain":99.0,"event_name":"Nest","player_choice":"Stole From Cult","floor":24.0,"gold_loss":0.0,"damage_taken":0.0},{"damage_healed":0.0,"max_hp_gain":0.0,"max_hp_loss":0.0,"gold_gain":0.0,"event_name":"SensoryStone","player_choice":"Memory 1","floor":36.0,"gold_loss":0.0,"damage_taken":0.0},{"damage_healed":0.0,"max_hp_gain":0.0,"max_hp_loss":0.0,"gold_gain":100.0,"event_name":"Golden Shrine","player_choice":"Pray","floor":37.0,"gold_loss":0.0,"damage_taken":0.0},{"cards_removed":["Defend_R"],"damage_healed":0.0,"max_hp_gain":0.0,"max_hp_loss":0.0,"gold_gain":0.0,"event_name":"Purifier","player_choice":"Purged","floor":39.0,"gold_loss":0.0,"damage_taken":0.0}],"is_beta":false,"boss_relics":[{"not_picked":["Ectoplasm","Velvet Choker"],"picked":"Mark of Pain"},{"not_picked":["Black Star","Runic Dome"],"picked":"Calling Bell"}],"items_purged_floors":[12],"is_endless":false,"potions_floor_spawned":[8,19,30,33,48],"ascension_level":0}}