{"host":"w8xisjf5mgmfjvmt","time":1613122825,"event":{"mods":["ATMod(°¢èªMod)","BaseMod","BetterRewards","Challenge The Spire","Conspire","Energized Spire","Filter the Spire","Minty Spire (QoL Compilation)","Quarter Circle Forward PUNCH!","Quick Restart","Relic Filter Mod","Relic Stats","Reliquary","Replay The Spire","Say the Spire","Shop Mod","Spicy Shops","StSLib","Thieving Mod","¡¾ÒÅÎï¿¨ÅÆ¡¿REMEMod","óô»ðÖ¸ÄÏ"],"gold_per_floor":[117,134,153,3,21,21,46,63,90,122,155,169,203,223,223,326,326,341,382,25,42,52,86,96,126,126,160,220,283,283,320,320,499,499,635,728,826,826,826,876,921,1050,1050,874,933,1022,1164,1222,1222,1347,1347,1183,739,820,845],"floor_reached":56,"language":"ZHS","playtime":3256,"items_purged":["Strike_P","Strike_P","Strike_P+1","Defend_P","CrushJoints+1","Shame"],"score":2292,"play_id":"5315cb2a-c95e-4a8b-bed8-aa274843f5cf","local_time":"20210212174025","is_ascension_mode":true,"campfire_choices":[{"data":"Eruption","floor":6.0,"key":"SMITH"},{"data":"Strike_P","floor":15.0,"key":"PURGE"},{"floor":30.0,"key":"REST"},{"data":"Adaptation","floor":32.0,"key":"SMITH"},{"data":"CrushJoints","floor":32.0,"key":"SMITH"},{"floor":49,"key":"RECALL"}],"circlet_count":0,"master_deck":["Defend_P+1","Defend_P+1","Defend_P+1","Eruption+1","Vigilance+1","CurseOfTheBell","AT_FamilyPortrait+1","SpiritShield+1","SandsOfTime+1","WreathOfFlame+1","Wallop+1","CarveReality+1","InnerPeace+1","Vengeance+1","Halt+1","AT_RealFormLess+1","ClearTheMind+1","BowlingBash","CutThroughFate+1","EmptyFist+1","Sanctity+1","REME_CRH+1","LessonLearned","AT_ChampionStep+1","Tantrum+1","MentalFortress+1","Adaptation+1","Crescendo+1","EmptyBody","Swivel+1","Protect+1","AT_SoftenMuscles+1","Adaptation","Vault","Fasting2+1","Wireheading+1","Indignation+1","WheelKick","Scrawl","Meditate"],"relics":["REME_ComplimentaryCards","AT_ATBox","Calling Bell","qcfpunch:Not_Strongest_Fighting_Style_Guidebook","qcfpunch:Chain_With_Nametags","AT_GoldPhoenixTree","Orrery","Replay:Wax Seal","reliquary:TuningFork","Ancient Tea Set","Bronze Scales","Painkiller Herb","reliquary:FerryPass","Membership Card","Replay:Arrowhead","Onion Ring","conspire:DeflatedDodgeball","AT_MibuBalloonWealth","AT_TrinityForce","Prayer Wheel","Replay:Accelerometer","Smiling Mask","reliquary:Firecrackers","conspire:TopHat","Art of War","reliquary:JackalopeAntler","reliquary:IridiumChain","Quantum Egg","Nunchaku","ReplayTheSpireMod:CursedCoin","conspire:InfiniteJournal","AT_DeathDance"],"acts_visited":["Exordium","TheCity","TheBeyond","TheEnding"],"potions_floor_usage":[55,55,55],"damage_taken":[{"damage":0.0,"enemies":"Cultist","floor":1.0,"turns":4.0},{"damage":0.0,"enemies":"2 Louse","floor":2.0,"turns":3.0},{"damage":0.0,"enemies":"Jaw Worm","floor":3.0,"turns":3.0},{"damage":3.0,"enemies":"3 Louse","floor":5.0,"turns":2.0},{"damage":8.0,"enemies":"Gremlin Nob","floor":7.0,"turns":3.0},{"damage":0.0,"enemies":"Looter","floor":8.0,"turns":2.0},{"damage":0.0,"enemies":"Blue Slaver","floor":10.0,"turns":3.0},{"damage":0.0,"enemies":"Lagavulin","floor":11.0,"turns":4.0},{"damage":0.0,"enemies":"2 Fungi Beasts","floor":12.0,"turns":3.0},{"damage":0.0,"enemies":"3 Sentries","floor":13.0,"turns":5.0},{"damage":0.0,"enemies":"Lots of Slimes","floor":14.0,"turns":1.0},{"damage":36.0,"enemies":"Hexaghost","floor":16.0,"turns":7.0},{"damage":0.0,"enemies":"Spheric Guardian","floor":18.0,"turns":7.0},{"damage":0.0,"enemies":"conspire:MimicChest","floor":19.0,"turns":9.0},{"damage":0.0,"enemies":"3 Byrds","floor":21.0,"turns":5.0},{"damage":30.0,"enemies":"Snake Plant","floor":22.0,"turns":4.0},{"damage":0.0,"enemies":"Gremlin Leader","floor":23.0,"turns":4.0},{"damage":0.0,"enemies":"Centurion and Healer","floor":24.0,"turns":4.0},{"damage":7.0,"enemies":"Book of Stabbing","floor":25.0,"turns":2.0},{"damage":7.0,"enemies":"Slavers","floor":27.0,"turns":4.0},{"damage":0.0,"enemies":"Chosen and Byrds","floor":28.0,"turns":2.0},{"damage":0.0,"enemies":"Cultist and Chosen","floor":29.0,"turns":3.0},{"damage":0.0,"enemies":"Snecko","floor":31.0,"turns":3.0},{"damage":0.0,"enemies":"Automaton","floor":33.0,"turns":5.0},{"damage":0.0,"enemies":"3 Darklings","floor":35.0,"turns":4.0},{"damage":0.0,"enemies":"3 Shapes","floor":36.0,"turns":4.0},{"damage":0.0,"enemies":"2 Orb Walkers","floor":37.0,"turns":2.0},{"damage":0.0,"enemies":"R_Hoarder","floor":40.0,"turns":7.0},{"damage":0.0,"enemies":"Spire Growth","floor":41.0,"turns":2.0},{"damage":0.0,"enemies":"Reptomancer","floor":42.0,"turns":2.0},{"damage":16,"enemies":"Nemesis","floor":45,"turns":5},{"damage":0,"enemies":"Jaw Worm Horde","floor":46,"turns":2},{"damage":0,"enemies":"3 Darklings","floor":47,"turns":5},{"damage":0,"enemies":"Giant Head","floor":48,"turns":7},{"damage":0,"enemies":"Awakened One","floor":50,"turns":4},{"damage":0,"enemies":"Shield and Spear","floor":54,"turns":5},{"damage":0,"enemies":"The Heart","floor":55,"turns":5}],"seed_played":"-6260540273913443229","potions_obtained":[{"floor":2.0,"key":"FearPotion"},{"floor":7.0,"key":"AttackPotion"},{"floor":10.0,"key":"CultistPotion"},{"floor":16.0,"key":"Cursed Concoction"},{"floor":23.0,"key":"Ancient Potion"},{"floor":24.0,"key":"ColorlessPotion"},{"floor":28.0,"key":"Adrenaline Potion"},{"floor":42.0,"key":"Elixir"}],"is_trial":false,"path_per_floor":["M","M","M","$","M","R","E","M","T","M","E","M","E","M","R","B",null,"?","?","T","?","?","E","?","E","T","E","?","?","T","?","T","B",null,"?","?","?","?","?","E","?","E","T","T","E","?","?","E","T","B",null,"T","T","E","B",null],"character_chosen":"WATCHER","items_purchased":["Orrery","Membership Card","Tantrum","MentalFortress","reliquary:Firecrackers","reliquary:JackalopeAntler","WheelKick","Scrawl","Meditate","reliquary:IridiumChain","Quantum Egg","Nunchaku","ReplayTheSpireMod:CursedCoin","conspire:InfiniteJournal"],"campfire_rested":1,"item_purchase_floors":[4,20,20,20,44,52,53,53,53,53,53,53,53,53],"current_hp_per_floor":[67,67,74,74,71,71,63,63,63,63,63,63,63,63,63,28,63,63,63,63,63,33,33,33,26,26,19,19,19,41,41,41,41,67,67,67,67,67,67,67,67,67,67,67,51,51,51,51,51,51,69,69,69,69,69],"gold":845,"neow_bonus":"BOSS_RELIC","is_daily":false,"chose_seed":false,"campfire_upgraded":3,"win_rate":0.0,"timestamp":1613122825,"path_taken":["M","?","M","?","M","R","E","M","T","M","E","M","E","M","R","BOSS","?","?","T","?","?","E","?","E","T","E","?","?","T","?","T","BOSS","?","?","?","?","?","E","?","E","T","?","E","?","?","E","T","BOSS","T","T","E","BOSS"],"items_purchased_type":["Relic","Relic","Card","Card","Relic","Relic","Card","Card","Card","Relic","Relic","Relic","Relic","Relic"],"build_version":"2020-12-22","purchased_purges":6,"victory":true,"max_hp_per_floor":[74,74,74,74,74,74,74,74,74,74,74,74,74,74,74,75,75,75,75,75,75,75,75,75,75,75,75,75,75,75,75,75,75,75,75,75,75,75,75,75,75,75,75,75,75,75,75,75,75,75,75,75,75,75,75],"relic_stats":{"Nunchaku":[2],"counters":[37,146],"Bronze Scales":[340],"Prayer Wheel":3,"Art of War":[3],"Smiling Mask":126,"obtain_stats":[{"Replay:Accelerometer":40,"AT_ATBox":0,"qcfpunch:Not_Strongest_Fighting_Style_Guidebook":0,"AT_MibuBalloonWealth":27,"reliquary:Firecrackers":44,"Painkiller Herb":17,"Ancient Tea Set":11,"Smiling Mask":42,"conspire:TopHat":45,"reliquary:FerryPass":19,"conspire:InfiniteJournal":53,"Nunchaku":53,"AT_TrinityForce":34,"Prayer Wheel":37,"Replay:Wax Seal":7,"qcfpunch:Chain_With_Nametags":0,"ReplayTheSpireMod:CursedCoin":53,"Quantum Egg":53,"AT_GoldPhoenixTree":0,"Replay:Arrowhead":23,"reliquary:IridiumChain":53,"Calling Bell":0,"reliquary:JackalopeAntler":52,"Bronze Scales":13,"Orrery":4,"Onion Ring":25,"reliquary:TuningFork":9,"Art of War":48,"Membership Card":20,"PureWater":0,"conspire:DeflatedDodgeball":26,"AT_DeathDance":54,"REME_ComplimentaryCards":0},{"Replay:Accelerometer":28,"AT_ATBox":0,"qcfpunch:Not_Strongest_Fighting_Style_Guidebook":0,"AT_MibuBalloonWealth":20,"reliquary:Firecrackers":30,"Painkiller Herb":12,"Ancient Tea Set":8,"Smiling Mask":30,"conspire:TopHat":31,"reliquary:FerryPass":14,"conspire:InfiniteJournal":35,"Nunchaku":35,"AT_TrinityForce":24,"Prayer Wheel":27,"Replay:Wax Seal":5,"qcfpunch:Chain_With_Nametags":0,"ReplayTheSpireMod:CursedCoin":35,"Quantum Egg":35,"AT_GoldPhoenixTree":0,"Replay:Arrowhead":17,"reliquary:IridiumChain":35,"Calling Bell":0,"reliquary:JackalopeAntler":35,"Bronze Scales":10,"Orrery":3,"Onion Ring":19,"reliquary:TuningFork":6,"Art of War":34,"Membership Card":14,"PureWater":0,"conspire:DeflatedDodgeball":19,"AT_DeathDance":36,"REME_ComplimentaryCards":0},{"Replay:Accelerometer":109,"AT_ATBox":0,"qcfpunch:Not_Strongest_Fighting_Style_Guidebook":0,"AT_MibuBalloonWealth":79,"reliquary:Firecrackers":113,"Painkiller Herb":40,"Ancient Tea Set":24,"Smiling Mask":113,"conspire:TopHat":118,"reliquary:FerryPass":56,"conspire:InfiniteJournal":136,"Nunchaku":136,"AT_TrinityForce":92,"Prayer Wheel":102,"Replay:Wax Seal":15,"qcfpunch:Chain_With_Nametags":0,"ReplayTheSpireMod:CursedCoin":136,"Quantum Egg":136,"AT_GoldPhoenixTree":0,"Replay:Arrowhead":69,"reliquary:IridiumChain":136,"Calling Bell":0,"reliquary:JackalopeAntler":136,"Bronze Scales":32,"Orrery":10,"Onion Ring":75,"reliquary:TuningFork":17,"Art of War":132,"Membership Card":56,"PureWater":0,"conspire:DeflatedDodgeball":75,"AT_DeathDance":141,"REME_ComplimentaryCards":0}]},"card_choices":[{"not_picked":["FollowUp","WreathOfFlame"],"picked":"SandsOfTime","floor":1.0},{"not_picked":["SashWhip","Wireheading"],"picked":"WreathOfFlame","floor":2.0},{"not_picked":["REME_Repentance","Halt"],"picked":"Wallop","floor":3.0},{"not_picked":["CrushJoints","Study"],"picked":"CarveReality","floor":4.0},{"not_picked":["Worship","SashWhip"],"picked":"InnerPeace","floor":4.0},{"not_picked":["Protect","Wireheading"],"picked":"Vengeance","floor":4.0},{"not_picked":["Nirvana","Worship"],"picked":"Halt","floor":4.0},{"not_picked":["Establishment","Halt"],"picked":"CrushJoints","floor":4.0},{"not_picked":["JustLucky","FlurryOfBlows"],"picked":"AT_RealFormLess","floor":5.0},{"not_picked":["Omniscience","Evaluate"],"picked":"ClearTheMind","floor":7.0},{"not_picked":["Replay:Hum","CutThroughFate"],"picked":"BowlingBash","floor":8.0},{"not_picked":["FollowUp","CrushJoints"],"picked":"CutThroughFate","floor":10.0},{"not_picked":["Omniscience","CrushJoints"],"picked":"EmptyFist","floor":11.0},{"not_picked":["Replay:BluntJabs","BowlingBash"],"picked":"Sanctity","floor":12.0},{"not_picked":["PathToVictory","AT_RealFormLess"],"picked":"REME_CRH","floor":13.0},{"not_picked":["BowlingBash","AT_DivineConfetti","SandsOfTime"],"picked":"SKIP","floor":14.0},{"not_picked":["REME_WorshipGod","REME_CRH"],"picked":"LessonLearned","floor":16.0},{"not_picked":["ClearTheMind","Crescendo"],"picked":"AT_ChampionStep+1","floor":18.0},{"not_picked":["ForeignInfluence+1","REME_Repentance"],"picked":"Adaptation","floor":21.0},{"not_picked":["Replay:Battleflow","Replay:AtTheReady+1","Halt"],"picked":"SKIP","floor":22.0},{"not_picked":["Consecrate","Sanctity"],"picked":"Crescendo+1","floor":23.0},{"not_picked":["Halt","WreathOfFlame"],"picked":"EmptyBody","floor":24.0},{"not_picked":["EmptyFist","InnerPeace"],"picked":"Swivel+1","floor":25.0},{"not_picked":["Establishment","WreathOfFlame+1","AT_ChampionStep+1"],"picked":"SKIP","floor":27.0},{"not_picked":["EmptyFist+1","CutThroughFate","Replay:BluntJabs"],"picked":"SKIP","floor":28.0},{"not_picked":["REME_MusicOfDeath","FlurryOfBlows","AT_DivineConfetti"],"picked":"SKIP","floor":29.0},{"not_picked":["SashWhip","SandsOfTime"],"picked":"Protect","floor":31.0},{"not_picked":["MasterReality","Judgement"],"picked":"AT_IrregularMenstruation","floor":33.0},{"not_picked":["CrushJoints+1","Crescendo"],"picked":"AT_SoftenMuscles+1","floor":35.0},{"not_picked":["ThirdEye","Nirvana+1","JustLucky+1"],"picked":"SKIP","floor":36.0},{"not_picked":["CarveReality","JustLucky+1"],"picked":"Adaptation","floor":40.0},{"not_picked":["CarveReality+1","Conclude"],"picked":"Vault","floor":41.0},{"not_picked":["Replay:BluntJabs","Replay:AtTheReady+1","Consecrate+1"],"picked":"SKIP","floor":41.0},{"not_picked":["SpiritShield","Swivel+1"],"picked":"Fasting2+1","floor":42.0},{"not_picked":["Replay:BluntJabs","WreathOfFlame+1"],"picked":"Wireheading+1","floor":45},{"not_picked":["AT_OneInchPunch+1","Replay:BluntJabs+1","Worship+1"],"picked":"SKIP","floor":46},{"not_picked":["Replay:AtTheReady","Replay:BluntJabs","Crescendo+1"],"picked":"SKIP","floor":46},{"not_picked":["ClearTheMind+1","EmptyFist+1"],"picked":"Indignation+1","floor":47},{"not_picked":["Replay:AtTheReady+1","Protect","Replay:Battleflow+1"],"picked":"SKIP","floor":47},{"not_picked":["Replay:AtTheReady+1","Protect","Replay:Battleflow+1"],"picked":"SKIP","floor":47},{"not_picked":["CutThroughFate+1","Indignation","FlyingSleeves+1"],"picked":"SKIP","floor":48},{"not_picked":["AT_SoftenMuscles+1","Replay:LoomingThreat","Crescendo"],"picked":"SKIP","floor":54}],"player_experience":1340155,"relics_obtained":[{"floor":0.0,"key":"qcfpunch:Not_Strongest_Fighting_Style_Guidebook"},{"floor":0.0,"key":"qcfpunch:Chain_With_Nametags"},{"floor":0.0,"key":"AT_GoldPhoenixTree"},{"floor":7.0,"key":"Replay:Wax Seal"},{"floor":9.0,"key":"reliquary:TuningFork"},{"floor":11.0,"key":"Ancient Tea Set"},{"floor":13.0,"key":"Bronze Scales"},{"floor":19.0,"key":"reliquary:FerryPass"},{"floor":23.0,"key":"Replay:Arrowhead"},{"floor":25.0,"key":"Onion Ring"},{"floor":26.0,"key":"conspire:DeflatedDodgeball"},{"floor":27.0,"key":"AT_MibuBalloonWealth"},{"floor":37.0,"key":"Prayer Wheel"},{"floor":40.0,"key":"Replay:Accelerometer"},{"floor":42.0,"key":"Smiling Mask"},{"floor":45,"key":"conspire:TopHat"},{"floor":48,"key":"Art of War"},{"floor":54,"key":"AT_DeathDance"}],"event_choices":[{"damage_healed":0.0,"max_hp_gain":0.0,"max_hp_loss":0.0,"gold_gain":0.0,"event_name":"Mysterious Sphere","player_choice":"Fight","floor":37.0,"gold_loss":0.0,"damage_taken":0.0},{"cards_removed":["AT_IrregularMenstruation"],"damage_healed":0.0,"max_hp_gain":0.0,"max_hp_loss":0.0,"gold_gain":0.0,"event_name":"Falling","player_choice":"Removed Skill","floor":38.0,"gold_loss":0.0,"damage_taken":0.0}],"is_beta":false,"boss_relics":[{"not_picked":["reliquary:Ember","energizedSpire:CrystalSphere"],"picked":"Painkiller Herb"},{"not_picked":["qcfpunch:Killian_Engine_Alpha","conspire:RoyalGoblet"],"picked":"AT_TrinityForce"}],"items_purged_floors":[20,20,44,52,52,53],"is_endless":false,"potions_floor_spawned":[2,7,10,12,16,18,19,23,24,28,35,37,42,45,47,48,54],"ascension_level":6}}