{"host":"23qk1co0p3p8qz56","time":1613152853,"event":{"mods":["100% Spire Juice","AchievementEnabler","Act Like it!","Arknights","BaseMod","Better Note","Better Third Choice","BetterRewards","CapriCore","Chen","Colored Map","DNKmod","Downfall","Duelist Mod","Friendly Minions","Gensokyo","Gold Saver","KinomotoSakuraMod(ñÿîVñ{?)","Koishi","LagranYue(ùfäiòNÅEåé)","Lobotomy","LobotomyExtend","Mari Mod (Legacy)","Mari\u0027s V1 Patch","MarisaÅiñ∂âJÅ@ñÇóùçπÅj","Minty Spire (QoL Compilation)","Prisma Mod","ReimuÅiîé??öÎÅj","RemiliaÅiÂQïƒ‰ª?Åj","RumiaBox-òIïƒ?ìIê_îÈ·¥éq","StSLib","The Administrix","The Alterego","The Animator","The Gatherer","The Immortal","The Senshi","Waifu the Spire","WarShipGirlsR/??è≠èóR mod","Yakumo Yukari mod","Yohane!","Yuyuko"],"gold_per_floor":[1015,745,765,765,765,790,804,804,804,804,804,833,846,865,865,969,969,985,985,995,959,979,1013,1013,1029,1029,1058,1074,1074],"floor_reached":28,"language":"ENG","playtime":1320,"items_purged":[],"score":445,"play_id":"893178db-5885-4c01-b720-81be6753df41","local_time":"20210212110053","is_ascension_mode":false,"campfire_choices":[{"data":"Yohane:Little_Demon_Lily","floor":8,"key":"SMITH"},{"data":"Yohane:Little_Demon_Mari","floor":11,"key":"SMITH"},{"data":"Yohane:Little_Demon_Ruby","floor":15,"key":"SMITH"}],"circlet_count":0,"master_deck":["Yohane:Strike_Grey","Yohane:Strike_Grey","Yohane:Strike_Grey","Yohane:Strike_Grey","Yohane:Defend_Grey","Yohane:Defend_Grey","Yohane:Defend_Grey","Yohane:Little_Demon_Lily+1","Yohane:Well_Laid_Ambush","Yohane:Mijuku_Dreamer","Yohane:Prideful_Crash","Yohane:Grace_Under_Fire","Yohane:Little_Demon_Ruby+1","Yohane:Grand_Entrance","Yohane:Little_Demon_Mari+1","Yohane:Little_Demon_Chika","Yohane:Snow_Halation+1","Yohane:Inspiration","Yohane:City_Of_Sin","Yohane:Guilty_Kiss","Yohane:Adept_Technology","Yohane:Introspection+1","Yohane:Hell_Zone+1","Yohane:Energetic_Performance+1","Yohane:Impressive_Display+1","Yohane:Hakodate+1"],"relics":["Yohane:AngelWings","Ginger","FossilizedHelix","Ice Cream","LagranYue:RandomDrawCardRelic","LetterFromLob","Ancient Tea Set","Toxic Egg 2","Omamori","Philosopher\u0027s Stone","Orichalcum","Bag of Marbles"],"acts_visited":["Exordium","TheCity"],"potions_floor_usage":[12,12,18,23],"damage_taken":[{"damage":0,"enemies":"Small Slimes","floor":1,"turns":3},{"damage":0,"enemies":"2 Louse","floor":3,"turns":2},{"damage":0,"enemies":"Gremlin Nob","floor":6,"turns":3},{"damage":0,"enemies":"ats:Genji","floor":7,"turns":2},{"damage":0,"enemies":"3 Sentries","floor":12,"turns":4},{"damage":0,"enemies":"Blue Slaver","floor":13,"turns":2},{"damage":8,"enemies":"Lots of Slimes","floor":14,"turns":3},{"damage":0,"enemies":"Slime Boss","floor":16,"turns":6},{"damage":38,"enemies":"3 Byrds","floor":18,"turns":3},{"damage":11,"enemies":"2 Thieves","floor":20,"turns":3},{"damage":0,"enemies":"Cultist and Chosen","floor":22,"turns":4},{"damage":58,"enemies":"Book of Stabbing","floor":23,"turns":4},{"damage":13,"enemies":"Centurion and Healer","floor":25,"turns":4},{"damage":0,"enemies":"theDuelist:KaibaA2","floor":27,"turns":4},{"damage":0,"enemies":"Sentry and Sphere","floor":28,"turns":3}],"seed_played":"3214101165392335333","potions_obtained":[{"floor":0,"key":"Swift Potion"},{"floor":0,"key":"ZuzhouPotion:ReiMu"},{"floor":0,"key":"bronze:BurnAndBuffPotion"},{"floor":1,"key":"LiquidBronze"},{"floor":14,"key":"ColorlessPotion"},{"floor":18,"key":"hexamod:SoulburnPotion"},{"floor":22,"key":"bronze:BurnAndBuffPotion"},{"floor":27,"key":"Explosive Potion"},{"floor":28,"key":"Energy Potion"}],"is_trial":false,"path_per_floor":["M","$","M","$","?","E","M","R","T","E","R","E","M","M","R","B",null,"M","?","M","$","M","E","?","M","T","E","M"],"character_chosen":"FallenAngel","items_purchased":["Yohane:Prideful_Crash","Yohane:Grace_Under_Fire","Yohane:Little_Demon_Ruby","Yohane:Introspection+1"],"campfire_rested":0,"item_purchase_floors":[2,2,2,21],"current_hp_per_floor":[500,500,500,500,500,500,500,500,500,500,500,500,500,492,492,492,500,462,462,451,451,451,393,393,380,380,380,380,380],"gold":1074,"neow_bonus":"THREE_SMALL_POTIONS","is_daily":false,"chose_seed":false,"campfire_upgraded":3,"win_rate":0.0,"timestamp":1613152853,"path_taken":["M","$","M","$","?","E","M","R","T","E","R","E","M","M","R","BOSS","M","?","M","$","M","E","?","M","T","E","?"],"items_purchased_type":["Card","Card","Card","Card"],"build_version":"2020-12-22","purchased_purges":0,"victory":false,"max_hp_per_floor":[500,500,500,500,500,500,500,500,500,500,500,500,500,500,500,500,500,500,500,500,500,500,500,500,500,500,500,500,500],"card_choices":[{"not_picked":["Yohane:Wrath","Yohane:Misfortune"],"picked":"Yohane:Mijuku_Dreamer","floor":1},{"not_picked":["Yohane:Ice_Cream_Assault","Yohane:Miracle_Wave"],"picked":"Yohane:Grand_Entrance","floor":3},{"not_picked":["Yohane:Modore","Yohane:Guilty_Kiss"],"picked":"Yohane:Little_Demon_Mari","floor":6},{"not_picked":["Yohane:Livestream_Donation","Yohane:Energy_Change"],"picked":"Yohane:Little_Demon_Chika","floor":7},{"not_picked":["Yohane:Grace_Under_Fire","Yohane:Backfoot+1","Yohane:Grand_Entrance"],"picked":"SKIP","floor":12},{"not_picked":["Yohane:Dark_Shield+1","Yohane:Lailapse+1"],"picked":"Yohane:Snow_Halation+1","floor":13},{"not_picked":["Yohane:Angel_Tears","Yohane:Misfortune+1"],"picked":"Yohane:Inspiration","floor":14},{"not_picked":["Yohane:Take_Flight","Yohane:Snow_Halation+1"],"picked":"Yohane:City_Of_Sin","floor":16},{"not_picked":["Yohane:Impressive_Display","Yohane:Miracle_Wave+1","Yohane:Gluttony+1"],"picked":"SKIP","floor":18},{"not_picked":["Yohane:Dark_Shield+1","Yohane:Ice_Cream_Assault"],"picked":"Yohane:Adept_Technology","floor":20},{"not_picked":["Yohane:Schwarz_Sechs+1","Yohane:Energy_Change+1"],"picked":"Yohane:Hell_Zone+1","floor":22},{"not_picked":["Yohane:Reckless_Greed+1","Yohane:Lailapse+1"],"picked":"Yohane:Energetic_Performance+1","floor":23},{"not_picked":["Yohane:Lailapse+1","Yohane:Dark_Rest+1"],"picked":"Yohane:Impressive_Display+1","floor":25},{"not_picked":["Yohane:Misfortune+1","Yohane:Energy_Change+1"],"picked":"Yohane:Hakodate+1","floor":27}],"player_experience":180933,"relics_obtained":[{"floor":1,"key":"LetterFromLob"},{"floor":6,"key":"Ancient Tea Set"},{"floor":9,"key":"Toxic Egg 2"},{"floor":12,"key":"Omamori"},{"floor":23,"key":"Orichalcum"},{"floor":27,"key":"Bag of Marbles"}],"event_choices":[{"damage_healed":0,"gold_gain":0,"cards_transformed":["Yohane:Defend_Grey"],"player_choice":"Transformed","damage_taken":0,"max_hp_gain":0,"max_hp_loss":0,"event_name":"Transmorgrifier","floor":19,"gold_loss":0,"cards_obtained":["Yohane:Guilty_Kiss"]},{"damage_healed":0,"gold_gain":0,"player_choice":"Ignored","damage_taken":0,"max_hp_gain":0,"max_hp_loss":0,"event_name":"betterNote:BetterNote","floor":24,"gold_loss":0,"cards_obtained":["animator:Wiz"]}],"is_beta":false,"boss_relics":[{"not_picked":["Cursed Key","Busted Crown"],"picked":"Philosopher\u0027s Stone"}],"items_purged_floors":[],"is_endless":false,"potions_floor_spawned":[1,14,18,22,27,28],"killed_by":"Sentry and Sphere","ascension_level":0}}