{"host":"vu2gjyr86ub8nk5d","time":1613107649,"event":{"mods":["AchievementEnabler","BaseMod","BetterRewards","Colored Map","Downfall","Ironclad Rager","Minty Spire (QoL Compilation)","Replay The Spire","StSLib"],"gold_per_floor":[99,113,132,232,232,132,205,205,205,205,224,224,236,250,270,367,367,367,381,381,393,393,409,409,426,495,514,514,514,514],"floor_reached":28,"language":"ENG","playtime":1503,"items_purged":[],"score":212,"play_id":"fc5e0e30-c260-4a67-b3d4-c43e05475d9f","local_time":"20210211232729","is_ascension_mode":false,"campfire_choices":[{"floor":1,"key":"RECALL"},{"data":"Guardian:Orbwalk","floor":6,"key":"SMITH"},{"data":"Guardian:TwinSlam","floor":9,"key":"SMITH"},{"data":"Guardian:Strike_Guardian","floor":12,"key":"SMITH"},{"data":"Guardian:Reroute","floor":18,"key":"SMITH"}],"circlet_count":0,"master_deck":["Guardian:Strike_Guardian","Guardian:Strike_Guardian","Guardian:Strike_Guardian+1","Guardian:Defend_Guardian","Guardian:Defend_Guardian+1","Guardian:Defend_Guardian","Guardian:Defend_Guardian","Guardian:CurlUp","Guardian:WalkerClaw","Guardian:Orbwalk+1","Survivor+1","Neutralize+1","Guardian:PolyBeam","Guardian:Reroute+1","Guardian:GuardianWhirl","Guardian:RollAttack","Guardian:TemporalStrike","Guardian:Recover","Guardian:DonusPower","Guardian:PrimingBeam","Guardian:Gem_Red","Guardian:PrimingBeam+1","Guardian:Gem_Purple"],"relics":["Guardian:ModeShifter","downfall:HeartBlessingRed","Replay:Bottled Flurry","Replay:Baseball","Replay:Grab Bag","Sozu","Philosopher\u0027s Stone","SlaversCollar","Blood Vial","MealTicket"],"acts_visited":["Exordium","TheCity"],"potions_floor_usage":[16,16,23,27],"damage_taken":[{"damage":1,"enemies":"Jaw Worm","floor":2,"turns":4},{"damage":5,"enemies":"2 Louse","floor":3,"turns":3},{"damage":0,"enemies":"Small Slimes","floor":11,"turns":3},{"damage":8,"enemies":"Red Slaver","floor":13,"turns":3},{"damage":9,"enemies":"Exordium Thugs","floor":14,"turns":5},{"damage":0,"enemies":"Large Slime","floor":15,"turns":5},{"damage":27,"enemies":"IC_STATUS_ARCHETYPE","floor":16,"turns":9},{"damage":1,"enemies":"Shell Parasite","floor":19,"turns":6},{"damage":17,"enemies":"Spheric Guardian","floor":21,"turns":4},{"damage":1,"enemies":"Snecko","floor":23,"turns":3},{"damage":10,"enemies":"Cultist and Chosen","floor":25,"turns":6},{"damage":14,"enemies":"3 Cultists","floor":27,"turns":5},{"damage":16,"enemies":"Snecko","floor":28,"turns":2}],"seed_played":"952347366039256458","potions_obtained":[{"floor":3,"key":"GamblersBrew"},{"floor":13,"key":"champ:CounterPotion"},{"floor":14,"key":"ColorlessPotion"},{"floor":15,"key":"ColorlessPotion"},{"floor":16,"key":"Swift Potion"}],"is_trial":false,"path_per_floor":["R_BF","M","M","?","?","R","T","?","R","?","M","R","M","M","M","B",null,"R","M","?","M","T","M","T","M","?","M","M"],"character_chosen":"GUARDIAN","items_purchased":[],"campfire_rested":0,"item_purchase_floors":[],"current_hp_per_floor":[80,79,74,74,74,74,74,71,71,71,71,71,63,54,54,27,80,80,79,79,62,62,63,63,55,23,11,0,0,0],"gold":514,"neow_bonus":"TRANSFORM_CARD","is_daily":false,"chose_seed":false,"campfire_upgraded":4,"win_rate":0.0,"timestamp":1613107649,"path_taken":["R_BF","M","M","?","?","R","T","?","R","?","M","R","M","?","M","BOSS","R","M","?","?","?","M","T","M","?","M","M"],"items_purchased_type":[],"build_version":"2020-12-22","purchased_purges":0,"victory":false,"max_hp_per_floor":[80,80,80,80,80,80,80,80,80,80,80,80,80,80,80,80,80,80,80,80,80,80,80,80,80,80,80,80,80,80],"card_choices":[{"not_picked":["Guardian:Gem_Lightblue","Guardian:TemporalShield"],"picked":"Guardian:Gem_Cyan","floor":2},{"not_picked":["Guardian:PolyBeam","Guardian:MultiBeam"],"picked":"Guardian:Orbwalk","floor":3},{"not_picked":["Guardian:SpikerProtocol","Guardian:Gem_Green"],"picked":"Guardian:PolyBeam","floor":11},{"not_picked":["Guardian:WalkerClaw","Guardian:TemporalShield"],"picked":"Guardian:Reroute","floor":13},{"not_picked":["Guardian:MultiBeam","Guardian:WalkerClaw"],"picked":"Guardian:GuardianWhirl","floor":14},{"not_picked":["Guardian:Gem_Green","Guardian:PrismaticBarrier"],"picked":"Guardian:RollAttack","floor":15},{"not_picked":["Guardian:StasisStrike","Guardian:HyperBeam_Guardian"],"picked":"Guardian:Gem_Synthetic","floor":16},{"not_picked":["Guardian:VentSteam","Guardian:Gem_Green"],"picked":"Guardian:TemporalStrike","floor":19},{"not_picked":["Guardian:Gem_Yellow","Guardian:GuardianWhirl"],"picked":"Guardian:Recover","floor":21},{"not_picked":["Guardian:WalkerClaw+1","Guardian:Gem_Cyan"],"picked":"Guardian:DonusPower","floor":23},{"not_picked":["Guardian:Gem_Green","Guardian:GuardianWhirl"],"picked":"Guardian:PrimingBeam","floor":25},{"not_picked":["Guardian:Gem_Cyan","Guardian:Planning"],"picked":"Guardian:Gem_Red","floor":26},{"not_picked":["Guardian:FierceBash","Guardian:SpikerProtocol"],"picked":"Guardian:PrimingBeam+1","floor":26},{"not_picked":["Guardian:RollAttack","Guardian:ChargeCore"],"picked":"Guardian:Gem_Purple","floor":27}],"player_experience":150453,"relics_obtained":[{"floor":7,"key":"Replay:Bottled Flurry"},{"floor":22,"key":"Blood Vial"},{"floor":26,"key":"MealTicket"}],"event_choices":[{"damage_healed":0,"gold_gain":0,"player_choice":"Success","damage_taken":3,"relics_obtained":["Replay:Baseball"],"max_hp_gain":0,"max_hp_loss":0,"event_name":"Scrap Ooze","floor":8,"gold_loss":0},{"damage_healed":0,"gold_gain":0,"player_choice":"Got Potions","damage_taken":0,"max_hp_gain":0,"max_hp_loss":0,"event_name":"Lab","floor":20,"gold_loss":0}],"is_beta":false,"boss_relics":[{"not_picked":["Velvet Choker","Painkiller Herb"],"picked":"Replay:Grab Bag"},{"not_picked":["Replay:Wanted Poster","ReplayTheSpireMod:DimensionalGlitch"],"picked":"Sozu"},{"not_picked":["bronze:MakeshiftBattery","Runic Dome"],"picked":"Philosopher\u0027s Stone"},{"not_picked":["Snecko Eye","Black Star"],"picked":"SlaversCollar"}],"items_purged_floors":[],"is_endless":false,"potions_floor_spawned":[3,13,14,15,16,19,23,27],"killed_by":"Snecko","ascension_level":0}}