{"host":"xvcswx52z80fmg13","time":1613150906,"event":{"mods":["BaseMod","Colored Map","Colored Powertips","Highlight Path","Minty Spire (QoL Compilation)"],"gold_per_floor":[119,119,131,131,154,154,8,44,44,44,59,59,14,38,38,166,166,184,184,199,199,79,79,79,79],"floor_reached":24,"language":"ENG","playtime":2062,"items_purged":["Strike_R"],"score":244,"play_id":"43835c17-92be-47e5-b62b-6e0a20da2e8c","local_time":"20210212132826","is_ascension_mode":false,"campfire_choices":[{"floor":6,"key":"REST"},{"data":"Barricade","floor":10,"key":"SMITH"},{"data":"Entrench","floor":12,"key":"SMITH"},{"data":"Iron Wave","floor":15,"key":"SMITH"},{"floor":23,"key":"REST"}],"circlet_count":0,"master_deck":["Strike_R","Strike_R","Strike_R","Defend_R","Defend_R","Defend_R","Defend_R","Bash","Master of Strategy","Bloodletting","Barricade+1","Thunderclap","Entrench+1","Iron Wave+1","Shrug It Off+1","Warcry+1","Body Slam+1","Shrug It Off+1"],"relics":["Burning Blood","Golden Idol","TheAbacus","Meat on the Bone","Toxic Egg 2","SlaversCollar"],"acts_visited":["Exordium","TheCity"],"potions_floor_usage":[8,13,16,20],"damage_taken":[{"damage":6,"enemies":"2 Louse","floor":1,"turns":3},{"damage":7,"enemies":"Cultist","floor":3,"turns":4},{"damage":11,"enemies":"Jaw Worm","floor":5,"turns":5},{"damage":29,"enemies":"3 Sentries","floor":8,"turns":11},{"damage":12,"enemies":"Exordium Wildlife","floor":11,"turns":7},{"damage":1,"enemies":"Looter","floor":13,"turns":5},{"damage":19,"enemies":"Gremlin Gang","floor":14,"turns":10},{"damage":3,"enemies":"Hexaghost","floor":16,"turns":24},{"damage":7,"enemies":"Spheric Guardian","floor":18,"turns":18},{"damage":57,"enemies":"Chosen","floor":20,"turns":11},{"damage":76,"enemies":"Slavers","floor":24,"turns":4}],"seed_played":"868830160688108281","potions_obtained":[{"floor":1,"key":"Dexterity Potion"},{"floor":8,"key":"LiquidMemories"},{"floor":11,"key":"FearPotion"},{"floor":14,"key":"Block Potion"}],"is_trial":false,"path_per_floor":["M","?","M","?","M","R","$","E","T","R","M","R","M","M","R","B",null,"M","?","M","?","$","R","E"],"character_chosen":"IRONCLAD","items_purchased":["TheAbacus","Shrug It Off+1"],"campfire_rested":2,"item_purchase_floors":[7,22],"current_hp_per_floor":[56,56,55,35,30,54,54,31,31,31,37,37,54,53,53,56,80,79,79,40,40,40,64,0,0],"gold":79,"neow_bonus":"RANDOM_COLORLESS_2","is_daily":false,"chose_seed":false,"campfire_upgraded":3,"win_rate":0.0,"timestamp":1613150906,"path_taken":["M","?","?","?","M","R","?","E","T","R","M","R","M","M","R","BOSS","M","?","?","?","$","R","E"],"items_purchased_type":["Relic","Card"],"build_version":"2020-12-22","purchased_purges":1,"victory":false,"max_hp_per_floor":[80,80,80,80,80,80,80,80,80,80,80,80,80,80,80,80,80,80,80,80,80,80,80,80,80],"card_choices":[{"not_picked":["The Bomb","Secret Technique"],"picked":"Master of Strategy","floor":0},{"not_picked":["Twin Strike","Headbutt"],"picked":"Bloodletting","floor":1},{"not_picked":["Perfected Strike","Clash"],"picked":"Thunderclap","floor":3},{"not_picked":["Clash","Twin Strike","Evolve"],"picked":"SKIP","floor":5},{"not_picked":["Iron Wave","Intimidate"],"picked":"Entrench","floor":8},{"not_picked":["Clash","Wild Strike"],"picked":"Iron Wave","floor":11},{"not_picked":["Feel No Pain","Rampage","Thunderclap"],"picked":"SKIP","floor":13},{"not_picked":["Wild Strike","Immolate"],"picked":"Shrug It Off+1","floor":14},{"not_picked":["Infernal Blade+1","Reckless Charge"],"picked":"Warcry+1","floor":18},{"not_picked":["Thunderclap","Rupture"],"picked":"Body Slam+1","floor":20}],"player_experience":1316042,"relics_obtained":[{"floor":8,"key":"Meat on the Bone"},{"floor":9,"key":"Toxic Egg 2"}],"event_choices":[{"damage_healed":0,"gold_gain":0,"cards_transformed":["Strike_R"],"player_choice":"Transformed","damage_taken":0,"max_hp_gain":0,"max_hp_loss":0,"event_name":"Transmorgrifier","floor":2,"gold_loss":0,"cards_obtained":["Barricade"]},{"damage_healed":0,"gold_gain":0,"player_choice":"Take Damage","damage_taken":20,"relics_obtained":["Golden Idol"],"max_hp_gain":0,"max_hp_loss":0,"event_name":"Golden Idol","floor":4,"gold_loss":0},{"damage_healed":0,"gold_gain":0,"player_choice":"Ignored","damage_taken":0,"max_hp_gain":0,"max_hp_loss":0,"event_name":"N\u0027loth","floor":19,"gold_loss":0},{"damage_healed":0,"gold_gain":0,"player_choice":"Ignored","damage_taken":0,"max_hp_gain":0,"max_hp_loss":0,"event_name":"Vampires","floor":21,"gold_loss":0}],"is_beta":false,"boss_relics":[{"not_picked":["Pandora\u0027s Box","Black Blood"],"picked":"SlaversCollar"}],"items_purged_floors":[22],"is_endless":false,"potions_floor_spawned":[1,8,11,14],"killed_by":"Slavers","ascension_level":0}}