{"host":"sc0o2qwpf9j16a4i","time":1613133617,"event":{"mods":["AchievementEnabler","BaseMod","BetterRewards","Block Reminder","Colored Map","Colored Powertips","Custom Start","Highlight Path","Minty Spire (QoL Compilation)","Relic Stats"],"gold_per_floor":[119,119,130,130,141,174,26,26,73,108,142,69,97,113,113,211,211,222,67,67,84,118,152,167,199,199],"floor_reached":25,"language":"ENG","playtime":1173,"items_purged":[],"score":364,"play_id":"44e376e1-af74-4c0b-b948-0d4ffb4e7fda","local_time":"20210212144017","daily_mods":["Chimera","ControlledChaos","DeadlyEvents"],"is_ascension_mode":false,"campfire_choices":[{"data":"FTL","floor":8,"key":"SMITH"},{"data":"Loop","floor":15,"key":"SMITH"}],"circlet_count":0,"master_deck":["Bash","Survivor","Zap","Go for the Eyes+1","FTL+1","Coolheaded","Stack","Loop+1","Skim","Aggregate","Meteor Strike","Skim","Coolheaded","Conserve Battery","Blizzard","Steam","Rainbow","Ball Lightning","Undo+1","Static Discharge","Hologram"],"relics":["Cracked Core","Frozen Eye","Bag of Preparation","Nunchaku","Art of War","Orichalcum","Strawberry","Pen Nib","Blood Vial","Pandora\u0027s Box","Chemical X","StoneCalendar","Singing Bowl","Peace Pipe"],"acts_visited":["Exordium","TheCity"],"potions_floor_usage":[10,13,16,22,23,25,25],"damage_taken":[{"damage":0,"enemies":"2 Louse","floor":1,"turns":3},{"damage":0,"enemies":"Cultist","floor":3,"turns":3},{"damage":0,"enemies":"Small Slimes","floor":5,"turns":3},{"damage":16,"enemies":"Lagavulin","floor":6,"turns":7},{"damage":3,"enemies":"3 Sentries","floor":10,"turns":5},{"damage":9,"enemies":"Lagavulin","floor":11,"turns":6},{"damage":0,"enemies":"Gremlin Nob","floor":13,"turns":3},{"damage":0,"enemies":"Looter","floor":14,"turns":2},{"damage":20,"enemies":"Hexaghost","floor":16,"turns":7},{"damage":0,"enemies":"Shell Parasite","floor":18,"turns":3},{"damage":0,"enemies":"Spheric Guardian","floor":21,"turns":1},{"damage":0,"enemies":"Slavers","floor":22,"turns":6},{"damage":0,"enemies":"Book of Stabbing","floor":23,"turns":3},{"damage":0,"enemies":"3 Cultists","floor":24,"turns":4},{"damage":13,"enemies":"Gremlin Leader","floor":25,"turns":7}],"seed_played":"-6129016401940963059","potions_obtained":[{"floor":3,"key":"Regen Potion"},{"floor":6,"key":"PowerPotion"},{"floor":11,"key":"FocusPotion"},{"floor":13,"key":"Energy Potion"},{"floor":21,"key":"LiquidMemories"},{"floor":23,"key":"Block Potion"}],"is_trial":true,"path_per_floor":["M","?","M","?","M","E","$","R","T","E","E","$","E","M","R","B",null,"M","$","?","M","E","E","M","E"],"character_chosen":"DEFECT","items_purchased":["Art of War","DuplicationPotion","Chemical X"],"campfire_rested":0,"item_purchase_floors":[7,12,19],"current_hp_per_floor":[75,75,75,75,75,59,59,59,59,77,68,68,68,70,70,52,82,82,82,82,82,82,82,84,73,73],"gold":199,"neow_bonus":"","is_daily":false,"chose_seed":false,"campfire_upgraded":2,"win_rate":0.0,"timestamp":1613133617,"path_taken":["M","?","?","?","M","E","$","R","T","E","?","$","E","M","R","BOSS","M","$","?","M","?","E","?","E"],"items_purchased_type":["Relic","Potion","Relic"],"build_version":"2020-12-22","purchased_purges":0,"victory":false,"max_hp_per_floor":[75,75,75,75,75,75,75,75,75,82,82,82,82,82,82,82,82,82,82,82,82,82,82,84,86,86],"relic_stats":{"Singing Bowl":4,"counters":[15,62],"StoneCalendar":[0],"Pen Nib":[6],"Bag of Preparation":[28],"Orichalcum":[72],"Blood Vial":4,"Peace Pipe":0,"Nunchaku":[8],"Pandora\u0027s Box":["Skim","Coolheaded","Conserve Battery","Blizzard","Steam","Rainbow"],"Art of War":[10],"Chemical X":[1],"obtain_stats":[{"Singing Bowl":23,"StoneCalendar":22,"Pen Nib":11,"Bag of Preparation":2,"Orichalcum":9,"Blood Vial":13,"Peace Pipe":25,"Frozen Eye":0,"Nunchaku":6,"Strawberry":10,"Pandora\u0027s Box":17,"Art of War":7,"Chemical X":19,"Cracked Core":0},{"Singing Bowl":13,"StoneCalendar":12,"Pen Nib":6,"Bag of Preparation":1,"Orichalcum":4,"Blood Vial":7,"Peace Pipe":15,"Frozen Eye":0,"Nunchaku":4,"Strawberry":5,"Pandora\u0027s Box":9,"Art of War":4,"Chemical X":10,"Cracked Core":0},{"Singing Bowl":51,"StoneCalendar":48,"Pen Nib":27,"Bag of Preparation":3,"Orichalcum":16,"Blood Vial":30,"Peace Pipe":62,"Frozen Eye":0,"Nunchaku":16,"Strawberry":21,"Pandora\u0027s Box":39,"Art of War":16,"Chemical X":42,"Cracked Core":0}]},"card_choices":[{"not_picked":["Rebound","Hologram"],"picked":"Go for the Eyes","floor":1},{"not_picked":["Redo","Turbo"],"picked":"Go for the Eyes","floor":3},{"not_picked":["Conserve Battery","Steam Power"],"picked":"FTL","floor":5},{"not_picked":["Glacier","Thunder Strike"],"picked":"Coolheaded","floor":6},{"not_picked":["Hello World","Rebound"],"picked":"Stack","floor":10},{"not_picked":["Self Repair","Fusion"],"picked":"Loop","floor":11},{"not_picked":["Coolheaded","Redo"],"picked":"Skim","floor":13},{"not_picked":["Melter","Steam"],"picked":"Aggregate","floor":14},{"not_picked":["Machine Learning","Hyperbeam"],"picked":"Meteor Strike","floor":16},{"not_picked":["Hello World+1","BootSequence"],"picked":"Ball Lightning","floor":18},{"not_picked":["Barrage","Rip and Tear"],"picked":"Undo+1","floor":21},{"not_picked":["Gash","Go for the Eyes+1"],"picked":"Static Discharge","floor":22},{"not_picked":["Sweeping Beam+1","Leap+1"],"picked":"Hologram","floor":23},{"not_picked":["Compile Driver","Barrage","Gash"],"picked":"Singing Bowl","floor":24},{"not_picked":["Gash","Reprogram+1","Loop"],"picked":"Singing Bowl","floor":25}],"player_experience":1359406,"relics_obtained":[{"floor":6,"key":"Nunchaku"},{"floor":9,"key":"Orichalcum"},{"floor":10,"key":"Strawberry"},{"floor":11,"key":"Pen Nib"},{"floor":13,"key":"Blood Vial"},{"floor":22,"key":"StoneCalendar"},{"floor":23,"key":"Singing Bowl"},{"floor":25,"key":"Peace Pipe"}],"event_choices":[{"cards_removed":["Go for the Eyes"],"damage_healed":0,"gold_gain":0,"player_choice":"Gave Card","damage_taken":0,"relics_obtained":["Bag of Preparation"],"max_hp_gain":0,"max_hp_loss":0,"event_name":"WeMeetAgain","floor":2,"gold_loss":0},{"damage_healed":0,"gold_gain":0,"player_choice":"Upgraded","damage_taken":0,"max_hp_gain":0,"max_hp_loss":0,"event_name":"Upgrade Shrine","floor":4,"gold_loss":0,"cards_upgraded":["Go for the Eyes"]},{"cards_removed":["Eruption"],"damage_healed":0,"gold_gain":0,"player_choice":"Purged","damage_taken":0,"max_hp_gain":0,"max_hp_loss":0,"event_name":"Purifier","floor":20,"gold_loss":0}],"is_beta":false,"boss_relics":[{"not_picked":["Runic Dome","Fusion Hammer"],"picked":"Pandora\u0027s Box"}],"items_purged_floors":[],"is_endless":false,"potions_floor_spawned":[3,6,11,13,21,23],"killed_by":"Gremlin Leader","ascension_level":0}}