{"host":"5f8yr5jxnqok2jdo","time":1613126289,"event":{"mods":["AchievementEnabler","BaseMod","Better Altar","Better Match","Better Note","Better Skull","Better Third Choice","Block Reminder","Colored Map","Colored Powertips","DeckTracker","Displayed Cursed Tome","Filter the Spire","Googly Eyes","Highlight Path","Key Reminder","Minty Spire (QoL Compilation)","Quick Restart","Rare Cards Sparkle","Relic Sorter","Relic Stats","ShortenTheSpire","Smile Girya","Spire Arcade","Spire Birthday Party","StSLib","Steal the Spire","SuperFastMode","Uncapped","Unceasing Turn Reminder","Weighted Paths","everything is the same but u backflip on backflip","slay the spire mod where everything is the same but ironclad has a cowboy hat"],"gold_per_floor":[110,135,135,135,146,177,177,207,207,207,232,244,97,108,108,212,212,224,224,72,85,101,101,131,131,157,197,223,255,294,320,332,344,344],"floor_reached":33,"language":"ENG","playtime":1058,"items_purged":[],"score":600,"play_id":"b95630a7-5123-416f-b7e7-cb7f239fcb51","local_time":"20210212113809","is_ascension_mode":true,"campfire_choices":[{"data":"Neutralize","floor":7,"key":"SMITH"},{"data":"Deadly Poison","floor":10,"key":"SMITH"},{"data":"Dash","floor":15,"key":"SMITH"},{"data":"Survivor","floor":23,"key":"SMITH"},{"data":"After Image","floor":25,"key":"SMITH"},{"floor":32,"key":"REST"}],"circlet_count":0,"master_deck":["AscendersBane","Strike_G","Strike_G","Strike_G+1","Strike_G+1","Strike_G","Defend_G","Defend_G","Defend_G","Defend_G","Defend_G+1","Survivor+1","Neutralize+1","Deadly Poison+1","Deadly Poison+1","Dash+1","Malaise+1","Skewer+1","After Image+1","Crippling Poison+1","Bane"],"relics":["Ring of the Snake","NeowsBlessing","MealTicket","War Paint","Centennial Puzzle","Whetstone","Orichalcum","Pear","Medical Kit","Velvet Choker","Chemical X","Juzu Bracelet","keyreminder:keyreminder","MawBank","Frozen Egg 2","Potion Belt"],"acts_visited":["Exordium","TheCity"],"potions_floor_usage":[],"damage_taken":[{"damage":0,"enemies":"Small Slimes","floor":1,"turns":1},{"damage":0,"enemies":"2 Louse","floor":5,"turns":1},{"damage":0,"enemies":"Gremlin Nob","floor":6,"turns":1},{"damage":16,"enemies":"3 Sentries","floor":8,"turns":14},{"damage":5,"enemies":"Gremlin Nob","floor":11,"turns":4},{"damage":0,"enemies":"Jaw Worm","floor":12,"turns":2},{"damage":10,"enemies":"Lots of Slimes","floor":14,"turns":5},{"damage":21,"enemies":"Hexaghost","floor":16,"turns":9},{"damage":11,"enemies":"Shell Parasite","floor":18,"turns":4},{"damage":2,"enemies":"Chosen","floor":21,"turns":3},{"damage":0,"enemies":"Centurion and Healer","floor":22,"turns":9},{"damage":27,"enemies":"Gremlin Leader","floor":24,"turns":7},{"damage":0,"enemies":"Book of Stabbing","floor":27,"turns":6},{"damage":8,"enemies":"Shelled Parasite and Fungi","floor":28,"turns":5},{"damage":5,"enemies":"Sentry and Sphere","floor":29,"turns":5},{"damage":13,"enemies":"Gremlin Leader","floor":30,"turns":5},{"damage":0,"enemies":"Cultist and Chosen","floor":31,"turns":4},{"damage":55,"enemies":"Champ","floor":33,"turns":10}],"seed_played":"-5583090250413495009","potions_obtained":[{"floor":5,"key":"FearPotion"},{"floor":8,"key":"Strength Potion"}],"is_trial":false,"path_per_floor":["M","?","T","$","M","E","R","E","T","R","E","M","$","M","R","B",null,"M","?","$","M","M","R","E","R","T","E","M","M","E","M","R","B"],"character_chosen":"THE_SILENT","items_purchased":["Medical Kit","Chemical X"],"campfire_rested":1,"item_purchase_floors":[13,20],"current_hp_per_floor":[63,63,63,70,70,70,70,54,54,54,59,59,74,64,64,43,71,60,60,75,73,73,73,46,46,46,46,38,33,20,20,44,0,0],"gold":344,"neow_bonus":"THREE_ENEMY_KILL","is_daily":false,"chose_seed":false,"campfire_upgraded":5,"win_rate":0.0,"timestamp":1613126289,"path_taken":["M","?","?","?","?","E","R","E","T","R","E","M","$","M","R","BOSS","M","?","$","?","M","R","E","R","T","E","M","M","E","M","R","BOSS"],"items_purchased_type":["Relic","Relic"],"build_version":"2020-12-22","purchased_purges":0,"victory":false,"max_hp_per_floor":[70,70,70,70,70,70,70,70,70,70,80,80,80,80,80,80,80,80,80,80,80,80,80,80,80,80,80,80,80,80,80,80,80,80],"relic_stats":{"Centennial Puzzle":[33],"counters":[18,95],"MealTicket":37,"Juzu Bracelet":0,"Whetstone":["Strike_G","Strike_G"],"Chemical X":[27],"War Paint":["Defend_G","Deadly Poison"],"Orichalcum":[102],"Medical Kit":[1],"MawBank":84,"obtain_stats":[{"Potion Belt":30,"Pear":11,"NeowsBlessing":0,"Velvet Choker":17,"Juzu Bracelet":24,"Whetstone":8,"War Paint":3,"Orichalcum":9,"Frozen Egg 2":27,"Medical Kit":13,"MawBank":26,"keyreminder:keyreminder":24,"Centennial Puzzle":6,"MealTicket":2,"Chemical X":20,"Ring of the Snake":0},{"Potion Belt":16,"Pear":5,"NeowsBlessing":0,"Velvet Choker":8,"Juzu Bracelet":12,"Whetstone":4,"War Paint":1,"Orichalcum":4,"Frozen Egg 2":13,"Medical Kit":6,"MawBank":12,"keyreminder:keyreminder":12,"Centennial Puzzle":3,"MealTicket":1,"Chemical X":9,"Ring of the Snake":0},{"Potion Belt":81,"Pear":21,"NeowsBlessing":0,"Velvet Choker":37,"Juzu Bracelet":60,"Whetstone":17,"War Paint":1,"Orichalcum":17,"Frozen Egg 2":66,"Medical Kit":23,"MawBank":60,"keyreminder:keyreminder":60,"Centennial Puzzle":3,"MealTicket":1,"Chemical X":41,"Ring of the Snake":0}],"Ring of the Snake":[36]},"card_choices":[{"not_picked":["PiercingWail","Deflect"],"picked":"Deadly Poison","floor":1},{"not_picked":["Calculated Gamble","Outmaneuver","Deflect"],"picked":"SKIP","floor":5},{"not_picked":["Concentrate","A Thousand Cuts"],"picked":"Deadly Poison","floor":6},{"not_picked":["Underhanded Strike","Finisher"],"picked":"Dash","floor":8},{"not_picked":["Masterful Stab","Caltrops","Blade Dance"],"picked":"SKIP","floor":11},{"not_picked":["Calculated Gamble","Blade Dance","Deadly Poison"],"picked":"SKIP","floor":12},{"not_picked":["Quick Slash","Backflip","Underhanded Strike"],"picked":"SKIP","floor":14},{"not_picked":["Bullet Time","Glass Knife"],"picked":"Malaise","floor":16},{"not_picked":["Deflect","Concentrate"],"picked":"Skewer+1","floor":18},{"not_picked":["Heel Hook","Acrobatics","Dagger Throw"],"picked":"SKIP","floor":21},{"not_picked":["Well Laid Plans","Sucker Punch+1","Terror"],"picked":"SKIP","floor":22},{"not_picked":["Poisoned Stab","Heel Hook"],"picked":"After Image","floor":24},{"not_picked":["PiercingWail+1","Choke"],"picked":"Crippling Poison+1","floor":27},{"not_picked":["Terror","Skewer"],"picked":"Bane","floor":28},{"not_picked":["Poisoned Stab","Dash","Predator"],"picked":"SKIP","floor":29},{"not_picked":["Prepared+1","Dagger Throw","Outmaneuver+1"],"picked":"SKIP","floor":30},{"not_picked":["Tactician","Skewer","Dagger Spray"],"picked":"SKIP","floor":31}],"player_experience":368594,"relics_obtained":[{"floor":3,"key":"War Paint"},{"floor":6,"key":"Centennial Puzzle"},{"floor":8,"key":"Whetstone"},{"floor":9,"key":"Orichalcum"},{"floor":11,"key":"Pear"},{"floor":24,"key":"Juzu Bracelet"},{"floor":26,"key":"MawBank"},{"floor":27,"key":"Frozen Egg 2"},{"floor":30,"key":"Potion Belt"}],"event_choices":[{"damage_healed":0,"gold_gain":0,"player_choice":"Forge","damage_taken":0,"max_hp_gain":0,"max_hp_loss":0,"event_name":"Accursed Blacksmith","floor":19,"gold_loss":0,"cards_upgraded":["Malaise"]}],"is_beta":false,"boss_relics":[{"not_picked":["Calling Bell","Pandora\u0027s Box"],"picked":"Velvet Choker"}],"items_purged_floors":[],"is_endless":false,"potions_floor_spawned":[5,8,11,22,24,28],"killed_by":"Champ","ascension_level":12}}