{"host":"5hsgormuu0lj4iiq","time":1613089196,"event":{"mods":["AchievementEnabler","BaseMod","Colored Map","Colored Powertips","Minty Spire (QoL Compilation)","Quick Restart","Relic Stats","SuperFastMode","everything is the same but u backflip on backflip","slay the spire mod where everything is the same but ironclad has a cowboy hat"],"gold_per_floor":[111,111,127,144,7,7,63,77,103,103,103],"floor_reached":10,"language":"ENG","playtime":253,"items_purged":[],"score":93,"play_id":"af3be860-9643-4185-97f3-a4d29482b444","local_time":"20210211191956","is_ascension_mode":true,"campfire_choices":[{"data":"Loop","floor":6,"key":"SMITH"}],"circlet_count":0,"master_deck":["AscendersBane","Strike_B","Strike_B+1","Strike_B+1","Defend_B","Defend_B","Defend_B","Defend_B","Zap","Dualcast","Loop+1","Flash of Steel","Leap","Glacier"],"relics":["Cracked Core","Whetstone","Smiling Mask","DataDisk"],"acts_visited":["Exordium"],"potions_floor_usage":[],"damage_taken":[{"damage":0,"enemies":"Small Slimes","floor":1,"turns":3},{"damage":8,"enemies":"2 Louse","floor":3,"turns":2},{"damage":1,"enemies":"Cultist","floor":4,"turns":3},{"damage":38,"enemies":"Gremlin Nob","floor":7,"turns":5},{"damage":12,"enemies":"3 Louse","floor":8,"turns":4},{"damage":35,"enemies":"Gremlin Nob","floor":10,"turns":6}],"seed_played":"-5627366180630765866","potions_obtained":[{"floor":1,"key":"Ancient Potion"},{"floor":4,"key":"LiquidBronze"},{"floor":8,"key":"FairyPotion"}],"is_trial":false,"path_per_floor":["M","?","M","M","$","R","?","M","T","E"],"character_chosen":"DEFECT","items_purchased":["Flash of Steel","Leap"],"campfire_rested":0,"item_purchase_floors":[5,5],"current_hp_per_floor":[68,61,53,52,52,52,14,2,2,0,0],"gold":103,"neow_bonus":"RANDOM_COMMON_RELIC","is_daily":false,"chose_seed":false,"campfire_upgraded":1,"win_rate":0.0,"timestamp":1613089196,"path_taken":["M","?","M","M","$","R","?","M","T","E"],"items_purchased_type":["Card","Card"],"build_version":"2020-12-22","purchased_purges":0,"victory":false,"max_hp_per_floor":[75,75,75,75,75,75,75,75,75,75,75],"relic_stats":{"counters":[6,22],"Whetstone":["Strike_B","Strike_B"],"Smiling Mask":0,"obtain_stats":[{"DataDisk":9,"Whetstone":0,"Cracked Core":0,"Smiling Mask":7},{"DataDisk":5,"Whetstone":0,"Cracked Core":0,"Smiling Mask":4},{"DataDisk":16,"Whetstone":0,"Cracked Core":0,"Smiling Mask":12}]},"card_choices":[{"not_picked":["Aggregate","Turbo","Steam"],"picked":"SKIP","floor":1},{"not_picked":["Conserve Battery","Sweeping Beam","Capacitor"],"picked":"SKIP","floor":3},{"not_picked":["Stack","Steam Power"],"picked":"Loop","floor":4},{"not_picked":["Stack","Rebound"],"picked":"Glacier","floor":7},{"not_picked":["Go for the Eyes","Capacitor","Hello World"],"picked":"SKIP","floor":8}],"player_experience":728316,"relics_obtained":[{"floor":7,"key":"Smiling Mask"},{"floor":9,"key":"DataDisk"}],"event_choices":[{"cards_removed":["Strike_B"],"damage_healed":0,"gold_gain":0,"player_choice":"Card Removal","damage_taken":7,"max_hp_gain":0,"max_hp_loss":0,"event_name":"Golden Wing","floor":2,"gold_loss":0},{"damage_healed":0,"gold_gain":30,"player_choice":"Searched \u00272\u0027 times","damage_taken":0,"max_hp_gain":0,"max_hp_loss":0,"event_name":"Dead Adventurer","floor":7,"gold_loss":0}],"is_beta":false,"boss_relics":[],"items_purged_floors":[],"is_endless":false,"potions_floor_spawned":[1,4,8],"killed_by":"Gremlin Nob","ascension_level":12}}