{"host":"5y2vm16xfq9gfmb2","time":1613173012,"event":{"mods":["AchievementEnabler","BaseMod","Better Third Choice","Colored Map","Colored Powertips","DeckTracker","Marisa????????","Minty Spire (QoL Compilation)","Rare Cards Sparkle","Relic Stats","StSLib","The Alterego","The Animator","The Marked","The Servant 0.9.4"],"gold_per_floor":[127,127,29,49,49,78,104,104,131,164,164,195,211,239,239,239,239],"floor_reached":16,"language":"ENG","playtime":805,"items_purged":["animator:Curse_GriefSeed"],"score":104,"play_id":"f8bcbaf6-5b12-487f-9933-020dcdaf9b8d","local_time":"20210212183652","is_ascension_mode":false,"campfire_choices":[{"data":"animator:Ainz","floor":8,"key":"SMITH"},{"floor":15,"key":"REST"}],"circlet_count":0,"master_deck":["animator:Strike_Overlord","animator:Defend_Overlord","animator:Strike","animator:Strike","animator:Strike","animator:Defend","animator:Defend","animator:Defend","animator:Cocytus","animator:Demiurge","animator:Sebas","animator:Spearman","animator:NarberalGamma","animator:Vanir","animator:Ainz+1","animator:Mitsurugi","animator:Priestess","animator:EmiyaShirou","animator:Megumin"],"relics":["animator:LivingPicture","animator:TheMissingPiece","animator:PurgingStone","animator:AlchemistGlove","Calipers","FaceOfCleric","animator:WornHelmet","Bottled Flame"],"acts_visited":["Exordium"],"potions_floor_usage":[10,16],"damage_taken":[{"damage":4,"enemies":"Cultist","floor":1,"turns":4},{"damage":5,"enemies":"Small Slimes","floor":4,"turns":3},{"damage":2,"enemies":"Jaw Worm","floor":6,"turns":3},{"damage":9,"enemies":"3 Louse","floor":7,"turns":3},{"damage":41,"enemies":"Lagavulin","floor":10,"turns":7},{"damage":0,"enemies":"2 Fungi Beasts","floor":12,"turns":2},{"damage":0,"enemies":"Looter","floor":13,"turns":3},{"damage":0,"enemies":"Lots of Slimes","floor":14,"turns":2},{"damage":37,"enemies":"The Guardian","floor":16,"turns":5}],"seed_played":"5844069811071346191","potions_obtained":[{"floor":1,"key":"Weak Potion"},{"floor":6,"key":"SneckoOil"},{"floor":13,"key":"PowerPotion"},{"floor":14,"key":"Ancient Potion"}],"is_trial":false,"path_per_floor":["M","?","$","M","?","M","M","R","T","E","T","M","M","M","R","B"],"character_chosen":"THE_ANIMATOR","items_purchased":["animator:Spearman"],"campfire_rested":1,"item_purchase_floors":[3],"current_hp_per_floor":[62,62,62,58,58,57,49,49,49,10,10,11,12,13,35,0,0],"gold":239,"neow_bonus":"ONE_RARE_RELIC","is_daily":false,"chose_seed":false,"campfire_upgraded":1,"win_rate":0.0,"timestamp":1613173012,"path_taken":["M","?","$","?","?","?","M","R","T","E","?","M","M","M","R","BOSS"],"items_purchased_type":["Card"],"build_version":"2020-12-22","purchased_purges":1,"victory":false,"max_hp_per_floor":[66,66,66,67,67,68,69,69,69,71,71,72,73,74,74,74,74],"relic_stats":{"FaceOfCleric":6,"counters":[9,32],"obtain_stats":[{"Bottled Flame":10,"Calipers":2,"animator:PurgingStone":0,"FaceOfCleric":5,"animator:TheMissingPiece":0,"animator:LivingPicture":0,"animator:AlchemistGlove":0,"animator:WornHelmet":9},{"Bottled Flame":5,"Calipers":1,"animator:PurgingStone":0,"FaceOfCleric":2,"animator:TheMissingPiece":0,"animator:LivingPicture":0,"animator:AlchemistGlove":0,"animator:WornHelmet":4},{"Bottled Flame":20,"Calipers":4,"animator:PurgingStone":0,"FaceOfCleric":7,"animator:TheMissingPiece":0,"animator:LivingPicture":0,"animator:AlchemistGlove":0,"animator:WornHelmet":13}]},"card_choices":[{"not_picked":["animator:YaoHaDucy","animator:Kuribayashi"],"picked":"animator:Sebas","floor":1},{"not_picked":["animator:Tyuule","animator:Verdia"],"picked":"animator:NarberalGamma","floor":4},{"not_picked":["animator:Geryuganshoop","animator:Millim"],"picked":"animator:Vanir","floor":6},{"not_picked":["animator:Cocytus","animator:PandorasActor"],"picked":"animator:Ainz","floor":7},{"not_picked":["animator:MumenRider","animator:NarberalGamma"],"picked":"animator:Mitsurugi","floor":10},{"not_picked":["animator:ShinjiMatou","animator:SilverFang"],"picked":"animator:Priestess","floor":12},{"not_picked":["animator:ShinjiMatou","animator:Genos"],"picked":"animator:EmiyaShirou","floor":13},{"not_picked":["animator:YunYun","animator:Aqua"],"picked":"animator:Megumin","floor":14}],"player_experience":65455,"relics_obtained":[{"floor":9,"key":"animator:WornHelmet"},{"floor":10,"key":"Bottled Flame"}],"event_choices":[{"damage_healed":0,"gold_gain":0,"player_choice":"Gave Potion","damage_taken":0,"relics_obtained":["Calipers"],"max_hp_gain":0,"max_hp_loss":0,"event_name":"WeMeetAgain","floor":2,"gold_loss":0},{"damage_healed":0,"gold_gain":0,"player_choice":"Trade","damage_taken":0,"relics_obtained":["FaceOfCleric"],"max_hp_gain":0,"max_hp_loss":0,"event_name":"FaceTrader","floor":5,"gold_loss":0}],"is_beta":false,"boss_relics":[],"items_purged_floors":[3],"is_endless":false,"potions_floor_spawned":[1,6,13,14],"killed_by":"The Guardian","ascension_level":0}}