{"host":"Fun","time":1613168020,"event":{"mods":["BaseMod","Colored Map","Minty Spire (QoL Compilation)","Relic Stats","StSLib"],"gold_per_floor":[119,119,143,143,164,203,203,237,237,578,578,578,621,32,32,128,128,153,203,228,244,264,264,264,300,352,11,37,68,68,106,106,204,204,224,237,17,17,17,17,31,47,73,73,116,116,136,176,176,176],"floor_reached":51,"language":"ENG","playtime":1871,"items_purged":["Strike_R"],"score":1627,"play_id":"113ea558-126a-41dc-8450-963cce3f22f6","local_time":"20210212171340","is_ascension_mode":true,"campfire_choices":[{"floor":7,"key":"REST"},{"data":"Feel No Pain","floor":11,"key":"SMITH"},{"floor":12,"key":"DIG"},{"data":"Rupture","floor":15,"key":"SMITH"},{"data":"Combust","floor":23,"key":"SMITH"},{"data":"Hemokinesis","floor":30,"key":"SMITH"},{"data":"Bash","floor":32,"key":"SMITH"},{"data":"Apotheosis","floor":40,"key":"SMITH"},{"floor":44,"key":"DIG"},{"floor":49,"key":"DIG"}],"circlet_count":0,"master_deck":["AscendersBane","Defend_R","Defend_R","Defend_R","Defend_R","Bash+1","Cleave","Clothesline","Battle Trance","Feel No Pain+1","Thunderclap","Shrug It Off","Reaper","Combust+1","Rupture+1","Ghostly Armor","Exhume","Pummel","Feed","Exhume","Hemokinesis+1","Reaper","Shrug It Off","Apotheosis+1","Finesse","Sword Boomerang","Shrug It Off+1","Shrug It Off+1","Rupture","Limit Break"],"relics":["Burning Blood","Whetstone","WarpedTongs","Golden Idol","The Courier","WingedGreaves","Shovel","Old Coin","HornCleat","Letter Opener","Kunai","Bag of Marbles","Coffee Dripper","Bird Faced Urn","Dream Catcher","Membership Card","Oddly Smooth Stone","Boot","Unceasing Top","Singing Bowl","Empty Cage","Bottled Tornado","Juzu Bracelet","Anchor","Ornamental Fan","Potion Belt","Lantern"],"acts_visited":["Exordium","TheCity","TheBeyond"],"potions_floor_usage":[13,21,25,29,33,45],"damage_taken":[{"damage":2,"enemies":"2 Louse","floor":1,"turns":3},{"damage":1,"enemies":"Cultist","floor":3,"turns":4},{"damage":1,"enemies":"Jaw Worm","floor":5,"turns":3},{"damage":28,"enemies":"Lagavulin","floor":6,"turns":8},{"damage":14,"enemies":"3 Sentries","floor":8,"turns":8},{"damage":24,"enemies":"Gremlin Nob","floor":10,"turns":4},{"damage":1,"enemies":"3 Sentries","floor":13,"turns":7},{"damage":18,"enemies":"The Guardian","floor":16,"turns":12},{"damage":16,"enemies":"Spheric Guardian","floor":18,"turns":5},{"damage":5,"enemies":"3 Byrds","floor":20,"turns":5},{"damage":8,"enemies":"Cultist and Chosen","floor":21,"turns":7},{"damage":15,"enemies":"3 Cultists","floor":22,"turns":5},{"damage":4,"enemies":"Gremlin Leader","floor":25,"turns":5},{"damage":24,"enemies":"Slavers","floor":29,"turns":4},{"damage":34,"enemies":"Gremlin Leader","floor":31,"turns":7},{"damage":38,"enemies":"Collector","floor":33,"turns":7},{"damage":26,"enemies":"3 Shapes","floor":35,"turns":6},{"damage":8,"enemies":"Orb Walker","floor":36,"turns":2},{"damage":32,"enemies":"4 Shapes","floor":41,"turns":5},{"damage":13,"enemies":"Sphere and 2 Shapes","floor":42,"turns":5},{"damage":66,"enemies":"Nemesis","floor":45,"turns":9},{"damage":46,"enemies":"Writhing Mass","floor":47,"turns":12},{"damage":28,"enemies":"Giant Head","floor":48,"turns":6},{"damage":92,"enemies":"Donu and Deca","floor":50,"turns":8}],"seed_played":"5724742606771025395","potions_obtained":[{"floor":5,"key":"Explosive Potion"},{"floor":10,"key":"DistilledChaos"},{"floor":16,"key":"Energy Potion"},{"floor":21,"key":"Swift Potion"},{"floor":22,"key":"CultistPotion"},{"floor":25,"key":"ColorlessPotion"},{"floor":29,"key":"Ancient Potion"},{"floor":36,"key":"Regen Potion"}],"is_trial":false,"path_per_floor":["M","?","M","?","M","E","R","E","T","E","R","R","E","$","R","B",null,"M","?","M","M","M","R","?","E","T","$","T","E","R","E","R","B",null,"M","M","$","?","?","R","M","M","T","R","E","?","M","E","R","B",null],"character_chosen":"IRONCLAD","items_purchased":["Kunai","Combust","Rupture","Ghostly Armor","Bag of Marbles","Flex","Membership Card","Feed","Oddly Smooth Stone","Exhume","Apotheosis","Finesse","Bottled Tornado"],"campfire_rested":1,"item_purchase_floors":[14,14,14,14,14,14,27,27,27,27,37,37,37],"current_hp_per_floor":[72,46,51,51,56,34,56,48,48,30,30,30,35,35,35,35,65,67,67,69,75,75,75,75,75,75,75,75,79,79,82,82,56,77,78,84,84,84,84,84,97,107,107,107,65,65,68,100,100,105],"gold":176,"neow_bonus":"RANDOM_COMMON_RELIC","is_daily":false,"chose_seed":false,"campfire_upgraded":6,"win_rate":0.0,"timestamp":1613168020,"path_taken":["M","?","M","?","?","E","R","E","T","E","R","R","E","$","R","BOSS","M","?","M","?","M","R","?","E","T","$","?","E","R","E","R","BOSS","M","?","$","?","?","R","?","M","T","R","E","?","M","E","R","BOSS"],"items_purchased_type":["Relic","Card","Card","Card","Relic","Card","Relic","Card","Relic","Card","Card","Card","Relic"],"build_version":"2020-12-18","purchased_purges":1,"victory":true,"max_hp_per_floor":[75,75,75,75,75,75,75,75,75,75,75,75,75,75,75,75,75,75,75,75,75,75,75,75,75,75,75,75,79,79,84,84,84,84,87,89,89,89,89,89,97,107,107,107,111,105,105,105,105,105],"relic_stats":{"Singing Bowl":6,"counters":[24,147],"Golden Idol":170,"Juzu Bracelet":0,"Whetstone":["Strike_R","Strike_R"],"Letter Opener":[151],"Boot":[24],"Burning Blood":122,"WarpedTongs":[119],"Dream Catcher":0,"Shovel":3,"Ornamental Fan":[12],"Bird Faced Urn":[44],"Kunai":[15],"obtain_stats":[{"Lantern":49,"Singing Bowl":31,"Juzu Bracelet":43,"Whetstone":0,"Bottled Tornado":37,"Boot":28,"Empty Cage":34,"Burning Blood":0,"Old Coin":10,"Dream Catcher":26,"Shovel":9,"HornCleat":12,"WingedGreaves":8,"Kunai":14,"Potion Belt":48,"Golden Idol":2,"Oddly Smooth Stone":27,"The Courier":6,"Letter Opener":13,"WarpedTongs":0,"Anchor":44,"Ornamental Fan":45,"Bird Faced Urn":25,"Bag of Marbles":14,"Coffee Dripper":17,"Membership Card":27,"Unceasing Top":29},{"Lantern":23,"Singing Bowl":15,"Juzu Bracelet":20,"Whetstone":0,"Bottled Tornado":18,"Boot":13,"Empty Cage":16,"Burning Blood":0,"Old Coin":6,"Dream Catcher":13,"Shovel":5,"HornCleat":6,"WingedGreaves":5,"Kunai":7,"Potion Belt":23,"Golden Idol":1,"Oddly Smooth Stone":13,"The Courier":4,"Letter Opener":7,"WarpedTongs":0,"Anchor":20,"Ornamental Fan":21,"Bird Faced Urn":13,"Bag of Marbles":7,"Coffee Dripper":8,"Membership Card":13,"Unceasing Top":14},{"Lantern":139,"Singing Bowl":87,"Juzu Bracelet":112,"Whetstone":0,"Bottled Tornado":102,"Boot":76,"Empty Cage":94,"Burning Blood":0,"Old Coin":30,"Dream Catcher":76,"Shovel":26,"HornCleat":30,"WingedGreaves":26,"Kunai":37,"Potion Belt":139,"Golden Idol":3,"Oddly Smooth Stone":76,"The Courier":18,"Letter Opener":37,"WarpedTongs":0,"Anchor":112,"Ornamental Fan":121,"Bird Faced Urn":76,"Bag of Marbles":37,"Coffee Dripper":49,"Membership Card":76,"Unceasing Top":80}],"Unceasing Top":[2]},"card_choices":[{"not_picked":["Intimidate","Pommel Strike"],"picked":"Cleave","floor":1},{"not_picked":["Flex","Inflame"],"picked":"Clothesline","floor":3},{"not_picked":["Heavy Blade","Warcry"],"picked":"Battle Trance","floor":5},{"not_picked":["Entrench","Shrug It Off"],"picked":"Feel No Pain","floor":6},{"not_picked":["Body Slam","Clash"],"picked":"Thunderclap","floor":8},{"not_picked":["Uppercut","Armaments"],"picked":"Shrug It Off","floor":10},{"not_picked":["Flex","Clothesline"],"picked":"Reaper","floor":13},{"not_picked":["Juggernaut","Berserk"],"picked":"Exhume","floor":16},{"not_picked":["Flex","Clash","Rage"],"picked":"SKIP","floor":18},{"not_picked":["Flex+1","Twin Strike","Headbutt"],"picked":"SKIP","floor":20},{"not_picked":["Whirlwind","Havoc","Headbutt"],"picked":"SKIP","floor":21},{"not_picked":["Havoc","Twin Strike+1","Burning Pact"],"picked":"SKIP","floor":22},{"not_picked":["Seeing Red","Evolve"],"picked":"Pummel","floor":25},{"not_picked":["Body Slam","Pummel+1"],"picked":"Hemokinesis","floor":29},{"not_picked":["Warcry","Dropkick","Corruption"],"picked":"Singing Bowl","floor":31},{"not_picked":["Bludgeon","Juggernaut"],"picked":"Reaper","floor":33},{"not_picked":["Pummel","Clash"],"picked":"Shrug It Off","floor":35},{"not_picked":["Armaments","Pummel","Feel No Pain+1"],"picked":"Singing Bowl","floor":36},{"not_picked":["Wild Strike","Thunderclap"],"picked":"Shrug It Off+1","floor":41},{"not_picked":["Pummel+1","Perfected Strike","Flex"],"picked":"Singing Bowl","floor":42},{"not_picked":["Bludgeon","Seeing Red"],"picked":"Shrug It Off+1","floor":45},{"not_picked":["Twin Strike","Armaments+1"],"picked":"Rupture","floor":47},{"not_picked":["Pummel","Clothesline"],"picked":"Limit Break","floor":48}],"player_experience":180518,"relics_obtained":[{"floor":6,"key":"The Courier"},{"floor":8,"key":"WingedGreaves"},{"floor":9,"key":"Shovel"},{"floor":10,"key":"Old Coin"},{"floor":12,"key":"HornCleat"},{"floor":13,"key":"Letter Opener"},{"floor":25,"key":"Bird Faced Urn"},{"floor":26,"key":"Dream Catcher"},{"floor":28,"key":"Boot"},{"floor":29,"key":"Unceasing Top"},{"floor":31,"key":"Singing Bowl"},{"floor":43,"key":"Juzu Bracelet"},{"floor":44,"key":"Anchor"},{"floor":45,"key":"Ornamental Fan"},{"floor":48,"key":"Potion Belt"},{"floor":49,"key":"Lantern"}],"event_choices":[{"damage_healed":0,"gold_gain":0,"player_choice":"Take Damage","damage_taken":26,"relics_obtained":["Golden Idol"],"max_hp_gain":0,"max_hp_loss":0,"event_name":"Golden Idol","floor":2,"gold_loss":0},{"cards_removed":["Strike_R"],"damage_healed":0,"gold_gain":0,"player_choice":"Offered Basic","damage_taken":0,"max_hp_gain":0,"max_hp_loss":0,"event_name":"Bonfire Elementals","floor":4,"gold_loss":0},{"damage_healed":0,"gold_gain":50,"player_choice":"Pray","damage_taken":0,"max_hp_gain":0,"max_hp_loss":0,"event_name":"Golden Shrine","floor":19,"gold_loss":0},{"damage_healed":0,"gold_gain":0,"player_choice":"Upgraded","damage_taken":0,"max_hp_gain":0,"max_hp_loss":0,"event_name":"Upgrade Shrine","floor":24,"gold_loss":0,"cards_upgraded":["Flex"]},{"cards_removed":["Flex"],"damage_healed":0,"gold_gain":0,"player_choice":"Removed Skill","damage_taken":0,"max_hp_gain":0,"max_hp_loss":0,"event_name":"Falling","floor":38,"gold_loss":0},{"damage_healed":0,"gold_gain":0,"cards_transformed":["Strike_R"],"player_choice":"Transformed","damage_taken":0,"max_hp_gain":0,"max_hp_loss":0,"event_name":"Transmorgrifier","floor":39,"gold_loss":0,"cards_obtained":["Sword Boomerang"]},{"damage_healed":0,"gold_gain":0,"player_choice":"Max HP","damage_taken":0,"max_hp_gain":0,"max_hp_loss":6,"event_name":"Winding Halls","floor":46,"gold_loss":0}],"is_beta":true,"boss_relics":[{"not_picked":["Cursed Key","Fusion Hammer"],"picked":"Coffee Dripper"},{"not_picked":["Runic Dome","SacredBark"],"picked":"Empty Cage"}],"items_purged_floors":[14],"is_endless":false,"potions_floor_spawned":[5,10,16,21,22,25,29,36,42],"ascension_level":18}}