{"host":"vflj39ie5n27t074","time":1613093853,"event":{"mods":["BaseMod","BetterRewards","Bossed Relics","Colored Map","Colored Powertips","Downfall","Hubris","Infinite Spire","Marisa????????","Minty Spire (QoL Compilation)","Replay The Spire","SIMod","StSLib","The Bug Knight","The Jungle","The Mystic","The Servant 0.9.4"],"gold_per_floor":[118,129,129,142,152,152,227,227,307,331,344,378,391,404,404,404,404],"floor_reached":16,"language":"ENG","playtime":827,"items_purged":[],"score":104,"play_id":"6e1b42f4-4b6c-4ccb-a1b1-4bb56b8ecb25","local_time":"20210211193733","is_ascension_mode":false,"campfire_choices":[{"data":"HollowMod:MonarchWings","floor":6,"key":"SMITH"},{"floor":15,"key":"REST"}],"circlet_count":0,"master_deck":["HollowMod:NailStrikeStart","HollowMod:NailStrikeStart","HollowMod:NailStrikeStart","HollowMod:NailStrikeStart","HollowMod:QuickDashStart","HollowMod:QuickDashStart","HollowMod:QuickDashStart","HollowMod:QuickDashStart","HollowMod:FocusHealStart+1","HollowMod:PogoStrike","HollowMod:WraithStrike","HollowMod:WraithStrike","Regret","HollowMod:MonarchWings+1","Amnesia","HollowMod:GoodIntentions","HollowMod:PureNailStrike","HollowMod:PureNailStrike","HollowMod:SharpenedShadows"],"relics":["HollowMod:VesselMask","Simple Rune","infinitespire:Eraser","Strawberry","StrikeDummy"],"acts_visited":["Exordium"],"potions_floor_usage":[2],"damage_taken":[{"damage":0,"enemies":"Cultist","floor":1,"turns":3},{"damage":0,"enemies":"Small Slimes","floor":2,"turns":3},{"damage":17,"enemies":"2 Louse","floor":4,"turns":3},{"damage":36,"enemies":"Exordium Wildlife","floor":5,"turns":6},{"damage":31,"enemies":"3 Louse","floor":11,"turns":5},{"damage":38,"enemies":"Gremlin Nob","floor":12,"turns":5},{"damage":19,"enemies":"Blue Slaver","floor":13,"turns":4},{"damage":14,"enemies":"Looter","floor":14,"turns":4},{"damage":62,"enemies":"HollowMod:FalseKnight","floor":16,"turns":6}],"seed_played":"-1642251090632862130","potions_obtained":[{"floor":2,"key":"Fruit Juice"},{"floor":5,"key":"Block Potion"},{"floor":11,"key":"FearPotion"},{"floor":12,"key":"Weak Potion"}],"is_trial":false,"path_per_floor":["M","M","?","M","M","R","?","?","T","T","M","E","M","M","R","B"],"character_chosen":"THE_BUGKNIGHT","items_purchased":[],"campfire_rested":1,"item_purchase_floors":[],"current_hp_per_floor":[75,80,80,63,39,39,28,80,80,87,68,40,31,23,49,0,0],"gold":404,"neow_bonus":"UPGRADE_CARD","is_daily":false,"chose_seed":false,"campfire_upgraded":1,"win_rate":0.0,"timestamp":1613093853,"path_taken":["M","?","?","M","M","R","?","?","T","?","?","E","M","M","R","BOSS"],"items_purchased_type":[],"build_version":"2020-12-22","purchased_purges":0,"victory":false,"max_hp_per_floor":[75,80,80,80,80,80,80,80,80,87,87,87,87,87,87,87,87],"card_choices":[{"not_picked":["HollowMod:DoubleDash","HollowMod:DescendingDark"],"picked":"HollowMod:WraithStrike","floor":1},{"not_picked":["HollowMod:HeavyBlow","HollowMod:SoulShaman"],"picked":"HollowMod:WraithStrike","floor":2},{"not_picked":["HollowMod:SiblingsSouls","HollowMod:DoubleDash","HollowMod:LifebloodCore"],"picked":"SKIP","floor":4},{"not_picked":["HollowMod:HowlingWraiths","HollowMod:NewJinnsSoul"],"picked":"HollowMod:MonarchWings","floor":5},{"not_picked":["HollowMod:SoulStrike","HollowMod:CornifersMapStart"],"picked":"HollowMod:GoodIntentions","floor":11},{"not_picked":["HollowMod:ChannelNail","HollowMod:SoulVessel"],"picked":"HollowMod:PureNailStrike","floor":12},{"not_picked":["HollowMod:SharpenedNail","HollowMod:ZotesMagnificence"],"picked":"HollowMod:PureNailStrike","floor":13},{"not_picked":["HollowMod:WraithStrike","HollowMod:Grubsong"],"picked":"HollowMod:SharpenedShadows","floor":14}],"player_experience":135556,"relics_obtained":[{"floor":9,"key":"infinitespire:Eraser"},{"floor":10,"key":"Strawberry"},{"floor":12,"key":"StrikeDummy"}],"event_choices":[{"damage_healed":0,"gold_gain":0,"player_choice":"Box","damage_taken":0,"relics_obtained":["Simple Rune"],"max_hp_gain":0,"max_hp_loss":0,"event_name":"Big Fish","floor":3,"gold_loss":0,"cards_obtained":["Regret"]},{"damage_healed":0,"gold_gain":75,"player_choice":"Gather Gold","damage_taken":11,"max_hp_gain":0,"max_hp_loss":0,"event_name":"World of Goop","floor":7,"gold_loss":0}],"is_beta":false,"boss_relics":[],"items_purged_floors":[],"is_endless":false,"potions_floor_spawned":[2,5,11,12],"killed_by":"HollowMod:FalseKnight","ascension_level":0}}