{"host":"avfk0uqadyfnr875","time":1613102763,"event":{"mods":["2.2 Compatiblity","Act Like it!","BaseMod","Chen","Colored Powertips","Downfall","Gensokyo","Koishi","KomeijiMod","Marisa（F雨　魔理沙）","Minty Spire (QoL Compilation)","Pale of the Ancients","Quick Restart","READ ME - Guardian Mod","Reimu（博丽灵梦）","Shop Mod","StSLib","The Animator","[功能]功能增强和修复MOD"],"gold_per_floor":[111,111,20,38,38,38,69,69,69,107,107,23,59,92,92,543,43,59,59,59,79,48,48,95,95,95,7,7,7],"floor_reached":28,"language":"ZHS","playtime":1018,"items_purged":["Injury","animator:Strike","animator:KrulTepes","animator:Strike","animator:Strike"],"score":399,"play_id":"0540940a-6337-40a6-8897-eaef6f39fc15","local_time":"20210212120603","is_ascension_mode":true,"campfire_choices":[{"floor":6,"key":"RECALL"},{"data":"animator:Raven","floor":8,"key":"SMITH"},{"floor":11,"key":"REST"},{"data":"animator:Ain","floor":15,"key":"SMITH"},{"data":"animator:FeridBathory","floor":23,"key":"SMITH"},{"data":"animator:Eve","floor":25,"key":"SMITH"}],"circlet_count":0,"master_deck":["animator:Strike_GoblinSlayer","animator:Defend_GoblinSlayer","animator:Defend","animator:Defend","animator:Defend","animator:LizardPriest","animator:DwarfShaman","animator:Raven+1","animator:NarberalGamma","animator:Ciel","animator:IrohaTamaki","animator:Ain+1","animator:ZankiKiguchi","animator:GoblinSlayer","animator:FeridBathory+1","animator:Eve+1","animator:GoblinSlayer","animator:Tet","animator:Chung","animator:Ciel","animator:WinryRockbell+1","animator:Togame","animator:GuildGirl+1","animator:Sebas+1","animator:SayakaMiki","animator:Shimakaze","animator:Father"],"relics":["animator:LivingPicture","animator:TheMissingPiece","animator:PurgingStone","NeowsBlessing","Golden Idol","MealTicket","White Beast Statue","Blood Vial","Nunchaku","Blood Vial","Pantograph","Medical Kit","Paper Frog","Omamori","EctoplasmExtend","Art of War","Orrery","Shuriken","Sundial","DataDisk"],"acts_visited":["Exordium","TheCity"],"potions_floor_usage":[10,13,16,16,18,24,24],"damage_taken":[{"damage":0,"enemies":"Small Slimes","floor":1,"turns":1},{"damage":0,"enemies":"2 Louse","floor":4,"turns":1},{"damage":0,"enemies":"Gremlin Nob","floor":7,"turns":1},{"damage":35,"enemies":"Lagavulin","floor":10,"turns":6},{"damage":29,"enemies":"Gremlin Nob","floor":13,"turns":4},{"damage":5,"enemies":"Jaw Worm","floor":14,"turns":3},{"damage":21,"enemies":"Slime Boss","floor":16,"turns":6},{"damage":17,"enemies":"Shell Parasite","floor":18,"turns":4},{"damage":5,"enemies":"3 Byrds","floor":21,"turns":4},{"damage":18,"enemies":"Gremlin Leader","floor":24,"turns":6},{"damage":0,"enemies":"Book of Stabbing","floor":28,"turns":1}],"seed_played":"7765540945616406023","potions_obtained":[{"floor":1,"key":"UndeadPotion"},{"floor":1,"key":"CalmPotion"},{"floor":4,"key":"CultistPotion"},{"floor":10,"key":"Fruit Juice"},{"floor":13,"key":"Fire Potion"},{"floor":13,"key":"Fire Potion"},{"floor":13,"key":"Swift Potion"},{"floor":16,"key":"champ:CounterPotion"},{"floor":16,"key":"EssenceOfSteel"},{"floor":18,"key":"animator:FalseLifePotion"},{"floor":21,"key":"Fire Potion"},{"floor":21,"key":"Fire Potion"},{"floor":24,"key":"GrandPatriotsElixir:ReiMu"},{"floor":24,"key":"bronze:BurnAndBuffPotion"}],"is_trial":false,"path_per_floor":["M","?","$","M","?","R","E","R","T","E","R","$","E","M","R","B",null,"M","?","?","M","$","R","E","R","T","$","E"],"character_chosen":"THE_ANIMATOR","items_purchased":["MealTicket","White Beast Statue","Medical Kit","Paper Frog","Orrery","animator:Shimakaze","DataDisk","animator:Father"],"campfire_rested":1,"item_purchase_floors":[3,3,12,12,22,27,27,27],"current_hp_per_floor":[59,59,59,59,59,59,59,59,59,26,45,60,40,39,39,47,65,52,67,67,66,73,73,55,55,55,70,73,73],"gold":7,"neow_bonus":"THREE_ENEMY_KILL","is_daily":false,"chose_seed":false,"campfire_upgraded":4,"win_rate":0.0,"timestamp":1613102763,"path_taken":["M","?","$","M","?","R","E","R","T","E","R","$","E","M","R","BOSS","M","?","?","M","$","R","E","R","T","$","E"],"items_purchased_type":["Relic","Relic","Relic","Relic","Relic","Card","Relic","Card"],"build_version":"2020-12-22","purchased_purges":5,"victory":false,"max_hp_per_floor":[66,66,66,66,66,66,66,66,66,66,66,66,71,71,71,71,71,71,71,71,71,73,73,73,73,73,73,73,73],"card_choices":[{"not_picked":["animator:Ara","animator:DolaCouronne"],"picked":"animator:KrulTepes","floor":1},{"not_picked":["animator:Gluttony","animator:Millim","animator:Yoichi"],"picked":"SKIP","floor":1},{"not_picked":["animator:Lu","animator:Rena"],"picked":"animator:Raven","floor":4},{"not_picked":["animator:GazelDwargon","animator:Azekura"],"picked":"animator:NarberalGamma","floor":4},{"not_picked":["animator:SuzuneAmano","animator:Elsword","animator:Rena"],"picked":"SKIP","floor":7},{"not_picked":["animator:Raven","animator:Elsword"],"picked":"animator:Ciel","floor":10},{"not_picked":["animator:MaesHughes","animator:Evileye"],"picked":"animator:IrohaTamaki","floor":13},{"not_picked":["animator:DolaCouronne","animator:OrikoMikuni"],"picked":"animator:Ain","floor":14},{"not_picked":["animator:Raven","animator:Entoma"],"picked":"animator:ZankiKiguchi","floor":14},{"not_picked":["animator:HigakiRinne","animator:Kyubey"],"picked":"animator:GoblinSlayer","floor":16},{"not_picked":["animator:Albedo","animator:SwordMaiden"],"picked":"animator:FeridBathory","floor":16},{"not_picked":["animator:MadokaKaname","animator:Rimuru"],"picked":"animator:Eve","floor":16},{"not_picked":["animator:FeridBathory","animator:Sora"],"picked":"animator:GoblinSlayer","floor":16},{"not_picked":["animator:Witch","animator:Raven"],"picked":"animator:Tet","floor":18},{"not_picked":["animator:CrowleyEusford","animator:Demiurge","animator:Gillette"],"picked":"SKIP","floor":18},{"not_picked":["animator:Elsword","animator:Rena"],"picked":"animator:Chung","floor":21},{"not_picked":["animator:Raven","animator:Sora"],"picked":"animator:Ciel","floor":21},{"not_picked":["animator:Hakurou+1","animator:GazelDwargon"],"picked":"animator:WinryRockbell+1","floor":22},{"not_picked":["animator:Shichika","animator:Azekura+1"],"picked":"animator:Togame","floor":22},{"not_picked":["animator:Gillette+1","animator:Gluttony"],"picked":"animator:GuildGirl+1","floor":22},{"not_picked":["animator:Entoma","animator:DolaStephanie"],"picked":"animator:Sebas+1","floor":22},{"not_picked":["animator:ElricAlphonse","animator:DolaCouronne"],"picked":"animator:SayakaMiki","floor":24}],"player_experience":398443,"relics_obtained":[{"floor":7,"key":"Blood Vial"},{"floor":7,"key":"Nunchaku"},{"floor":10,"key":"Blood Vial"},{"floor":10,"key":"Pantograph"},{"floor":16,"key":"Omamori"},{"floor":24,"key":"Shuriken"},{"floor":26,"key":"Sundial"}],"event_choices":[{"damage_healed":0,"gold_gain":0,"player_choice":"Take Wound","damage_taken":0,"relics_obtained":["Golden Idol"],"max_hp_gain":0,"max_hp_loss":0,"event_name":"Golden Idol","floor":2,"gold_loss":0,"cards_obtained":["Injury"]},{"damage_healed":0,"gold_gain":0,"player_choice":"Stole Relic","damage_taken":0,"relics_obtained":["Art of War"],"max_hp_gain":0,"max_hp_loss":0,"event_name":"Addict","floor":20,"gold_loss":0,"cards_obtained":["Shame"]}],"is_beta":false,"boss_relics":[{"not_picked":["Fusion Hammer","RedLine:ReiMu"],"picked":"EctoplasmExtend"}],"items_purged_floors":[3,3,12,27,27],"is_endless":false,"potions_floor_spawned":[1,1,4,4,4,7,7,7,7,10,10,13,13,13,13,14,16,16,16,18,18,18,21,21,24,24,24,24],"killed_by":"Book of Stabbing","ascension_level":9}}