{"host":"88sw61cmk1203zgj","time":1613112629,"event":{"mods":["BaseMod","Minty Spire (QoL Compilation)"],"gold_per_floor":[116,132,132,207,230,257,257,292,292,309,324,324,334,171,171,247,247,263,213,228,240,240,240,240,240,240,118,150,150,166,179,179,179,179],"floor_reached":33,"language":"ENG","playtime":1336,"items_purged":["Strike_B","Strike_B","Zap"],"score":487,"play_id":"5823a6f5-739b-4fb1-a926-c97c657d4f18","local_time":"20210212015029","is_ascension_mode":true,"campfire_choices":[{"data":"Streamline","floor":7.0,"key":"SMITH"},{"data":"1","floor":12.0,"key":"LIFT"},{"floor":15.0,"key":"REST"},{"data":"2","floor":23.0,"key":"LIFT"},{"data":"Electrodynamics","floor":25.0,"key":"SMITH"},{"floor":32,"key":"REST"}],"circlet_count":0,"master_deck":["AscendersBane","Defend_B","Defend_B","Dualcast","Coolheaded","Streamline+1","Melter","White Noise","Cold Snap","Sweeping Beam","Electrodynamics+1","Ball Lightning","Machine Learning","Turbo","Streamline","Coolheaded","Loop","Hologram+1","Ball Lightning+1"],"relics":["Cracked Core","NeowsBlessing","Smiling Mask","Omamori","Blood Vial","Girya","Empty Cage","Mango","Happy Flower","Red Mask"],"acts_visited":["Exordium","TheCity"],"potions_floor_usage":[33],"damage_taken":[{"damage":0.0,"enemies":"Cultist","floor":1.0,"turns":1.0},{"damage":0.0,"enemies":"Jaw Worm","floor":2.0,"turns":1.0},{"damage":0.0,"enemies":"3 Sentries","floor":6.0,"turns":1.0},{"damage":37.0,"enemies":"Lagavulin","floor":8.0,"turns":6.0},{"damage":5.0,"enemies":"Small Slimes","floor":10.0,"turns":3.0},{"damage":0.0,"enemies":"Blue Slaver","floor":11.0,"turns":2.0},{"damage":5.0,"enemies":"Gremlin Gang","floor":13.0,"turns":3.0},{"damage":18.0,"enemies":"The Guardian","floor":16.0,"turns":13.0},{"damage":35.0,"enemies":"2 Thieves","floor":18.0,"turns":4.0},{"damage":0.0,"enemies":"Spheric Guardian","floor":20.0,"turns":2.0},{"damage":35.0,"enemies":"Snake Plant","floor":21.0,"turns":4.0},{"damage":0,"enemies":"Masked Bandits","floor":28,"turns":2},{"damage":2,"enemies":"Chosen and Byrds","floor":30,"turns":4},{"damage":12,"enemies":"Centurion and Healer","floor":31,"turns":5},{"damage":55,"enemies":"Automaton","floor":33,"turns":8}],"seed_played":"4894085702641764240","potions_obtained":[{"floor":6.0,"key":"Dexterity Potion"},{"floor":10.0,"key":"Explosive Potion"},{"floor":13.0,"key":"Explosive Potion"},{"floor":16.0,"key":"ColorlessPotion"},{"floor":18.0,"key":"Regen Potion"},{"floor":30,"key":"SpeedPotion"},{"floor":31,"key":"FocusPotion"}],"is_trial":false,"path_per_floor":["M","M","?","?","T","E","R","E","T","M","M","R","M","$","R","B",null,"M","$","M","M","?","R","?","R","T","$","?","$","M","M","R","B"],"character_chosen":"DEFECT","items_purchased":["Electrodynamics","Ball Lightning","Loop"],"campfire_rested":2,"item_purchase_floors":[14,14,27],"current_hp_per_floor":[68,68,73,62,62,62,62,25,25,22,24,24,21,21,45,29,67,34,34,36,15,29,29,29,29,29,29,31,31,31,21,49,0,0],"gold":179,"neow_bonus":"THREE_ENEMY_KILL","is_daily":false,"chose_seed":false,"campfire_upgraded":2,"win_rate":0.0,"timestamp":1613112629,"path_taken":["M","?","?","?","?","E","R","E","T","M","M","R","M","$","R","BOSS","M","$","M","?","?","R","?","R","T","$","?","?","?","M","R","BOSS"],"items_purchased_type":["Card","Card","Card"],"build_version":"2020-12-22","purchased_purges":3,"victory":false,"max_hp_per_floor":[75,75,80,80,80,80,80,80,80,80,80,80,80,80,80,80,80,80,80,80,80,94,94,94,94,94,94,94,94,94,94,94,94,94],"card_choices":[{"not_picked":["Stack","Reprogram"],"picked":"Coolheaded","floor":1.0},{"not_picked":["Static Discharge","Coolheaded"],"picked":"Streamline","floor":2.0},{"not_picked":["Reinforced Body","Steam Power"],"picked":"Melter","floor":6.0},{"not_picked":["Sunder","Amplify"],"picked":"White Noise","floor":8.0},{"not_picked":["Barrage","Chill"],"picked":"Cold Snap","floor":10.0},{"not_picked":["Stack","Undo","Chaos"],"picked":"SKIP","floor":11.0},{"not_picked":["Gash","Steam"],"picked":"Sweeping Beam","floor":13.0},{"not_picked":["Buffer","Amplify"],"picked":"Machine Learning","floor":16.0},{"not_picked":["Scrape","Recycle","Go for the Eyes"],"picked":"SKIP","floor":18.0},{"not_picked":["Go for the Eyes","Hyperbeam"],"picked":"Turbo","floor":20.0},{"not_picked":["Self Repair","Ball Lightning","Melter"],"picked":"SKIP","floor":21.0},{"not_picked":["Beam Cell","Consume"],"picked":"Hologram+1","floor":28},{"not_picked":["Self Repair","Double Energy","Cold Snap"],"picked":"SKIP","floor":30},{"not_picked":["Coolheaded","Hologram"],"picked":"Ball Lightning+1","floor":31}],"player_experience":1584018,"relics_obtained":[{"floor":5.0,"key":"Smiling Mask"},{"floor":6.0,"key":"Omamori"},{"floor":8.0,"key":"Blood Vial"},{"floor":9.0,"key":"Girya"},{"floor":26.0,"key":"Happy Flower"},{"floor":28,"key":"Red Mask"}],"event_choices":[{"damage_healed":0.0,"max_hp_gain":5.0,"max_hp_loss":0.0,"gold_gain":0.0,"event_name":"Big Fish","player_choice":"Donut","floor":3.0,"gold_loss":0.0,"damage_taken":0.0},{"damage_healed":0.0,"max_hp_gain":0.0,"max_hp_loss":0.0,"gold_gain":75.0,"event_name":"World of Goop","player_choice":"Gather Gold","floor":4.0,"gold_loss":0.0,"damage_taken":11.0},{"damage_healed":0.0,"max_hp_gain":0.0,"max_hp_loss":0.0,"gold_gain":0.0,"event_name":"The Mausoleum","player_choice":"Opened","floor":22.0,"gold_loss":0.0,"damage_taken":0.0,"relics_obtained":["Mango"],"cards_obtained":["Writhe"]},{"damage_healed":0.0,"max_hp_gain":0.0,"max_hp_loss":0.0,"gold_gain":0.0,"cards_transformed":["Defend_B","Defend_B"],"event_name":"Drug Dealer","player_choice":"Became Test Subject","floor":24.0,"gold_loss":0.0,"damage_taken":0.0,"cards_obtained":["Streamline","Coolheaded"]},{"damage_healed":0,"gold_gain":0,"player_choice":"Fought Bandits","damage_taken":0,"max_hp_gain":0,"max_hp_loss":0,"event_name":"Masked Bandits","floor":28,"gold_loss":0}],"is_beta":false,"boss_relics":[{"not_picked":["Tiny House","Ectoplasm"],"picked":"Empty Cage"}],"items_purged_floors":[14,19,27],"is_endless":false,"potions_floor_spawned":[6,10,13,16,18,20,30,31],"killed_by":"Automaton","ascension_level":13}}