{"host":"iphsb0ccnjx0pfn6","time":1613139691,"event":{"mods":["2.2 Compatiblity","AchievementEnabler","BaseMod","Colored Map","DeckTracker","Keyboard Shortcuts","Minty Spire (QoL Compilation)","Permanent Neow","Quick Restart","Relic Stats","StSLib","SuperFastMode","Uncapped","everything is the same but u backflip on backflip"],"gold_per_floor":[111,11,28,28,78,78,101,137,161,161,161,186,261,105,105,200,200,159,159,159,173,173,173,186,186,186],"floor_reached":25,"language":"KOR","playtime":474,"items_purged":["Strike_R","Strike_R"],"score":398,"play_id":"33bf22cc-6682-4ed1-af05-eec8d753a261","local_time":"20210212232131","is_ascension_mode":true,"campfire_choices":[{"data":"Fiend Fire","floor":6,"key":"SMITH"},{"data":"Pommel Strike","floor":10,"key":"SMITH"},{"floor":15,"key":"REST"},{"floor":23,"key":"REST"}],"circlet_count":0,"master_deck":["AscendersBane","Defend_R","Defend_R+1","Defend_R","Defend_R","Bash","Fiend Fire+1","Sentinel+1","Body Slam","Pommel Strike+1","Evolve","Shrug It Off","Barricade","Power Through+1","Sword Boomerang+1","Burning Pact+1","Second Wind","Necronomicurse","Bash","Immolate","Burning Pact"],"relics":["Burning Blood","Golden Idol","Dream Catcher","Regal Pillow","Astrolabe","Necronomicon","CultistMask"],"acts_visited":["Exordium","TheCity"],"potions_floor_usage":[8,8,8,18,21,25],"damage_taken":[{"damage":6,"enemies":"Cultist","floor":1,"turns":3},{"damage":2,"enemies":"2 Louse","floor":3,"turns":3},{"damage":2,"enemies":"Jaw Worm","floor":7,"turns":3},{"damage":15,"enemies":"Lagavulin","floor":8,"turns":4},{"damage":0,"enemies":"Red Slaver","floor":12,"turns":2},{"damage":20,"enemies":"Slime Boss","floor":16,"turns":6},{"damage":4,"enemies":"2 Thieves","floor":18,"turns":5},{"damage":44,"enemies":"3 Byrds","floor":21,"turns":8},{"damage":37,"enemies":"Snecko","floor":24,"turns":4},{"damage":15,"enemies":"Book of Stabbing","floor":25,"turns":2}],"seed_played":"904945915367238242","potions_obtained":[{"floor":3,"key":"Fire Potion"},{"floor":7,"key":"EntropicBrew"},{"floor":16,"key":"SpeedPotion"},{"floor":21,"key":"FearPotion"}],"is_trial":false,"path_per_floor":["M","$","M","?","?","R","M","E","T","R","?","M","?","$","R","B",null,"M","?","?","M","?","R","M","E"],"character_chosen":"IRONCLAD","items_purchased":["Body Slam","Shrug It Off"],"campfire_rested":2,"item_purchase_floors":[2,14],"current_hp_per_floor":[68,68,72,46,46,46,50,41,41,41,18,24,13,13,50,36,65,67,46,46,8,8,45,14,0,0],"gold":186,"neow_bonus":"ONE_RANDOM_RARE_CARD","is_daily":false,"chose_seed":false,"campfire_upgraded":2,"win_rate":0.0,"timestamp":1613139691,"path_taken":["M","?","M","?","?","R","?","E","T","R","?","M","?","?","R","BOSS","M","?","?","?","?","R","?","E"],"items_purchased_type":["Card","Card"],"build_version":"2020-12-22","purchased_purges":2,"victory":false,"max_hp_per_floor":[75,75,75,75,75,75,75,75,75,75,75,75,75,75,75,75,75,75,75,75,75,75,75,75,75,75],"relic_stats":{"Dream Catcher":2,"Regal Pillow":30,"counters":[10,40],"Golden Idol":46,"Astrolabe":["Power Through","Sword Boomerang","Burning Pact"],"Necronomicon":[8],"obtain_stats":[{"Dream Catcher":8,"Regal Pillow":9,"Golden Idol":4,"Astrolabe":17,"CultistMask":20,"Necronomicon":19,"Burning Blood":0},{"Dream Catcher":4,"Regal Pillow":4,"Golden Idol":2,"Astrolabe":6,"CultistMask":7,"Necronomicon":7,"Burning Blood":0},{"Dream Catcher":13,"Regal Pillow":13,"Golden Idol":6,"Astrolabe":21,"CultistMask":26,"Necronomicon":26,"Burning Blood":0}],"Burning Blood":54},"card_choices":[{"not_picked":["Heavy Blade","Cleave"],"picked":"Sentinel","floor":1},{"not_picked":["Headbutt","Bloodletting"],"picked":"Pommel Strike","floor":3},{"not_picked":["Thunderclap","Rampage","Disarm"],"picked":"SKIP","floor":7},{"not_picked":["Thunderclap","Reaper","Rage"],"picked":"SKIP","floor":8},{"not_picked":["Perfected Strike","True Grit"],"picked":"Evolve","floor":12},{"not_picked":["Immolate","Berserk"],"picked":"Barricade","floor":16},{"not_picked":["Feel No Pain","Combust"],"picked":"Second Wind","floor":18},{"not_picked":["Armaments+1","Flex","Shrug It Off"],"picked":"SKIP","floor":21},{"not_picked":["Twin Strike+1","Clash+1"],"picked":"Burning Pact","floor":23},{"not_picked":["Uppercut","Armaments+1","Hemokinesis+1"],"picked":"SKIP","floor":24}],"player_experience":1307255,"relics_obtained":[{"floor":8,"key":"Dream Catcher"},{"floor":9,"key":"Regal Pillow"},{"floor":19,"key":"Necronomicon"}],"event_choices":[{"damage_healed":0,"gold_gain":0,"player_choice":"Take Damage","damage_taken":26,"relics_obtained":["Golden Idol"],"max_hp_gain":0,"max_hp_loss":0,"event_name":"Golden Idol","floor":4,"gold_loss":0},{"damage_healed":0,"gold_gain":50,"player_choice":"Pray","damage_taken":0,"max_hp_gain":0,"max_hp_loss":0,"event_name":"Golden Shrine","floor":5,"gold_loss":0},{"damage_healed":0,"gold_gain":0,"player_choice":"Entered Light","damage_taken":23,"max_hp_gain":0,"max_hp_loss":0,"event_name":"Shining Light","floor":11,"gold_loss":0,"cards_upgraded":["Defend_R","Sentinel"]},{"damage_healed":0,"gold_gain":75,"player_choice":"Gather Gold","damage_taken":11,"max_hp_gain":0,"max_hp_loss":0,"event_name":"World of Goop","floor":13,"gold_loss":0},{"damage_healed":0,"gold_gain":0,"player_choice":"Obtained Book","damage_taken":21,"max_hp_gain":0,"max_hp_loss":0,"event_name":"Cursed Tome","floor":19,"gold_loss":0},{"damage_healed":0,"gold_gain":0,"player_choice":"Trade","damage_taken":0,"relics_obtained":["CultistMask"],"max_hp_gain":0,"max_hp_loss":0,"event_name":"FaceTrader","floor":20,"gold_loss":0},{"damage_healed":0,"gold_gain":0,"player_choice":"2 cards matched","damage_taken":0,"max_hp_gain":0,"max_hp_loss":0,"event_name":"Match and Keep!","floor":22,"gold_loss":0,"cards_obtained":["Bash","Immolate"]}],"is_beta":false,"boss_relics":[{"not_picked":["Fusion Hammer","Tiny House"],"picked":"Astrolabe"}],"items_purged_floors":[2,14],"is_endless":false,"potions_floor_spawned":[3,7,16,21],"killed_by":"Book of Stabbing","ascension_level":20}}