{"host":"7sni158j623xchr2","time":1613112130,"event":{"mods":["BaseMod","Colored Map","Highlight Path","Minty Spire (QoL Compilation)","Permanent Neow","Potion Indicator Mod","Rare Cards Sparkle","Relic Sorter","Relic Stats","StSLib","everything is the same but u backflip on backflip"],"gold_per_floor":[116,66,76,1,176,176,187,222,222,222,247,247,3,30,30,139,166,195,224,235,253,253,253,253,253],"floor_reached":24,"language":"ENG","playtime":517,"items_purged":["Strike_B"],"score":307,"play_id":"ad02beff-03e7-47ee-a1fd-fd9265074504","local_time":"20210212004210","is_ascension_mode":true,"campfire_choices":[{"data":"Buffer","floor":6,"key":"SMITH"},{"data":"Defragment","floor":10,"key":"SMITH"},{"data":"Loop","floor":15,"key":"SMITH"},{"floor":23,"key":"REST"}],"circlet_count":0,"master_deck":["Defend_B","Defend_B","Zap","Dualcast","Buffer+1","FTL","Defragment+1","Lockon","Ball Lightning","Defragment+1","Defragment","Loop+1","Reboot","Doom and Gloom+1","Skim+1","Hologram+1","Aggregate","Auto Shields","Genetic Algorithm"],"relics":["Cracked Core","Calipers","Cables","CeramicFish","DollysMirror","Astrolabe"],"acts_visited":["Exordium","TheCity"],"potions_floor_usage":[19,20,24,24],"damage_taken":[{"damage":0,"enemies":"Small Slimes","floor":1,"turns":3},{"damage":0,"enemies":"Jaw Worm","floor":3,"turns":3},{"damage":3,"enemies":"2 Louse","floor":7,"turns":3},{"damage":31,"enemies":"3 Sentries","floor":8,"turns":6},{"damage":0,"enemies":"Lagavulin","floor":11,"turns":4},{"damage":1,"enemies":"Looter","floor":14,"turns":3},{"damage":0,"enemies":"Slime Boss","floor":16,"turns":4},{"damage":19,"enemies":"Shell Parasite","floor":18,"turns":4},{"damage":32,"enemies":"2 Thieves","floor":19,"turns":4},{"damage":9,"enemies":"Snecko","floor":20,"turns":3},{"damage":44,"enemies":"Masked Bandits","floor":24,"turns":3}],"seed_played":"8960407764936687792","potions_obtained":[{"floor":1,"key":"Strength Potion"},{"floor":8,"key":"EssenceOfSteel"},{"floor":14,"key":"BlessingOfTheForge"},{"floor":20,"key":"SpeedPotion"}],"is_trial":false,"path_per_floor":["M","?","M","$","?","R","M","E","T","R","E","?","$","M","R","B",null,"M","M","M","?","?","R","?"],"character_chosen":"DEFECT","items_purchased":["Defragment","DollysMirror","Defragment"],"campfire_rested":1,"item_purchase_floors":[4,13,13],"current_hp_per_floor":[68,68,68,68,68,68,65,34,34,34,34,34,34,33,33,33,68,49,17,8,8,8,28,0,0],"gold":253,"neow_bonus":"THREE_RARE_CARDS","is_daily":false,"chose_seed":false,"campfire_upgraded":3,"win_rate":0.0,"timestamp":1613112130,"path_taken":["M","?","M","?","?","R","M","E","T","R","E","?","?","M","R","BOSS","M","M","M","?","?","R","?"],"items_purchased_type":["Card","Relic","Card"],"build_version":"2020-12-22","purchased_purges":1,"victory":false,"max_hp_per_floor":[68,68,68,68,68,68,68,68,68,68,68,68,68,68,68,68,68,68,68,68,68,68,68,68,68],"relic_stats":{"counters":[11,40],"CeramicFish":99,"Astrolabe":["Doom and Gloom","Skim","Streamline"],"obtain_stats":[{"Calipers":8,"DollysMirror":13,"CeramicFish":11,"Astrolabe":17,"Cracked Core":0,"Cables":9},{"Calipers":4,"DollysMirror":5,"CeramicFish":5,"Astrolabe":7,"Cracked Core":0,"Cables":4},{"Calipers":15,"DollysMirror":19,"CeramicFish":19,"Astrolabe":26,"Cracked Core":0,"Cables":15}],"Cables":[21,21,0,0,0]},"card_choices":[{"not_picked":["Seek","Multi-Cast"],"picked":"Buffer","floor":0},{"not_picked":["Storm","Barrage"],"picked":"FTL","floor":1},{"not_picked":["Redo","Stack","Steam Power"],"picked":"SKIP","floor":3},{"not_picked":["Doom and Gloom","Consume"],"picked":"Lockon","floor":7},{"not_picked":["Gash","Compile Driver"],"picked":"Ball Lightning","floor":8},{"not_picked":["Rebound","Steam","Aggregate"],"picked":"SKIP","floor":11},{"not_picked":["Doom and Gloom","Steam"],"picked":"Loop","floor":14},{"not_picked":["Biased Cognition","Thunder Strike"],"picked":"Reboot","floor":16},{"not_picked":["Beam Cell","Stack"],"picked":"Hologram+1","floor":18},{"not_picked":["Auto Shields","Ball Lightning"],"picked":"Aggregate","floor":19},{"not_picked":["Steam Power","Stack","Storm+1"],"picked":"SKIP","floor":20}],"player_experience":1785691,"relics_obtained":[{"floor":8,"key":"Calipers"},{"floor":9,"key":"Cables"},{"floor":11,"key":"CeramicFish"}],"event_choices":[{"cards_removed":["Defend_B"],"damage_healed":0,"gold_gain":0,"player_choice":"Card Removal","damage_taken":0,"max_hp_gain":0,"max_hp_loss":0,"event_name":"The Cleric","floor":2,"gold_loss":50},{"damage_healed":0,"gold_gain":175,"player_choice":"AGREE","damage_taken":0,"max_hp_gain":0,"max_hp_loss":0,"event_name":"Liars Game","floor":5,"gold_loss":0,"cards_obtained":["Doubt"]},{"cards_removed":["Doubt"],"damage_healed":0,"gold_gain":0,"player_choice":"Forget","damage_taken":0,"max_hp_gain":0,"max_hp_loss":0,"event_name":"Living Wall","floor":12,"gold_loss":0},{"damage_healed":0,"gold_gain":0,"cards_transformed":["Streamline","Strike_B"],"player_choice":"Became Test Subject","damage_taken":0,"max_hp_gain":0,"max_hp_loss":0,"event_name":"Drug Dealer","floor":21,"gold_loss":0,"cards_obtained":["Auto Shields","Genetic Algorithm"]},{"damage_healed":0,"gold_gain":0,"player_choice":"Ignored","damage_taken":0,"max_hp_gain":0,"max_hp_loss":0,"event_name":"Vampires","floor":22,"gold_loss":0},{"damage_healed":0,"gold_gain":0,"player_choice":"Fought Bandits","damage_taken":0,"max_hp_gain":0,"max_hp_loss":0,"event_name":"Masked Bandits","floor":24,"gold_loss":0}],"is_beta":false,"boss_relics":[{"not_picked":["Snecko Eye","Empty Cage"],"picked":"Astrolabe"}],"items_purged_floors":[13],"is_endless":false,"potions_floor_spawned":[1,8,14,20],"killed_by":"Masked Bandits","ascension_level":2}}