{"host":"ul3z8ex5o8l5j7mh","time":1613147263,"event":{"mods":["AchievementEnabler","BaseMod","Bestiary","Colored Map","Colored Powertips","DeckTracker","Keyboard Shortcuts","Minty Spire (QoL Compilation)","Relic Sorter","Relic Stats","SuperFastMode"],"gold_per_floor":[110,285,285,285,310,310,310,310],"floor_reached":7,"language":"ENG","playtime":129,"items_purged":[],"score":43,"play_id":"20effd22-3f1d-4fe1-8995-9a074b9c549a","local_time":"20210212172743","is_ascension_mode":true,"campfire_choices":[{"data":"Dramatic Entrance","floor":6,"key":"SMITH"}],"circlet_count":0,"master_deck":["Strike_R","Strike_R","Strike_R","Strike_R","Strike_R","Defend_R","Defend_R+1","Defend_R","Defend_R+1","Bash","Dramatic Entrance+1","Sword Boomerang"],"relics":["Burning Blood","Golden Idol","War Paint"],"acts_visited":["Exordium"],"potions_floor_usage":[],"damage_taken":[{"damage":12,"enemies":"Jaw Worm","floor":1,"turns":2},{"damage":38,"enemies":"3 Sentries","floor":7,"turns":6}],"seed_played":"-4188890578397287466","potions_obtained":[],"is_trial":false,"path_per_floor":["M","?","?","?","T","R","E"],"character_chosen":"IRONCLAD","items_purchased":[],"campfire_rested":0,"item_purchase_floors":[],"current_hp_per_floor":[74,74,67,67,67,67,29,29],"gold":310,"neow_bonus":"RANDOM_COLORLESS","is_daily":false,"chose_seed":false,"campfire_upgraded":1,"win_rate":0.0,"timestamp":1613147263,"path_taken":["M","?","?","?","?","R","E"],"items_purchased_type":[],"build_version":"2020-12-22","purchased_purges":0,"victory":false,"max_hp_per_floor":[80,80,80,74,74,74,74,74],"relic_stats":{"counters":[2,7],"Golden Idol":0,"War Paint":["Defend_R","Defend_R"],"obtain_stats":[{"Golden Idol":4,"War Paint":5,"Burning Blood":0},{"Golden Idol":1,"War Paint":1,"Burning Blood":0},{"Golden Idol":2,"War Paint":2,"Burning Blood":0}],"Burning Blood":6},"card_choices":[{"not_picked":["Forethought","Purity"],"picked":"Dramatic Entrance","floor":0},{"not_picked":["Entrench","Armaments"],"picked":"Sword Boomerang","floor":1}],"player_experience":348973,"relics_obtained":[{"floor":5,"key":"War Paint"}],"event_choices":[{"damage_healed":0,"gold_gain":175,"player_choice":"AGREE","damage_taken":0,"max_hp_gain":0,"max_hp_loss":0,"event_name":"Liars Game","floor":2,"gold_loss":0,"cards_obtained":["Doubt"]},{"cards_removed":["Doubt"],"damage_healed":0,"gold_gain":0,"player_choice":"Card Removal","damage_taken":7,"max_hp_gain":0,"max_hp_loss":0,"event_name":"Golden Wing","floor":3,"gold_loss":0},{"damage_healed":0,"gold_gain":0,"player_choice":"Lose Max HP","damage_taken":0,"relics_obtained":["Golden Idol"],"max_hp_gain":0,"max_hp_loss":6,"event_name":"Golden Idol","floor":4,"gold_loss":0}],"is_beta":false,"boss_relics":[],"items_purged_floors":[],"is_endless":false,"potions_floor_spawned":[],"killed_by":"3 Sentries","ascension_level":3}}