{"host":"gzsdmyo07u314vug","time":1613125960,"event":{"mods":["2.2 Compatiblity","Astrologer","BaseMod","Colored Powertips","GifTheSpireLib","Gremlin Mod","Hermit","Jorbs\u0027s Wanderer Trilogy","Minty Spire (QoL Compilation)","Quick Restart","Rare Cards Sparkle","Relic Stats","Replay The Spire","Robot Space Explorer","Shop Mod","StSLib","The Bladedancer","The Bug Knight","The Construct","The Cursed","The Elementalist","The Hierophant","The IronCluck","The Marked","The Necromancer","The Runesmith","The Servant 0.9.4","Unceasing Turn Reminder","everything is the same but u backflip on backflip","slay the spire mod where everything is the same but ironclad has a cowboy hat"],"gold_per_floor":[211,227,239,256,63,63,94,94,94,94,105,30,30,48,48,151,151,163,63,74,124,71,97,97,127,127,127,144,144,170,185,185,185,185],"floor_reached":33,"language":"ENG","playtime":2283,"items_purged":["HollowMod:NailStrikeStart","Regret"],"score":366,"play_id":"dbb356d8-76e9-42d4-9e9d-940d327716ad","local_time":"20210212073240","is_ascension_mode":true,"campfire_choices":[{"data":"Apotheosis","floor":6.0,"key":"SMITH"},{"data":"HollowMod:MantisMark","floor":8.0,"key":"SMITH"},{"data":"HollowMod:InfectedCysts","floor":10.0,"key":"SMITH"},{"floor":15,"key":"DIG"},{"floor":24,"key":"REST"},{"floor":29,"key":"REST"},{"floor":32,"key":"REST"}],"circlet_count":0,"master_deck":["HollowMod:NailStrikeStart","HollowMod:NailStrikeStart","HollowMod:NailStrikeStart","HollowMod:QuickDashStart","HollowMod:QuickDashStart","HollowMod:QuickDashStart","HollowMod:QuickDashStart","HollowMod:FocusHealStart","HollowMod:PogoStrike","HollowMod:InfectedCysts+1","HollowMod:BlackTendrils","HollowMod:InfectedAttack","HollowMod:CloakDash","Apotheosis+1","HollowMod:MantisMark+1","HollowMod:DashSlash","HollowMod:CornifersMapStart","HollowMod:RadiancesLament","HollowMod:MonomonsArchive","HollowMod:WraithStrike","HollowMod:MothsMistake","HollowMod:CloakDash","HollowMod:MantisMark","HollowMod:NewJinnsSoul"],"relics":["HollowMod:VoidIdolRelic","HollowMod:KingsBrand","ReplayTheSpireMod:TigerMarble","Darkstone Periapt","Gambling Chip","Pondfish Scales","Replay:WaspNest","HollowMod:MillibellesNoteRelic","Art of War"],"acts_visited":["Exordium","TheCity"],"potions_floor_usage":[18,20,23,30,31],"damage_taken":[{"damage":2.0,"enemies":"Jaw Worm","floor":1.0,"turns":5.0},{"damage":0.0,"enemies":"Small Slimes","floor":2.0,"turns":2.0},{"damage":0.0,"enemies":"2 Louse","floor":3.0,"turns":2.0},{"damage":13.0,"enemies":"Looter","floor":4.0,"turns":3.0},{"damage":7.0,"enemies":"Replay:BlueRogue","floor":7.0,"turns":6.0},{"damage":0.0,"enemies":"Large Slime","floor":11.0,"turns":4.0},{"damage":0.0,"enemies":"2 Fungi Beasts","floor":14.0,"turns":2.0},{"damage":27,"enemies":"Slime Boss","floor":16,"turns":8},{"damage":23,"enemies":"Spheric Guardian","floor":18,"turns":5},{"damage":15,"enemies":"HollowMod:HuskSentry","floor":20,"turns":5},{"damage":29,"enemies":"Slavers","floor":23,"turns":5},{"damage":45,"enemies":"Gremlin Leader","floor":25,"turns":7},{"damage":18,"enemies":"3 Cultists","floor":28,"turns":3},{"damage":46,"enemies":"Book of Stabbing","floor":30,"turns":5},{"damage":20,"enemies":"Snecko","floor":31,"turns":6},{"damage":67,"enemies":"Automaton","floor":33,"turns":6}],"seed_played":"-5617765436303683367","potions_obtained":[{"floor":2.0,"key":"Adrenaline Potion"},{"floor":3.0,"key":"Languid Potion"},{"floor":11.0,"key":"SpeedPotion"},{"floor":16,"key":"Swift Potion"},{"floor":28,"key":"Weak Potion"},{"floor":30,"key":"Weak Potion"}],"is_trial":false,"path_per_floor":["M","M","M","M","$","R","E","R","T","R","M","$","?","M","R","B",null,"M","$","M","?","$","E","R","E","T","?","M","R","E","M","R","B"],"character_chosen":"THE_BUGKNIGHT","items_purchased":["Apotheosis","HollowMod:WraithStrike"],"campfire_rested":3,"item_purchase_floors":[5,22],"current_hp_per_floor":[75,75,75,64,64,64,59,59,59,59,65,65,71,71,71,54,81,58,58,43,43,43,18,42,44,44,29,11,36,10,9,34,0,0],"gold":185,"neow_bonus":"HUNDRED_GOLD","is_daily":false,"chose_seed":false,"campfire_upgraded":3,"win_rate":0.0,"timestamp":1613125960,"path_taken":["M","M","M","M","$","R","E","R","T","R","M","$","?","M","R","BOSS","M","$","M","?","$","E","R","E","T","?","M","R","E","M","R","BOSS"],"items_purchased_type":["Card","Card"],"build_version":"2020-12-22","purchased_purges":2,"victory":false,"max_hp_per_floor":[75,75,75,75,75,75,75,75,75,75,75,75,81,81,81,81,81,81,81,81,81,81,81,81,81,81,86,86,86,86,86,86,86,86],"relic_stats":{"Darkstone Periapt":6,"counters":[16,74],"Gambling Chip":[16],"Art of War":[0],"obtain_stats":[{"Darkstone Periapt":13,"Pondfish Scales":23,"Gambling Chip":15,"HollowMod:VesselMask":0,"Replay:WaspNest":25,"ReplayTheSpireMod:TigerMarble":9,"Art of War":30,"HollowMod:KingsBrand":7,"HollowMod:VoidIdolRelic":17,"HollowMod:MillibellesNoteRelic":26},{"Darkstone Periapt":6,"Pondfish Scales":11,"Gambling Chip":7,"HollowMod:VesselMask":0,"Replay:WaspNest":12,"ReplayTheSpireMod:TigerMarble":5,"Art of War":14,"HollowMod:KingsBrand":5,"HollowMod:VoidIdolRelic":8,"HollowMod:MillibellesNoteRelic":12},{"Darkstone Periapt":22,"Pondfish Scales":47,"Gambling Chip":24,"HollowMod:VesselMask":0,"Replay:WaspNest":54,"ReplayTheSpireMod:TigerMarble":18,"Art of War":62,"HollowMod:KingsBrand":18,"HollowMod:VoidIdolRelic":32,"HollowMod:MillibellesNoteRelic":54}]},"card_choices":[{"not_picked":["HollowMod:ChannelNail","HollowMod:LuriensSpire"],"picked":"HollowMod:InfectedCysts","floor":1.0},{"not_picked":["HollowMod:NewLittleFool","HollowMod:SoulStrike"],"picked":"HollowMod:BlackTendrils","floor":2.0},{"not_picked":["HollowMod:LifebloodCocoon","HollowMod:GoodIntentions"],"picked":"HollowMod:InfectedAttack","floor":3.0},{"not_picked":["HollowMod:SoulVessel","HollowMod:InfectedAttack"],"picked":"HollowMod:CloakDash","floor":4.0},{"not_picked":["HollowMod:NewJinnsSoul","HollowMod:FastStrike"],"picked":"HollowMod:MantisMark","floor":7.0},{"not_picked":["HollowMod:HowlingWraiths","HollowMod:LifebloodCocoon"],"picked":"HollowMod:DashSlash","floor":11.0},{"not_picked":["HollowMod:VengefulSpirit","HollowMod:SoulMaster"],"picked":"HollowMod:CornifersMapStart","floor":14},{"not_picked":["HollowMod:LordofShades","HollowMod:SoulMaster"],"picked":"HollowMod:RadiancesLament","floor":16},{"not_picked":["HollowMod:HowlingWraiths","HollowMod:InfectedAttack+1","HollowMod:Grubsong"],"picked":"SKIP","floor":18},{"not_picked":["HollowMod:InfectedCysts","HollowMod:CornifersMapStart+1"],"picked":"HollowMod:MonomonsArchive","floor":20},{"not_picked":["HollowMod:PureNailStrike","HollowMod:LifebloodCocoon+1","HollowMod:AwokenDreamNail"],"picked":"SKIP","floor":23},{"not_picked":["HollowMod:GrimmsGift+1","HollowMod:VengefulSpirit"],"picked":"HollowMod:MothsMistake","floor":25},{"not_picked":["HollowMod:QuirrelsAssistance","HollowMod:SharpenedNail"],"picked":"HollowMod:CloakDash","floor":28},{"not_picked":["HollowMod:NewLittleFool+1","HollowMod:CoiledNail"],"picked":"HollowMod:MantisMark","floor":30},{"not_picked":["HollowMod:MonomonsArchive","HollowMod:WraithStrike"],"picked":"HollowMod:NewJinnsSoul","floor":31}],"player_experience":853111,"relics_obtained":[{"floor":7.0,"key":"HollowMod:KingsBrand"},{"floor":9.0,"key":"ReplayTheSpireMod:TigerMarble"},{"floor":15,"key":"Gambling Chip"},{"floor":23,"key":"Pondfish Scales"},{"floor":25,"key":"Replay:WaspNest"},{"floor":26,"key":"HollowMod:MillibellesNoteRelic"},{"floor":30,"key":"Art of War"}],"event_choices":[{"damage_healed":0.0,"max_hp_gain":0.0,"max_hp_loss":0.0,"gold_gain":0.0,"event_name":"Big Fish","player_choice":"Box","floor":13.0,"gold_loss":0.0,"damage_taken":0.0,"relics_obtained":["Darkstone Periapt"],"cards_obtained":["Regret"]},{"damage_healed":0,"gold_gain":0,"player_choice":"Shed Blood","damage_taken":20,"max_hp_gain":5,"max_hp_loss":0,"event_name":"Forgotten Altar","floor":27,"gold_loss":0}],"is_beta":false,"boss_relics":[{"not_picked":["Cursed Key","Runic Pyramid"],"picked":"HollowMod:VoidIdolRelic"}],"items_purged_floors":[12,19],"is_endless":false,"potions_floor_spawned":[2,3,11,16,28,30],"killed_by":"Automaton","ascension_level":4}}