{"host":"3n5xmnb54n2y5mb4","time":1613141800,"event":{"mods":["BaseMod","Colored Map","Colored Powertips","Downfall","Minty Spire (QoL Compilation)","Permanent Neow","StSLib","Unceasing Turn Reminder","everything is the same but u backflip on backflip"],"gold_per_floor":[116,66,83,83,83,116,0,0,0,34,46,46,46,59,59,59,59],"floor_reached":16,"language":"ENG","playtime":601,"items_purged":[],"score":167,"play_id":"5664fff4-c320-440a-bb11-1f25d5cdfcd7","local_time":"20210212095640","is_ascension_mode":true,"campfire_choices":[{"floor":8,"key":"REST"},{"floor":12,"key":"REST"},{"floor":13,"key":"REST"},{"data":"Cloak And Dagger","floor":15,"key":"SMITH"}],"circlet_count":0,"master_deck":["AscendersBane","Strike_G","Strike_G","Strike_G","Strike_G","Strike_G","Defend_G","Defend_G","Defend_G","Defend_G","Survivor","Neutralize+1","CurseOfTheBell","Outmaneuver","Outmaneuver","Deflect","Blade Dance","Infinite Blades","Cloak And Dagger+1"],"relics":["Calling Bell","MealTicket","Blue Candle","Unceasing Top","Toy Ornithopter","WingedGreaves","Turnip"],"acts_visited":["Exordium"],"potions_floor_usage":[6,10],"damage_taken":[{"damage":3,"enemies":"2 Louse","floor":1,"turns":4},{"damage":5,"enemies":"Cultist","floor":3,"turns":5},{"damage":42,"enemies":"3 Sentries","floor":6,"turns":15},{"damage":21,"enemies":"Gremlin Nob","floor":10,"turns":5},{"damage":11,"enemies":"Small Slimes","floor":11,"turns":5},{"damage":14,"enemies":"3 Louse","floor":14,"turns":5},{"damage":55,"enemies":"The Guardian","floor":16,"turns":10}],"seed_played":"2732925398390527893","potions_obtained":[{"floor":3,"key":"champ:CounterPotion"},{"floor":6,"key":"sneckomod:MuddlingPotion"},{"floor":10,"key":"bronze:BurnAndBuffPotion"}],"is_trial":false,"path_per_floor":["M","$","M","?","?","E","$","R","T","E","M","R","R","M","R","B"],"character_chosen":"THE_SILENT","items_purchased":["Outmaneuver","Infinite Blades","hexamod:SoulburnPotion"],"campfire_rested":3,"item_purchase_floors":[2,7,7],"current_hp_per_floor":[60,70,65,58,58,16,31,52,52,36,25,46,67,53,53,0,0],"gold":59,"neow_bonus":"BOSS_RELIC","is_daily":false,"chose_seed":false,"campfire_upgraded":1,"win_rate":0.0,"timestamp":1613141800,"path_taken":["M","$","M","?","?","E","$","R","T","E","?","R","R","M","R","BOSS"],"items_purchased_type":["Card","Card","Potion"],"build_version":"2020-12-22","purchased_purges":0,"victory":false,"max_hp_per_floor":[70,70,70,70,70,70,70,70,70,70,70,70,70,70,70,70,70],"card_choices":[{"not_picked":["Acrobatics","Dagger Spray"],"picked":"Outmaneuver","floor":1},{"not_picked":["Sucker Punch","Underhanded Strike"],"picked":"Deflect","floor":3},{"not_picked":["Crippling Poison","Bane"],"picked":"Blade Dance","floor":6},{"not_picked":["Poisoned Stab","Underhanded Strike","Dagger Spray"],"picked":"SKIP","floor":10},{"not_picked":["Dagger Throw","Outmaneuver","Underhanded Strike"],"picked":"SKIP","floor":11},{"not_picked":["Poisoned Stab","Sucker Punch"],"picked":"Cloak And Dagger","floor":14}],"player_experience":1056652,"relics_obtained":[{"floor":0,"key":"MealTicket"},{"floor":0,"key":"Blue Candle"},{"floor":0,"key":"Unceasing Top"},{"floor":6,"key":"Toy Ornithopter"},{"floor":9,"key":"WingedGreaves"},{"floor":10,"key":"Turnip"}],"event_choices":[{"cards_removed":["Defend_G"],"damage_healed":0,"gold_gain":0,"player_choice":"Card Removal","damage_taken":7,"max_hp_gain":0,"max_hp_loss":0,"event_name":"Golden Wing","floor":4,"gold_loss":0},{"damage_healed":0,"gold_gain":0,"player_choice":"Upgraded","damage_taken":0,"max_hp_gain":0,"max_hp_loss":0,"event_name":"Upgrade Shrine","floor":5,"gold_loss":0,"cards_upgraded":["Neutralize"]}],"is_beta":false,"boss_relics":[],"items_purged_floors":[],"is_endless":false,"potions_floor_spawned":[3,6,10,11],"killed_by":"The Guardian","ascension_level":11}}