{"host":"7qdnj56gqvs5vt6s","time":1613115991,"event":{"mods":["BaseMod","Colored Map","Hermit","Hubris","Minty Spire (QoL Compilation)","Replay The Spire","StSLib"],"gold_per_floor":[114,131,149,163,175,208,208,208,208,208,62,137,137,151,151,151,151],"floor_reached":16,"language":"ENG","playtime":1165,"items_purged":[],"score":102,"play_id":"799ddb57-af98-492c-ac8a-3e93ee1f3abb","local_time":"20210211234631","is_ascension_mode":false,"campfire_choices":[{"floor":7,"key":"REST"},{"data":"hermit:Quickdraw","floor":13,"key":"SMITH"},{"data":"hermit:Purgatory","floor":15,"key":"SMITH"}],"circlet_count":0,"master_deck":["hermit:Strike_Hermit","hermit:Strike_Hermit","hermit:Strike_Hermit","hermit:Strike_Hermit","hermit:Defend_Hermit","hermit:Defend_Hermit","hermit:Defend_Hermit","hermit:Defend_Hermit","hermit:Snapshot","hermit:Covet","hermit:Purgatory+1","hermit:GhostlyPresence","hermit:Quickdraw+1","hermit:Coalescence","hermit:Midnight","hermit:Dive","hermit:Vantage","Amnesia","hermit:Midnight"],"relics":["hermit:Momento","hermit:CharredGlove","Garlic","hubris:Icosahedron","Regal Pillow"],"acts_visited":["Exordium"],"potions_floor_usage":[14,16],"damage_taken":[{"damage":1,"enemies":"Cultist","floor":1,"turns":4},{"damage":13,"enemies":"Jaw Worm","floor":2,"turns":5},{"damage":2,"enemies":"2 Louse","floor":3,"turns":3},{"damage":4,"enemies":"Exordium Wildlife","floor":4,"turns":6},{"damage":12,"enemies":"Gremlin Gang","floor":5,"turns":6},{"damage":26,"enemies":"3 Sentries","floor":6,"turns":1},{"damage":4,"enemies":"Large Slime","floor":14,"turns":8},{"damage":56,"enemies":"Slime Boss","floor":16,"turns":9}],"seed_played":"5043434746873221059","potions_obtained":[{"floor":2,"key":"ColorlessPotion"},{"floor":5,"key":"AttackPotion"}],"is_trial":false,"path_per_floor":["M","M","M","M","M","E","R","?","T","?","$","?","R","M","R","B"],"character_chosen":"HERMIT","items_purchased":["Regal Pillow"],"campfire_rested":1,"item_purchase_floors":[11],"current_hp_per_floor":[67,54,52,48,36,10,30,68,68,68,68,57,57,53,53,0,0],"gold":151,"neow_bonus":"THREE_RARE_CARDS","is_daily":false,"chose_seed":false,"campfire_upgraded":2,"win_rate":0.0,"timestamp":1613115991,"path_taken":["M","?","M","?","M","E","R","?","T","?","$","?","R","M","R","BOSS"],"items_purchased_type":["Relic"],"build_version":"2020-12-22","purchased_purges":0,"victory":false,"max_hp_per_floor":[68,68,68,68,68,68,68,68,68,68,68,68,68,68,68,68,68],"card_choices":[{"not_picked":["hermit:Magnum","hermit:EternalForm"],"picked":"hermit:Purgatory","floor":0},{"not_picked":["hermit:CalledShot","hermit:SprayPray"],"picked":"hermit:GhostlyPresence","floor":1},{"not_picked":["hermit:Spite","hermit:WideOpen"],"picked":"hermit:Quickdraw","floor":2},{"not_picked":["hermit:Grudge","hermit:HighCaliber"],"picked":"hermit:Coalescence","floor":3},{"not_picked":["hermit:Feint","hermit:FullyLoaded"],"picked":"hermit:Midnight","floor":4},{"not_picked":["hermit:BodyArmor","hermit:Brawl"],"picked":"hermit:Dive","floor":5},{"not_picked":["hermit:Headshot","hermit:ItchyTrigger"],"picked":"hermit:Vantage","floor":6},{"not_picked":["hermit:CalledShot","hermit:WideOpen"],"picked":"hermit:Midnight","floor":14}],"player_experience":57544,"relics_obtained":[{"floor":6,"key":"hermit:CharredGlove"},{"floor":9,"key":"Garlic"}],"event_choices":[{"damage_healed":0,"gold_gain":75,"player_choice":"Gather Gold","damage_taken":11,"max_hp_gain":0,"max_hp_loss":0,"event_name":"World of Goop","floor":12,"gold_loss":0}],"is_beta":false,"boss_relics":[],"items_purged_floors":[],"is_endless":false,"potions_floor_spawned":[2,5],"killed_by":"Slime Boss","ascension_level":0}}