{"host":"qc8p2flj7wsy3zpg","time":1613157066,"event":{"mods":["BaseMod","Highlight Path","Minty Spire (QoL Compilation)","Relic Stats","StSLib"],"gold_per_floor":[119,44,15,15,31,65,80,107,134,171,200,241,260,270,270,353,353,381,84,111,143,152,186,186,220,220,258,285,323,341,354,354,438,438,453,198,148,158,177,215,215,234,283,336,370,370,370,390,390,390,390,390,390,49,92,92,92],"floor_reached":56,"language":"ENG","playtime":3147,"items_purged":["Strike_R","Strike_R","Strike_R"],"score":2109,"play_id":"e91de66d-64ec-4b9a-b183-541d9ee868aa","local_time":"20210212131106","is_ascension_mode":true,"campfire_choices":[{"data":"Uppercut","floor":15,"key":"SMITH"},{"data":"Disarm","floor":24,"key":"SMITH"},{"data":"Armaments","floor":32,"key":"SMITH"},{"data":"Feel No Pain","floor":41,"key":"SMITH"},{"floor":47,"key":"RECALL"},{"data":"Whirlwind","floor":49,"key":"SMITH"},{"data":"Corruption","floor":53,"key":"SMITH"}],"circlet_count":0,"master_deck":["AscendersBane","Strike_R+1","Defend_R","Defend_R+1","Defend_R","Defend_R","Bash","Whirlwind+1","Pommel Strike","Wild Strike","Feel No Pain","Uppercut+1","Perfected Strike","Armaments+1","Reaper","Offering","Pummel","Corruption+1","Shrug It Off","Feel No Pain+1","Offering","Disarm+1","Pummel","Heavy Blade","Entrench+1","True Grit","Burning Pact","Impervious","Dark Embrace","Disarm","Spot Weakness+1","Exhume","Rupture"],"relics":["Burning Blood","Ancient Tea Set","Red Skull","CeramicFish","Centennial Puzzle","Bottled Flame","Coffee Dripper","Red Mask","Boot","Akabeko","Bottled Tornado","Magic Flower","Omamori","Cursed Key","Membership Card","Mummified Hand","Pocketwatch","Blood Vial","Kunai","HornCleat","Nunchaku"],"acts_visited":["Exordium","TheCity","TheBeyond","TheEnding"],"potions_floor_usage":[8,12,16,16,21,25,33,40,51,56],"damage_taken":[{"damage":1.0,"enemies":"Small Slimes","floor":1.0,"turns":4.0},{"damage":0.0,"enemies":"2 Louse","floor":5.0,"turns":2.0},{"damage":40.0,"enemies":"Lagavulin","floor":6.0,"turns":4.0},{"damage":12,"enemies":"Jaw Worm","floor":7,"turns":2},{"damage":32,"enemies":"3 Sentries","floor":8,"turns":9},{"damage":8,"enemies":"Gremlin Nob","floor":10,"turns":3},{"damage":0,"enemies":"2 Fungi Beasts","floor":11,"turns":2},{"damage":27,"enemies":"Lagavulin","floor":12,"turns":7},{"damage":14,"enemies":"Red Slaver","floor":13,"turns":2},{"damage":7,"enemies":"Looter","floor":14,"turns":3},{"damage":33,"enemies":"The Guardian","floor":16,"turns":8},{"damage":1,"enemies":"3 Byrds","floor":18,"turns":5},{"damage":21,"enemies":"Shell Parasite","floor":20,"turns":5},{"damage":6,"enemies":"Masked Bandits","floor":21,"turns":2},{"damage":50,"enemies":"Gremlin Leader","floor":23,"turns":7},{"damage":0,"enemies":"Slavers","floor":25,"turns":1},{"damage":22,"enemies":"Book of Stabbing","floor":27,"turns":5},{"damage":6,"enemies":"Cultist and Chosen","floor":28,"turns":3},{"damage":5,"enemies":"Slavers","floor":29,"turns":2},{"damage":12,"enemies":"Chosen and Byrds","floor":30,"turns":6},{"damage":6,"enemies":"Snecko","floor":31,"turns":3},{"damage":47,"enemies":"Champ","floor":33,"turns":11},{"damage":11,"enemies":"Orb Walker","floor":35,"turns":3},{"damage":0,"enemies":"3 Darklings","floor":38,"turns":1},{"damage":24,"enemies":"4 Shapes","floor":39,"turns":5},{"damage":44,"enemies":"Reptomancer","floor":40,"turns":8},{"damage":0,"enemies":"Sphere and 2 Shapes","floor":42,"turns":1},{"damage":30,"enemies":"2 Orb Walkers","floor":44,"turns":2},{"damage":27,"enemies":"Giant Head","floor":45,"turns":9},{"damage":22,"enemies":"Spire Growth","floor":48,"turns":5},{"damage":50,"enemies":"Awakened One","floor":50,"turns":36},{"damage":54,"enemies":"Time Eater","floor":51,"turns":13},{"damage":15,"enemies":"Shield and Spear","floor":55,"turns":4},{"damage":107,"enemies":"The Heart","floor":56,"turns":9}],"seed_played":"5184463444993995624","potions_obtained":[{"floor":5.0,"key":"FearPotion"},{"floor":6.0,"key":"Regen Potion"},{"floor":8,"key":"Dexterity Potion"},{"floor":10,"key":"Regen Potion"},{"floor":12,"key":"SmokeBomb"},{"floor":14,"key":"LiquidBronze"},{"floor":18,"key":"Swift Potion"},{"floor":21,"key":"SteroidPotion"},{"floor":25,"key":"Fire Potion"},{"floor":30,"key":"Ancient Potion"},{"floor":31,"key":"LiquidMemories"},{"floor":35,"key":"Strength Potion"},{"floor":44,"key":"AttackPotion"},{"floor":45,"key":"DistilledChaos"}],"is_trial":false,"path_per_floor":["M","?","$","?","M","E","M","E","T","E","M","E","M","M","R","B",null,"M","$","M","?","?","E","R","E","T","E","M","E","M","M","R","B",null,"M","$","?","M","M","E","R","M","T","?","E","?","R","M","R","B","B",null,"R","$","E","B"],"character_chosen":"IRONCLAD","items_purchased":["Pommel Strike","Feel No Pain","Offering","Membership Card","Dark Embrace","Disarm","Kunai","HornCleat"],"campfire_rested":0,"item_purchase_floors":[3,19,19,36,36,36,54,54],"current_hp_per_floor":[80,80,80,85,87,53,47,36,36,34,40,31,30,29,29,9,68,83,83,72,72,72,44,44,50,50,44,47,51,56,59,59,32,73,82,82,82,87,72,60,60,69,69,72,87,83,83,70,70,83,80,82,82,82,83,0,0],"gold":92,"neow_bonus":"TEN_PERCENT_HP_BONUS","is_daily":false,"chose_seed":false,"campfire_upgraded":6,"win_rate":0.0,"timestamp":1613157066,"path_taken":["M","?","$","?","M","E","M","E","T","E","M","E","M","M","R","BOSS","M","$","M","?","?","E","R","E","T","E","M","E","?","M","R","BOSS","M","$","?","?","M","E","R","M","T","?","E","?","R","M","R","BOSS","BOSS","R","$","E","BOSS"],"items_purchased_type":["Card","Card","Card","Relic","Card","Card","Relic","Relic"],"build_version":"2020-12-22","purchased_purges":3,"victory":false,"max_hp_per_floor":[82,82,82,87,87,87,87,87,87,87,87,87,87,87,87,87,87,87,87,87,87,87,87,87,87,87,87,87,87,87,87,87,87,87,87,87,87,87,87,87,87,87,87,87,87,83,83,83,83,83,83,83,83,83,83,83,83],"relic_stats":{"counters":[34,192],"CeramicFish":180,"Magic Flower":[100],"Boot":[134],"Cursed Key":1,"Burning Blood":211,"Blood Vial":4,"Centennial Puzzle":[72],"Nunchaku":[2],"Mummified Hand":[31],"Kunai":[5],"obtain_stats":[{"CeramicFish":9,"Magic Flower":27,"Omamori":29,"Bottled Tornado":26,"Ancient Tea Set":6,"Boot":23,"Cursed Key":34,"Burning Blood":0,"Akabeko":25,"Blood Vial":45,"Centennial Puzzle":10,"Bottled Flame":12,"Nunchaku":55,"HornCleat":54,"Mummified Hand":40,"Coffee Dripper":17,"Red Mask":21,"Membership Card":36,"Kunai":54,"Red Skull":8,"Pocketwatch":44},{"CeramicFish":5,"Magic Flower":17,"Omamori":19,"Bottled Tornado":16,"Ancient Tea Set":3,"Boot":15,"Cursed Key":22,"Burning Blood":0,"Akabeko":16,"Blood Vial":29,"Centennial Puzzle":6,"Bottled Flame":8,"Nunchaku":33,"HornCleat":32,"Mummified Hand":26,"Coffee Dripper":11,"Red Mask":14,"Membership Card":23,"Kunai":32,"Red Skull":5,"Pocketwatch":28},{"CeramicFish":21,"Magic Flower":71,"Omamori":76,"Bottled Tornado":66,"Ancient Tea Set":10,"Boot":65,"Cursed Key":96,"Burning Blood":0,"Akabeko":66,"Blood Vial":125,"Centennial Puzzle":24,"Bottled Flame":33,"Nunchaku":183,"HornCleat":179,"Mummified Hand":113,"Coffee Dripper":46,"Red Mask":58,"Membership Card":99,"Kunai":179,"Red Skull":21,"Pocketwatch":116}],"Pocketwatch":[98]},"card_choices":[{"not_picked":["Iron Wave","Wild Strike"],"picked":"Whirlwind","floor":1.0},{"not_picked":["Cleave","Clash"],"picked":"Wild Strike","floor":5.0},{"not_picked":["Searing Blow","Entrench"],"picked":"Feel No Pain","floor":6.0},{"not_picked":["Shrug It Off","Iron Wave"],"picked":"Uppercut","floor":7},{"not_picked":["Dual Wield","Sword Boomerang"],"picked":"Perfected Strike","floor":8},{"not_picked":["Flex","Cleave"],"picked":"Armaments","floor":10},{"not_picked":["Infernal Blade","Reckless Charge"],"picked":"Reaper","floor":11},{"not_picked":["Headbutt","Uppercut"],"picked":"Offering","floor":12},{"not_picked":["Combust","Havoc"],"picked":"Pummel","floor":13},{"not_picked":["Feed","Bludgeon"],"picked":"Corruption","floor":16},{"not_picked":["Headbutt","Warcry"],"picked":"Shrug It Off","floor":18},{"not_picked":["Body Slam","Power Through"],"picked":"Disarm","floor":20},{"not_picked":["Headbutt+1","Body Slam"],"picked":"Heavy Blade","floor":23},{"not_picked":["Pummel","Brutality"],"picked":"Entrench+1","floor":27},{"not_picked":["Headbutt","Clothesline"],"picked":"True Grit","floor":28},{"not_picked":["Evolve","Entrench+1"],"picked":"Burning Pact","floor":29},{"not_picked":["Immolate","Brutality"],"picked":"Impervious","floor":33},{"not_picked":["Ghostly Armor","Whirlwind"],"picked":"Spot Weakness+1","floor":40},{"not_picked":["Entrench+1","Fire Breathing+1"],"picked":"Exhume","floor":45},{"not_picked":["Inflame+1","Immolate"],"picked":"Rupture","floor":55}],"player_experience":2368915,"relics_obtained":[{"floor":6.0,"key":"Ancient Tea Set"},{"floor":8,"key":"Red Skull"},{"floor":9,"key":"CeramicFish"},{"floor":10,"key":"Centennial Puzzle"},{"floor":12,"key":"Bottled Flame"},{"floor":21,"key":"Red Mask"},{"floor":23,"key":"Boot"},{"floor":25,"key":"Akabeko"},{"floor":26,"key":"Bottled Tornado"},{"floor":27,"key":"Magic Flower"},{"floor":29,"key":"Omamori"},{"floor":40,"key":"Mummified Hand"},{"floor":44,"key":"Pocketwatch"},{"floor":45,"key":"Blood Vial"},{"floor":55,"key":"Nunchaku"}],"event_choices":[{"cards_removed":["Strike_R"],"damage_healed":0.0,"max_hp_gain":0.0,"max_hp_loss":0.0,"gold_gain":0.0,"event_name":"The Cleric","player_choice":"Card Removal","floor":2.0,"gold_loss":75.0,"damage_taken":0.0},{"damage_healed":0.0,"max_hp_gain":5.0,"max_hp_loss":0.0,"gold_gain":0.0,"event_name":"Big Fish","player_choice":"Donut","floor":4.0,"gold_loss":0.0,"damage_taken":0.0},{"damage_healed":0,"gold_gain":0,"player_choice":"Fought Bandits","damage_taken":0,"max_hp_gain":0,"max_hp_loss":0,"event_name":"Masked Bandits","floor":21,"gold_loss":0},{"damage_healed":0,"gold_gain":0,"player_choice":"1 cards matched","damage_taken":0,"max_hp_gain":0,"max_hp_loss":0,"event_name":"Match and Keep!","floor":22,"gold_loss":0,"cards_obtained":["Pummel"]},{"damage_healed":0,"gold_gain":0,"player_choice":"Upgraded Two","damage_taken":0,"max_hp_gain":0,"max_hp_loss":0,"event_name":"Designer","floor":37,"gold_loss":50,"cards_upgraded":["Defend_R","Strike_R"]},{"damage_healed":0,"gold_gain":0,"player_choice":"Fight","damage_taken":0,"max_hp_gain":0,"max_hp_loss":0,"event_name":"Mysterious Sphere","floor":44,"gold_loss":0},{"damage_healed":0,"gold_gain":0,"player_choice":"Max HP","damage_taken":0,"max_hp_gain":0,"max_hp_loss":4,"event_name":"Winding Halls","floor":46,"gold_loss":0}],"is_beta":false,"boss_relics":[{"not_picked":["Mark of Pain","Calling Bell"],"picked":"Coffee Dripper"},{"not_picked":["Runic Dome","SacredBark"],"picked":"Cursed Key"}],"items_purged_floors":[19,36,54],"is_endless":false,"potions_floor_spawned":[5,6,8,10,12,14,18,21,25,30,31,35,44,45],"killed_by":"The Heart","ascension_level":20}}