{"host":"52m1o8iwwagurbjs","time":1613097686,"event":{"mods":["AchievementEnabler","BaseMod","Bestiary","Challenge The Spire","Colored Powertips","GifTheSpireLib","Minty Spire (QoL Compilation)","Quick Restart","Relic Stats","StSLib"],"gold_per_floor":[117,131,143,160,160,160,190,207,234,234,265,284,7,37,37,138,138,156,156,156,145,145,145],"floor_reached":22,"language":"ENG","playtime":1495,"items_purged":["Strike_G"],"score":216,"play_id":"e99f4e10-7ee5-4787-84ab-d1d57c8fd8a1","local_time":"20210211214126","is_ascension_mode":true,"campfire_choices":[{"data":"Eviscerate","floor":6.0,"key":"SMITH"},{"data":"After Image","floor":10.0,"key":"SMITH"},{"floor":15.0,"key":"REST"}],"circlet_count":0,"master_deck":["Strike_G","Defend_G","Defend_G","Defend_G","Defend_G","Defend_G","Survivor","Neutralize","CurseOfTheBell","Quick Slash","PiercingWail","Leg Sweep","Eviscerate+1","After Image+1","Underhanded Strike","Escape Plan","Adrenaline","Endless Agony","Die Die Die","Well Laid Plans","Envenom","Normality"],"relics":["Calling Bell","Akabeko","Singing Bowl","Lizard Tail","Meat on the Bone","Potion Belt","Smiling Mask","Sling","Vajra","Cursed Key"],"acts_visited":["Exordium","TheCity"],"potions_floor_usage":[16,21],"damage_taken":[{"damage":5.0,"enemies":"Small Slimes","floor":1.0,"turns":4.0},{"damage":0.0,"enemies":"Jaw Worm","floor":2.0,"turns":5.0},{"damage":0.0,"enemies":"Cultist","floor":3.0,"turns":4.0},{"damage":1.0,"enemies":"2 Fungi Beasts","floor":4.0,"turns":3.0},{"damage":20.0,"enemies":"Lagavulin","floor":7.0,"turns":10.0},{"damage":6.0,"enemies":"3 Louse","floor":8.0,"turns":4.0},{"damage":19.0,"enemies":"Gremlin Nob","floor":11.0,"turns":5.0},{"damage":0.0,"enemies":"Blue Slaver","floor":12.0,"turns":2.0},{"damage":12.0,"enemies":"3 Sentries","floor":14.0,"turns":7.0},{"damage":38,"enemies":"Slime Boss","floor":16,"turns":13},{"damage":0,"enemies":"Shell Parasite","floor":18,"turns":4},{"damage":4,"enemies":"2 Thieves","floor":21,"turns":4},{"damage":0,"enemies":"3 Cultists","floor":22,"turns":1}],"seed_played":"-4176002985511058983","potions_obtained":[{"floor":1.0,"key":"Fire Potion"},{"floor":4.0,"key":"SpeedPotion"},{"floor":14.0,"key":"Poison Potion"},{"floor":16,"key":"SteroidPotion"},{"floor":18,"key":"Dexterity Potion"}],"is_trial":false,"path_per_floor":["M","M","M","M","?","R","E","M","T","R","E","M","$","E","R","B",null,"M","?","T","M","M"],"character_chosen":"THE_SILENT","items_purchased":["Adrenaline","Sling"],"campfire_rested":1,"item_purchase_floors":[13,13],"current_hp_per_floor":[65,65,65,64,57,57,37,43,43,43,38,38,38,38,59,33,72,74,74,74,72,72,72],"gold":145,"neow_bonus":"BOSS_RELIC","is_daily":false,"chose_seed":false,"campfire_upgraded":2,"win_rate":0.0,"timestamp":1613097686,"path_taken":["M","M","M","M","?","R","E","M","T","R","E","M","$","E","R","BOSS","M","?","?","M","M"],"items_purchased_type":["Card","Relic"],"build_version":"2020-12-22","purchased_purges":1,"victory":false,"max_hp_per_floor":[70,70,70,70,70,70,70,70,70,70,72,72,72,72,72,72,72,74,74,74,76,76,76],"relic_stats":{"Lizard Tail":0,"Singing Bowl":6,"counters":[13,66],"Smiling Mask":25,"Cursed Key":1,"obtain_stats":[{"Calling Bell":0,"Potion Belt":9,"Lizard Tail":0,"Singing Bowl":0,"Vajra":14,"Smiling Mask":11,"Sling":13,"Cursed Key":17,"Akabeko":0,"Ring of the Snake":0,"Meat on the Bone":7},{"Calling Bell":0,"Potion Belt":6,"Lizard Tail":0,"Singing Bowl":0,"Vajra":9,"Smiling Mask":7,"Sling":8,"Cursed Key":10,"Akabeko":0,"Ring of the Snake":0,"Meat on the Bone":5},{"Calling Bell":0,"Potion Belt":30,"Lizard Tail":0,"Singing Bowl":0,"Vajra":44,"Smiling Mask":35,"Sling":37,"Cursed Key":57,"Akabeko":0,"Ring of the Snake":0,"Meat on the Bone":26}],"Meat on the Bone":48},"card_choices":[{"not_picked":["Dodge and Roll","Underhanded Strike"],"picked":"Quick Slash","floor":1.0},{"not_picked":["Tactician","Heel Hook"],"picked":"PiercingWail","floor":2.0},{"not_picked":["Bane","Quick Slash"],"picked":"Leg Sweep","floor":3.0},{"not_picked":["Prepared","Masterful Stab"],"picked":"Eviscerate","floor":4.0},{"not_picked":["Quick Slash","Escape Plan"],"picked":"After Image","floor":7.0},{"not_picked":["Bouncing Flask","Sucker Punch"],"picked":"Underhanded Strike","floor":8.0},{"not_picked":["Deflect","Finisher","Deadly Poison"],"picked":"Singing Bowl","floor":11.0},{"not_picked":["Poisoned Stab","Underhanded Strike"],"picked":"Escape Plan","floor":12.0},{"not_picked":["Well Laid Plans","Infinite Blades"],"picked":"Endless Agony","floor":14.0},{"not_picked":["Phantasmal Killer","After Image"],"picked":"Die Die Die","floor":16},{"not_picked":["Well Laid Plans","Underhanded Strike","Eviscerate"],"picked":"Singing Bowl","floor":18},{"not_picked":["Flechettes","Quick Slash","PiercingWail+1"],"picked":"Singing Bowl","floor":21}],"player_experience":1344110,"relics_obtained":[{"floor":0.0,"key":"Akabeko"},{"floor":0.0,"key":"Singing Bowl"},{"floor":0.0,"key":"Lizard Tail"},{"floor":7.0,"key":"Meat on the Bone"},{"floor":9.0,"key":"Potion Belt"},{"floor":11.0,"key":"Smiling Mask"},{"floor":14.0,"key":"Vajra"}],"event_choices":[{"cards_removed":["Strike_G"],"damage_healed":0.0,"max_hp_gain":0.0,"max_hp_loss":0.0,"gold_gain":0.0,"event_name":"Golden Wing","player_choice":"Card Removal","floor":5.0,"gold_loss":0.0,"damage_taken":7.0},{"damage_healed":0,"gold_gain":0,"cards_transformed":["Strike_G","Strike_G"],"player_choice":"Became Test Subject","damage_taken":0,"max_hp_gain":0,"max_hp_loss":0,"event_name":"Drug Dealer","floor":19,"gold_loss":0,"cards_obtained":["Well Laid Plans","Envenom"]}],"is_beta":false,"boss_relics":[{"not_picked":["Fusion Hammer","HoveringKite"],"picked":"Cursed Key"}],"items_purged_floors":[13],"is_endless":false,"potions_floor_spawned":[1,4,14,16,18],"killed_by":"3 Cultists","ascension_level":1}}