{"host":"ocll6kdfqxraqtza","time":1613134549,"event":{"mods":["2.2 Compatiblity","Act Like it!","Arknights","Aspiration","BaseMod","Better Third Choice","Gensokyo","Hallownest","Hermit","Hubris","Jorbs\u0027s Wanderer Trilogy","Luminous","Marisa（霧雨　魔理沙）","Minty Spire (QoL Compilation)","Reimu（博??梦）","Reliquary","Replay The Spire","Shade Mod","StSLib","The Alterego","The Bug Knight","The Cursed","The Hierophant","The Marked","The Runesmith","TheBandit","Wandering Minibosses"],"gold_per_floor":[119,84,94,106,122,122,122,122],"floor_reached":7,"language":"ENG","playtime":302,"items_purged":[],"score":45,"play_id":"90b21293-aaf8-4bf5-8e8b-bc498630bf33","local_time":"20210212205549","is_ascension_mode":true,"campfire_choices":[{"data":"Apotheosis","floor":6,"key":"SMITH"}],"circlet_count":0,"master_deck":["ats:Strike C","ats:Strike G","ats:Strike S","ats:Strike V","ats:Armor Crushing Shot","ats:Defend","ats:Defend","ats:Defend","ats:Defend","ats:Emotion Absorption","theMarked:Defend","Luminous:Defend_Luminous","Apotheosis+1","ats:Poison Spread","ats:Shell Defense","ats:Disruption Kick","ats:Poison Spread"],"relics":["ats:Sanity"],"acts_visited":["Hallownest:Greenpath"],"potions_floor_usage":[],"damage_taken":[{"damage":11,"enemies":"Hallownest:2_MossCreeps","floor":1,"turns":6},{"damage":0,"enemies":"Hallownest:monsterHuskGuard","floor":3,"turns":3},{"damage":0,"enemies":"Hallownest:2_Baldur","floor":4,"turns":5},{"damage":58,"enemies":"Hallownest:2_Tiktiks_1_Baldur_1_Crawlid","floor":5,"turns":7},{"damage":12,"enemies":"Hallownest:eliteCrystalGuardian","floor":7,"turns":6}],"seed_played":"6783936913053970285","potions_obtained":[{"floor":1,"key":"Block Potion"},{"floor":4,"key":"EssenceOfSteel"},{"floor":5,"key":"Block Potion"}],"is_trial":false,"path_per_floor":["M","?","M","M","M","R","E"],"character_chosen":"DOCTOR_CLASS","items_purchased":[],"campfire_rested":0,"item_purchase_floors":[],"current_hp_per_floor":[61,66,66,66,8,8,0,0],"gold":122,"neow_bonus":"RANDOM_COLORLESS_2","is_daily":false,"chose_seed":false,"campfire_upgraded":1,"win_rate":0.0,"timestamp":1613134549,"path_taken":["M","?","M","M","M","R","E"],"items_purchased_type":[],"build_version":"2020-12-22","purchased_purges":0,"victory":false,"max_hp_per_floor":[72,77,77,77,77,77,77,77],"card_choices":[{"not_picked":["hubris:EnhanceAbility","ReplayUltimateDefense"],"picked":"Apotheosis","floor":0},{"not_picked":["ats:Explosion Area Strengthen","ats:Encircling Forest"],"picked":"ats:Poison Spread","floor":1},{"not_picked":["ats:Leaping Hammer","ats:Directed Diagnosis"],"picked":"ats:Shell Defense","floor":3},{"not_picked":["ats:Defend Order","ats:LN2 Cannon"],"picked":"ats:Disruption Kick","floor":4},{"not_picked":["ats:LN2 Cannon","ats:Consecutive Shot Auto"],"picked":"ats:Poison Spread","floor":5}],"player_experience":531623,"relics_obtained":[],"event_choices":[],"is_beta":false,"boss_relics":[],"items_purged_floors":[],"is_endless":false,"potions_floor_spawned":[1,4,5],"killed_by":"Hallownest:eliteCrystalGuardian","ascension_level":1}}