{"host":"0v07cr0k93jhgkpm","time":1613119953,"event":{"mods":["BaseMod","Colored Map","DeckTracker","Minty Spire (QoL Compilation)","Quick Restart","SuperFastMode"],"gold_per_floor":[118,98,23,23,41,68,84,98,146,161,176,176,176],"floor_reached":12,"language":"KOR","playtime":316,"items_purged":["Defend_R"],"score":214,"play_id":"b17c088e-3b93-4bc0-8594-fa17439cfe39","local_time":"20210212175233","is_ascension_mode":true,"campfire_choices":[],"circlet_count":0,"master_deck":["AscendersBane","Strike_R","Strike_R","Strike_R","Strike_R","Strike_R","Defend_R","Defend_R","Defend_R","Bash","Pommel Strike+1","Bloodletting","Seeing Red","Fire Breathing","Spot Weakness","Rage","Heavy Blade"],"relics":["Burning Blood","NeowsBlessing","Matryoshka","Bag of Marbles","Oddly Smooth Stone"],"acts_visited":["Exordium"],"potions_floor_usage":[8],"damage_taken":[{"damage":0,"enemies":"Jaw Worm","floor":1,"turns":1},{"damage":0,"enemies":"Cultist","floor":5,"turns":1},{"damage":0,"enemies":"Gremlin Nob","floor":6,"turns":1},{"damage":7,"enemies":"2 Louse","floor":7,"turns":2},{"damage":36,"enemies":"Exordium Thugs","floor":8,"turns":5},{"damage":37,"enemies":"Exordium Wildlife","floor":10,"turns":5},{"damage":10,"enemies":"Looter","floor":11,"turns":3},{"damage":22,"enemies":"3 Sentries","floor":12,"turns":3}],"seed_played":"4024405711954630221","potions_obtained":[{"floor":2,"key":"Regen Potion"},{"floor":5,"key":"ElixirPotion"},{"floor":10,"key":"Strength Potion"}],"is_trial":false,"path_per_floor":["M","?","$","?","M","E","M","M","T","M","M","E"],"character_chosen":"IRONCLAD","items_purchased":[],"campfire_rested":0,"item_purchase_floors":[],"current_hp_per_floor":[74,74,74,74,75,75,74,56,56,25,21,0,0],"gold":176,"neow_bonus":"THREE_ENEMY_KILL","is_daily":false,"chose_seed":false,"campfire_upgraded":0,"win_rate":0.0,"timestamp":1613119953,"path_taken":["M","?","?","?","M","E","M","?","T","M","M","E"],"items_purchased_type":[],"build_version":"2020-12-22","purchased_purges":1,"victory":false,"max_hp_per_floor":[75,75,75,75,75,75,75,75,75,75,75,75,75],"card_choices":[{"not_picked":["Clash","Warcry"],"picked":"Pommel Strike","floor":1},{"not_picked":["Body Slam","Warcry"],"picked":"Bloodletting","floor":5},{"not_picked":["Dark Embrace","True Grit"],"picked":"Seeing Red","floor":6},{"not_picked":["Cleave","Wild Strike"],"picked":"Fire Breathing","floor":7},{"not_picked":["Armaments","Cleave"],"picked":"Spot Weakness","floor":8},{"not_picked":["Armaments","Twin Strike"],"picked":"Rage","floor":10},{"not_picked":["Twin Strike","Whirlwind"],"picked":"Heavy Blade","floor":11}],"player_experience":2511712,"relics_obtained":[{"floor":6,"key":"Matryoshka"},{"floor":9,"key":"Bag of Marbles"},{"floor":9,"key":"Oddly Smooth Stone"}],"event_choices":[{"damage_healed":0,"gold_gain":0,"player_choice":"Bought 1 Potion","damage_taken":0,"max_hp_gain":0,"max_hp_loss":0,"event_name":"The Woman in Blue","floor":2,"gold_loss":0},{"damage_healed":0,"gold_gain":0,"player_choice":"Upgraded","damage_taken":0,"max_hp_gain":0,"max_hp_loss":0,"event_name":"Upgrade Shrine","floor":4,"gold_loss":0,"cards_upgraded":["Pommel Strike"]}],"is_beta":false,"boss_relics":[],"items_purged_floors":[3],"is_endless":false,"potions_floor_spawned":[5,6,10],"killed_by":"3 Sentries","ascension_level":20}}