{"host":"8rqsnaeml9gxb0kp","time":1613123910,"event":{"mods":["AchievementEnabler","BaseMod","Dark Map","Minty Spire (QoL Compilation)","Relic Stats","StSLib","slay the spire mod where everything is the same but ironclad has a cowboy hat"],"gold_per_floor":[113,113,88,101,112,147,147,147,147,147,173,17,44,63,63,158,158,171,261,11,30,46,46,62,97,97,97,115,40,59,91,91,186,186,206,221,221,221,221,246,246,265,333,353,371,48,78,0,0,0],"floor_reached":51,"language":"ENG","playtime":3444,"items_purged":["Distraction","Night Terror"],"score":992,"play_id":"c7319110-b99d-466a-805e-b9d6da4c8bf5","local_time":"20210212015830","is_ascension_mode":true,"campfire_choices":[{"data":"Neutralize","floor":7,"key":"SMITH"},{"data":"Blade Dance","floor":10,"key":"SMITH"},{"floor":15,"key":"REST"},{"data":"A Thousand Cuts","floor":23,"key":"SMITH"},{"data":"Choke","floor":27,"key":"SMITH"},{"floor":32,"key":"REST"},{"data":"Dodge and Roll","floor":41,"key":"SMITH"},{"data":"Footwork","floor":49,"key":"SMITH"}],"circlet_count":0,"master_deck":["Survivor","Neutralize+1","Flying Knee","Blade Dance+1","Cloak And Dagger","Dodge and Roll+1","Unload+1","Leg Sweep","Dagger Throw","Finisher","A Thousand Cuts+1","After Image","Acrobatics","Escape Plan","Finisher","A Thousand Cuts","Choke+1","Phantasmal Killer","Deflect+1","Outmaneuver+1","Blade Dance","All Out Attack","Blade Dance","Calculated Gamble","Footwork+1","Burst+1","Blade Dance+1","Accuracy+1","Backflip+1","Blade Dance+1","Cloak And Dagger+1","Cloak And Dagger+1","PiercingWail+1","Dodge and Roll+1","Leg Sweep+1","Storm of Steel+1","Dodge and Roll+1","Footwork","Dodge and Roll+1"],"relics":["Black Star","Pear","MealTicket","Mummified Hand","Potion Belt","Boot","Vajra","InkBottle","Omamori","Pandora\u0027s Box","Bottled Tornado","Prayer Wheel","Matryoshka","Anchor","Tough Bandages","Toxic Egg 2","Du-Vu Doll","Cursed Key","StoneCalendar","Kunai","Shuriken","HornCleat","Toy Ornithopter","Dream Catcher","Darkstone Periapt","Red Mask"],"acts_visited":["TheCity","TheBeyond"],"potions_floor_usage":[11,14,16,33,45,47],"damage_taken":[{"damage":0,"enemies":"2 Louse","floor":1,"turns":3},{"damage":0,"enemies":"Cultist","floor":4,"turns":3},{"damage":4,"enemies":"Jaw Worm","floor":5,"turns":2},{"damage":18,"enemies":"3 Sentries","floor":6,"turns":9},{"damage":20,"enemies":"Gremlin Nob","floor":11,"turns":5},{"damage":10,"enemies":"3 Sentries","floor":13,"turns":7},{"damage":16,"enemies":"Exordium Wildlife","floor":14,"turns":4},{"damage":35,"enemies":"Slime Boss","floor":16,"turns":13},{"damage":8,"enemies":"Chosen","floor":18,"turns":3},{"damage":7,"enemies":"3 Byrds","floor":21,"turns":4},{"damage":0,"enemies":"Sentry and Sphere","floor":22,"turns":3},{"damage":3,"enemies":"Cultist and Chosen","floor":24,"turns":3},{"damage":17,"enemies":"Slavers","floor":25,"turns":3},{"damage":7,"enemies":"Chosen and Byrds","floor":28,"turns":4},{"damage":3,"enemies":"3 Cultists","floor":30,"turns":3},{"damage":11,"enemies":"Gremlin Leader","floor":31,"turns":3},{"damage":28,"enemies":"Automaton","floor":33,"turns":6},{"damage":0,"enemies":"3 Shapes","floor":35,"turns":3},{"damage":0,"enemies":"3 Darklings","floor":36,"turns":2},{"damage":0,"enemies":"Giant Head","floor":40,"turns":5},{"damage":0,"enemies":"Sphere and 2 Shapes","floor":42,"turns":2},{"damage":18,"enemies":"Spire Growth","floor":44,"turns":3},{"damage":16,"enemies":"4 Shapes","floor":45,"turns":3},{"damage":0,"enemies":"Reptomancer","floor":47,"turns":3},{"damage":9,"enemies":"Awakened One","floor":50,"turns":9}],"seed_played":"-399818180247491553","potions_obtained":[{"floor":5,"key":"LiquidBronze"},{"floor":6,"key":"Block Potion"},{"floor":14,"key":"SkillPotion"},{"floor":16,"key":"Strength Potion"},{"floor":22,"key":"Energy Potion"},{"floor":30,"key":"Energy Potion"},{"floor":31,"key":"Regen Potion"},{"floor":33,"key":"DistilledChaos"},{"floor":42,"key":"FairyPotion"},{"floor":44,"key":"LiquidMemories"},{"floor":45,"key":"FairyPotion"}],"is_trial":false,"path_per_floor":["M","?","$","M","M","E","R","?","T","R","E","$","E","M","R","B",null,"M","?","$","M","M","R","M","E","T","R","M","$","M","E","R","B",null,"M","M","$","?","?","E","R","M","T","M","M","$","E","?","R","B",null],"character_chosen":"THE_SILENT","items_purchased":["Blade Dance","Vajra","Bottled Tornado","Footwork","Toy Ornithopter"],"campfire_rested":2,"item_purchase_floors":[3,12,20,46,46],"current_hp_per_floor":[70,56,56,56,52,44,44,44,44,44,24,39,29,13,37,2,80,72,54,69,62,62,62,59,42,42,42,35,50,47,36,60,32,80,80,80,80,80,76,76,76,76,76,58,51,66,71,71,71,62],"gold":0,"neow_bonus":"BOSS_RELIC","is_daily":false,"chose_seed":false,"campfire_upgraded":6,"win_rate":0.0,"timestamp":1613123910,"path_taken":["M","?","$","M","M","E","R","?","T","R","E","$","E","?","R","BOSS","M","?","?","M","M","R","M","E","T","R","M","$","M","E","R","BOSS","M","M","$","?","?","E","R","M","T","M","M","$","E","?","R","BOSS"],"items_purchased_type":["Card","Relic","Relic","Card","Relic"],"build_version":"2020-12-22","purchased_purges":2,"victory":true,"max_hp_per_floor":[70,70,70,70,70,80,80,80,80,80,80,80,80,80,80,80,80,80,80,80,80,80,80,80,80,80,80,80,80,80,80,80,80,80,80,80,80,80,76,76,76,76,76,76,76,76,76,76,76,76],"relic_stats":{"Darkstone Periapt":0,"counters":[25,108],"StoneCalendar":[52],"Boot":[32],"Cursed Key":1,"Tough Bandages":[93],"Dream Catcher":0,"Mummified Hand":[56],"Shuriken":[12],"MealTicket":60,"Pandora\u0027s Box":["Unload","After Image","Night Terror","Distraction","Acrobatics","Escape Plan","Finisher","A Thousand Cuts","Choke","Phantasmal Killer"],"Prayer Wheel":7,"Black Star":7,"Kunai":[14],"obtain_stats":[{"Darkstone Periapt":47,"Vajra":12,"StoneCalendar":40,"Bottled Tornado":20,"Boot":11,"Cursed Key":34,"Tough Bandages":26,"Dream Catcher":47,"Matryoshka":25,"HornCleat":43,"Mummified Hand":9,"MealTicket":6,"Prayer Wheel":25,"Red Mask":48,"Kunai":40,"Toxic Egg 2":31,"InkBottle":13,"Ring of the Snake":0,"Potion Belt":11,"Pear":6,"Omamori":13,"Du-Vu Doll":31,"Anchor":26,"Shuriken":43,"Pandora\u0027s Box":17,"Black Star":0,"Toy Ornithopter":46},{"Darkstone Periapt":24,"Vajra":5,"StoneCalendar":20,"Bottled Tornado":9,"Boot":5,"Cursed Key":17,"Tough Bandages":13,"Dream Catcher":24,"Matryoshka":13,"HornCleat":21,"Mummified Hand":4,"MealTicket":4,"Prayer Wheel":13,"Red Mask":24,"Kunai":20,"Toxic Egg 2":16,"InkBottle":6,"Ring of the Snake":0,"Potion Belt":5,"Pear":4,"Omamori":6,"Du-Vu Doll":16,"Anchor":13,"Shuriken":21,"Pandora\u0027s Box":8,"Black Star":0,"Toy Ornithopter":23},{"Darkstone Periapt":99,"Vajra":22,"StoneCalendar":88,"Bottled Tornado":49,"Boot":22,"Cursed Key":78,"Tough Bandages":62,"Dream Catcher":99,"Matryoshka":62,"HornCleat":90,"Mummified Hand":17,"MealTicket":17,"Prayer Wheel":62,"Red Mask":99,"Kunai":88,"Toxic Egg 2":72,"InkBottle":29,"Ring of the Snake":0,"Potion Belt":22,"Pear":17,"Omamori":29,"Du-Vu Doll":72,"Anchor":62,"Shuriken":90,"Pandora\u0027s Box":46,"Black Star":0,"Toy Ornithopter":96}],"InkBottle":[44],"Toy Ornithopter":5},"card_choices":[{"not_picked":["Cloak And Dagger","Sucker Punch"],"picked":"Flying Knee","floor":1},{"not_picked":["Eviscerate","Terror"],"picked":"Cloak And Dagger","floor":4},{"not_picked":["Cloak And Dagger","Backflip"],"picked":"Dodge and Roll","floor":5},{"not_picked":["Prepared","Sucker Punch"],"picked":"Unload","floor":6},{"not_picked":["Underhanded Strike","Tactician"],"picked":"Leg Sweep","floor":11},{"not_picked":["Dodge and Roll","Sucker Punch"],"picked":"Dagger Throw","floor":13},{"not_picked":["Heel Hook","Cloak And Dagger"],"picked":"Finisher","floor":14},{"not_picked":["Grand Finale","Burst"],"picked":"A Thousand Cuts","floor":16},{"not_picked":["Choke+1","Expertise","Acrobatics"],"picked":"SKIP","floor":18},{"not_picked":["Cloak And Dagger","Poisoned Stab"],"picked":"Deflect+1","floor":21},{"not_picked":["Expertise","Deadly Poison+1","Heel Hook"],"picked":"SKIP","floor":22},{"not_picked":["Expertise","Deadly Poison+1","Heel Hook"],"picked":"SKIP","floor":22},{"not_picked":["Dagger Spray","Flechettes+1"],"picked":"Outmaneuver+1","floor":24},{"not_picked":["Endless Agony","Heel Hook"],"picked":"Blade Dance","floor":25},{"not_picked":["Flying Knee","Skewer"],"picked":"All Out Attack","floor":28},{"not_picked":["Grand Finale","Underhanded Strike"],"picked":"Blade Dance","floor":28},{"not_picked":["Outmaneuver","Quick Slash"],"picked":"Calculated Gamble","floor":30},{"not_picked":["Dodge and Roll","Backflip"],"picked":"Footwork","floor":30},{"not_picked":["Masterful Stab","Prepared+1","Dagger Throw"],"picked":"SKIP","floor":31},{"not_picked":["Glass Knife","Bullet Time+1"],"picked":"Burst+1","floor":33},{"not_picked":["Dagger Throw+1","Underhanded Strike+1"],"picked":"Blade Dance+1","floor":35},{"not_picked":["Skewer+1","PiercingWail+1"],"picked":"Accuracy+1","floor":35},{"not_picked":["Choke+1","Deadly Poison+1"],"picked":"Backflip+1","floor":36},{"not_picked":["Cloak And Dagger+1","Deadly Poison+1"],"picked":"Blade Dance+1","floor":36},{"not_picked":["Corpse Explosion+1","Bane"],"picked":"Cloak And Dagger+1","floor":40},{"not_picked":["Calculated Gamble+1","Dagger Throw+1"],"picked":"Cloak And Dagger+1","floor":42},{"not_picked":["Backflip+1","Underhanded Strike"],"picked":"PiercingWail+1","floor":42},{"not_picked":["Backflip+1","Slice+1"],"picked":"Dodge and Roll+1","floor":44},{"not_picked":["Terror+1","Caltrops"],"picked":"Leg Sweep+1","floor":44},{"not_picked":["Reflex+1","Bane"],"picked":"Storm of Steel+1","floor":45},{"not_picked":["Bane+1","Backflip+1"],"picked":"Dodge and Roll+1","floor":45},{"not_picked":["Tactician+1","Masterful Stab+1"],"picked":"Dodge and Roll+1","floor":47}],"player_experience":207385,"relics_obtained":[{"floor":6,"key":"Pear"},{"floor":6,"key":"MealTicket"},{"floor":9,"key":"Mummified Hand"},{"floor":11,"key":"Potion Belt"},{"floor":11,"key":"Boot"},{"floor":13,"key":"InkBottle"},{"floor":13,"key":"Omamori"},{"floor":25,"key":"Prayer Wheel"},{"floor":25,"key":"Matryoshka"},{"floor":26,"key":"Anchor"},{"floor":26,"key":"Tough Bandages"},{"floor":31,"key":"Toxic Egg 2"},{"floor":31,"key":"Du-Vu Doll"},{"floor":40,"key":"StoneCalendar"},{"floor":40,"key":"Kunai"},{"floor":43,"key":"Shuriken"},{"floor":43,"key":"HornCleat"},{"floor":47,"key":"Dream Catcher"},{"floor":47,"key":"Darkstone Periapt"}],"event_choices":[{"damage_healed":0,"gold_gain":0,"player_choice":"Entered Light","damage_taken":14,"max_hp_gain":0,"max_hp_loss":0,"event_name":"Shining Light","floor":2,"gold_loss":0,"cards_upgraded":["Strike_G","Strike_G"]},{"damage_healed":0,"gold_gain":0,"player_choice":"Forge","damage_taken":0,"max_hp_gain":0,"max_hp_loss":0,"event_name":"Accursed Blacksmith","floor":8,"gold_loss":0,"cards_upgraded":["Unload"]},{"damage_healed":0,"gold_gain":90,"player_choice":"POTION GOLD ","damage_taken":18,"max_hp_gain":0,"max_hp_loss":0,"event_name":"Knowing Skull","floor":19,"potions_obtained":["Ancient Potion"],"gold_loss":0,"cards_obtained":[]},{"cards_removed":["Unload"],"damage_healed":0,"gold_gain":0,"player_choice":"Removed Attack","damage_taken":0,"max_hp_gain":0,"max_hp_loss":0,"event_name":"Falling","floor":38,"gold_loss":0},{"damage_healed":0,"gold_gain":0,"player_choice":"Max HP","damage_taken":0,"max_hp_gain":0,"max_hp_loss":4,"event_name":"Winding Halls","floor":39,"gold_loss":0},{"damage_healed":0,"gold_gain":0,"player_choice":"Paid","damage_taken":0,"relics_obtained":["Red Mask"],"max_hp_gain":0,"max_hp_loss":0,"event_name":"Tomb of Lord Red Mask","floor":48,"gold_loss":78}],"is_beta":false,"boss_relics":[{"not_picked":["Coffee Dripper","SlaversCollar"],"picked":"Pandora\u0027s Box"},{"not_picked":["Philosopher\u0027s Stone","Empty Cage"],"picked":"Cursed Key"}],"items_purged_floors":[29,46],"is_endless":false,"potions_floor_spawned":[5,6,14,16,22,30,31,33,42,44,45],"ascension_level":2}}