{"host":"avfk0uqadyfnr875","time":1613101661,"event":{"mods":["2.2 Compatiblity","Act Like it!","BaseMod","Chen","Colored Powertips","Downfall","Gensokyo","Koishi","KomeijiMod","Marisa（F雨　魔理沙）","Minty Spire (QoL Compilation)","Pale of the Ancients","Quick Restart","READ ME - Guardian Mod","Reimu（博丽灵梦）","Shop Mod","StSLib","The Animator","[功能]功能增强和修复MOD"],"gold_per_floor":[123,123,123,123,154,189,189,189,189,189,193,233,42,78,78,436,436,457,231,231,191,56,93,93,132,132,167,8,8,42,56,56,400,400,430,275,275,307,186,186,200,200,223,223,259,293,314,326,326,334,334,334,186,186],"floor_reached":53,"language":"ZHS","playtime":3595,"items_purged":["animator:Strike","animator:RinTohsaka","animator:Strike_GoblinSlayer","animator:Defend","animator:Entoma+2","animator:Defend","animator:GuildGirl","animator:Defend+1","animator:HarukoHaruhara+1","animator:HarukoHaruhara+1","animator:Lu","animator:LizardPriest","animator:MadokaKaname+1","animator:Souei+1","animator:Shuna"],"score":1198,"play_id":"940aa425-b62e-4498-bd70-d5bd7053caf2","local_time":"20210212114741","is_ascension_mode":true,"campfire_choices":[{"floor":10,"key":"RECALL"},{"floor":15,"key":"REST"},{"floor":29,"key":"REST"},{"floor":32,"key":"DIG"},{"floor":40,"key":"REST"},{"floor":42,"key":"REST"},{"floor":49,"key":"REST"},{"floor":52,"key":"DIG"}],"circlet_count":0,"master_deck":["animator:DwarfShaman","animator:Rena+1","animator:Witch+1","animator:Priestess+1","animator:OrikoMikuni+1","animator:WinryRockbell+1","animator:Sebas+1","animator:GuildGirl+1","animator:Eve+1","animator:Envy+1","animator:Ainz+1","animator:Saber","animator:ElricAlphonse+1","animator:OrikoMikuni+1","animator:Cirno","animator:Ain+1","animator:Hibiki+1","animator:GuildGirl+1","animator:Ainz+1","animator:WinryRockbell+1","ZunPunch:ReiMu+1","animator:Greed+1","animator:Laby+1","animator:Rimuru","animator:Patchouli+1","animator:Chung+1","animator:GoblinSlayer","animator:SwordMaiden+1","animator:SayakaMiki+1","animator:NarberalGamma+1","animator:Shuna+1","animator:Shimakaze","animator:EmiyaShirou+1","animator:Kira+1"],"relics":["animator:VividPicture","animator:ColorlessFragment","NeowsBlessing","Toxic Egg 2","Paper Frog","War Paint","Frozen Egg 2","SteinsOfFate","Mastiff:ReiMu","Bag of Marbles","animator:HeavyHalberd","Shovel","Letter Opener","Orrery","Potion Belt","Shuriken","HandDrill","Bottled Flame","Toy Ornithopter","Omamori","Lantern","ShirouKen","Lizard Tail","Pear","Pocketwatch","Bottled Tornado","Runic Dome","Philosopher\u0027s Stone","animator:WizardHat","Singing Bowl","DataDisk","Whetstone","Ornamental Fan","Boot","InkBottle","Paper Crane","OrangePellets","Art of War","HoshigumaDish"],"acts_visited":["Exordium","TheCity","TheBeyond","TheEnding"],"potions_floor_usage":[11,11,14,18,25,25,25,25,27,30,30,31,33,33,48,50,50,50,50],"damage_taken":[{"damage":0,"enemies":"Small Slimes","floor":1,"turns":1},{"damage":0,"enemies":"2 Louse","floor":5,"turns":1},{"damage":0,"enemies":"3 Sentries","floor":6,"turns":2},{"damage":33,"enemies":"Remiria","floor":11,"turns":8},{"damage":0,"enemies":"Jaw Worm","floor":12,"turns":7},{"damage":3,"enemies":"Gremlin Gang","floor":14,"turns":4},{"damage":20,"enemies":"Slime Boss","floor":16,"turns":9},{"damage":6,"enemies":"Spheric Guardian","floor":18,"turns":6},{"damage":0,"enemies":"animator:HornedBat","floor":23,"turns":4},{"damage":29,"enemies":"Slavers","floor":25,"turns":5},{"damage":9,"enemies":"Gremlin Leader","floor":27,"turns":6},{"damage":4,"enemies":"Book of Stabbing","floor":30,"turns":6},{"damage":16,"enemies":"2 Thieves","floor":31,"turns":3},{"damage":11,"enemies":"Champ","floor":33,"turns":10},{"damage":14,"enemies":"Orb Walker","floor":35,"turns":4},{"damage":34,"enemies":"3 Darklings","floor":38,"turns":4},{"damage":23,"enemies":"Transient","floor":41,"turns":5},{"damage":0,"enemies":"Maw","floor":45,"turns":5},{"damage":0,"enemies":"Nemesis","floor":46,"turns":5},{"damage":23,"enemies":"Jaw Worm Horde","floor":47,"turns":3},{"damage":4,"enemies":"Spire Growth","floor":48,"turns":5},{"damage":27,"enemies":"Donu and Deca","floor":50,"turns":6}],"seed_played":"1991917978537700397","potions_obtained":[{"floor":1,"key":"FairyPotion"},{"floor":1,"key":"ColorlessPotion"},{"floor":5,"key":"ColorlessPotion"},{"floor":11,"key":"LiquidBronze"},{"floor":14,"key":"Weak Potion"},{"floor":18,"key":"Energy Potion"},{"floor":23,"key":"Regen Potion"},{"floor":25,"key":"ColorlessPotion"},{"floor":25,"key":"bronze:BurnAndBuffPotion"},{"floor":27,"key":"Block Potion"},{"floor":30,"key":"PowerPotion"},{"floor":33,"key":"champ:CounterPotion"},{"floor":33,"key":"Weak Potion"},{"floor":35,"key":"Fire Potion"},{"floor":41,"key":"Slimebound:ThreeZeroPotion"},{"floor":48,"key":"PowerPotion"}],"is_trial":false,"path_per_floor":["M","?","?","T","M","E","?","T","T","R","?","M","$","M","R","B",null,"M","$","?","?","$","E","?","E","T","E","$","R","E","M","R","B",null,"M","$","?","M","$","R","M","R","T","?","M","E","M","M","R","B",null,"R","$"],"character_chosen":"THE_ANIMATOR","items_purchased":["animator:ColorlessFragment","Mastiff:ReiMu","Bag of Marbles","animator:WinryRockbell+1","animator:Lu","animator:Sebas+1","DuplicationPotion","animator:HarukoHaruhara+1","Shovel","Letter Opener","animator:Cirno","animator:Ain","animator:Hibiki","Orrery","Potion Belt","animator:Greed+1","Shuriken","HandDrill","ShirouKen","animator:Patchouli","Lizard Tail","animator:WizardHat","Singing Bowl","DataDisk","Whetstone","Ornamental Fan","animator:Shuna+1","animator:Souei+1","animator:Shimakaze","animator:Kira+1","OrangePellets","Art of War","HoshigumaDish"],"campfire_rested":5,"item_purchase_floors":[13,13,13,13,13,13,13,13,19,19,19,19,19,19,22,22,22,22,28,28,28,36,36,36,39,39,39,39,39,53,53,53,53],"current_hp_per_floor":[59,59,52,52,52,55,37,37,37,37,4,4,4,3,24,5,55,49,49,49,49,49,49,36,21,21,17,17,40,56,45,45,46,78,51,51,51,21,21,37,18,35,35,35,37,39,20,25,46,39,63,63,63,63],"gold":186,"neow_bonus":"THREE_ENEMY_KILL","is_daily":false,"chose_seed":false,"campfire_upgraded":0,"win_rate":0.0,"timestamp":1613101661,"path_taken":["M","?","?","?","?","E","?","?","T","R","?","M","$","M","R","BOSS","M","$","?","?","$","E","?","E","T","E","?","R","E","M","R","BOSS","M","$","?","M","$","R","?","R","T","?","M","E","?","M","R","BOSS","R","$"],"items_purchased_type":["Relic","Relic","Relic","Card","Card","Card","Potion","Card","Relic","Relic","Card","Card","Card","Relic","Relic","Card","Relic","Relic","Relic","Card","Relic","Relic","Relic","Relic","Relic","Relic","Card","Card","Card","Card","Relic","Relic","Relic"],"build_version":"2020-12-22","purchased_purges":15,"victory":false,"max_hp_per_floor":[66,66,66,66,66,69,69,69,69,69,69,69,69,71,71,72,72,72,72,72,72,72,72,77,77,77,77,77,77,87,87,87,89,89,51,51,51,55,55,55,59,59,59,59,61,63,67,71,71,71,71,71,71,71],"card_choices":[{"not_picked":["animator:Spearman","animator:Cocytus"],"picked":"animator:Shuna","floor":1},{"not_picked":["animator:Spearman","animator:MaesHughes"],"picked":"animator:RinTohsaka","floor":1},{"not_picked":["animator:DwarfShaman","animator:WinryRockbell"],"picked":"animator:GuildGirl","floor":5},{"not_picked":["animator:WinryRockbell","animator:Elsword"],"picked":"animator:Entoma","floor":5},{"not_picked":["animator:Shion","animator:Cocytus"],"picked":"animator:Witch+1","floor":6},{"not_picked":["animator:Spearman","animator:LizardPriest+1"],"picked":"animator:Priestess+1","floor":12},{"not_picked":["animator:MamiTomoe","animator:Witch+1"],"picked":"animator:OrikoMikuni+1","floor":12},{"not_picked":["animator:RinTohsaka+1","animator:Elsword"],"picked":"animator:GuildGirl+1","floor":14},{"not_picked":["animator:MamiTomoe","animator:Elsword","animator:ElricEdward"],"picked":"SKIP","floor":14},{"not_picked":["animator:HomuraAkemi+1","animator:Shizu"],"picked":"animator:Eve+1","floor":16},{"not_picked":["animator:Shizu","animator:Greed+1"],"picked":"animator:Envy+1","floor":16},{"not_picked":["animator:Envy+1","animator:Elesis"],"picked":"animator:Ainz+1","floor":16},{"not_picked":["animator:Gilgamesh","animator:Eve+1"],"picked":"animator:Saber","floor":16},{"not_picked":["animator:YuiTsuruno","animator:MaesHughes+1"],"picked":"animator:ElricAlphonse+1","floor":18},{"not_picked":["animator:Chung+1","animator:Benimaru"],"picked":"animator:OrikoMikuni+1","floor":18},{"not_picked":["animator:Shion","animator:Demiurge+1"],"picked":"animator:GuildGirl+1","floor":19},{"not_picked":["animator:LizardPriest+1","animator:Entoma"],"picked":"animator:Ainz+1","floor":19},{"not_picked":["animator:ElricAlphonse+1","animator:Rider+1"],"picked":"animator:WinryRockbell+1","floor":19},{"not_picked":["animator:Lu","animator:Rena+1"],"picked":"animator:Laby+1","floor":23},{"not_picked":["animator:Souei+1","animator:Scar"],"picked":"animator:Rimuru","floor":25},{"not_picked":["animator:KyokoSakura+1","animator:Millim","animator:Witch+1"],"picked":"SKIP","floor":27},{"not_picked":["animator:MamizouFutatsuiwa+1","animator:MisakiNakahara+1"],"picked":"animator:HarukoHaruhara+1","floor":30},{"not_picked":["animator:Lu","animator:Aisha"],"picked":"animator:Chung+1","floor":31},{"not_picked":["animator:Archer+1","animator:Ain","animator:Caster+1"],"picked":"SKIP","floor":31},{"not_picked":["animator:Albedo","animator:Envy+1"],"picked":"animator:Father+1","floor":33},{"not_picked":["animator:Shizu","animator:Envy+1"],"picked":"animator:MadokaKaname+1","floor":33},{"not_picked":["animator:HomuraAkemi+1","animator:Envy+1"],"picked":"animator:GoblinSlayer","floor":33},{"not_picked":["animator:Shizu","animator:Envy+1"],"picked":"animator:SwordMaiden+1","floor":33},{"not_picked":["animator:Aisha+1","animator:Lu+1"],"picked":"animator:SayakaMiki+1","floor":35},{"not_picked":["animator:Alexander","animator:SuzuneAmano"],"picked":"animator:NarberalGamma+1","floor":35},{"not_picked":["animator:DwarfShaman","animator:Witch+1","animator:Priestess+1"],"picked":"Singing Bowl","floor":38},{"not_picked":["animator:WinryRockbell+1","animator:Spearman","animator:Lancer"],"picked":"Singing Bowl","floor":38},{"not_picked":["animator:CowGirl+1","animator:Berserker+1","animator:OrikoMikuni+1"],"picked":"Singing Bowl","floor":41},{"not_picked":["animator:Illya+1","animator:Benimaru","animator:CowGirl+1"],"picked":"Singing Bowl","floor":41},{"not_picked":["animator:Illya+1","animator:Cocytus+1"],"picked":"animator:EmiyaShirou+1","floor":45},{"not_picked":["animator:Saber","animator:ShinjiMatou+1","animator:Raven"],"picked":"Singing Bowl","floor":45},{"not_picked":["animator:Ain","animator:Chung+1","animator:Aisha"],"picked":"Singing Bowl","floor":46},{"not_picked":["animator:Shion+1","animator:IrohaTamaki","animator:Shuna+1"],"picked":"Singing Bowl","floor":47},{"not_picked":["animator:Spearman+1","animator:Shuna+1","animator:Ain+1"],"picked":"Singing Bowl","floor":47},{"not_picked":["animator:EmiyaShirou+1","animator:Assassin+1","animator:SuzuneAmano"],"picked":"Singing Bowl","floor":48},{"not_picked":["animator:Priestess+1","animator:Assassin+1","animator:NarberalGamma+1"],"picked":"Singing Bowl","floor":48}],"player_experience":394672,"relics_obtained":[{"floor":4,"key":"Toxic Egg 2"},{"floor":6,"key":"Paper Frog"},{"floor":9,"key":"Frozen Egg 2"},{"floor":11,"key":"SteinsOfFate"},{"floor":16,"key":"animator:HeavyHalberd"},{"floor":23,"key":"Bottled Flame"},{"floor":25,"key":"Toy Ornithopter"},{"floor":26,"key":"Omamori"},{"floor":27,"key":"Lantern"},{"floor":30,"key":"Pear"},{"floor":32,"key":"Pocketwatch"},{"floor":33,"key":"Bottled Tornado"},{"floor":43,"key":"Boot"},{"floor":46,"key":"InkBottle"},{"floor":52,"key":"Paper Crane"}],"event_choices":[{"damage_healed":0,"gold_gain":0,"cards_transformed":["animator:Strike"],"player_choice":"Change","damage_taken":0,"max_hp_gain":0,"max_hp_loss":0,"event_name":"Living Wall","floor":2,"gold_loss":0,"cards_obtained":["animator:Rena"]},{"cards_removed":["animator:Strike"],"damage_healed":0,"gold_gain":0,"player_choice":"Card Removal","damage_taken":7,"max_hp_gain":0,"max_hp_loss":0,"event_name":"Golden Wing","floor":3,"gold_loss":0},{"damage_healed":0,"gold_gain":0,"player_choice":"Success","damage_taken":18,"relics_obtained":["War Paint"],"max_hp_gain":0,"max_hp_loss":0,"event_name":"Scrap Ooze","floor":7,"gold_loss":0},{"cards_removed":["animator:Defend_GoblinSlayer"],"damage_healed":0,"gold_gain":0,"player_choice":"Elegance","damage_taken":0,"max_hp_gain":0,"max_hp_loss":0,"event_name":"Back to Basics","floor":20,"gold_loss":0},{"damage_healed":0,"gold_gain":0,"player_choice":"交出神酒","damage_taken":0,"max_hp_gain":0,"max_hp_loss":0,"event_name":"ZunEvent","floor":21,"relics_lost":["ZunR:ReiMu"],"gold_loss":0,"cards_obtained":["ZunPunch:ReiMu"]},{"damage_healed":0,"gold_gain":0,"player_choice":"Shed Blood","damage_taken":18,"max_hp_gain":5,"max_hp_loss":0,"event_name":"Forgotten Altar","floor":24,"gold_loss":0},{"damage_healed":0,"gold_gain":0,"player_choice":"Upgraded","damage_taken":0,"max_hp_gain":0,"max_hp_loss":0,"event_name":"Upgrade Shrine","floor":37,"gold_loss":0,"cards_upgraded":["animator:Hibiki"]},{"damage_healed":0,"gold_gain":0,"player_choice":"Got Potions","damage_taken":0,"max_hp_gain":0,"max_hp_loss":0,"event_name":"Lab","floor":44,"gold_loss":0}],"is_beta":false,"boss_relics":[{"not_picked":["Pandora\u0027s Box","Calling Bell"],"picked":"animator:VividPicture"},{"not_picked":["animator:CursedBlade","Fusion Hammer"],"picked":"Runic Dome"}],"items_purged_floors":[13,13,19,19,19,19,28,36,36,36,39,53,53,53,53],"is_endless":false,"potions_floor_spawned":[1,1,5,11,14,14,16,16,18,23,23,25,25,27,30,31,33,33,35,41,41,45,46,47,48,48],"ascension_level":8}}