{"host":"jruzzdd1waq9u00d","time":1613138214,"event":{"mods":["BaseMod","Colored Map","Colored Powertips","DeckTracker","Downfall","Minty Spire (QoL Compilation)","Quick Restart","Relic Stats","StSLib","SuperFastMode"],"gold_per_floor":[99,99,24,24,24,52,104,122,140,174,191,201,219,251,264,361,361,361,380,400,418,418,452,452,75,106,91,103,103,3,34,48,145,145,145,158,55,72,88,101,101,1,35,50,69,100,0,0,0,0,0],"floor_reached":49,"language":"ENG","playtime":2698,"items_purged":["Slimebound:Strike_Slimebound","Slimebound:Defend_Slimebound","Slimebound:Defend_Slimebound"],"score":743,"play_id":"b3d2d60e-1517-42c6-a2fb-98b2da46f2b7","local_time":"20210212225654","is_ascension_mode":true,"campfire_choices":[{"data":"Slimebound:Split","floor":1.0,"key":"SMITH"},{"data":"Slimebound:SamplingLick","floor":18.0,"key":"SMITH"},{"data":"Slimebound:Schlurp","floor":30.0,"key":"SMITH"},{"floor":35.0,"key":"RECALL"},{"data":"Slimebound:OozeBath","floor":42.0,"key":"SMITH"},{"data":"Slimebound:SpikyOuterGoop","floor":47,"key":"SMITH"}],"circlet_count":0,"master_deck":["Slimebound:Strike_Slimebound+1","Slimebound:Strike_Slimebound","Slimebound:Tackle+1","Slimebound:Defend_Slimebound","Slimebound:Defend_Slimebound","Slimebound:Split+1","Slimebound:CorrosiveSpit","Slimebound:BestDefense","Slimebound:GrowthPunch+1","Slimebound:Schlurp+1","Slimebound:SamplingLick","Slimebound:PressTheAttack","Slimebound:SamplingLick","Slimebound:SlimeTap","Slimebound:RainOfGoop","Slimebound:SamplingLick+1","Slimebound:HauntingLick","CurseOfTheBell","Slimebound:Gluttony","Slimebound:Dissolve+1","Slimebound:LeechLife","Master of Strategy","Slimebound:SplitMire+1","Slimebound:TongueLash+1","Slimebound:SpikyOuterGoop+1","Slimebound:Darklings","Slimebound:SpikyOuterGoop","Slimebound:OozeBath+1","Slimebound:TongueLash+1","Slimebound:ViciousTackle+1","Slimebound:Schlurp","Slimebound:OozeBath"],"relics":["Slimebound:AbsorbEndCombat","downfall:HeartsMalice","Pantograph","Orichalcum","Whetstone","Art of War","Calling Bell","Lantern","StrikeDummy","Ginger","Bronze Scales","Slimebound:AggressiveSlimeRelic","Blood Vial","downfall:HeartBlessingGreen","Oddly Smooth Stone","Black Star","Strange Spoon","PreservedInsect","downfall:HeartBlessingRed","Regal Pillow","Pear","downfall:HeartBlessingBlue"],"acts_visited":["Exordium","TheCity","TheBeyond"],"potions_floor_usage":[44],"damage_taken":[{"damage":0.0,"enemies":"2 Louse","floor":2.0,"turns":1.0},{"damage":0.0,"enemies":"downfall:FleeingMerchant","floor":3.0,"turns":1.0},{"damage":0.0,"enemies":"Cultist","floor":5.0,"turns":1.0},{"damage":33.0,"enemies":"Gremlin Nob","floor":6.0,"turns":4.0},{"damage":1.0,"enemies":"Jaw Worm","floor":8.0,"turns":4.0},{"damage":2.0,"enemies":"3 Louse","floor":9.0,"turns":3.0},{"damage":25.0,"enemies":"3 Sentries","floor":10.0,"turns":7.0},{"damage":3.0,"enemies":"Blue Slaver","floor":11.0,"turns":2.0},{"damage":14.0,"enemies":"Exordium Thugs","floor":12.0,"turns":4.0},{"damage":0.0,"enemies":"2 Fungi Beasts","floor":13.0,"turns":3.0},{"damage":11.0,"enemies":"Lagavulin","floor":14.0,"turns":5.0},{"damage":3.0,"enemies":"Blue Slaver","floor":15.0,"turns":3.0},{"damage":16.0,"enemies":"IC_STATUS_ARCHETYPE","floor":16.0,"turns":6.0},{"damage":10.0,"enemies":"3 Byrds","floor":19.0,"turns":4.0},{"damage":20.0,"enemies":"Shell Parasite","floor":20.0,"turns":5.0},{"damage":5.0,"enemies":"Snecko","floor":21.0,"turns":4.0},{"damage":45.0,"enemies":"Book of Stabbing","floor":23.0,"turns":5.0},{"damage":0.0,"enemies":"downfall:FleeingMerchant","floor":25.0,"turns":4.0},{"damage":18.0,"enemies":"Slavers","floor":26.0,"turns":3.0},{"damage":8.0,"enemies":"downfall:FleeingMerchant","floor":27.0,"turns":4.0},{"damage":0.0,"enemies":"3 Cultists","floor":28.0,"turns":4.0},{"damage":11.0,"enemies":"Book of Stabbing","floor":31.0,"turns":4.0},{"damage":22.0,"enemies":"Centurion and Healer","floor":32.0,"turns":5.0},{"damage":60.0,"enemies":"DF_ARCHETYPE_CLAW","floor":33.0,"turns":8.0},{"damage":17.0,"enemies":"Orb Walker","floor":36.0,"turns":3.0},{"damage":0.0,"enemies":"downfall:FleeingMerchant","floor":37.0,"turns":2.0},{"damage":4.0,"enemies":"3 Shapes","floor":38.0,"turns":4.0},{"damage":5.0,"enemies":"Jaw Worm Horde","floor":39.0,"turns":3.0},{"damage":17.0,"enemies":"Transient","floor":40.0,"turns":5.0},{"damage":22,"enemies":"Reptomancer","floor":43,"turns":5},{"damage":32,"enemies":"Sphere and 2 Shapes","floor":44,"turns":7},{"damage":22,"enemies":"Spire Growth","floor":45,"turns":3},{"damage":88,"enemies":"Transient","floor":49,"turns":5}],"seed_played":"8932482772038801762","potions_obtained":[{"floor":8.0,"key":"sneckomod:MuddlingPotion"},{"floor":9.0,"key":"BlessingOfTheForge"},{"floor":10.0,"key":"BlessingOfTheForge"},{"floor":16.0,"key":"Fire Potion"},{"floor":20.0,"key":"Fire Potion"},{"floor":21.0,"key":"Swift Potion"},{"floor":28.0,"key":"Block Potion"},{"floor":31.0,"key":"Guardian:BlockOnCardUsePotion"},{"floor":33.0,"key":"LiquidMemories"},{"floor":36.0,"key":"sneckomod:MuddlingPotion"},{"floor":40.0,"key":"Block Potion"},{"floor":45,"key":"Dexterity Potion"}],"is_trial":false,"path_per_floor":["R","M","$","?","M","E","T","M","M","E","M","M","M","E","M","B",null,"R","M","M","M","?","E","T","$","E","$","M","?","R","E","M","B",null,"R","M","$","M","M","M","T","R","E","M","M","?","R","?","M"],"character_chosen":"SLIMEBOUND","items_purchased":["Slimebound:LeechLife","Master of Strategy","Strange Spoon","PreservedInsect"],"campfire_rested":0,"item_purchase_floors":[25,25,37,37],"current_hp_per_floor":[65,65,65,65,65,34,34,37,41,24,27,19,25,22,23,40,59,59,57,43,46,46,9,9,17,33,33,64,64,64,58,50,23,55,55,52,60,61,65,64,64,64,55,75,55,66,76,76,0,0,0],"gold":0,"neow_bonus":"THREE_ENEMY_KILL","is_daily":false,"chose_seed":false,"campfire_upgraded":5,"win_rate":0.0,"timestamp":1613138214,"path_taken":["R","M","$","?","M","E","T","?","M","E","?","M","M","E","M","BOSS","BOSS","R","M","M","M","?","E","T","$","E","$","M","?","R","E","M","BOSS","R","M","$","M","M","M","T","R","E","M","M","?","R","?","M"],"items_purchased_type":["Card","Card","Relic","Relic"],"build_version":"2020-12-22","purchased_purges":3,"victory":false,"max_hp_per_floor":[65,65,65,65,65,65,65,65,65,65,65,65,65,65,65,65,65,65,65,65,65,65,65,65,65,65,65,65,65,65,65,65,65,65,65,65,65,65,65,65,65,65,75,75,75,66,76,76,76,76,76],"relic_stats":{"Regal Pillow":0,"counters":[33,128],"PreservedInsect":57,"Whetstone":["Slimebound:Strike_Slimebound","Slimebound:Tackle"],"Ginger":[2],"Orichalcum":[66],"Blood Vial":20,"Strange Spoon":[60],"Pantograph":38,"Bronze Scales":[166],"Art of War":[18],"Black Star":1,"obtain_stats":[{"Slimebound:AggressiveSlimeRelic":24,"Lantern":17,"Regal Pillow":43,"Pear":43,"downfall:HeartBlessingRed":42,"Oddly Smooth Stone":31,"downfall:HeartsMalice":0,"downfall:HeartBlessingGreen":30,"PreservedInsect":37,"Whetstone":10,"Ginger":17,"Orichalcum":7,"Calling Bell":17,"Blood Vial":26,"Strange Spoon":37,"downfall:HeartBlessingBlue":47,"Pantograph":6,"Bronze Scales":23,"Slimebound:AbsorbEndCombat":0,"Art of War":14,"Black Star":34,"StrikeDummy":17},{"Slimebound:AggressiveSlimeRelic":17,"Lantern":13,"Regal Pillow":30,"Pear":30,"downfall:HeartBlessingRed":29,"Oddly Smooth Stone":22,"downfall:HeartsMalice":0,"downfall:HeartBlessingGreen":21,"PreservedInsect":26,"Whetstone":7,"Ginger":13,"Orichalcum":4,"Calling Bell":13,"Blood Vial":19,"Strange Spoon":26,"downfall:HeartBlessingBlue":32,"Pantograph":4,"Bronze Scales":17,"Slimebound:AbsorbEndCombat":0,"Art of War":11,"Black Star":24,"StrikeDummy":13},{"Slimebound:AggressiveSlimeRelic":59,"Lantern":41,"Regal Pillow":113,"Pear":113,"downfall:HeartBlessingRed":108,"Oddly Smooth Stone":78,"downfall:HeartsMalice":0,"downfall:HeartBlessingGreen":74,"PreservedInsect":96,"Whetstone":18,"Ginger":41,"Orichalcum":4,"Calling Bell":41,"Blood Vial":66,"Strange Spoon":96,"downfall:HeartBlessingBlue":123,"Pantograph":4,"Bronze Scales":59,"Slimebound:AbsorbEndCombat":0,"Art of War":32,"Black Star":91,"StrikeDummy":41}]},"card_choices":[{"not_picked":["Slimebound:ItLooksTasty","Slimebound:DivideAndConquer"],"picked":"Slimebound:BestDefense","floor":2.0},{"not_picked":["Slimebound:SlimeSpikes","Slimebound:ViciousTackle"],"picked":"Slimebound:GrowthPunch","floor":3.0},{"not_picked":["Slimebound:RollThrough","Slimebound:PressTheAttack"],"picked":"Slimebound:Schlurp","floor":5.0},{"not_picked":["Slimebound:HungryTackle","Slimebound:DivideAndConquer","Slimebound:LeechEnergy"],"picked":"SKIP","floor":6.0},{"not_picked":["Slimebound:SlimeBrawl","Slimebound:SplitAcid"],"picked":"Slimebound:SamplingLick","floor":8.0},{"not_picked":["Slimebound:SplitLeeching","Slimebound:DisruptingSlam"],"picked":"Slimebound:PressTheAttack","floor":9.0},{"not_picked":["Slimebound:DivideAndConquer","Slimebound:MegaLick"],"picked":"Slimebound:SamplingLick","floor":10.0},{"not_picked":["Slimebound:FirmFortitude","Slimebound:RollThrough"],"picked":"Slimebound:SlimeTap","floor":11.0},{"not_picked":["Slimebound:SlimeSpikes","Slimebound:PressTheAttack"],"picked":"Slimebound:RainOfGoop","floor":12.0},{"not_picked":["Slimebound:GoopSpray","Slimebound:DisruptingSlam"],"picked":"Slimebound:SamplingLick","floor":13.0},{"not_picked":["Slimebound:GrowthPunch","Slimebound:PrepareCrush"],"picked":"Slimebound:HauntingLick","floor":14.0},{"not_picked":["Slimebound:SplitAcid","Slimebound:LeechEnergy","Slimebound:DisruptingSlam"],"picked":"SKIP","floor":15.0},{"not_picked":["Slimebound:FinishingTackle+1","Slimebound:HungryTackle+1","Slimebound:RollThrough+1"],"picked":"SKIP","floor":19.0},{"not_picked":["Slimebound:Recollect+1","Slimebound:GrowthPunch"],"picked":"Slimebound:Gluttony","floor":20.0},{"not_picked":["Slimebound:FirmFortitude","Slimebound:SplitLeeching"],"picked":"Slimebound:Dissolve+1","floor":21.0},{"not_picked":["Slimebound:SamplingLick","Slimebound:DivideAndConquer+1","Slimebound:GrowthPunch"],"picked":"SKIP","floor":23.0},{"not_picked":["Slimebound:LivingWall","Slimebound:SplitLeeching","Slimebound:FlameTackle"],"picked":"SKIP","floor":25.0},{"not_picked":["Slimebound:HauntingLick","Slimebound:Prepare","Slimebound:SplitBruiser"],"picked":"SKIP","floor":26.0},{"not_picked":["Slimebound:PressTheAttack","Slimebound:HauntingLick"],"picked":"Slimebound:SplitMire+1","floor":27.0},{"not_picked":["Slimebound:HungryTackle","Slimebound:FinishingTackle+1"],"picked":"Slimebound:TongueLash+1","floor":28.0},{"not_picked":["Slimebound:RallyTheTroops","Slimebound:SplitAcid+1"],"picked":"Slimebound:Darklings","floor":31.0},{"not_picked":["Slimebound:SplitAcid","Slimebound:ForwardTackle+1"],"picked":"Slimebound:SpikyOuterGoop","floor":32.0},{"not_picked":["Slimebound:Recycling","Slimebound:Darklings"],"picked":"Slimebound:OozeBath","floor":33.0},{"not_picked":["Slimebound:ComboTackle+1","Slimebound:SplitBruiser","Slimebound:Grow"],"picked":"SKIP","floor":36.0},{"not_picked":["Slimebound:SplitSpecialist+1","Slimebound:FinishingTackle+1","Slimebound:LevelUp"],"picked":"SKIP","floor":37.0},{"not_picked":["Slimebound:SplitLeeching","Slimebound:FlameTackle","Slimebound:Prepare+1"],"picked":"SKIP","floor":38.0},{"not_picked":["Slimebound:SplitAcid+1","Slimebound:SplitMire","Slimebound:HauntingLick"],"picked":"SKIP","floor":39.0},{"not_picked":["Slimebound:SplitAcid+1","Slimebound:SplitMire","Slimebound:HauntingLick"],"picked":"SKIP","floor":39.0},{"not_picked":["Slimebound:RollThrough","Slimebound:PrepareCrush"],"picked":"Slimebound:TongueLash+1","floor":40.0},{"not_picked":["Slimebound:BestDefense","Slimebound:ItLooksTasty"],"picked":"Slimebound:ViciousTackle+1","floor":43},{"not_picked":["Slimebound:SplitAcid+1","Slimebound:LeechEnergy","Slimebound:SplitLeeching"],"picked":"SKIP","floor":44},{"not_picked":["Slimebound:HungryTackle","Slimebound:Dissolve","Slimebound:LeechEnergy"],"picked":"SKIP","floor":45}],"player_experience":439015,"relics_obtained":[{"floor":6.0,"key":"Pantograph"},{"floor":7.0,"key":"Orichalcum"},{"floor":10.0,"key":"Whetstone"},{"floor":14.0,"key":"Art of War"},{"floor":17.0,"key":"Lantern"},{"floor":17.0,"key":"StrikeDummy"},{"floor":17.0,"key":"Ginger"},{"floor":23.0,"key":"Bronze Scales"},{"floor":24.0,"key":"Slimebound:AggressiveSlimeRelic"},{"floor":26.0,"key":"Blood Vial"},{"floor":31.0,"key":"Oddly Smooth Stone"},{"floor":43,"key":"Regal Pillow"},{"floor":43,"key":"Pear"}],"event_choices":[{"damage_healed":0.0,"max_hp_gain":0.0,"max_hp_loss":0.0,"gold_gain":0.0,"event_name":"Accursed Blacksmith","player_choice":"Forge","floor":4.0,"gold_loss":0.0,"damage_taken":0.0,"cards_upgraded":["Slimebound:GrowthPunch"]},{"damage_healed":0.0,"max_hp_gain":0.0,"max_hp_loss":0.0,"gold_gain":0.0,"event_name":"The Library","player_choice":"Read","floor":29.0,"gold_loss":0.0,"damage_taken":0.0,"cards_obtained":["Slimebound:SpikyOuterGoop"]}],"is_beta":false,"boss_relics":[{"not_picked":["Pandora\u0027s Box","Slimebound:AbsorbEndCombatUpgraded"],"picked":"Calling Bell"},{"not_picked":["Snecko Eye","Velvet Choker"],"picked":"Black Star"}],"items_purged_floors":[3,25,37],"is_endless":false,"potions_floor_spawned":[8,9,10,12,16,20,21,28,31,33,36,40,45],"killed_by":"Transient","ascension_level":5}}