{"host":"ve9aztkoyqeblvav","time":1613140929,"event":{"mods":["Act Like it!","Aspiration","BaseMod","Colored Map","Colored Powertips","Highlight Path","Minty Spire (QoL Compilation)","Pale of the Ancients","Quick Restart","Reorder Act Four","StSLib","The Hierophant","Waifu the Spire"],"gold_per_floor":[116,126,126,10,22,22,38,38,38,38,52,52,71,71,71,145,145,160,174,174,224,236,236,270,270,343,359,359,359,359],"floor_reached":29,"language":"ZHS","playtime":1037,"items_purged":["Strike_G"],"score":470,"play_id":"386c20d8-857c-4c46-aa37-476e399f827a","local_time":"20210212224209","is_ascension_mode":true,"campfire_choices":[{"data":"Acrobatics","floor":6.0,"key":"SMITH"},{"data":"Crippling Poison","floor":10.0,"key":"SMITH"},{"data":"Neutralize","floor":12.0,"key":"SMITH"},{"data":"Catalyst","floor":15.0,"key":"SMITH"},{"data":"Flechettes","floor":23.0,"key":"SMITH"},{"floor":25.0,"key":"REST"},{"floor":28,"key":"RECALL"}],"circlet_count":0,"master_deck":["AscendersBane","Strike_G","Strike_G","Strike_G","Defend_G","Defend_G","Defend_G","Defend_G+1","Defend_G","Survivor","Neutralize+1","Catalyst+1","Blur+1","Flechettes+1","Acrobatics+1","Crippling Poison+1","Injury","Noxious Fumes","Acrobatics+1","Corpse Explosion+1","Prepared+1","Adrenaline+1"],"relics":["Ring of the Snake","NeowsBlessing","Ginger","Toxic Egg 2","Blue Candle","Runic Pyramid","War Paint"],"acts_visited":["Exordium","TheCity"],"potions_floor_usage":[27,29],"damage_taken":[{"damage":0.0,"enemies":"Cultist","floor":1.0,"turns":1.0},{"damage":0.0,"enemies":"2 Louse","floor":2.0,"turns":1.0},{"damage":0.0,"enemies":"Small Slimes","floor":5.0,"turns":1.0},{"damage":7.0,"enemies":"3 Louse","floor":7.0,"turns":7.0},{"damage":0.0,"enemies":"2 Fungi Beasts","floor":11.0,"turns":3.0},{"damage":12.0,"enemies":"Large Slime","floor":13.0,"turns":5.0},{"damage":17.0,"enemies":"The Guardian","floor":16.0,"turns":10.0},{"damage":7.0,"enemies":"Spheric Guardian","floor":18.0,"turns":4.0},{"damage":7.0,"enemies":"3 Byrds","floor":19.0,"turns":2.0},{"damage":4.0,"enemies":"Sentry and Sphere","floor":22.0,"turns":4.0},{"damage":24.0,"enemies":"Slavers","floor":24.0,"turns":3.0},{"damage":8,"enemies":"Snecko","floor":27,"turns":4},{"damage":22,"enemies":"Gremlin Leader","floor":29,"turns":4}],"seed_played":"788154090939842682","potions_obtained":[{"floor":1.0,"key":"SkillPotion"},{"floor":2.0,"key":"Regen Potion"},{"floor":11.0,"key":"EntropicBrew"}],"is_trial":false,"path_per_floor":["M","M","?","$","M","R","M","?","T","R","M","R","M","?","R","B",null,"M","M","?","?","M","R","E","R","T","M","R","E"],"character_chosen":"THE_SILENT","items_purchased":["Flechettes"],"campfire_rested":1,"item_purchase_floors":[4],"current_hp_per_floor":[59,59,33,33,33,33,41,41,41,41,41,41,29,29,29,12,53,46,39,39,39,35,35,11,30,30,22,22,0,0],"gold":359,"neow_bonus":"THREE_ENEMY_KILL","is_daily":false,"chose_seed":false,"campfire_upgraded":5,"win_rate":0.0,"timestamp":1613140929,"path_taken":["M","?","?","$","M","R","M","?","T","R","M","R","M","?","R","BOSS","M","M","?","?","M","R","E","R","T","M","R","E"],"items_purchased_type":["Card"],"build_version":"2020-12-22","purchased_purges":1,"victory":false,"max_hp_per_floor":[66,66,66,66,66,66,66,66,66,66,66,66,66,66,66,66,66,66,66,66,66,66,66,66,66,66,66,66,66,66],"card_choices":[{"not_picked":["Dodge and Roll","Sucker Punch"],"picked":"Catalyst","floor":1.0},{"not_picked":["Finisher","Expertise"],"picked":"Blur","floor":2.0},{"not_picked":["Deflect","Tactician"],"picked":"Acrobatics","floor":5.0},{"not_picked":["Dodge and Roll","Quick Slash"],"picked":"Crippling Poison","floor":7.0},{"not_picked":["Predator","Bane"],"picked":"Noxious Fumes","floor":11.0},{"not_picked":["Sucker Punch","Poisoned Stab"],"picked":"Acrobatics+1","floor":13.0},{"not_picked":["Burst+1","Doppelganger+1"],"picked":"Corpse Explosion+1","floor":16.0},{"not_picked":["Outmaneuver+1","Noxious Fumes","Quick Slash"],"picked":"SKIP","floor":18.0},{"not_picked":["Acrobatics+1","Well Laid Plans","Dagger Throw"],"picked":"SKIP","floor":19.0},{"not_picked":["Deflect+1","Underhanded Strike+1","Endless Agony"],"picked":"SKIP","floor":22.0},{"not_picked":["Well Laid Plans","Bouncing Flask+1"],"picked":"Adrenaline+1","floor":24.0},{"not_picked":["Dodge and Roll+1","Setup+1","Dagger Spray"],"picked":"SKIP","floor":27}],"player_experience":1635708,"relics_obtained":[{"floor":9.0,"key":"Blue Candle"},{"floor":24.0,"key":"War Paint"}],"event_choices":[{"damage_healed":0.0,"max_hp_gain":0.0,"max_hp_loss":0.0,"gold_gain":0.0,"event_name":"Scrap Ooze","player_choice":"Success","floor":3.0,"gold_loss":0.0,"damage_taken":26.0,"relics_obtained":["Ginger"]},{"cards_removed":["Strike_G"],"damage_healed":0.0,"max_hp_gain":0.0,"max_hp_loss":0.0,"gold_gain":0.0,"event_name":"Living Wall","player_choice":"Forget","floor":14.0,"gold_loss":0.0,"damage_taken":0.0},{"damage_healed":0.0,"max_hp_gain":0.0,"max_hp_loss":0.0,"gold_gain":0.0,"event_name":"The Library","player_choice":"Read","floor":20.0,"gold_loss":0.0,"damage_taken":0.0,"cards_obtained":["Prepared"]},{"damage_healed":0.0,"max_hp_gain":0.0,"max_hp_loss":0.0,"gold_gain":50.0,"event_name":"Nest","player_choice":"Stole From Cult","floor":21.0,"gold_loss":0.0,"damage_taken":0.0}],"is_beta":false,"boss_relics":[{"not_picked":["aspiration:FutureDiary","Tiny House"],"picked":"Runic Pyramid"}],"items_purged_floors":[4],"is_endless":false,"potions_floor_spawned":[1,2,11,19],"killed_by":"Gremlin Leader","ascension_level":20}}