{"host":"o5jvvi5yapo90aia","time":1613154702,"event":{"mods":["BaseMod","CapriCore","Minty Spire (QoL Compilation)","MostiFishMod","Prisma Mod","Spicy Shops","StSLib","TestMod","The Immortal","Yakumo Yukari mod","【人物mod】游戏王New YuGiOh mod","【功能Mod】Neow奖励"],"gold_per_floor":[119,135,210,485,507,541,561,580,580,611,611,956,983,1013,1013,1096,1096,1126,1126,1146,1162,1184,1229,1254,1289,1289,309,353,380,406,321,321,396,396,427,453,6,406,437,477,511,556,556,556,605,330,363,395,395,410,425,425,425,159,203,218],"floor_reached":57,"language":"ZHS","playtime":1531,"items_purged":["Defend_P","Strike_P","Strike_P+1","Strike_P+1"],"score":3760,"play_id":"0942b812-8b02-4d69-9b2d-5e86b25afadf","local_time":"20210213023142","is_ascension_mode":true,"campfire_choices":[{"data":"Regret","floor":11.0,"key":"PURGE"},{"data":"Defend_P","floor":15.0,"key":"PURGE"},{"data":"Defend_P","floor":32.0,"key":"PURGE"},{"data":"Defend_P+1","floor":44.0,"key":"PURGE"},{"floor":49,"key":"RECALL"},{"data":"Strike_P+1","floor":53,"key":"PURGE"}],"circlet_count":0,"master_deck":["AscendersBane","Eruption+1","Vigilance+1","WheelKick+1","BowlingBash+1","Scrawl+1","InnerPeace+1","LessonLearned+1","Tantrum+1","MostiFishMod:Speedup+1","MentalFortress+1","Evaluate"],"relics":["testmod-TestBox","Philosopher\u0027s Stone","Brimstone","testmod-CardMagician","SynthV:TestCard","Whetstone","testmod-Antiphasic","Old Coin","RhineFirstAidKit","InkBottle","Regal Pillow","StoneCalendar","Civilization","Juzu Bracelet","testmod-EqualTreatment","OrangePellets","Kunai","testmod-BlackFramedGlasses","Black Star","testmod-CasingShield","testmod-BouquetWithThorns","CombinedTypeHook","Meat on the Bone","testmod-TurbochargingSystem","Orichalcum","Mummified Hand","Bottled Lightning","testmod-Maize","TeardropLocket"],"acts_visited":["Exordium","TheCity","TheBeyond","TheEnding"],"potions_floor_usage":[56,56,56],"damage_taken":[{"damage":0.0,"enemies":"Cultist","floor":1.0,"turns":3.0},{"damage":0.0,"enemies":"Small Slimes","floor":2.0,"turns":2.0},{"damage":0.0,"enemies":"Jaw Worm","floor":5.0,"turns":2.0},{"damage":27.0,"enemies":"Lagavulin","floor":6.0,"turns":5.0},{"damage":0.0,"enemies":"Red Slaver","floor":7.0,"turns":1.0},{"damage":6.0,"enemies":"Exordium Thugs","floor":8.0,"turns":2.0},{"damage":17.0,"enemies":"Gremlin Nob","floor":10.0,"turns":3.0},{"damage":0.0,"enemies":"3 Sentries","floor":12.0,"turns":2.0},{"damage":0.0,"enemies":"Lots of Slimes","floor":13.0,"turns":2.0},{"damage":0.0,"enemies":"Exordium Wildlife","floor":14.0,"turns":1.0},{"damage":0.0,"enemies":"Slime Boss","floor":16.0,"turns":4.0},{"damage":30.0,"enemies":"3 Byrds","floor":18.0,"turns":3.0},{"damage":15.0,"enemies":"Chosen","floor":20.0,"turns":3.0},{"damage":0.0,"enemies":"Snake Plant","floor":21.0,"turns":2.0},{"damage":0.0,"enemies":"Shelled Parasite and Fungi","floor":22.0,"turns":2.0},{"damage":0.0,"enemies":"Book of Stabbing","floor":23.0,"turns":2.0},{"damage":0.0,"enemies":"Snecko","floor":24.0,"turns":2.0},{"damage":20.0,"enemies":"Gremlin Leader","floor":25.0,"turns":3.0},{"damage":30.0,"enemies":"Slavers","floor":28.0,"turns":2.0},{"damage":14.0,"enemies":"Centurion and Healer","floor":29.0,"turns":4.0},{"damage":0.0,"enemies":"Cultist and Chosen","floor":30.0,"turns":3.0},{"damage":0.0,"enemies":"Automaton","floor":33.0,"turns":2.0},{"damage":0.0,"enemies":"Orb Walker","floor":35.0,"turns":2.0},{"damage":0.0,"enemies":"3 Darklings","floor":36.0,"turns":2.0},{"damage":0.0,"enemies":"Spire Growth","floor":39.0,"turns":2.0},{"damage":30.0,"enemies":"Nemesis","floor":40.0,"turns":3.0},{"damage":0.0,"enemies":"Jaw Worm Horde","floor":41.0,"turns":1.0},{"damage":0.0,"enemies":"Reptomancer","floor":42.0,"turns":2.0},{"damage":0.0,"enemies":"Giant Head","floor":45.0,"turns":2.0},{"damage":0,"enemies":"Transient","floor":47,"turns":1},{"damage":0,"enemies":"4 Shapes","floor":48,"turns":1},{"damage":0,"enemies":"Donu and Deca","floor":50,"turns":1},{"damage":0,"enemies":"Time Eater","floor":51,"turns":2},{"damage":0,"enemies":"Shield and Spear","floor":55,"turns":1},{"damage":0,"enemies":"The Heart","floor":56,"turns":4}],"seed_played":"8054697592603631450","potions_obtained":[{"floor":2.0,"key":"BottledMiracle"},{"floor":6.0,"key":"Explosive Potion"},{"floor":13.0,"key":"Swift Potion"},{"floor":21.0,"key":"Ancient Potion"},{"floor":25.0,"key":"Weak Potion"},{"floor":28.0,"key":"AttackPotion"},{"floor":33.0,"key":"testmod-TimePotion"},{"floor":40.0,"key":"SpeedPotion"},{"floor":41.0,"key":"testmod-SpacePotion"},{"floor":45.0,"key":"Fire Potion"},{"floor":48,"key":"SkillPotion"}],"is_trial":false,"path_per_floor":["M","M","?","?","M","E","M","M","T","E","R","E","M","M","R","B",null,"M","?","M","M","M","E","M","E","T","$","E","M","M","?","R","B",null,"M","M","$","?","M","E","M","E","T","R","E","$","M","M","R","B","B",null,"R","$","E","B",null],"character_chosen":"WATCHER","items_purchased":["Civilization","Juzu Bracelet","testmod-EqualTreatment","OrangePellets","MentalFortress","testmod-CasingShield","Bottled Lightning"],"campfire_rested":0,"item_purchase_floors":[27,27,27,27,27,37,54],"current_hp_per_floor":[63,65,54,54,56,31,33,29,29,14,14,16,18,20,20,22,57,29,23,10,10,68,68,68,48,48,48,76,67,74,74,74,81,89,96,101,101,101,106,87,97,108,108,108,119,119,129,139,139,146,151,151,151,151,156,161],"gold":218,"neow_bonus":"BOSS_RELIC","is_daily":false,"chose_seed":false,"campfire_upgraded":0,"win_rate":0.0,"timestamp":1613154702,"path_taken":["M","?","?","?","M","E","M","M","T","E","R","E","?","M","R","BOSS","M","?","M","?","M","E","?","E","T","$","E","M","M","?","R","BOSS","M","M","$","?","M","E","M","E","T","R","E","$","M","M","R","BOSS","BOSS","R","$","E","BOSS"],"items_purchased_type":["Relic","Relic","Relic","Relic","Card","Relic","Relic"],"build_version":"2020-12-22","purchased_purges":4,"victory":true,"max_hp_per_floor":[68,68,68,68,68,68,68,68,68,68,68,68,68,68,68,68,68,68,68,68,68,68,68,68,68,68,68,76,81,86,86,86,91,91,96,101,101,101,106,116,121,126,126,126,131,131,136,141,141,146,151,151,151,151,156,161],"card_choices":[{"not_picked":["Prostrate","FlyingSleeves","JustLucky"],"picked":"SKIP","floor":1.0},{"not_picked":["FlurryOfBlows","BowlingBash","Prostrate","ThirdEye"],"picked":"WheelKick","floor":2.0},{"not_picked":["Fasting2","MostiFishMod:LegendTransform","Evaluate","ClearTheMind","Consecrate"],"picked":"SKIP","floor":5.0},{"not_picked":["FollowUp","Wish","MostiFishMod:StarWish","MentalFortress"],"picked":"BowlingBash","floor":6.0},{"not_picked":["ThirdEye","ClearTheMind","Indignation","ForeignInfluence","FlyingSleeves"],"picked":"SKIP","floor":7.0},{"not_picked":["ThirdEye","WindmillStrike","BowlingBash","WheelKick","Consecrate"],"picked":"SKIP","floor":8.0},{"not_picked":["Collect","Halt","PathToVictory","Swivel"],"picked":"Scrawl","floor":10.0},{"not_picked":["MostiFishMod:Nomercy","Sanctity","BowlingBash","Crescendo","ThirdEye"],"picked":"SKIP","floor":12.0},{"not_picked":["WheelKick","MostiFishMod:ScryFuture","EmptyBody","SashWhip"],"picked":"InnerPeace","floor":13.0},{"not_picked":["ThirdEye","Prostrate","EmptyBody","CrushJoints","PathToVictory"],"picked":"SKIP","floor":14.0},{"not_picked":["Brilliance","MostiFishMod:Pointsdynamics","Ragnarok","MostiFishMod:StarWish"],"picked":"LessonLearned","floor":16.0},{"not_picked":["WaveOfTheHand","InnerPeace","Halt","ClearTheMind","Evaluate"],"picked":"SKIP","floor":18.0},{"not_picked":["Prostrate","FlurryOfBlows","JustLucky","ClearTheMind","SashWhip"],"picked":"SKIP","floor":20.0},{"not_picked":["FollowUp","MostiFishMod:ScryFuture","Vengeance","ReachHeaven+1"],"picked":"Tantrum","floor":21.0},{"not_picked":["ClearTheMind","FollowUp","EmptyBody","MostiFishMod:PathToVictory"],"picked":"MostiFishMod:Speedup","floor":22.0},{"not_picked":["Devotion","Vengeance","Consecrate","MostiFishMod:Clarity","Tantrum"],"picked":"SKIP","floor":23.0},{"not_picked":["Evaluate","Meditate","Crescendo","Collect+1","CutThroughFate"],"picked":"SKIP","floor":24.0},{"not_picked":["FollowUp","EmptyFist","PathToVictory","MostiFishMod:Speedup","LikeWater+1"],"picked":"SKIP","floor":25.0},{"not_picked":["DeceiveReality+1","FollowUp","ClearTheMind","ReachHeaven","Halt"],"picked":"SKIP","floor":28.0},{"not_picked":["Worship","Crescendo","CutThroughFate","LessonLearned","ClearTheMind"],"picked":"SKIP","floor":29.0},{"not_picked":["FlurryOfBlows","SandsOfTime","LikeWater","WheelKick+1","EmptyFist"],"picked":"SKIP","floor":30.0},{"not_picked":["SashWhip","Consecrate+1","MostiFishMod:Clarity","FlyingSleeves","FlurryOfBlows+1"],"picked":"SKIP","floor":35.0},{"not_picked":["FollowUp","Sanctity","ThirdEye+1","Protect","JustLucky"],"picked":"SKIP","floor":36.0},{"not_picked":["Prostrate","CrushJoints","PathToVictory","SandsOfTime","Fasting2"],"picked":"SKIP","floor":39.0},{"not_picked":["FlyingSleeves+1","MostiFishMod:Dust","EmptyFist","PathToVictory","Consecrate"],"picked":"SKIP","floor":40.0},{"not_picked":["CarveReality","FlyingSleeves","ReachHeaven","MostiFishMod:FlowState","MostiFishMod:Speedup"],"picked":"SKIP","floor":41.0},{"not_picked":["Crescendo+1","Protect","MostiFishMod:PathToVictory+1","Ragnarok","Conclude"],"picked":"SKIP","floor":42.0},{"not_picked":["Wireheading","ClearTheMind","BowlingBash","Alpha","PathToVictory"],"picked":"SKIP","floor":45.0},{"not_picked":["CrushJoints","Crescendo","Tantrum+1","Evaluate+1","EmptyFist"],"picked":"SKIP","floor":47},{"not_picked":["CrushJoints","Halt","MostiFishMod:ScryFuture","Protect+1","Prostrate"],"picked":"SKIP","floor":48},{"not_picked":["Weave","Wish","JustLucky+1","CutThroughFate"],"picked":"Evaluate","floor":55}],"player_experience":1525620,"relics_obtained":[{"floor":1.0,"key":"SynthV:TestCard"},{"floor":6.0,"key":"Whetstone"},{"floor":10.0,"key":"testmod-Antiphasic"},{"floor":12.0,"key":"Old Coin"},{"floor":23.0,"key":"InkBottle"},{"floor":25.0,"key":"Regal Pillow"},{"floor":26.0,"key":"StoneCalendar"},{"floor":28.0,"key":"Kunai"},{"floor":40.0,"key":"testmod-BouquetWithThorns"},{"floor":40.0,"key":"CombinedTypeHook"},{"floor":42.0,"key":"Meat on the Bone"},{"floor":42.0,"key":"testmod-TurbochargingSystem"},{"floor":45.0,"key":"Orichalcum"},{"floor":45.0,"key":"Mummified Hand"},{"floor":55,"key":"testmod-Maize"},{"floor":55,"key":"TeardropLocket"}],"event_choices":[{"damage_healed":0.0,"max_hp_gain":0.0,"max_hp_loss":0.0,"gold_gain":75.0,"event_name":"World of Goop","player_choice":"Gather Gold","floor":3.0,"gold_loss":0.0,"damage_taken":11.0},{"damage_healed":0.0,"max_hp_gain":0.0,"max_hp_loss":0.0,"gold_gain":275.0,"event_name":"Golden Shrine","player_choice":"Desecrate","floor":4.0,"gold_loss":0.0,"damage_taken":0.0,"cards_obtained":["Regret"]},{"damage_healed":0.0,"max_hp_gain":0.0,"max_hp_loss":0.0,"gold_gain":0.0,"event_name":"Knowing Skull","player_choice":"","floor":19.0,"potions_obtained":[],"gold_loss":0.0,"damage_taken":6.0,"cards_obtained":[]},{"damage_healed":0.0,"max_hp_gain":0.0,"max_hp_loss":0.0,"gold_gain":0.0,"event_name":"Addict","player_choice":"Obtained Relic","floor":31.0,"gold_loss":85.0,"damage_taken":0.0,"relics_obtained":["testmod-BlackFramedGlasses"]},{"damage_healed":0.0,"max_hp_gain":0.0,"max_hp_loss":0.0,"gold_gain":400.0,"event_name":"恩洛斯的盘子","player_choice":"Sell","floor":38.0,"relics_lost":["DaveBox"],"gold_loss":0.0,"damage_taken":0.0}],"is_beta":false,"boss_relics":[{"not_picked":["Ectoplasm","HereWithMe"],"picked":"RhineFirstAidKit"},{"not_picked":["NightmareShop","testmod-TimeTraveler"],"picked":"Black Star"}],"items_purged_floors":[27,37,46,46],"is_endless":false,"potions_floor_spawned":[2,6,8,13,20,21,25,28,30,33,40,41,45,48],"ascension_level":20}}