{"host":"pi8b3ffzwvxqztac","time":1613154695,"event":{"mods":["BaseMod","Colored Map","Custom Start","Downfall","Minty Spire (QoL Compilation)","StSLib"],"gold_per_floor":[117,117,131,144,160,160,186,186,256,267,267,282,50,67,67,67,67],"floor_reached":16,"language":"ENG","playtime":670,"items_purged":[],"score":135,"play_id":"4d33aaee-9ffd-4498-9d7f-1a2e5c073706","local_time":"20210213073135","is_ascension_mode":true,"campfire_choices":[{"data":"Eruption","floor":6.0,"key":"SMITH"},{"floor":8.0,"key":"REST"},{"data":"Devotion","floor":11.0,"key":"SMITH"},{"data":"Vigilance","floor":15.0,"key":"SMITH"}],"circlet_count":0,"master_deck":["Strike_P","Strike_P","Defend_P","Defend_P","Defend_P","Defend_P","Eruption+1","Vigilance+1","Consecrate","Meditate","Devotion+1","CutThroughFate","InnerPeace","Weave","Wireheading","CutThroughFate","Devotion+1","Swivel"],"relics":["PureWater","Bird Faced Urn","HornCleat","DollysMirror"],"acts_visited":["Exordium"],"potions_floor_usage":[],"damage_taken":[{"damage":3.0,"enemies":"Jaw Worm","floor":1.0,"turns":5.0},{"damage":0.0,"enemies":"Cultist","floor":3.0,"turns":2.0},{"damage":0.0,"enemies":"Small Slimes","floor":4.0,"turns":3.0},{"damage":0.0,"enemies":"Exordium Wildlife","floor":5.0,"turns":2.0},{"damage":59.0,"enemies":"Gremlin Nob","floor":7.0,"turns":6.0},{"damage":0.0,"enemies":"2 Fungi Beasts","floor":10.0,"turns":4.0},{"damage":0.0,"enemies":"Large Slime","floor":12.0,"turns":4.0},{"damage":14.0,"enemies":"Red Slaver","floor":14.0,"turns":3.0},{"damage":27,"enemies":"The Guardian","floor":16,"turns":8}],"seed_played":"8704856191339929065","potions_obtained":[{"floor":4.0,"key":"SpeedPotion"},{"floor":7.0,"key":"SteroidPotion"}],"is_trial":false,"path_per_floor":["M","?","M","M","M","R","E","R","T","M","R","M","$","M","R","B"],"character_chosen":"WATCHER","items_purchased":["Wireheading","CutThroughFate","DollysMirror"],"campfire_rested":1,"item_purchase_floors":[13,13,13],"current_hp_per_floor":[62,62,62,62,62,62,3,24,24,26,26,28,28,20,20,0,0],"gold":67,"neow_bonus":"REMOVE_CARD","is_daily":false,"chose_seed":false,"campfire_upgraded":3,"win_rate":0.0,"timestamp":1613154695,"path_taken":["M","?","M","?","M","R","E","R","T","M","R","M","$","M","R","BOSS"],"items_purchased_type":["Card","Card","Relic"],"build_version":"2020-12-22","purchased_purges":0,"victory":false,"max_hp_per_floor":[72,72,72,72,72,72,72,72,72,72,72,72,72,72,72,72,72],"card_choices":[{"not_picked":["FollowUp","MentalFortress"],"picked":"Consecrate","floor":1.0},{"not_picked":["PathToVictory","DeceiveReality"],"picked":"Meditate","floor":3.0},{"not_picked":["Consecrate","Conclude","ClearTheMind"],"picked":"SKIP","floor":4.0},{"not_picked":["Evaluate","BowlingBash"],"picked":"Devotion","floor":5.0},{"not_picked":["Crescendo","ClearTheMind"],"picked":"CutThroughFate","floor":7.0},{"not_picked":["ClearTheMind","CutThroughFate"],"picked":"InnerPeace","floor":10.0},{"not_picked":["EmptyFist","FlyingSleeves"],"picked":"Weave","floor":12.0},{"not_picked":["FlyingSleeves","Crescendo"],"picked":"Swivel","floor":14.0}],"player_experience":775232,"relics_obtained":[{"floor":7.0,"key":"Bird Faced Urn"},{"floor":9.0,"key":"HornCleat"}],"event_choices":[{"cards_removed":["Strike_P"],"damage_healed":0.0,"max_hp_gain":0.0,"max_hp_loss":0.0,"gold_gain":0.0,"event_name":"Bonfire Elementals","player_choice":"Offered Basic","floor":2.0,"gold_loss":0.0,"damage_taken":0.0}],"is_beta":false,"boss_relics":[],"items_purged_floors":[],"is_endless":false,"potions_floor_spawned":[4,7],"killed_by":"The Guardian","ascension_level":6}}