{"host":"gin1e6e6f2y0ngxx","time":1613122994,"event":{"mods":["AchievementEnabler","Act Like it!","BaseMod","Downfall","Hallownest","Infinite Spire","Minty Spire (QoL Compilation)","StSLib","The Bug Knight","The Cursed","The Hierophant","The Necromancer","The Runesmith"],"gold_per_floor":[111,111,129,142,156,156,167,201,201,221,221,240,240,252,252,355,355,369,468,480,151,168,199,199,232,232,259,196,241,272,284,296,411,423,453,482,504,527,51,83,83,109,133,133,152,152,162,196,196,296,296,304,316,318,32,41,38,38,37,37,50,50,77,87,90,90,162,162,162,161,152,152,151,166,171,183,235,238,238,245,245,245,245,301,301,307,307,290,290,290,290,293,266,290,277,275,287,287,288,288,309,309,314,359,369,371,379,401,404,423,423,423,433,436,436,443,443,494,494,497,497,412,437,186,204,204,218,218,219,209,209,209,217,217,299,299,301,297,281,305,302,302,317,317,317,336,336,656,656,643,643,546,596,596,53,69,101],"floor_reached":158,"language":"ENG","playtime":6717,"items_purged":[],"score":5343,"play_id":"9e09b367-dae1-4222-90d3-c52bb1a3510c","local_time":"20210211234314","is_ascension_mode":true,"campfire_choices":[{"data":"Blade Dance","floor":6.0,"key":"SMITH"},{"floor":11.0,"key":"DIG"},{"floor":13.0,"key":"DIG"},{"floor":15.0,"key":"REST"},{"floor":32.0,"key":"REST"},{"floor":41.0,"key":"DIG"},{"floor":44.0,"key":"DIG"},{"floor":49.0,"key":"DIG"},{"floor":58.0,"key":"DIG"},{"floor":66.0,"key":"DIG"},{"floor":83.0,"key":"DIG"},{"floor":91.0,"key":"DIG"},{"floor":100.0,"key":"DIG"},{"floor":117.0,"key":"DIG"},{"floor":134,"key":"DIG"},{"floor":142,"key":"DIG"},{"floor":144,"key":"REST"},{"floor":144,"key":"DIG"},{"floor":147,"key":"REST"},{"floor":147,"key":"DIG"},{"floor":151,"key":"REST"},{"floor":151,"key":"DIG"},{"floor":154,"key":"DIG"}],"circlet_count":0,"master_deck":["Strike_G+1","Strike_G+1","Defend_G+1","Defend_G+1","Defend_G+1","Defend_G+1","Survivor","Neutralize","Cloak And Dagger","Predator","Leg Sweep","Blade Dance+1","Blade Dance","Night Terror","Dagger Spray","Blade Dance","Quick Slash","Tools of the Trade","Backflip","Flying Knee","Infinite Blades+1","Adrenaline","Terror+1","Accuracy","infinitespire:NeuralNetwork+1","Blade Dance","Adrenaline","Dagger Throw+1","Sucker Punch","Accuracy+1","A Thousand Cuts","PiercingWail","Blur+1","Apotheosis","Accuracy","Backflip+1","Finesse","Outmaneuver","Blade Dance+1","Backstab+1","infinitespire:UltimateForm","Quick Slash+1","Cloak And Dagger","Accuracy","PiercingWail+1","Blade Dance","Outmaneuver","infinitespire:Punishment","Deflect+1","infinitespire:Collect","Cloak And Dagger+1","After Image+1","Infinite Blades","Blade Dance","Footwork","Accuracy","infinitespire:UltimateForm","After Image","Backflip+1","A Thousand Cuts+1","A Thousand Cuts+1"],"relics":["WristBlade","Kunai","Shovel","Bottled Lightning","Du-Vu Doll","Runic Pyramid","Nunchaku","Pen Nib","infinitespire:Bottled Soul","Matryoshka","infinitespire:PuzzleCube","Omamori","MawBank","Smiling Mask","Busted Crown","infinitespire:Lucky Rock","MealTicket","infinitespire:Beetle Shell","Paper Crane","Bag of Preparation","Runesmith:AutoHammer","Meat on the Bone","Calipers","Pantograph","SlaversCollar","ClockworkSouvenir","War Paint","Happy Flower","Tiny Chest","Bag of Marbles","Strawberry","Snake Skull","Centennial Puzzle","Black Star","Regal Pillow","Vajra","Lantern","Whetstone","PreservedInsect","infinitespire:Joker Card","Ice Cream","infinitespire:WardingShard","Toy Ornithopter","infinitespire:BottledMercury","infinitespire:CheckeredPen","Empty Cage","Orrery","Ancient Tea Set","Letter Opener","Dream Catcher","Anchor","Oddly Smooth Stone","Blood Vial","Potion Belt","InkBottle","Juzu Bracelet","HoveringKite","Orichalcum","HollowMod:PaleOreRelic","Bronze Scales","Tough Bandages","Unceasing Top","CaptainsWheel","White Beast Statue","HollowMod:StagPassRelic","infinitespire:Midas Blood","infinitespire:FocusingShard","Singing Bowl","Shuriken","Toxic Egg 2","Sundial","Pear","Gremlin Horn","Bottled Flame","Nilry\u0027s Codex","infinitespire:Magic Flask","Calling Bell","Darkstone Periapt","Ornamental Fan","Tingsha","Ninja Scroll","infinitespire:Eraser","infinitespire:EmpoweringShard","Question Card","Bottled Tornado","Mummified Hand","HollowMod:LifeEnderRelic","Molten Egg 2","HornCleat","Old Coin","Blue Candle","Frozen Egg 2","Tiny House","Mercury Hourglass","Runesmith:Nanobots","infinitespire:Golems Mask","Pocketwatch","StoneCalendar"],"acts_visited":["Exordium","TheCity","TheBeyond","Exordium","TheCity","TheBeyond","Exordium","TheCity","TheBeyond","TheEnding"],"potions_floor_usage":[137,152,152],"damage_taken":[{"damage":0.0,"enemies":"2 Louse","floor":1.0,"turns":2.0},{"damage":0.0,"enemies":"Small Slimes","floor":3.0,"turns":4.0},{"damage":7.0,"enemies":"Jaw Worm","floor":4.0,"turns":4.0},{"damage":0.0,"enemies":"2 Fungi Beasts","floor":5.0,"turns":4.0},{"damage":2.0,"enemies":"Large Slime","floor":7.0,"turns":4.0},{"damage":18.0,"enemies":"3 Sentries","floor":8.0,"turns":8.0},{"damage":0.0,"enemies":"Looter","floor":10.0,"turns":3.0},{"damage":0.0,"enemies":"Lots of Slimes","floor":12.0,"turns":4.0},{"damage":12.0,"enemies":"2 Fungi Beasts","floor":14.0,"turns":2.0},{"damage":0.0,"enemies":"Slime Boss","floor":16.0,"turns":3.0},{"damage":10.0,"enemies":"Shell Parasite","floor":18.0,"turns":3.0},{"damage":7.0,"enemies":"Spheric Guardian","floor":20.0,"turns":5.0},{"damage":18.0,"enemies":"Centurion and Healer","floor":22.0,"turns":4.0},{"damage":13.0,"enemies":"Nightmare","floor":23.0,"turns":6.0},{"damage":6.0,"enemies":"Book of Stabbing","floor":25.0,"turns":4.0},{"damage":0.0,"enemies":"Gremlin Leader","floor":27.0,"turns":5.0},{"damage":15.0,"enemies":"HollowMod:Nosk","floor":29.0,"turns":3.0},{"damage":0.0,"enemies":"Cultist and Chosen","floor":30.0,"turns":3.0},{"damage":18.0,"enemies":"Automaton","floor":33.0,"turns":8.0},{"damage":0.0,"enemies":"3 Darklings","floor":35.0,"turns":4.0},{"damage":0.0,"enemies":"Orb Walker","floor":36.0,"turns":2.0},{"damage":0.0,"enemies":"Maw","floor":37.0,"turns":6.0},{"damage":15.0,"enemies":"3 Darklings","floor":38.0,"turns":3.0},{"damage":10.0,"enemies":"Nemesis","floor":40.0,"turns":7.0},{"damage":6.0,"enemies":"Reptomancer","floor":42.0,"turns":7.0},{"damage":0.0,"enemies":"Sphere and 2 Shapes","floor":45.0,"turns":3.0},{"damage":0.0,"enemies":"3 Darklings","floor":47.0,"turns":3.0},{"damage":0.0,"enemies":"Nightmare","floor":48.0,"turns":6.0},{"damage":28.0,"enemies":"Time Eater","floor":50.0,"turns":8.0},{"damage":0.0,"enemies":"Cultist","floor":52.0,"turns":2.0},{"damage":0.0,"enemies":"2 Louse","floor":53.0,"turns":1.0},{"damage":0.0,"enemies":"Small Slimes","floor":54.0,"turns":1.0},{"damage":0.0,"enemies":"Blue Slaver","floor":56.0,"turns":1.0},{"damage":0.0,"enemies":"3 Sentries","floor":57.0,"turns":3.0},{"damage":0.0,"enemies":"Gremlin Gang","floor":59.0,"turns":2.0},{"damage":0.0,"enemies":"Lagavulin","floor":61.0,"turns":2.0},{"damage":0.0,"enemies":"HollowMod:MossKnight","floor":63.0,"turns":1.0},{"damage":0.0,"enemies":"Exordium Thugs","floor":64.0,"turns":1.0},{"damage":0.0,"enemies":"2 Fungi Beasts","floor":65.0,"turns":1.0},{"damage":1.0,"enemies":"Slime Boss","floor":67.0,"turns":3.0},{"damage":0.0,"enemies":"Chosen","floor":69.0,"turns":1.0},{"damage":4.0,"enemies":"2 Thieves","floor":70.0,"turns":2.0},{"damage":0.0,"enemies":"Centurion and Healer","floor":71.0,"turns":5.0},{"damage":0.0,"enemies":"Snecko","floor":72.0,"turns":1.0},{"damage":0.0,"enemies":"Sentry and Sphere","floor":73.0,"turns":1.0},{"damage":7.0,"enemies":"Slavers","floor":74.0,"turns":2.0},{"damage":0.0,"enemies":"Shelled Parasite and Fungi","floor":75.0,"turns":1.0},{"damage":0.0,"enemies":"Gremlin Leader","floor":76.0,"turns":2.0},{"damage":1.0,"enemies":"Book of Stabbing","floor":78.0,"turns":2.0},{"damage":16.0,"enemies":"Gremlin Leader","floor":80.0,"turns":2.0},{"damage":0.0,"enemies":"Automaton","floor":84.0,"turns":4.0},{"damage":0.0,"enemies":"Orb Walker","floor":86.0,"turns":1.0},{"damage":8.0,"enemies":"3 Darklings","floor":88.0,"turns":3.0},{"damage":0.0,"enemies":"HollowMod:StalkingDevout","floor":92.0,"turns":3.0},{"damage":0.0,"enemies":"Maw","floor":93.0,"turns":3.0},{"damage":0.0,"enemies":"Giant Head","floor":95.0,"turns":4.0},{"damage":0.0,"enemies":"Spire Growth","floor":96.0,"turns":1.0},{"damage":0.0,"enemies":"Nemesis","floor":97.0,"turns":3.0},{"damage":0.0,"enemies":"3 Darklings","floor":99.0,"turns":2.0},{"damage":0.0,"enemies":"Awakened One","floor":101.0,"turns":6.0},{"damage":0.0,"enemies":"2 Louse","floor":103.0,"turns":1.0},{"damage":0.0,"enemies":"Cultist","floor":105.0,"turns":1.0},{"damage":0.0,"enemies":"Small Slimes","floor":106.0,"turns":1.0},{"damage":0.0,"enemies":"Blue Slaver","floor":107.0,"turns":1.0},{"damage":0.0,"enemies":"Gremlin Nob","floor":108.0,"turns":1.0},{"damage":0.0,"enemies":"2 Fungi Beasts","floor":109.0,"turns":1.0},{"damage":0.0,"enemies":"Lagavulin","floor":110.0,"turns":1.0},{"damage":0.0,"enemies":"Red Slaver","floor":113.0,"turns":1.0},{"damage":0.0,"enemies":"Exordium Wildlife","floor":114.0,"turns":1.0},{"damage":0.0,"enemies":"3 Sentries","floor":116.0,"turns":2.0},{"damage":0.0,"enemies":"The Guardian","floor":118.0,"turns":4.0},{"damage":0.0,"enemies":"2 Thieves","floor":120.0,"turns":1.0},{"damage":22.0,"enemies":"Book of Stabbing","floor":125.0,"turns":2.0},{"damage":0,"enemies":"Slavers","floor":127,"turns":2},{"damage":0,"enemies":"Chosen","floor":129,"turns":1},{"damage":0,"enemies":"3 Cultists","floor":130,"turns":2},{"damage":0,"enemies":"Collector","floor":135,"turns":2},{"damage":0,"enemies":"3 Darklings","floor":137,"turns":1},{"damage":0,"enemies":"3 Shapes","floor":138,"turns":1},{"damage":0,"enemies":"3 Darklings","floor":139,"turns":4},{"damage":0,"enemies":"Sphere and 2 Shapes","floor":141,"turns":2},{"damage":0,"enemies":"Reptomancer","floor":143,"turns":1},{"damage":0,"enemies":"Nemesis","floor":146,"turns":1},{"damage":0,"enemies":"HollowMod:StalkingDevout","floor":148,"turns":1},{"damage":0,"enemies":"4 Shapes","floor":150,"turns":2},{"damage":0,"enemies":"infinitespire:LordOfFortification","floor":152,"turns":13},{"damage":0,"enemies":"Shield and Spear","floor":156,"turns":2},{"damage":0,"enemies":"The Heart","floor":157,"turns":6}],"seed_played":"-674292861960303590","potions_obtained":[{"floor":1.0,"key":"DuplicationPotion"},{"floor":8.0,"key":"champ:CounterPotion"},{"floor":10.0,"key":"AttackPotion"},{"floor":12.0,"key":"PowerPotion"},{"floor":22.0,"key":"FairyPotion"},{"floor":23.0,"key":"Energy Potion"},{"floor":29.0,"key":"Fire Potion"},{"floor":33.0,"key":"FearPotion"},{"floor":37.0,"key":"ColorlessPotion"},{"floor":38.0,"key":"EssenceOfSteel"},{"floor":57.0,"key":"Regen Potion"},{"floor":80.0,"key":"Guardian:BlockOnCardUsePotion"},{"floor":88.0,"key":"GhostInAJar"},{"floor":98.0,"key":"DuplicationPotion"},{"floor":98.0,"key":"Weak Potion"},{"floor":120.0,"key":"CultistPotion"},{"floor":138,"key":"Swift Potion"},{"floor":152,"key":"PowerPotion"},{"floor":153,"key":"CultistPotion"}],"is_trial":false,"path_per_floor":["M","?","M","M","M","R","M","E","T","M","R","M","R","M","R","B",null,"M","?","M","$","M","NM","AVR","E","T","E","?","E","M","?","R","B",null,"M","M","M","M","$","E","R","E","T","R","M","?","M","NM","R","B",null,"M","M","M","$","M","E","R","M","T","E","?","E","M","M","R","B",null,"M","M","M","M","M","E","M","E","T","E","?","E","T","?","R","B",null,"M","$","M","AVR","?","R","E","M","T","E","M","E","?","M","R","B",null,"M","T","M","M","M","E","M","E","T","$","M","M","?","E","R","B",null,"M","?","?","T","$","E","AVR","E","T","M","M","?","T","?","R","B",null,"M","M","M","T","M","R","E","R","T","E","R","E","?","M","R","B",null,"R","$","E","B",null],"character_chosen":"THE_SILENT","items_purchased":["Infinite Blades","Nunchaku","Adrenaline","Apotheosis","Accuracy","infinitespire:Lucky Rock","Backflip","Finesse","ClockworkSouvenir","War Paint","Singing Bowl","Runesmith:Nanobots","infinitespire:Golems Mask"],"campfire_rested":5,"item_purchase_floors":[21,21,21,39,39,39,39,39,55,55,124,155,155],"current_hp_per_floor":[70,75,75,68,68,68,66,48,48,48,48,48,48,36,58,58,75,65,65,58,58,40,27,27,21,21,21,21,6,6,6,28,10,75,75,75,75,60,60,50,50,44,44,44,44,44,44,44,44,41,75,75,75,75,75,75,75,75,75,75,82,92,92,92,92,92,91,92,92,88,88,88,88,81,81,81,81,80,80,64,64,64,64,89,92,92,92,88,88,88,88,88,88,88,88,90,92,92,92,92,92,92,92,92,92,92,92,92,92,92,92,92,92,92,92,92,92,92,92,92,92,92,92,92,72,72,86,86,90,94,94,94,78,78,105,110,112,112,114,114,116,116,118,120,120,122,124,126,126,128,130,130,137,137,137,139,139],"gold":101,"neow_bonus":"BOSS_RELIC","is_daily":false,"chose_seed":false,"campfire_upgraded":1,"win_rate":0.0,"timestamp":1613122994,"path_taken":["M","?","M","M","M","R","M","E","T","M","R","M","R","M","R","BOSS","M","?","M","$","M","NM","AVR","E","T","E","?","E","M","?","R","BOSS","M","M","M","M","$","E","R","E","T","R","M","?","M","NM","R","BOSS","M","M","M","$","M","E","R","M","T","E","?","E","?","M","R","BOSS","M","M","M","M","M","E","M","E","T","E","?","E","?","?","R","BOSS","M","$","M","AVR","?","R","E","M","T","E","M","E","?","M","R","BOSS","M","?","M","M","M","E","M","E","T","$","M","M","?","E","R","BOSS","M","?","?","?","$","E","AVR","E","T","M","M","?","?","?","R","BOSS","M","M","M","?","M","R","E","R","T","E","R","E","?","M","R","BOSS","R","$","E","BOSS"],"items_purchased_type":["Card","Relic","Card","Card","Card","Relic","Card","Card","Relic","Relic","Relic","Relic","Relic"],"build_version":"2020-12-22","purchased_purges":0,"victory":true,"max_hp_per_floor":[70,75,75,75,75,75,75,75,75,75,75,75,75,75,75,75,75,75,75,75,75,75,75,75,75,75,75,75,75,75,75,75,75,75,75,75,75,75,75,75,75,75,75,75,75,75,75,75,75,75,75,75,75,75,75,75,75,75,75,75,82,92,92,92,92,92,92,92,92,92,92,92,92,92,92,92,92,92,92,92,92,92,92,92,92,92,92,92,92,92,92,92,92,92,92,92,92,92,92,92,92,92,92,92,92,92,92,92,92,92,92,92,92,92,92,92,92,92,92,92,92,92,92,92,94,94,106,106,108,110,110,110,110,110,110,110,112,112,114,114,116,116,118,120,120,122,124,126,126,128,130,130,137,137,137,139,139],"card_choices":[{"not_picked":["Finisher","Skewer"],"picked":"Cloak And Dagger","floor":1.0},{"not_picked":["Dodge and Roll","Reflex"],"picked":"Predator","floor":3.0},{"not_picked":["Deadly Poison","Crippling Poison"],"picked":"Leg Sweep","floor":4.0},{"not_picked":["Outmaneuver","Masterful Stab"],"picked":"Blade Dance","floor":5.0},{"not_picked":["PiercingWail","Outmaneuver"],"picked":"Blade Dance","floor":7.0},{"not_picked":["Tactician","Choke"],"picked":"Night Terror","floor":8.0},{"not_picked":["Acrobatics","Masterful Stab"],"picked":"Dagger Spray","floor":10.0},{"not_picked":["Tactician","Blur"],"picked":"Blade Dance","floor":12.0},{"not_picked":["Poisoned Stab","Dagger Throw"],"picked":"Quick Slash","floor":14.0},{"not_picked":["Envenom","Die Die Die"],"picked":"Tools of the Trade","floor":16.0},{"not_picked":["Caltrops","Acrobatics"],"picked":"Backflip","floor":18.0},{"not_picked":["Blade Dance","Prepared"],"picked":"Flying Knee","floor":20.0},{"not_picked":["Masterful Stab","Prepared+1"],"picked":"Terror+1","floor":22.0},{"not_picked":["Outmaneuver","Terror"],"picked":"Accuracy","floor":23.0},{"not_picked":["Eviscerate","Predator+1"],"picked":"Blade Dance","floor":25.0},{"not_picked":["Catalyst","Prepared+1"],"picked":"Adrenaline","floor":27.0},{"not_picked":["Dash","Deadly Poison"],"picked":"Dagger Throw+1","floor":29.0},{"not_picked":["Underhanded Strike","Choke+1"],"picked":"Sucker Punch","floor":30.0},{"not_picked":["Unload","Envenom"],"picked":"A Thousand Cuts","floor":33.0},{"not_picked":["Acrobatics"],"picked":"SKIP","floor":35.0},{"not_picked":["Underhanded Strike+1"],"picked":"SKIP","floor":36.0},{"not_picked":[],"picked":"PiercingWail","floor":37.0},{"not_picked":[],"picked":"Blur+1","floor":38.0},{"not_picked":[],"picked":"Outmaneuver","floor":40.0},{"not_picked":["Dodge and Roll+1"],"picked":"SKIP","floor":42.0},{"not_picked":[],"picked":"Blade Dance+1","floor":45.0},{"not_picked":[],"picked":"Apotheosis","floor":46.0},{"not_picked":[],"picked":"Backstab+1","floor":47.0},{"not_picked":["infinitespire:Menacing","infinitespire:FinalStrike"],"picked":"infinitespire:UltimateForm","floor":48.0},{"not_picked":[],"picked":"Quick Slash+1","floor":48.0},{"not_picked":[],"picked":"Cloak And Dagger","floor":52.0},{"not_picked":[],"picked":"Accuracy","floor":53.0},{"not_picked":["Dodge and Roll"],"picked":"SKIP","floor":54.0},{"not_picked":["Dodge and Roll"],"picked":"SKIP","floor":56.0},{"not_picked":["Deadly Poison"],"picked":"SKIP","floor":57.0},{"not_picked":["Sucker Punch"],"picked":"SKIP","floor":59.0},{"not_picked":["Eviscerate"],"picked":"SKIP","floor":61.0},{"not_picked":["Heel Hook"],"picked":"SKIP","floor":63.0},{"not_picked":["Bane"],"picked":"SKIP","floor":64.0},{"not_picked":["Underhanded Strike"],"picked":"SKIP","floor":65.0},{"not_picked":["infinitespire:Oblivion","infinitespire:FinalStrike"],"picked":"infinitespire:SealOfDarkness+","floor":67.0},{"not_picked":[],"picked":"PiercingWail+1","floor":69.0},{"not_picked":["Prepared"],"picked":"SKIP","floor":70.0},{"not_picked":[],"picked":"Blade Dance","floor":71.0},{"not_picked":["Leg Sweep"],"picked":"SKIP","floor":72.0},{"not_picked":[],"picked":"Outmaneuver","floor":73.0},{"not_picked":["Unload"],"picked":"SKIP","floor":74.0},{"not_picked":["Acrobatics"],"picked":"SKIP","floor":75.0},{"not_picked":["Sucker Punch"],"picked":"SKIP","floor":76.0},{"not_picked":["Skewer+1"],"picked":"SKIP","floor":78.0},{"not_picked":["Slice"],"picked":"SKIP","floor":80.0},{"not_picked":["Deadly Poison"],"picked":"SKIP","floor":86.0},{"not_picked":["PiercingWail+1"],"picked":"SKIP","floor":88.0},{"not_picked":[],"picked":"Deflect+1","floor":89.0},{"not_picked":["PiercingWail"],"picked":"SKIP","floor":92.0},{"not_picked":["Deadly Poison"],"picked":"SKIP","floor":93.0},{"not_picked":["Deflect"],"picked":"SKIP","floor":95.0},{"not_picked":["Dodge and Roll+1"],"picked":"SKIP","floor":96.0},{"not_picked":["Night Terror"],"picked":"SKIP","floor":97.0},{"not_picked":[],"picked":"Cloak And Dagger+1","floor":99.0},{"not_picked":[],"picked":"After Image","floor":101.0},{"not_picked":["Quick Slash"],"picked":"SKIP","floor":103.0},{"not_picked":[],"picked":"Infinite Blades","floor":105.0},{"not_picked":["Slice"],"picked":"SKIP","floor":106.0},{"not_picked":[],"picked":"Blade Dance","floor":107.0},{"not_picked":["Crippling Poison"],"picked":"SKIP","floor":108.0},{"not_picked":["Poisoned Stab"],"picked":"SKIP","floor":109.0},{"not_picked":["Quick Slash"],"picked":"SKIP","floor":110.0},{"not_picked":["Riddle With Holes"],"picked":"SKIP","floor":113.0},{"not_picked":[],"picked":"Footwork","floor":114.0},{"not_picked":["Dagger Spray"],"picked":"SKIP","floor":116.0},{"not_picked":["Bouncing Flask"],"picked":"SKIP","floor":120.0},{"not_picked":["Dash+1"],"picked":"Singing Bowl","floor":125.0},{"not_picked":["PiercingWail+1"],"picked":"Singing Bowl","floor":127},{"not_picked":["Bane"],"picked":"Singing Bowl","floor":129},{"not_picked":["Flechettes"],"picked":"Singing Bowl","floor":130},{"not_picked":[],"picked":"After Image","floor":135},{"not_picked":["Riddle With Holes+1"],"picked":"Singing Bowl","floor":137},{"not_picked":[],"picked":"Backflip+1","floor":138},{"not_picked":["Dagger Spray+1"],"picked":"Singing Bowl","floor":139},{"not_picked":["Calculated Gamble+1"],"picked":"Singing Bowl","floor":141},{"not_picked":["Bane"],"picked":"Singing Bowl","floor":143},{"not_picked":["Dodge and Roll+1","Masterful Stab"],"picked":"Singing Bowl","floor":144},{"not_picked":["Bouncing Flask+1","Calculated Gamble+1"],"picked":"Singing Bowl","floor":146},{"not_picked":["Slice+1","Caltrops"],"picked":"Singing Bowl","floor":147},{"not_picked":["Blade Dance+1","Acrobatics+1"],"picked":"Singing Bowl","floor":148},{"not_picked":["Endless Agony+1","Bane+1"],"picked":"Singing Bowl","floor":150},{"not_picked":["Bane+1","Night Terror+1"],"picked":"Singing Bowl","floor":151},{"not_picked":["Venomology+1"],"picked":"A Thousand Cuts+1","floor":152},{"not_picked":["Prepared+1","Choke+1"],"picked":"Singing Bowl","floor":153},{"not_picked":["PiercingWail+1","Expertise+1"],"picked":"Singing Bowl","floor":156},{"not_picked":["Adrenaline+1"],"picked":"A Thousand Cuts+1","floor":157}],"player_experience":180161,"relics_obtained":[{"floor":8.0,"key":"Kunai"},{"floor":9.0,"key":"Shovel"},{"floor":11.0,"key":"Bottled Lightning"},{"floor":13.0,"key":"Du-Vu Doll"},{"floor":23.0,"key":"Pen Nib"},{"floor":25.0,"key":"Matryoshka"},{"floor":26.0,"key":"infinitespire:PuzzleCube"},{"floor":26.0,"key":"Omamori"},{"floor":27.0,"key":"MawBank"},{"floor":29.0,"key":"Smiling Mask"},{"floor":40.0,"key":"MealTicket"},{"floor":41.0,"key":"infinitespire:Beetle Shell"},{"floor":42.0,"key":"Paper Crane"},{"floor":43.0,"key":"Bag of Preparation"},{"floor":43.0,"key":"Runesmith:AutoHammer"},{"floor":44.0,"key":"Meat on the Bone"},{"floor":48.0,"key":"Calipers"},{"floor":49.0,"key":"Pantograph"},{"floor":57.0,"key":"Happy Flower"},{"floor":58.0,"key":"Tiny Chest"},{"floor":60.0,"key":"Bag of Marbles"},{"floor":61.0,"key":"Strawberry"},{"floor":63.0,"key":"Snake Skull"},{"floor":66.0,"key":"Centennial Puzzle"},{"floor":74.0,"key":"Regal Pillow"},{"floor":74.0,"key":"Vajra"},{"floor":76.0,"key":"Lantern"},{"floor":76.0,"key":"Whetstone"},{"floor":77.0,"key":"PreservedInsect"},{"floor":78.0,"key":"infinitespire:Joker Card"},{"floor":78.0,"key":"Ice Cream"},{"floor":80.0,"key":"infinitespire:WardingShard"},{"floor":80.0,"key":"Toy Ornithopter"},{"floor":81.0,"key":"infinitespire:BottledMercury"},{"floor":83.0,"key":"infinitespire:CheckeredPen"},{"floor":91.0,"key":"Ancient Tea Set"},{"floor":92.0,"key":"Letter Opener"},{"floor":92.0,"key":"Dream Catcher"},{"floor":94.0,"key":"Anchor"},{"floor":95.0,"key":"Oddly Smooth Stone"},{"floor":95.0,"key":"Blood Vial"},{"floor":97.0,"key":"Potion Belt"},{"floor":97.0,"key":"InkBottle"},{"floor":100.0,"key":"Juzu Bracelet"},{"floor":104.0,"key":"Orichalcum"},{"floor":108.0,"key":"HollowMod:PaleOreRelic"},{"floor":108.0,"key":"Bronze Scales"},{"floor":110.0,"key":"Tough Bandages"},{"floor":111.0,"key":"Unceasing Top"},{"floor":116.0,"key":"CaptainsWheel"},{"floor":116.0,"key":"White Beast Statue"},{"floor":117.0,"key":"HollowMod:StagPassRelic"},{"floor":123.0,"key":"infinitespire:FocusingShard"},{"floor":125.0,"key":"Shuriken"},{"floor":125.0,"key":"Toxic Egg 2"},{"floor":127,"key":"Sundial"},{"floor":127,"key":"Pear"},{"floor":128,"key":"Gremlin Horn"},{"floor":132,"key":"Bottled Flame"},{"floor":133,"key":"Nilry\u0027s Codex"},{"floor":134,"key":"infinitespire:Magic Flask"},{"floor":136,"key":"Darkstone Periapt"},{"floor":136,"key":"Ornamental Fan"},{"floor":136,"key":"Tingsha"},{"floor":140,"key":"Ninja Scroll"},{"floor":142,"key":"infinitespire:Eraser"},{"floor":143,"key":"infinitespire:EmpoweringShard"},{"floor":143,"key":"Question Card"},{"floor":144,"key":"Bottled Tornado"},{"floor":145,"key":"Mummified Hand"},{"floor":146,"key":"HollowMod:LifeEnderRelic"},{"floor":146,"key":"Molten Egg 2"},{"floor":147,"key":"HornCleat"},{"floor":148,"key":"Old Coin"},{"floor":148,"key":"Blue Candle"},{"floor":151,"key":"Frozen Egg 2"},{"floor":154,"key":"Mercury Hourglass"},{"floor":156,"key":"Pocketwatch"},{"floor":156,"key":"StoneCalendar"}],"event_choices":[{"damage_healed":0.0,"max_hp_gain":5.0,"max_hp_loss":0.0,"gold_gain":0.0,"event_name":"Big Fish","player_choice":"Donut","floor":2.0,"gold_loss":0.0,"damage_taken":0.0},{"damage_healed":0.0,"max_hp_gain":0.0,"max_hp_loss":0.0,"gold_gain":99.0,"event_name":"Nest","player_choice":"Stole From Cult","floor":19.0,"gold_loss":0.0,"damage_taken":0.0},{"cards_removed":["Strike_G"],"damage_healed":0.0,"max_hp_gain":0.0,"max_hp_loss":0.0,"gold_gain":0.0,"event_name":"Beggar","player_choice":"Gave Gold","floor":28.0,"gold_loss":75.0,"damage_taken":0.0},{"damage_healed":0.0,"max_hp_gain":0.0,"max_hp_loss":0.0,"gold_gain":0.0,"event_name":"The Library","player_choice":"Read","floor":31.0,"gold_loss":0.0,"damage_taken":0.0,"cards_obtained":["Accuracy"]},{"damage_healed":0.0,"max_hp_gain":0.0,"max_hp_loss":0.0,"gold_gain":0.0,"event_name":"SensoryStone","player_choice":"Memory 1","floor":46.0,"gold_loss":0.0,"damage_taken":0.0},{"cards_removed":["Apotheosis"],"damage_healed":0.0,"max_hp_gain":10.0,"max_hp_loss":0.0,"gold_gain":0.0,"event_name":"Bonfire Elementals","player_choice":"Offered Rare","floor":62.0,"gold_loss":0.0,"damage_taken":0.0},{"damage_healed":0.0,"max_hp_gain":0.0,"max_hp_loss":0.0,"gold_gain":0.0,"event_name":"Upgrade Shrine","player_choice":"Upgraded","floor":79.0,"gold_loss":0.0,"damage_taken":0.0,"cards_upgraded":["Infinite Blades"]},{"damage_healed":0.0,"max_hp_gain":0.0,"max_hp_loss":0.0,"gold_gain":0.0,"event_name":"Lab","player_choice":"Got Potions","floor":98.0,"gold_loss":0.0,"damage_taken":0.0},{"damage_healed":0.0,"max_hp_gain":0.0,"max_hp_loss":0.0,"gold_gain":0.0,"cards_transformed":["Defend_G"],"event_name":"Transmorgrifier","player_choice":"Transformed","floor":115.0,"gold_loss":0.0,"damage_taken":0.0,"cards_obtained":["Accuracy"]},{"damage_healed":0.0,"max_hp_gain":0.0,"max_hp_loss":0.0,"gold_gain":0.0,"event_name":"Back to Basics","player_choice":"Simplicity","floor":121.0,"gold_loss":0.0,"damage_taken":0.0,"cards_upgraded":["Defend_G","Defend_G","Defend_G"]},{"damage_healed":0.0,"max_hp_gain":0.0,"max_hp_loss":0.0,"gold_gain":0.0,"event_name":"Addict","player_choice":"Obtained Relic","floor":122.0,"gold_loss":85.0,"damage_taken":0.0,"relics_obtained":["infinitespire:Midas Blood"]},{"damage_healed":0,"gold_gain":0,"player_choice":"Upgraded","damage_taken":0,"max_hp_gain":0,"max_hp_loss":0,"event_name":"Upgrade Shrine","floor":131,"gold_loss":0,"cards_upgraded":["After Image"]},{"damage_healed":0,"gold_gain":0,"player_choice":"Obtained Book","damage_taken":16,"max_hp_gain":0,"max_hp_loss":0,"event_name":"Cursed Tome","floor":133,"gold_loss":0},{"damage_healed":0,"gold_gain":0,"player_choice":"Forge","damage_taken":0,"max_hp_gain":0,"max_hp_loss":0,"event_name":"Accursed Blacksmith","floor":149,"gold_loss":0,"cards_upgraded":["infinitespire:NeuralNetwork"]}],"is_beta":false,"boss_relics":[{"not_picked":["Fusion Hammer","bronze:MakeshiftBattery"],"picked":"Runic Pyramid"},{"not_picked":["Sozu","Runic Dome"],"picked":"Busted Crown"},{"not_picked":["Black Star","HoveringKite"],"picked":"SlaversCollar"},{"not_picked":["Tiny House","Astrolabe"],"picked":"Black Star"},{"not_picked":["Cursed Key","Runesmith:UraniumAnvil"],"picked":"Empty Cage"},{"not_picked":["Sozu","Runic Dome"],"picked":"HoveringKite"},{"not_picked":[]},{"not_picked":["bronze:MakeshiftBattery","Sozu"],"picked":"Calling Bell"},{"not_picked":["Astrolabe","Coffee Dripper"],"picked":"Tiny House"}],"items_purged_floors":[],"is_endless":true,"potions_floor_spawned":[1,8,10,12,22,23,25,29,33,37,38,40,45,48,53,57,61,64,67,70,71,76,78,80,84,86,88,93,101,105,107,108,114,116,118,120,125,127,129,130,135,137,138,139,141,143,146,148,150,152,156,157],"ascension_level":2}}