{"host":"eaiphzh066bwqdh7","time":1613150116,"event":{"mods":["BaseMod","Better Note","Halation","Hubris","Minty Spire (QoL Compilation)","Reliquary","Replay The Spire","StSLib"],"gold_per_floor":[214,234,246,246,246,246,257,322,369,369,404,415,435,448,448,448,448],"floor_reached":16,"language":"ENG","playtime":434,"items_purged":[],"score":125,"play_id":"6abed08d-633a-4e90-9f8b-a2b953d32b6b","local_time":"20210212121516","is_ascension_mode":true,"campfire_choices":[{"floor":6,"key":"REST"},{"floor":10,"key":"REST"},{"floor":15,"key":"REST"}],"circlet_count":0,"master_deck":["Strike_G","Strike_G","Strike_G","Strike_G","Strike_G","Defend_G","Defend_G","Defend_G","Defend_G","Defend_G","Survivor","Neutralize","Blade Dance","Backflip","Slice+1","Catalyst","Slice","Dagger Throw"],"relics":["Ring of the Snake","reliquary:Stiletto","reliquary:QuartzCube","ReplayFunnel","Tough Bandages"],"acts_visited":["Exordium"],"potions_floor_usage":[8,8,14],"damage_taken":[{"damage":2,"enemies":"Cultist","floor":1,"turns":5},{"damage":3,"enemies":"Small Slimes","floor":2,"turns":3},{"damage":0,"enemies":"2 Louse","floor":3,"turns":2},{"damage":0,"enemies":"Large Slime","floor":7,"turns":5},{"damage":20,"enemies":"Lagavulin Event","floor":8,"turns":5},{"damage":46,"enemies":"Lagavulin","floor":11,"turns":7},{"damage":4,"enemies":"Looter","floor":12,"turns":3},{"damage":14,"enemies":"Lots of Slimes","floor":13,"turns":6},{"damage":1,"enemies":"Exordium Thugs","floor":14,"turns":4},{"damage":30,"enemies":"Slime Boss","floor":16,"turns":3}],"seed_played":"-8990871743262062045","potions_obtained":[{"floor":2,"key":"Fire Potion"},{"floor":7,"key":"Explosive Potion"},{"floor":13,"key":"AttackPotion"}],"is_trial":false,"path_per_floor":["M","M","M","?","?","R","M","?","T","R","E","M","M","M","R","B"],"character_chosen":"THE_SILENT","items_purchased":[],"campfire_rested":3,"item_purchase_floors":[],"current_hp_per_floor":[68,65,65,47,47,68,68,48,48,69,23,19,5,4,25,0,0],"gold":448,"neow_bonus":"HUNDRED_GOLD","is_daily":false,"chose_seed":false,"campfire_upgraded":0,"win_rate":0.0,"timestamp":1613150116,"path_taken":["M","?","M","?","?","R","M","?","T","R","E","M","M","M","R","BOSS"],"items_purchased_type":[],"build_version":"2020-12-22","purchased_purges":0,"victory":false,"max_hp_per_floor":[70,70,70,70,70,70,70,70,70,70,70,70,70,70,70,70,70],"card_choices":[{"not_picked":["PiercingWail","Well Laid Plans"],"picked":"Blade Dance","floor":1},{"not_picked":["Deflect","Sucker Punch"],"picked":"Backflip","floor":2},{"not_picked":["Poisoned Stab","Quick Slash"],"picked":"Slice","floor":3},{"not_picked":["Sneak Up","ReplayTheSpireMod:The Works","Underhanded Strike"],"picked":"SKIP","floor":7},{"not_picked":["Blur","Heel Hook","Replay:Poison Smokescreen"],"picked":"SKIP","floor":11},{"not_picked":["hubris:SlightOfHand","Malaise"],"picked":"Catalyst","floor":12},{"not_picked":["Cloak And Dagger","ReplayTheSpireMod:The Works"],"picked":"Slice","floor":13},{"not_picked":["Dagger Spray","ReplayTheSpireMod:Exploit Weakness"],"picked":"Dagger Throw","floor":14}],"player_experience":296400,"relics_obtained":[{"floor":9,"key":"ReplayFunnel"},{"floor":11,"key":"Tough Bandages"}],"event_choices":[{"damage_healed":0,"gold_gain":0,"player_choice":"Success","damage_taken":18,"relics_obtained":["reliquary:Stiletto"],"max_hp_gain":0,"max_hp_loss":0,"event_name":"Scrap Ooze","floor":4,"gold_loss":0},{"damage_healed":0,"gold_gain":0,"player_choice":"Searched \u00273\u0027 times","damage_taken":0,"relics_obtained":["reliquary:QuartzCube"],"max_hp_gain":0,"max_hp_loss":0,"event_name":"Dead Adventurer","floor":8,"gold_loss":0}],"is_beta":false,"boss_relics":[],"items_purged_floors":[],"is_endless":false,"potions_floor_spawned":[2,7,13],"killed_by":"Slime Boss","ascension_level":4}}