{"host":"2rbn7ywmirq5y689","time":1613153155,"event":{"mods":["BaseMod","Colored Map","Colored Powertips","Highlight Path","Minty Spire (QoL Compilation)","Rare Cards Sparkle","Relic Stats","StSLib"],"gold_per_floor":[110,126,25,25,25,52,52,52,78,89,89,108,125,200,200,295,345,359,269,97,108,127,155,155,155,155],"floor_reached":25,"language":"ENG","playtime":971,"items_purged":["Strike_B","Defend_B"],"score":258,"play_id":"f88faa4f-1142-44df-bc50-bde1474e2233","local_time":"20210213020555","is_ascension_mode":true,"campfire_choices":[{"data":"Zap","floor":7,"key":"SMITH"},{"data":"Defragment","floor":11,"key":"SMITH"},{"data":"Defragment","floor":15,"key":"SMITH"}],"circlet_count":0,"master_deck":["Strike_B+1","Defend_B","Defend_B","Defend_B","Zap+1","Dualcast","Capacitor","Cold Snap","Coolheaded+1","Defragment+1","Defragment+1","Barrage","Machine Learning","Capacitor","Streamline+1","Self Repair","Barrage","Defragment","Redo+1"],"relics":["Cracked Core","NeowsBlessing","Bottled Lightning","Happy Flower","Tiny House","Peace Pipe"],"acts_visited":["Exordium","TheCity"],"potions_floor_usage":[16,23,23],"damage_taken":[{"damage":0,"enemies":"Jaw Worm","floor":1,"turns":1},{"damage":0,"enemies":"Small Slimes","floor":2,"turns":1},{"damage":0,"enemies":"Lagavulin","floor":6,"turns":1},{"damage":0,"enemies":"Cultist","floor":10,"turns":4},{"damage":2,"enemies":"Large Slime","floor":12,"turns":3},{"damage":8,"enemies":"3 Louse","floor":13,"turns":3},{"damage":8,"enemies":"Hexaghost","floor":16,"turns":8},{"damage":5,"enemies":"Chosen","floor":18,"turns":5},{"damage":10,"enemies":"3 Byrds","floor":21,"turns":4},{"damage":15,"enemies":"Cultist and Chosen","floor":22,"turns":5},{"damage":11,"enemies":"Book of Stabbing","floor":23,"turns":5},{"damage":60,"enemies":"Gremlin Leader","floor":25,"turns":4}],"seed_played":"7634134870037222710","potions_obtained":[{"floor":2,"key":"EssenceOfSteel"},{"floor":12,"key":"EssenceOfSteel"},{"floor":13,"key":"PotionOfCapacity"},{"floor":16,"key":"Weak Potion"},{"floor":17,"key":"SkillPotion"}],"is_trial":false,"path_per_floor":["M","M","$","?","$","E","R","?","T","M","R","M","M","?","R","B",null,"M","?","$","M","M","E","?","E"],"character_chosen":"DEFECT","items_purchased":["Coolheaded","Self Repair"],"campfire_rested":0,"item_purchase_floors":[3,20],"current_hp_per_floor":[75,75,75,75,75,75,75,68,68,68,68,66,58,47,47,39,80,75,75,75,72,57,53,53,0,0],"gold":155,"neow_bonus":"THREE_ENEMY_KILL","is_daily":false,"chose_seed":false,"campfire_upgraded":3,"win_rate":0.0,"timestamp":1613153155,"path_taken":["M","M","$","?","$","E","R","?","T","M","R","M","M","?","R","BOSS","M","?","$","M","?","E","?","E"],"items_purchased_type":["Card","Card"],"build_version":"2020-12-22","purchased_purges":2,"victory":false,"max_hp_per_floor":[75,75,75,75,75,75,75,75,75,75,75,75,75,75,75,75,80,80,80,80,80,80,80,80,80,80],"relic_stats":{"Peace Pipe":0,"Happy Flower":[13],"counters":[12,44],"obtain_stats":[{"Peace Pipe":23,"Tiny House":17,"NeowsBlessing":0,"Happy Flower":9,"Bottled Lightning":6,"Cracked Core":0},{"Peace Pipe":11,"Tiny House":7,"NeowsBlessing":0,"Happy Flower":3,"Bottled Lightning":3,"Cracked Core":0},{"Peace Pipe":40,"Tiny House":21,"NeowsBlessing":0,"Happy Flower":3,"Bottled Lightning":3,"Cracked Core":0}]},"card_choices":[{"not_picked":["Sweeping Beam","Stack"],"picked":"Capacitor","floor":1},{"not_picked":["Turbo","Redo"],"picked":"Cold Snap","floor":2},{"not_picked":["Steam","Capacitor","Double Energy"],"picked":"SKIP","floor":6},{"not_picked":["Coolheaded","Reprogram"],"picked":"Defragment","floor":10},{"not_picked":["Storm","Go for the Eyes"],"picked":"Defragment","floor":12},{"not_picked":["BootSequence","Cold Snap"],"picked":"Barrage","floor":13},{"not_picked":["Multi-Cast","Amplify"],"picked":"Machine Learning","floor":16},{"not_picked":["Undo","Steam Power"],"picked":"Capacitor","floor":17},{"not_picked":["Leap","Ball Lightning"],"picked":"Streamline+1","floor":18},{"not_picked":["Streamline","Seek"],"picked":"Barrage","floor":21},{"not_picked":["Leap+1","Sweeping Beam+1"],"picked":"Defragment","floor":22},{"not_picked":["Stack","Cold Snap"],"picked":"Redo+1","floor":23}],"player_experience":228814,"relics_obtained":[{"floor":6,"key":"Bottled Lightning"},{"floor":9,"key":"Happy Flower"},{"floor":23,"key":"Peace Pipe"}],"event_choices":[{"damage_healed":0,"gold_gain":0,"player_choice":"Ignored","damage_taken":0,"max_hp_gain":0,"max_hp_loss":0,"event_name":"Shining Light","floor":4,"gold_loss":0},{"cards_removed":["Strike_B"],"damage_healed":0,"gold_gain":0,"player_choice":"Card Removal","damage_taken":7,"max_hp_gain":0,"max_hp_loss":0,"event_name":"Golden Wing","floor":8,"gold_loss":0},{"damage_healed":0,"gold_gain":75,"player_choice":"Gather Gold","damage_taken":11,"max_hp_gain":0,"max_hp_loss":0,"event_name":"World of Goop","floor":14,"gold_loss":0},{"cards_removed":["Strike_B"],"damage_healed":0,"gold_gain":0,"player_choice":"Upgrade and Remove","damage_taken":0,"max_hp_gain":0,"max_hp_loss":0,"event_name":"Designer","floor":19,"gold_loss":90,"cards_upgraded":["Coolheaded"]},{"damage_healed":0,"gold_gain":0,"player_choice":"Ignored","damage_taken":0,"max_hp_gain":0,"max_hp_loss":0,"event_name":"Ghosts","floor":24,"gold_loss":0}],"is_beta":false,"boss_relics":[{"not_picked":["Coffee Dripper","Pandora\u0027s Box"],"picked":"Tiny House"}],"items_purged_floors":[3,20],"is_endless":false,"potions_floor_spawned":[2,12,13,16,21,22],"killed_by":"Gremlin Leader","ascension_level":1}}