{"host":"6s56i2m8qxa2yngo","time":1613098683,"event":{"mods":["100% Spire Juice","2.2 Compatiblity","Act Like it!","AlwaysNeverKeys","Arknights","Aspiration","BaseMod","Better Altar","Better Match","Better Note","Better Sensory Stone","Better Skull","Better Third Choice","Better Vampires","CapriCore","Card Forge","Challenge The Spire","Conspire","DeckTracker","Energized Spire","Evolution","Faster Ascension Climbing","Friendly Minions","Gold Saver","Halation","Hubris","Minty Spire (QoL Compilation)","Permanent Neow","Prisma Mod","Quarter Circle Forward PUNCH!","Railgun Mod","Relic Filter","Remilia??????","Remove Card Discount Mod","Replay The Spire","Shop Mod","Small Relic Pack","StSLib","SuperFastMode","The Alterego","The Animator","The Death Knight","The Edgeheg","The Immortal","The Kombatant","The Marked","TheSurvivalist","Uncapped","Wandering Minibosses"],"gold_per_floor":[83,83,98,11,23,51,51,69,69,88,120,133,133,160,160,232,232,248,248,248,74,92,122,13,13,86,121,136,136,136],"floor_reached":29,"language":"ENG","playtime":3181,"items_purged":[],"score":916,"play_id":"a83c12db-2c6e-4d97-9f5f-72025fcf391a","local_time":"20210211205803","is_ascension_mode":true,"campfire_choices":[{"floor":13,"key":"REST"},{"floor":15,"key":"REST"}],"circlet_count":0,"master_deck":["theEdgeheg:StarterDodgeSkill+1","theEdgeheg:StarterDodgeSkill+1","theEdgeheg:StarterDodgeSkill+1","theEdgeheg:BloodyKatana+1","theEdgeheg:ChaosControlSkill+1","theEdgeheg:DoubleStun+1","theEdgeheg:Fastness+1","theEdgeheg:Knives+1","theEdgeheg:DodgeKatana+1","theEdgeheg:MasterEmerald+1","theEdgeheg:Parry+1","theEdgeheg:Fastness+1","theEdgeheg:TimmyBackflip+1","theEdgeheg:ChaosWhip+1","theEdgeheg:ChaosWhip+1","theEdgeheg:ChaosControlSkill+1","theEdgeheg:CSGun","theEdgeheg:Tsk+1"],"relics":["theEdgeheg:UltimateLifeformRelic","theEdgeheg:CSGunRelic","Seething Fire","Anvil of the Gods","EVO:Axolotl","Replay:Wax Seal","aspiration:BabyByrd","ReplayTheSpireMod:Lightbulb","Replay:Accelerometer","Coffee Dripper","alterego_mod:SomeoneToFightFor","MerchantsRug","Durian","Membership Card","aspiration:SeaSaltIceCream","conspire:TreasureMap","DeathKnight:SindragosasSkull"],"acts_visited":["Exordium","TheCity"],"potions_floor_usage":[],"damage_taken":[{"damage":1,"enemies":"ats:Genji","floor":1,"turns":3},{"damage":1,"enemies":"Jaw Worm","floor":3,"turns":5},{"damage":0,"enemies":"conspire:RoseBush","floor":5,"turns":3},{"damage":0,"enemies":"Lagavulin","floor":6,"turns":8},{"damage":1,"enemies":"Exordium Wildlife","floor":8,"turns":3},{"damage":0,"enemies":"Exordium Thugs","floor":10,"turns":5},{"damage":1,"enemies":"Gremlin Nob","floor":11,"turns":7},{"damage":0,"enemies":"conspire:2 RoseBushes","floor":12,"turns":9},{"damage":0,"enemies":"Lagavulin","floor":14,"turns":16},{"damage":0,"enemies":"Slime Boss","floor":16,"turns":17},{"damage":0,"enemies":"Chosen","floor":18,"turns":9},{"damage":0,"enemies":"3 Byrds","floor":22,"turns":10},{"damage":0,"enemies":"Slavers","floor":23,"turns":10},{"damage":0,"enemies":"Gremlin Leader","floor":27,"turns":12},{"damage":0,"enemies":"Snake Plant","floor":28,"turns":11},{"damage":10,"enemies":"Cultist and Chosen","floor":29,"turns":3}],"seed_played":"-1523276887888529934","potions_obtained":[{"floor":1,"key":"Fire Potion"},{"floor":3,"key":"PowerPotion"},{"floor":23,"key":"Swift Potion"},{"floor":27,"key":"DeathKnight:RimePotion"}],"is_trial":false,"path_per_floor":["M","?","M","$","M","E","?","M","T","M","E","M","R","E","R","B",null,"M","?","?","$","M","E","$","R","T","E","M","M"],"character_chosen":"THE_DEFAULT","items_purchased":["Replay:Wax Seal","MerchantsRug","theEdgeheg:ChaosWhip","Membership Card","theEdgeheg:ChaosControlSkill"],"campfire_rested":2,"item_purchase_floors":[4,21,21,24,24],"current_hp_per_floor":[3,4,4,4,5,5,5,5,5,5,4,5,5,5,5,5,5,5,5,5,5,5,6,6,6,6,8,9,0,0],"gold":136,"neow_bonus":"THREE_RARE_CARDS","is_daily":false,"chose_seed":false,"campfire_upgraded":0,"win_rate":0.0,"timestamp":1613098683,"path_taken":["M","?","M","?","M","E","?","M","T","M","E","M","R","E","R","BOSS","M","?","?","$","M","E","?","R","T","E","M","?"],"items_purchased_type":["Relic","Relic","Card","Relic","Card"],"build_version":"2020-12-22","purchased_purges":0,"victory":false,"max_hp_per_floor":[5,5,5,5,5,5,5,5,5,5,5,5,5,5,5,5,5,5,5,5,5,5,10,10,10,10,10,10,10,10],"card_choices":[{"not_picked":["theEdgeheg:RocketLauncher","theEdgeheg:CSGun"],"picked":"theEdgeheg:DoubleStun","floor":0},{"not_picked":["theEdgeheg:SupersonicSpeed","theEdgeheg:SelfHarmIsNotCool"],"picked":"theEdgeheg:Fastness","floor":1},{"not_picked":["theEdgeheg:CrazyGirlfriend","theEdgeheg:BlackKatana"],"picked":"theEdgeheg:Knives","floor":3},{"not_picked":["theEdgeheg:GirlWithGun","theEdgeheg:Fastness"],"picked":"theEdgeheg:DodgeKatana","floor":5},{"not_picked":["theEdgeheg:KatanaGF","theEdgeheg:BloodyKatana"],"picked":"theEdgeheg:QuickKatana","floor":6},{"not_picked":["theEdgeheg:ChaosControlSkill","theEdgeheg:ChaosCards"],"picked":"theEdgeheg:DrawGun","floor":8},{"not_picked":["theEdgeheg:CoolExplosion","theEdgeheg:TeleportsAbove"],"picked":"theEdgeheg:MasterEmerald","floor":10},{"not_picked":["theEdgeheg:CoolExplosion","theEdgeheg:RuleOfCool"],"picked":"theEdgeheg:GirlWithGun","floor":11},{"not_picked":["theEdgeheg:Disrobe","theEdgeheg:ChaosControlSkill"],"picked":"theEdgeheg:Parry","floor":12},{"not_picked":["theEdgeheg:BetterShoot","theEdgeheg:ChaosControlSkill"],"picked":"theEdgeheg:Fastness","floor":14},{"not_picked":["theEdgeheg:RocketLauncher","theEdgeheg:HappyTimmy"],"picked":"theEdgeheg:SoulSiphon","floor":16},{"not_picked":["theEdgeheg:Heh","theEdgeheg:MachineGun"],"picked":"theEdgeheg:TimmyBackflip","floor":18},{"not_picked":["theEdgeheg:ChaosCards","theEdgeheg:Shotgun"],"picked":"theEdgeheg:GunSteal+1","floor":22},{"not_picked":["theEdgeheg:Shotgun","theEdgeheg:MasterEmerald","theEdgeheg:ChaosKatana+1"],"picked":"SKIP","floor":23},{"not_picked":["theEdgeheg:Girlfriend","theEdgeheg:Knives"],"picked":"theEdgeheg:CSGun","floor":27},{"not_picked":["theEdgeheg:KatanaGF","theEdgeheg:TimmyBackflip"],"picked":"theEdgeheg:Tsk","floor":28}],"player_experience":177129,"relics_obtained":[{"floor":6,"key":"conspire:TopHat"},{"floor":9,"key":"Anchor"},{"floor":11,"key":"ReplayTheSpireMod:Lightbulb"},{"floor":14,"key":"Replay:Accelerometer"},{"floor":23,"key":"Durian"},{"floor":26,"key":"aspiration:SeaSaltIceCream"},{"floor":27,"key":"DeathKnight:SindragosasSkull"}],"event_choices":[{"damage_healed":0,"gold_gain":0,"player_choice":"Choice 2","damage_taken":0,"relics_obtained":["alterego_mod:SomeoneToFightFor"],"max_hp_gain":0,"max_hp_loss":0,"event_name":"Secret Garden","floor":19,"gold_loss":0}],"is_beta":false,"boss_relics":[{"not_picked":["hubris:Stopwatch","aspiration:WatcherSkillbook"],"picked":"Coffee Dripper"}],"items_purged_floors":[],"is_endless":false,"potions_floor_spawned":[1,3,10,12,18,23,27],"killed_by":"Cultist and Chosen","ascension_level":20}}