{"host":"qxeepl7ydvsgmfdb","time":1613143590,"event":{"mods":["AchievementEnabler","BaseMod","Colored Powertips","Minty Spire (QoL Compilation)","Quick Restart","slay the spire mod where everything is the same but ironclad has a cowboy hat"],"gold_per_floor":[111,111,111,111,36,71,71,71,71,102,125,125,159,182,182,278,278,293,293,293,317,19,19,63,63,63,104,104,129,154,154,154,247,247,267,267,298,318,334,334,334,334,357,391,73,96,96,137,137,137],"floor_reached":51,"language":"ENG","playtime":3810,"items_purged":["Survivor"],"score":1487,"play_id":"847e55e3-0e61-46df-8b83-a44409987a9d","local_time":"20210212102630","is_ascension_mode":true,"campfire_choices":[{"floor":7.0,"key":"REST"},{"floor":15.0,"key":"REST"},{"floor":23.0,"key":"REST"},{"floor":32.0,"key":"REST"},{"data":"Finisher","floor":40.0,"key":"SMITH"},{"floor":42.0,"key":"REST"},{"data":"After Image","floor":49,"key":"SMITH"}],"circlet_count":0,"master_deck":["AscendersBane","Strike_G","Strike_G","Strike_G","Defend_G","Defend_G+1","Defend_G","Defend_G+1","Neutralize","Noxious Fumes","Corpse Explosion+1","Blade Dance+1","All Out Attack","Deadly Poison+1","Catalyst+1","After Image+1","Dagger Spray","Blade Dance+1","Deflect+1","Blade Dance+1","Blade Dance+1","Footwork","Finisher+1","Cloak And Dagger+1","Cloak And Dagger+1"],"relics":["Ring of the Snake","NeowsBlessing","Mercury Hourglass","Golden Idol","Toxic Egg 2","Ancient Tea Set","InkBottle","Kunai","Gambling Chip","Pocketwatch","Nloth\u0027s Gift","Orichalcum","Pantograph","Shuriken","The Specimen","Nilry\u0027s Codex","Busted Crown","Lizard Tail","Nunchaku","War Paint","Strawberry","Pear","Toy Ornithopter"],"acts_visited":["Exordium","TheCity","TheBeyond"],"potions_floor_usage":[44,50],"damage_taken":[{"damage":0.0,"enemies":"2 Louse","floor":1.0,"turns":1.0},{"damage":0.0,"enemies":"Lagavulin","floor":6.0,"turns":1.0},{"damage":0.0,"enemies":"3 Sentries","floor":10.0,"turns":1.0},{"damage":0.0,"enemies":"Jaw Worm","floor":11.0,"turns":3.0},{"damage":16.0,"enemies":"Gremlin Nob","floor":13.0,"turns":4.0},{"damage":0.0,"enemies":"Small Slimes","floor":14.0,"turns":1.0},{"damage":9.0,"enemies":"The Guardian","floor":16.0,"turns":5.0},{"damage":25.0,"enemies":"2 Thieves","floor":18.0,"turns":3.0},{"damage":8.0,"enemies":"Chosen","floor":21.0,"turns":3.0},{"damage":6.0,"enemies":"Slavers","floor":24.0,"turns":3.0},{"damage":12.0,"enemies":"Gremlin Leader","floor":27.0,"turns":4.0},{"damage":0.0,"enemies":"Snecko","floor":29.0,"turns":3.0},{"damage":4.0,"enemies":"Sentry and Sphere","floor":30.0,"turns":4.0},{"damage":7.0,"enemies":"Colosseum Slavers","floor":31.0,"turns":3.0},{"damage":14.0,"enemies":"Automaton","floor":33.0,"turns":7.0},{"damage":34.0,"enemies":"3 Darklings","floor":35.0,"turns":4.0},{"damage":0.0,"enemies":"Mind Bloom Boss Battle","floor":37.0,"turns":2.0},{"damage":4.0,"enemies":"3 Shapes","floor":38.0,"turns":2.0},{"damage":2.0,"enemies":"Jaw Worm Horde","floor":39.0,"turns":3.0},{"damage":0,"enemies":"Giant Head","floor":44,"turns":5},{"damage":0,"enemies":"Maw","floor":46,"turns":4},{"damage":22,"enemies":"Reptomancer","floor":48,"turns":4},{"damage":51,"enemies":"Time Eater","floor":50,"turns":10}],"seed_played":"-5819414344405459975","potions_obtained":[{"floor":13.0,"key":"Weak Potion"},{"floor":14.0,"key":"Fruit Juice"},{"floor":21.0,"key":"PowerPotion"},{"floor":24.0,"key":"Poison Potion"},{"floor":33.0,"key":"ColorlessPotion"},{"floor":35.0,"key":"BlessingOfTheForge"},{"floor":41.0,"key":"PowerPotion"},{"floor":41.0,"key":"CunningPotion"}],"is_trial":false,"path_per_floor":["M","?","?","T","$","E","R","T","T","E","M","?","E","M","R","B",null,"M","?","?","M","$","R","E","$","T","E","?","M","M","?","R","B",null,"M","?","?","M","M","R","?","R","T","E","$","M","T","E","R","B",null],"character_chosen":"THE_SILENT","items_purchased":["Noxious Fumes","Orichalcum","GhostInAJar","Deflect+1","Strawberry","Energy Potion","Cloak And Dagger+1"],"campfire_rested":5,"item_purchase_floors":[5,22,22,22,45,45,45],"current_hp_per_floor":[59,59,36,36,36,36,55,55,55,55,55,55,39,44,65,56,67,42,42,42,34,34,55,49,49,49,37,16,16,12,5,26,37,63,29,29,54,50,48,48,48,69,69,69,76,76,86,64,64,42],"gold":137,"neow_bonus":"THREE_ENEMY_KILL","is_daily":false,"chose_seed":false,"campfire_upgraded":2,"win_rate":0.0,"timestamp":1613143590,"path_taken":["M","?","?","?","?","E","R","?","T","E","M","?","E","M","R","BOSS","M","?","?","?","$","R","E","$","T","E","?","M","M","?","R","BOSS","M","?","?","M","M","R","?","R","T","E","$","?","?","E","R","BOSS"],"items_purchased_type":["Card","Relic","Potion","Card","Relic","Potion","Card"],"build_version":"2020-12-22","purchased_purges":1,"victory":true,"max_hp_per_floor":[66,66,66,66,66,66,66,66,66,66,66,66,66,71,71,71,71,71,71,71,71,71,71,71,71,71,71,71,71,71,71,71,71,71,71,71,71,71,71,71,71,71,71,71,78,78,88,88,88,88],"card_choices":[{"not_picked":["Flying Knee","Dodge and Roll","Predator"],"picked":"SKIP","floor":1.0},{"not_picked":["Backflip+1","All Out Attack"],"picked":"Corpse Explosion+1","floor":6.0},{"not_picked":["Concentrate+1","Dodge and Roll+1"],"picked":"Blade Dance+1","floor":10.0},{"not_picked":["Leg Sweep+1","Calculated Gamble+1"],"picked":"All Out Attack","floor":11.0},{"not_picked":["Underhanded Strike","Eviscerate"],"picked":"Deadly Poison+1","floor":13.0},{"not_picked":["Flechettes","Caltrops"],"picked":"Catalyst+1","floor":14.0},{"not_picked":["Unload","Bullet Time+1"],"picked":"After Image","floor":16.0},{"not_picked":["Leg Sweep+1","Dagger Throw"],"picked":"Dagger Spray","floor":18.0},{"not_picked":["Bouncing Flask+1","Heel Hook"],"picked":"Blade Dance+1","floor":21.0},{"not_picked":["Reflex+1","Unload","After Image"],"picked":"SKIP","floor":24.0},{"not_picked":["Bane","Dash+1","Bouncing Flask+1"],"picked":"SKIP","floor":27.0},{"not_picked":["Dagger Spray","Setup+1"],"picked":"Blade Dance+1","floor":29.0},{"not_picked":["Skewer+1","Endless Agony"],"picked":"Blade Dance+1","floor":30.0},{"not_picked":["Flying Knee"],"picked":"SKIP","floor":35.0},{"not_picked":[],"picked":"Footwork","floor":38.0},{"not_picked":[],"picked":"Finisher","floor":39.0},{"not_picked":[],"picked":"Cloak And Dagger+1","floor":44},{"not_picked":["Reflex+1"],"picked":"SKIP","floor":46},{"not_picked":["Sucker Punch"],"picked":"SKIP","floor":48}],"player_experience":154916,"relics_obtained":[{"floor":4.0,"key":"Toxic Egg 2"},{"floor":6.0,"key":"Ancient Tea Set"},{"floor":8.0,"key":"InkBottle"},{"floor":9.0,"key":"Kunai"},{"floor":10.0,"key":"Gambling Chip"},{"floor":13.0,"key":"Pocketwatch"},{"floor":24.0,"key":"Pantograph"},{"floor":26.0,"key":"Shuriken"},{"floor":27.0,"key":"The Specimen"},{"floor":28.0,"key":"Nilry\u0027s Codex"},{"floor":37.0,"key":"Lizard Tail"},{"floor":43.0,"key":"Nunchaku"},{"floor":44,"key":"War Paint"},{"floor":47,"key":"Pear"},{"floor":48,"key":"Toy Ornithopter"}],"event_choices":[{"damage_healed":0.0,"max_hp_gain":0.0,"max_hp_loss":0.0,"gold_gain":0.0,"event_name":"Big Fish","player_choice":"Box","floor":2.0,"gold_loss":0.0,"damage_taken":0.0,"relics_obtained":["Mercury Hourglass"],"cards_obtained":["Regret"]},{"damage_healed":0.0,"max_hp_gain":0.0,"max_hp_loss":0.0,"gold_gain":0.0,"event_name":"Golden Idol","player_choice":"Take Damage","floor":3.0,"gold_loss":0.0,"damage_taken":23.0,"relics_obtained":["Golden Idol"]},{"cards_removed":["Regret"],"damage_healed":0.0,"max_hp_gain":0.0,"max_hp_loss":0.0,"gold_gain":0.0,"event_name":"Living Wall","player_choice":"Forget","floor":12.0,"gold_loss":0.0,"damage_taken":0.0},{"cards_removed":["Defend_G"],"damage_healed":0.0,"max_hp_gain":0.0,"max_hp_loss":0.0,"gold_gain":0.0,"event_name":"Back to Basics","player_choice":"Elegance","floor":19.0,"gold_loss":0.0,"damage_taken":0.0},{"damage_healed":0.0,"max_hp_gain":0.0,"max_hp_loss":0.0,"gold_gain":0.0,"event_name":"N\u0027loth","player_choice":"Traded Relic","floor":20.0,"relics_lost":["Empty Cage"],"gold_loss":0.0,"damage_taken":0.0,"relics_obtained":["Nloth\u0027s Gift"]},{"damage_healed":0.0,"max_hp_gain":0.0,"max_hp_loss":0.0,"gold_gain":0.0,"event_name":"Cursed Tome","player_choice":"Obtained Book","floor":28.0,"gold_loss":0.0,"damage_taken":21.0},{"damage_healed":0.0,"max_hp_gain":0.0,"max_hp_loss":0.0,"gold_gain":0.0,"event_name":"Colosseum","player_choice":"Fight","floor":31.0,"gold_loss":0.0,"damage_taken":0.0},{"damage_healed":0.0,"max_hp_gain":0.0,"max_hp_loss":0.0,"gold_gain":0.0,"event_name":"Colosseum","player_choice":"Fled From Nobs","floor":31.0,"gold_loss":0.0,"damage_taken":0.0},{"damage_healed":0.0,"max_hp_gain":0.0,"max_hp_loss":0.0,"gold_gain":0.0,"event_name":"Mysterious Sphere","player_choice":"Ignored","floor":36.0,"gold_loss":0.0,"damage_taken":0.0},{"damage_healed":0.0,"max_hp_gain":0.0,"max_hp_loss":0.0,"gold_gain":0.0,"event_name":"MindBloom","player_choice":"Fight","floor":37.0,"gold_loss":0.0,"damage_taken":0.0},{"damage_healed":0.0,"max_hp_gain":0.0,"max_hp_loss":0.0,"gold_gain":0.0,"event_name":"Lab","player_choice":"Got Potions","floor":41.0,"gold_loss":0.0,"damage_taken":0.0}],"is_beta":false,"boss_relics":[{"not_picked":["Ectoplasm","Cursed Key"],"picked":"Empty Cage"},{"not_picked":["Runic Dome","Astrolabe"],"picked":"Busted Crown"}],"items_purged_floors":[45],"is_endless":false,"potions_floor_spawned":[13,14,21,24,30,33,35,46,48],"ascension_level":15}}