{"host":"lv3zv4svf9qrs9uo","time":1613118231,"event":{"mods":["AchievementEnabler","BaseMod","Minty Spire (QoL Compilation)","Relic Stats"],"gold_per_floor":[115,115,45,45,64,93,118,159,220,261,290,331,355,388,400,510,522,553,565,577,605,627,639,499,527,527,546,571,571,571,571],"floor_reached":30,"language":"ENG","playtime":3170,"items_purged":["Strike_P+1"],"score":435,"play_id":"3613cc42-65ab-4904-b8cb-7e04526ae6b2","local_time":"20210212002351","is_ascension_mode":true,"campfire_choices":[{"data":"TalkToTheHand","floor":15.0,"key":"SMITH"},{"floor":23.0,"key":"REST"}],"circlet_count":0,"master_deck":["Strike_P+1","Strike_P+1","Strike_P+1","Defend_P+1","Defend_P+1","Defend_P+1","Defend_P+1","Eruption","Vigilance","FlyingSleeves","ConjureBlade","BowlingBash","TalkToTheHand+1","WaveOfTheHand","CutThroughFate","EmptyFist","ClearTheMind","LikeWater","Crescendo","Wireheading","BowlingBash+1","J.A.X."],"relics":["Busted Crown","Shuriken","MawBank","Ornamental Fan","Omamori","Ginger","Juzu Bracelet","Odd Mushroom","VioletLotus","Ice Cream","Molten Egg 2","Shovel"],"acts_visited":["Exordium","TheCity"],"potions_floor_usage":[],"damage_taken":[{"damage":0.0,"enemies":"Small Slimes","floor":1.0,"turns":2.0},{"damage":0.0,"enemies":"Cultist","floor":5.0,"turns":2.0},{"damage":22.0,"enemies":"Gremlin Nob","floor":6.0,"turns":4.0},{"damage":0.0,"enemies":"Jaw Worm","floor":7.0,"turns":3.0},{"damage":0.0,"enemies":"Lagavulin","floor":8.0,"turns":4.0},{"damage":3.0,"enemies":"Gremlin Nob","floor":10.0,"turns":3.0},{"damage":6.0,"enemies":"Exordium Thugs","floor":11.0,"turns":2.0},{"damage":6.0,"enemies":"Lagavulin","floor":12.0,"turns":4.0},{"damage":3.0,"enemies":"Blue Slaver","floor":13.0,"turns":3.0},{"damage":12.0,"enemies":"The Mushroom Lair","floor":14.0,"turns":4.0},{"damage":7.0,"enemies":"Hexaghost","floor":16.0,"turns":7.0},{"damage":7.0,"enemies":"Chosen","floor":18.0,"turns":5.0},{"damage":0.0,"enemies":"2 Thieves","floor":21.0,"turns":3.0},{"damage":24.0,"enemies":"Snake Plant","floor":22.0,"turns":3.0},{"damage":0.0,"enemies":"Slavers","floor":25.0,"turns":5.0},{"damage":0.0,"enemies":"Cultist and Chosen","floor":27.0,"turns":3.0},{"damage":15,"enemies":"Book of Stabbing","floor":28,"turns":7},{"damage":28,"enemies":"Gremlin Leader","floor":30,"turns":3}],"seed_played":"-1058598361623476875","potions_obtained":[{"floor":2.0,"key":"Swift Potion"},{"floor":2.0,"key":"ColorlessPotion"},{"floor":2.0,"key":"DistilledChaos"},{"floor":6.0,"key":"GamblersBrew"},{"floor":7.0,"key":"AttackPotion"},{"floor":10.0,"key":"FearPotion"},{"floor":12.0,"key":"EssenceOfSteel"},{"floor":13.0,"key":"Dexterity Potion"},{"floor":18.0,"key":"Fruit Juice"},{"floor":21.0,"key":"Explosive Potion"},{"floor":25.0,"key":"Block Potion"}],"is_trial":false,"path_per_floor":["M","?","$","?","M","E","M","E","T","E","M","E","M","?","R","B",null,"M","?","?","M","M","R","$","E","T","M","E","?","E"],"character_chosen":"WATCHER","items_purchased":["ConjureBlade","Wireheading"],"campfire_rested":1,"item_purchase_floors":[3,24],"current_hp_per_floor":[72,72,72,72,72,50,50,50,50,47,41,35,32,20,20,13,57,50,37,37,37,13,36,36,36,36,36,21,21,0,0],"gold":571,"neow_bonus":"BOSS_RELIC","is_daily":false,"chose_seed":false,"campfire_upgraded":1,"win_rate":0.0,"timestamp":1613118231,"path_taken":["M","?","?","?","M","E","M","E","T","E","M","E","M","?","R","BOSS","M","?","?","M","M","R","$","E","T","M","E","?","E"],"items_purchased_type":["Card","Card"],"build_version":"2020-12-22","purchased_purges":1,"victory":false,"max_hp_per_floor":[72,72,72,72,72,72,72,72,72,72,72,72,72,72,72,72,72,72,77,77,77,77,77,77,77,77,77,77,77,77,77],"relic_stats":{"Busted Crown":34,"Shovel":0,"counters":[18,67],"Shuriken":[24],"Ornamental Fan":[80],"VioletLotus":[7],"Juzu Bracelet":1,"Ginger":[4],"MawBank":216,"obtain_stats":[{"Ice Cream":25,"Omamori":9,"Juzu Bracelet":12,"Ginger":10,"Odd Mushroom":14,"MawBank":6,"Busted Crown":0,"Shovel":28,"Shuriken":4,"Ornamental Fan":8,"Molten Egg 2":26,"VioletLotus":17,"PureWater":0},{"Ice Cream":15,"Omamori":5,"Juzu Bracelet":8,"Ginger":6,"Odd Mushroom":10,"MawBank":3,"Busted Crown":0,"Shovel":17,"Shuriken":1,"Ornamental Fan":5,"Molten Egg 2":15,"VioletLotus":11,"PureWater":0},{"Ice Cream":54,"Omamori":15,"Juzu Bracelet":24,"Ginger":18,"Odd Mushroom":31,"MawBank":8,"Busted Crown":0,"Shovel":64,"Shuriken":2,"Ornamental Fan":15,"Molten Egg 2":54,"VioletLotus":38,"PureWater":0}]},"card_choices":[{"not_picked":[],"picked":"FlyingSleeves","floor":1.0},{"not_picked":[],"picked":"BowlingBash","floor":5.0},{"not_picked":[],"picked":"TalkToTheHand","floor":6.0},{"not_picked":[],"picked":"WaveOfTheHand","floor":7.0},{"not_picked":[],"picked":"CutThroughFate","floor":8.0},{"not_picked":["SandsOfTime"],"picked":"SKIP","floor":10.0},{"not_picked":[],"picked":"EmptyFist","floor":11.0},{"not_picked":["Nirvana"],"picked":"SKIP","floor":12.0},{"not_picked":[],"picked":"ClearTheMind","floor":13.0},{"not_picked":[],"picked":"LikeWater","floor":14.0},{"not_picked":[],"picked":"Crescendo","floor":18.0},{"not_picked":["Consecrate"],"picked":"SKIP","floor":21.0},{"not_picked":["Indignation+1"],"picked":"SKIP","floor":22.0},{"not_picked":["FollowUp"],"picked":"SKIP","floor":25.0},{"not_picked":["SignatureMove+1"],"picked":"SKIP","floor":27.0},{"not_picked":["BowlingBash+1"],"picked":"SKIP","floor":28},{"not_picked":[],"picked":"BowlingBash+1","floor":28}],"player_experience":576501,"relics_obtained":[{"floor":6.0,"key":"MawBank"},{"floor":8.0,"key":"Ornamental Fan"},{"floor":9.0,"key":"Omamori"},{"floor":10.0,"key":"Ginger"},{"floor":12.0,"key":"Juzu Bracelet"},{"floor":14.0,"key":"Odd Mushroom"},{"floor":25.0,"key":"Ice Cream"},{"floor":26.0,"key":"Molten Egg 2"},{"floor":28,"key":"Shovel"}],"event_choices":[{"damage_healed":0.0,"max_hp_gain":0.0,"max_hp_loss":0.0,"gold_gain":0.0,"event_name":"Lab","player_choice":"Got Potions","floor":2.0,"gold_loss":0.0,"damage_taken":0.0},{"damage_healed":0.0,"max_hp_gain":0.0,"max_hp_loss":0.0,"gold_gain":0.0,"event_name":"WeMeetAgain","player_choice":"Gave Potion","floor":4.0,"gold_loss":0.0,"damage_taken":0.0,"relics_obtained":["Shuriken"]},{"damage_healed":0.0,"max_hp_gain":0.0,"max_hp_loss":0.0,"gold_gain":0.0,"event_name":"Mushrooms","player_choice":"Fought Mushrooms","floor":14.0,"gold_loss":0.0,"damage_taken":0.0},{"damage_healed":0.0,"max_hp_gain":5.0,"max_hp_loss":0.0,"gold_gain":0.0,"event_name":"Forgotten Altar","player_choice":"Shed Blood","floor":19.0,"gold_loss":0.0,"damage_taken":18.0},{"damage_healed":0.0,"max_hp_gain":0.0,"max_hp_loss":0.0,"gold_gain":0.0,"event_name":"Back to Basics","player_choice":"Simplicity","floor":20.0,"gold_loss":0.0,"damage_taken":0.0,"cards_upgraded":["Strike_P","Strike_P","Strike_P","Strike_P","Defend_P","Defend_P","Defend_P","Defend_P"]},{"damage_healed":0,"gold_gain":0,"player_choice":"Obtain J.A.X.","damage_taken":0,"max_hp_gain":0,"max_hp_loss":0,"event_name":"Drug Dealer","floor":29,"gold_loss":0,"cards_obtained":["J.A.X."]}],"is_beta":false,"boss_relics":[{"not_picked":["Ectoplasm","Runic Dome"],"picked":"VioletLotus"}],"items_purged_floors":[24],"is_endless":false,"potions_floor_spawned":[6,7,10,12,13,18,21,25],"killed_by":"Gremlin Leader","ascension_level":5}}