{"host":"ul3z8ex5o8l5j7mh","time":1613160629,"event":{"mods":["AchievementEnabler","BaseMod","Bestiary","Colored Map","Colored Powertips","DeckTracker","Keyboard Shortcuts","Minty Spire (QoL Compilation)","Relic Sorter","Relic Stats","SuperFastMode"],"gold_per_floor":[119,131,131,131,56,81,91,126,150,184,184,198,211,66,66,171,171,191,201,22,121,153,183,183,58,110,135,155,155,169,181,181,285,285,295,295,295],"floor_reached":36,"language":"ENG","playtime":1339,"items_purged":["Regret","Strike_R","Strike_R"],"score":621,"play_id":"ff492d4b-46e7-446a-bbd9-4e9ea9e513a7","local_time":"20210212211029","is_ascension_mode":true,"campfire_choices":[{"data":"Anger","floor":11.0,"key":"SMITH"},{"data":"Anger","floor":15.0,"key":"SMITH"},{"data":"Searing Blow","floor":24.0,"key":"SMITH"},{"data":"Searing Blow+1","floor":29.0,"key":"SMITH"},{"floor":32.0,"key":"REST"}],"circlet_count":0,"master_deck":["Strike_R","Strike_R","Defend_R","Defend_R","Defend_R","Defend_R","Bash","Anger+1","Anger+1","Corruption","Inflame","Searing Blow+2","Anger","Anger+1","Normality","Intimidate","Evolve"],"relics":["Burning Blood","NeowsBlessing","Anchor","Pen Nib","Boot","Potion Belt","CaptainsWheel","Brimstone","Cursed Key","Red Mask","Letter Opener","Bag of Marbles","Shuriken","Busted Crown"],"acts_visited":["Exordium","TheCity","TheBeyond"],"potions_floor_usage":[33,33,33],"damage_taken":[{"damage":0.0,"enemies":"Jaw Worm","floor":1.0,"turns":1.0},{"damage":0.0,"enemies":"2 Louse","floor":2.0,"turns":1.0},{"damage":0.0,"enemies":"Gremlin Nob","floor":6.0,"turns":1.0},{"damage":0.0,"enemies":"Cultist","floor":7.0,"turns":2.0},{"damage":25.0,"enemies":"Lagavulin","floor":8.0,"turns":5.0},{"damage":32.0,"enemies":"Gremlin Nob","floor":10.0,"turns":4.0},{"damage":0.0,"enemies":"2 Fungi Beasts","floor":12.0,"turns":3.0},{"damage":1.0,"enemies":"Looter","floor":13.0,"turns":2.0},{"damage":0.0,"enemies":"Slime Boss","floor":16.0,"turns":7.0},{"damage":9.0,"enemies":"Shell Parasite","floor":18.0,"turns":3.0},{"damage":4.0,"enemies":"Chosen","floor":19.0,"turns":3.0},{"damage":9.0,"enemies":"Masked Bandits","floor":22.0,"turns":3.0},{"damage":39.0,"enemies":"Gremlin Leader","floor":23.0,"turns":4.0},{"damage":21.0,"enemies":"Book of Stabbing","floor":27.0,"turns":4.0},{"damage":33.0,"enemies":"Snake Plant","floor":28.0,"turns":3.0},{"damage":10.0,"enemies":"Snecko","floor":30.0,"turns":3.0},{"damage":16.0,"enemies":"3 Cultists","floor":31.0,"turns":4.0},{"damage":54,"enemies":"Collector","floor":33,"turns":7},{"damage":47,"enemies":"3 Darklings","floor":35,"turns":6},{"damage":41,"enemies":"Mind Bloom Boss Battle","floor":36,"turns":4}],"seed_played":"-1549739893908337776","potions_obtained":[{"floor":1.0,"key":"BloodPotion"},{"floor":6.0,"key":"BloodPotion"},{"floor":8.0,"key":"BlessingOfTheForge"},{"floor":13.0,"key":"Fire Potion"},{"floor":19.0,"key":"FairyPotion"},{"floor":22.0,"key":"Swift Potion"},{"floor":28.0,"key":"BlessingOfTheForge"},{"floor":30.0,"key":"Explosive Potion"},{"floor":31.0,"key":"Block Potion"}],"is_trial":false,"path_per_floor":["M","M","?","?","$","E","M","E","T","E","R","M","M","$","R","B",null,"M","M","$","?","?","E","R","$","T","E","M","R","M","M","R","B",null,"M","?"],"character_chosen":"IRONCLAD","items_purchased":["Brimstone","Searing Blow"],"campfire_rested":1,"item_purchase_floors":[14,20],"current_hp_per_floor":[80,80,73,73,73,79,80,61,61,35,35,41,46,46,46,52,80,77,79,79,79,76,43,43,43,43,28,33,33,29,19,43,30,80,39,0,0],"gold":295,"neow_bonus":"THREE_ENEMY_KILL","is_daily":false,"chose_seed":false,"campfire_upgraded":4,"win_rate":0.0,"timestamp":1613160629,"path_taken":["M","M","?","?","?","E","M","E","T","E","R","M","?","$","R","BOSS","M","M","$","?","?","E","R","$","T","E","M","R","M","M","R","BOSS","M","?"],"items_purchased_type":["Relic","Card"],"build_version":"2020-12-22","purchased_purges":3,"victory":false,"max_hp_per_floor":[80,80,80,80,80,80,80,80,80,80,80,80,80,80,80,80,80,80,80,80,80,80,80,80,80,80,80,80,80,80,80,80,80,80,80,80,80],"relic_stats":{"Busted Crown":2,"counters":[20,70],"Shuriken":[13],"Pen Nib":[16],"Letter Opener":[10],"Boot":[4],"Cursed Key":1,"obtain_stats":[{"Potion Belt":9,"NeowsBlessing":0,"Pen Nib":6,"Letter Opener":23,"Boot":8,"Cursed Key":17,"Burning Blood":0,"Anchor":4,"CaptainsWheel":10,"Busted Crown":34,"Brimstone":14,"Shuriken":27,"Red Mask":22,"Bag of Marbles":26},{"Potion Belt":5,"NeowsBlessing":0,"Pen Nib":3,"Letter Opener":13,"Boot":5,"Cursed Key":9,"Burning Blood":0,"Anchor":2,"CaptainsWheel":6,"Busted Crown":18,"Brimstone":8,"Shuriken":14,"Red Mask":12,"Bag of Marbles":13},{"Potion Belt":10,"NeowsBlessing":0,"Pen Nib":3,"Letter Opener":39,"Boot":10,"Cursed Key":26,"Burning Blood":0,"Anchor":2,"CaptainsWheel":14,"Busted Crown":60,"Brimstone":19,"Shuriken":43,"Red Mask":35,"Bag of Marbles":39}],"Burning Blood":97},"card_choices":[{"not_picked":["Whirlwind","Sentinel"],"picked":"Anger","floor":1.0},{"not_picked":["Heavy Blade","Dark Embrace"],"picked":"Anger","floor":2.0},{"not_picked":["Havoc","Pummel","Iron Wave"],"picked":"SKIP","floor":6.0},{"not_picked":["Second Wind","Hemokinesis","Flex"],"picked":"SKIP","floor":7.0},{"not_picked":["Dark Embrace","Power Through","Reaper"],"picked":"SKIP","floor":8.0},{"not_picked":["Armaments","Thunderclap","Seeing Red"],"picked":"SKIP","floor":10.0},{"not_picked":["Perfected Strike","Entrench","Cleave"],"picked":"SKIP","floor":12.0},{"not_picked":["True Grit","Perfected Strike","Battle Trance"],"picked":"SKIP","floor":13.0},{"not_picked":["Bludgeon","Brutality"],"picked":"Corruption","floor":16.0},{"not_picked":["Wild Strike+1","Pummel","Cleave+1"],"picked":"SKIP","floor":18.0},{"not_picked":["Twin Strike","Shrug It Off"],"picked":"Inflame","floor":19.0},{"not_picked":["Pommel Strike","Perfected Strike"],"picked":"Anger","floor":22.0},{"not_picked":["Flex","Fire Breathing+1"],"picked":"Anger+1","floor":23.0},{"not_picked":["Evolve","Thunderclap","Pommel Strike"],"picked":"SKIP","floor":27.0},{"not_picked":["Battle Trance","Headbutt+1"],"picked":"Intimidate","floor":28.0},{"not_picked":["Shockwave","Heavy Blade"],"picked":"Evolve","floor":30.0},{"not_picked":["Infernal Blade+1","Reckless Charge","Rampage"],"picked":"SKIP","floor":31.0},{"not_picked":["Wild Strike"],"picked":"SKIP","floor":35}],"player_experience":355427,"relics_obtained":[{"floor":6.0,"key":"Pen Nib"},{"floor":8.0,"key":"Boot"},{"floor":9.0,"key":"Potion Belt"},{"floor":10.0,"key":"CaptainsWheel"},{"floor":22.0,"key":"Red Mask"},{"floor":23.0,"key":"Letter Opener"},{"floor":26.0,"key":"Bag of Marbles"},{"floor":27.0,"key":"Shuriken"}],"event_choices":[{"cards_removed":["Strike_R"],"damage_healed":0.0,"max_hp_gain":0.0,"max_hp_loss":0.0,"gold_gain":0.0,"event_name":"Golden Wing","player_choice":"Card Removal","floor":3.0,"gold_loss":0.0,"damage_taken":7.0},{"damage_healed":0.0,"max_hp_gain":0.0,"max_hp_loss":0.0,"gold_gain":0.0,"event_name":"Big Fish","player_choice":"Box","floor":4.0,"gold_loss":0.0,"damage_taken":0.0,"relics_obtained":["Anchor"],"cards_obtained":["Regret"]},{"damage_healed":0.0,"max_hp_gain":0.0,"max_hp_loss":0.0,"gold_gain":99.0,"event_name":"Nest","player_choice":"Stole From Cult","floor":21.0,"gold_loss":0.0,"damage_taken":0.0},{"damage_healed":0.0,"max_hp_gain":0.0,"max_hp_loss":0.0,"gold_gain":0.0,"event_name":"Masked Bandits","player_choice":"Fought Bandits","floor":22.0,"gold_loss":0.0,"damage_taken":0.0},{"damage_healed":0,"gold_gain":0,"player_choice":"Fight","damage_taken":0,"max_hp_gain":0,"max_hp_loss":0,"event_name":"MindBloom","floor":36,"gold_loss":0}],"is_beta":false,"boss_relics":[{"not_picked":["Ectoplasm","Velvet Choker"],"picked":"Cursed Key"},{"not_picked":["Fusion Hammer","Philosopher\u0027s Stone"],"picked":"Busted Crown"}],"items_purged_floors":[5,20,25],"is_endless":false,"potions_floor_spawned":[1,6,8,13,19,22,28,30,31],"killed_by":"Mind Bloom Boss Battle","ascension_level":4}}