{"host":"clf2hd4adhiiw0zf","time":1613122457,"event":{"mods":["AchievementEnabler","BaseMod","Beaked The Cultist","Bestiary","Dark Map","Downfall","Gremlin Mod","Hermit","Jorbs\u0027s Wanderer Trilogy","Marisa????????","Minty Spire (QoL Compilation)","Shop Mod","StSLib","The Cursed","The Servant 0.9.4","Wide Potions"],"gold_per_floor":[99,110,26,46,496,507,507,523,535,561,561,574,474,3,19,19,19,19],"floor_reached":16,"language":"ENG","playtime":512,"items_purged":["downfall:Icky"],"score":125,"play_id":"51ee6ddf-602a-4968-98ad-9f6157c5c97c","local_time":"20210212023417","is_ascension_mode":true,"campfire_choices":[{"data":"champ:UltimateStance","floor":1.0,"key":"SMITH"},{"floor":13.0,"key":"RECALL"}],"circlet_count":0,"master_deck":["champ:Strike","champ:Strike","champ:Strike","champ:Defend","champ:Defend","champ:Defend","champ:Defend","champ:Execute","champ:Taunt","champ:UltimateStance+1","champ:BladeFlurry","champ:TripleStrike","champ:EnchantShield","champ:FanOfKnives","downfall:Icky","downfall:Icky","champ:StanceDance","champ:ShieldSigil","champ:SwordThrow+1","champ:Improvising","champ:ArenaPreparation","champ:ShieldThrow","champ:LastStand","champ:Devastate","champ:PerfectedStrike"],"relics":["champ:ChampionCrown","Question Card","Bronze Scales","downfall:HeartBlessingGreen","Medical Kit"],"acts_visited":["Exordium"],"potions_floor_usage":[15],"damage_taken":[{"damage":25.0,"enemies":"Cultist","floor":2.0,"turns":4.0},{"damage":20.0,"enemies":"downfall:FleeingMerchant","floor":3.0,"turns":4.0},{"damage":0.0,"enemies":"Small Slimes","floor":4.0,"turns":4.0},{"damage":13.0,"enemies":"2 Louse","floor":6.0,"turns":5.0},{"damage":44.0,"enemies":"Exordium Wildlife","floor":8.0,"turns":4.0},{"damage":46.0,"enemies":"3 Louse","floor":9.0,"turns":3.0},{"damage":56.0,"enemies":"Lagavulin","floor":10.0,"turns":5.0},{"damage":25.0,"enemies":"Exordium Thugs","floor":12.0,"turns":4.0},{"damage":33,"enemies":"downfall:FleeingMerchant","floor":14,"turns":4},{"damage":9,"enemies":"2 Fungi Beasts","floor":15,"turns":3},{"damage":12,"enemies":"DF_ARCHETYPE_STREAMLINE","floor":16,"turns":3}],"seed_played":"4780751572395657980","potions_obtained":[{"floor":8.0,"key":"bronze:BurnAndBuffPotion"},{"floor":9.0,"key":"ColorlessPotion"},{"floor":12.0,"key":"LiquidMemories"}],"is_trial":false,"path_per_floor":["R","M","$","M","?","M","T","M","M","E","?","M","R","$","M","B"],"character_chosen":"THE_CHAMP","items_purchased":["champ:EnchantShield","champ:LastStand","champ:Devastate","Medical Kit"],"campfire_rested":0,"item_purchase_floors":[3,14,14,14],"current_hp_per_floor":[90,90,90,90,90,87,87,73,52,26,26,13,13,10,1,0,0,0],"gold":19,"neow_bonus":"TRANSFORM_CARD","is_daily":false,"chose_seed":false,"campfire_upgraded":1,"win_rate":0.0,"timestamp":1613122457,"path_taken":["R","M","?","M","?","M","T","M","M","E","?","?","R","?","M","BOSS"],"items_purchased_type":["Card","Card","Card","Relic"],"build_version":"2020-12-22","purchased_purges":1,"victory":false,"max_hp_per_floor":[90,90,90,90,90,90,90,90,90,90,90,90,90,90,90,90,90,90],"card_choices":[{"not_picked":["champ:FlashCut","champ:PreciseThrust"],"picked":"champ:BladeFlurry","floor":2.0},{"not_picked":["champ:FanOfKnives","champ:EnGarde"],"picked":"champ:TripleStrike","floor":3.0},{"not_picked":["champ:BladeFlurry","champ:PreemptiveStrike"],"picked":"champ:FanOfKnives","floor":4.0},{"not_picked":["champ:GladiatorStyle","champ:Shatter"],"picked":"champ:StanceDance","floor":6.0},{"not_picked":["champ:PreciseThrust","champ:EndlessRage","champ:DefensiveShout"],"picked":"champ:ShieldSigil","floor":8.0},{"not_picked":["champ:PreemptiveStrike","champ:TornadoPunch","champ:BringItOn"],"picked":"champ:SwordThrow","floor":9.0},{"not_picked":["champ:FalseCounter","champ:TornadoPunch","champ:CalledShot"],"picked":"champ:Improvising","floor":10.0},{"not_picked":["champ:Backstep","champ:FancyFootwork","champ:BringItOn"],"picked":"champ:ArenaPreparation","floor":12.0},{"not_picked":["champ:GladiatorStyle","champ:BringItOn","champ:FanOfKnives"],"picked":"champ:ShieldThrow","floor":14},{"not_picked":["champ:Shatter","champ:RecklessLeap","champ:TornadoPunch"],"picked":"champ:PerfectedStrike","floor":15}],"player_experience":234723,"relics_obtained":[{"floor":7.0,"key":"Question Card"},{"floor":10.0,"key":"Bronze Scales"}],"event_choices":[{"damage_healed":0.0,"max_hp_gain":0.0,"max_hp_loss":0.0,"gold_gain":0.0,"event_name":"Accursed Blacksmith","player_choice":"Forge","floor":11.0,"gold_loss":0.0,"damage_taken":0.0,"cards_upgraded":["champ:SwordThrow"]}],"is_beta":false,"boss_relics":[],"items_purged_floors":[14],"is_endless":false,"potions_floor_spawned":[8,9,12],"killed_by":"DF_ARCHETYPE_STREAMLINE","ascension_level":4}}