{"host":"orwsrz1cc0wttjjy","time":1613133093,"event":{"mods":["100% Spire Juice","2.2 Compatiblity","AchievementEnabler","Act Like it!","Arknights","Astrologer","BaseMod","Better Altar","Better Match","Better Skull","Better Third Choice","BetterRewards","CapriCore","ChefMod","Colored Map","Colored Powertips","Conspire","DeckTracker","Friendly Minions","Halation","Hermit","Hubris","Infinite Spire","Mimic Mod","Minty Spire (QoL Compilation)","MostiFishMod","Permanent Neow","Puzzle Mod","Relic Sorter","Relic Stats","Robot Space Explorer","Shop Mod","Spicy Shops","Spire Arcade","StSLib","Td1madao Mod","The Accelerator","The Animator","The Cursed","The Gatherer","The Hierophant","The Marked","The Poker Player","The Runesmith","Treasure Hunter","everything is the same but u backflip on backflip"],"gold_per_floor":[338,350,368,383,383,383,393,409,447,447,469,409,427,427,427,527,527,544,544,544],"floor_reached":19,"language":"KOR","playtime":2108,"items_purged":[],"score":161,"play_id":"fac7b41e-919e-4e35-8f4b-c3e9e30fe655","local_time":"20210212213133","is_ascension_mode":false,"campfire_choices":[{"data":"ats:Apocalypse","floor":6.0,"key":"SMITH"},{"data":"ats:Song Of Battle","floor":15,"key":"SMITH"}],"circlet_count":0,"master_deck":["ats:Strike C","ats:Strike G","ats:Strike S","ats:Armor Crushing Shot","ats:Defend","ats:Defend","ats:Defend","ats:Defend","ats:Emotion Absorption","ats:Blood Oath","ats:Sword Rain","ats:Apocalypse+1","ats:Absolute Focus","ats:Song Of Battle+1","ats:Apocalypse","ats:Blood Oath","ats:Shell Defense","ats:Cat Scratch","TH:CursedSword","TH:ElvenBoots","ats:Calcification","ats:Composite Medical Shells+1"],"relics":["ats:Sanity","DaveBox","ThornShield","SynthV:TestCard","Odd Mushroom","halation:PromiseList","Bottled Tornado","Runic Pyramid"],"acts_visited":["Exordium","TheCity"],"potions_floor_usage":[16,16,19],"damage_taken":[{"damage":4.0,"enemies":"ats:Genji","floor":1.0,"turns":4.0},{"damage":1.0,"enemies":"Cultist","floor":2.0,"turns":3.0},{"damage":0.0,"enemies":"Small Slimes","floor":3.0,"turns":3.0},{"damage":5.0,"enemies":"3 Louse","floor":4.0,"turns":2.0},{"damage":15.0,"enemies":"Looter","floor":7.0,"turns":3.0},{"damage":34.0,"enemies":"Gremlin Gang","floor":8.0,"turns":4.0},{"damage":16.0,"enemies":"conspire:2 RoseBushes","floor":9.0,"turns":10.0},{"damage":42.0,"enemies":"The Mushroom Lair","floor":11.0,"turns":5.0},{"damage":22.0,"enemies":"conspire:2 RoseBushes","floor":13.0,"turns":6.0},{"damage":80,"enemies":"Hexaghost","floor":16,"turns":13},{"damage":29,"enemies":"Spheric Guardian","floor":18,"turns":5},{"damage":21,"enemies":"Chosen","floor":19,"turns":5}],"seed_played":"88940953011004986","potions_obtained":[{"floor":3.0,"key":"SmokeBomb"},{"floor":4.0,"key":"AttackPotion"},{"floor":7.0,"key":"ColorlessPotion"},{"floor":11.0,"key":"Explosive Potion"},{"floor":13.0,"key":"SkillPotion"},{"floor":16,"key":"DistilledChaos"}],"is_trial":false,"path_per_floor":["M","M","M","M","?","R","M","M","MIM","?","?","?","M","T","R","B",null,"M","M"],"character_chosen":"DOCTOR_CLASS","items_purchased":[],"campfire_rested":0,"item_purchase_floors":[],"current_hp_per_floor":[68,67,67,66,66,66,63,41,65,65,46,46,57,57,57,23,72,56,56,56],"gold":544,"neow_bonus":"HUNDRED_GOLD","is_daily":false,"chose_seed":false,"campfire_upgraded":2,"win_rate":0.0,"timestamp":1613133093,"path_taken":["M","M","M","M","?","R","M","?","MIM","?","?","?","?","?","R","BOSS","M","M"],"items_purchased_type":[],"build_version":"2020-12-22","purchased_purges":0,"victory":false,"max_hp_per_floor":[72,72,72,72,72,72,72,72,72,72,72,72,72,72,72,72,72,72,72,72],"relic_stats":{"counters":[12,63],"obtain_stats":[{"SynthV:TestCard":1,"DaveBox":0,"halation:PromiseList":12,"ats:Sanity":0,"Odd Mushroom":11,"Bottled Tornado":14,"ThornShield":0,"Runic Pyramid":17},{"SynthV:TestCard":1,"DaveBox":0,"halation:PromiseList":8,"ats:Sanity":0,"Odd Mushroom":8,"Bottled Tornado":9,"ThornShield":0,"Runic Pyramid":10},{"SynthV:TestCard":4,"DaveBox":0,"halation:PromiseList":34,"ats:Sanity":0,"Odd Mushroom":34,"Bottled Tornado":40,"ThornShield":0,"Runic Pyramid":53}]},"card_choices":[{"not_picked":["ats:Leaping Hammer","ats:Curse Doll"],"picked":"ats:Blood Oath","floor":1.0},{"not_picked":["ats:Powerful Strike","ats:Charging Defense","ats:Volcano","ats:Assault Order"],"picked":"ats:Sword Rain","floor":2.0},{"not_picked":["ats:Blood Oath","ats:Powerful Strike","ats:Healing Strengthening","ats:Guard Mode"],"picked":"ats:Apocalypse","floor":3.0},{"not_picked":["ats:Curse Doll","ats:Support Order","ats:Assault Order","ats:Directed Diagnosis"],"picked":"ats:Absolute Focus","floor":4.0},{"not_picked":["ats:Healing Drone","ats:Echo Reverb","ats:Demon Strength","ats:Ignite"],"picked":"ats:Song Of Battle","floor":7.0},{"not_picked":["ats:Collapsing Strike","ats:Closed Bolt Burst Fire","ats:Literary Storm","ats:Absolute Focus"],"picked":"ats:Apocalypse","floor":8.0},{"not_picked":["ats:Powerful Strike","ats:Explosion Area Strengthen","ats:Sword Rain","ats:Flexible Camouflage"],"picked":"ats:Blood Oath","floor":9.0},{"not_picked":["ats:Durian","ats:Thermite Blade","ats:Closed Bolt Burst Fire","ats:Apocalypse"],"picked":"ats:Shell Defense","floor":11.0},{"not_picked":["ats:Consecutive Shot Auto","ats:Absolute Focus","ats:Revitalization","ats:Ignite"],"picked":"ats:Cat Scratch","floor":13.0},{"not_picked":["TH:ArmorSpikes","TH:Mimic","TH:CopperCoins"],"picked":"TH:CursedSword","floor":14.0},{"not_picked":["TH:PixieDust","TH:TreasureMap","TH:CursedSword"],"picked":"TH:ElvenBoots","floor":16},{"not_picked":["ats:Nebulous Foxfire","ats:Durian","ats:Disruption Kick","ats:Volcano"],"picked":"ats:Calcification","floor":16},{"not_picked":["ats:Apocalypse","ats:Guardian Obelisk","ats:Spore Proliferation","ats:Automatic Cover"],"picked":"ats:Composite Medical Shells+1","floor":18}],"player_experience":328585,"relics_obtained":[{"floor":1.0,"key":"SynthV:TestCard"},{"floor":11.0,"key":"Odd Mushroom"},{"floor":14.0,"key":"Bottled Tornado"}],"event_choices":[{"cards_removed":["ats:Strike V"],"damage_healed":0.0,"max_hp_gain":0.0,"max_hp_loss":0.0,"gold_gain":0.0,"event_name":"Purifier","player_choice":"Purged","floor":5.0,"gold_loss":0.0,"damage_taken":0.0},{"damage_healed":0.0,"max_hp_gain":0.0,"max_hp_loss":0.0,"gold_gain":0.0,"event_name":"Mushrooms","player_choice":"Fought Mushrooms","floor":11.0,"gold_loss":0.0,"damage_taken":0.0},{"damage_healed":0.0,"max_hp_gain":0.0,"max_hp_loss":0.0,"gold_gain":0.0,"event_name":"WeMeetAgain","player_choice":"Paid Gold","floor":12.0,"gold_loss":60.0,"damage_taken":0.0,"relics_obtained":["halation:PromiseList"]}],"is_beta":false,"boss_relics":[{"not_picked":["Runesmith:UraniumAnvil","SacredBark"],"picked":"Runic Pyramid"}],"items_purged_floors":[],"is_endless":false,"potions_floor_spawned":[3,4,7,11,13,16],"killed_by":"Chosen","ascension_level":0}}