{"host":"chv1qanoipyt46jc","time":1613103521,"event":{"mods":["2.2 Compatiblity","AchievementEnabler","BaseMod","BetterRewards","CapriCore","Card Filter","Evolution","Gold Saver","Minty Spire (QoL Compilation)","Rare Cards Sparkle","Relic Filter","Remove Card Discount Mod","Reorder Act Four","StSLib"],"gold_per_floor":[113,113,123,139,152,152,152],"floor_reached":6,"language":"ENG","playtime":411,"items_purged":["Survivor","Neutralize","Backflip","Backflip","Dagger Throw","Dagger Throw"],"score":38,"play_id":"8cf33b25-8e33-4b4d-9efa-8cb4eccf9cac","local_time":"20210211221841","is_ascension_mode":false,"campfire_choices":[],"circlet_count":0,"master_deck":["Dagger Throw","Dagger Throw","Dagger Throw","Backflip","Backflip","Backflip","Deadly Poison","Tactician","Noxious Fumes","Reflex","Deadly Poison","Noxious Fumes","Escape Plan"],"relics":["Ring of the Snake","EVO:Axolotl","The Specimen","Molten Egg 2","Girya"],"acts_visited":["Exordium"],"potions_floor_usage":[],"damage_taken":[{"damage":1,"enemies":"Jaw Worm","floor":1,"turns":5},{"damage":0,"enemies":"2 Louse","floor":3,"turns":3},{"damage":0,"enemies":"Cultist","floor":4,"turns":4},{"damage":10,"enemies":"Looter","floor":5,"turns":3},{"damage":28,"enemies":"Gremlin Nob","floor":6,"turns":3}],"seed_played":"7250896992568655366","potions_obtained":[{"floor":4,"key":"Block Potion"}],"is_trial":false,"path_per_floor":["M","$","M","M","M","E"],"character_chosen":"THE_SILENT","items_purchased":["The Specimen","Deadly Poison","Tactician","Noxious Fumes","Molten Egg 2","Reflex","Deadly Poison","Noxious Fumes"],"campfire_rested":0,"item_purchase_floors":[0,0,0,0,0,0,0,0],"current_hp_per_floor":[27,27,27,27,17,0,0],"gold":152,"neow_bonus":"","is_daily":false,"chose_seed":false,"campfire_upgraded":0,"win_rate":0.0,"timestamp":1613103521,"path_taken":["M","$","M","M","M","E"],"items_purchased_type":["Relic","Card","Card","Card","Relic","Card","Card","Card"],"build_version":"2020-12-22","purchased_purges":6,"victory":false,"max_hp_per_floor":[76,76,76,76,76,76,76],"card_choices":[{"not_picked":["Bane+1","Dash+1","Underhanded Strike+1"],"picked":"SKIP","floor":1},{"not_picked":["Expertise","Backflip","Choke+1"],"picked":"SKIP","floor":3},{"not_picked":["Slice+1","Expertise","Dagger Spray+1"],"picked":"SKIP","floor":4},{"not_picked":["Blade Dance","Deflect"],"picked":"Escape Plan","floor":5}],"player_experience":317820,"relics_obtained":[],"event_choices":[],"is_beta":false,"boss_relics":[],"items_purged_floors":[0,0,0,0,0,0],"is_endless":false,"potions_floor_spawned":[1,4],"killed_by":"Gremlin Nob","ascension_level":0}}