{"host":"sc0o2qwpf9j16a4i","time":1613138318,"event":{"mods":["AchievementEnabler","BaseMod","BetterRewards","Block Reminder","Colored Map","Colored Powertips","Custom Start","Highlight Path","Minty Spire (QoL Compilation)","Relic Stats"],"gold_per_floor":[114,114,39,39,39,70,89,89,113,141,141,151,151,151],"floor_reached":13,"language":"ENG","playtime":180,"items_purged":[],"score":232,"play_id":"58789640-b555-40d7-ab58-919c2ea91f40","local_time":"20210212155838","is_ascension_mode":true,"campfire_choices":[{"data":"Cleave","floor":8,"key":"SMITH"}],"circlet_count":0,"master_deck":["AscendersBane","Strike_R","Strike_R","Strike_R","Strike_R+1","Defend_R","Defend_R","Defend_R+1","Bash","Thunderclap","Cleave+1","Burning Pact","Whirlwind","Armaments"],"relics":["Burning Blood","NeowsBlessing","Lantern","Art of War","Pantograph"],"acts_visited":["Exordium"],"potions_floor_usage":[],"damage_taken":[{"damage":0,"enemies":"Cultist","floor":1,"turns":1},{"damage":0,"enemies":"Lagavulin","floor":6,"turns":1},{"damage":0,"enemies":"2 Louse","floor":7,"turns":1},{"damage":31,"enemies":"Gremlin Nob","floor":10,"turns":4},{"damage":7,"enemies":"Jaw Worm","floor":12,"turns":2},{"damage":50,"enemies":"Lagavulin","floor":13,"turns":8}],"seed_played":"-5051292740780614415","potions_obtained":[{"floor":10,"key":"LiquidBronze"}],"is_trial":false,"path_per_floor":["M","?","?","?","$","E","M","R","T","E","?","M","E"],"character_chosen":"IRONCLAD","items_purchased":[],"campfire_rested":0,"item_purchase_floors":[],"current_hp_per_floor":[74,67,67,44,44,50,56,56,56,31,36,35,0,0],"gold":151,"neow_bonus":"THREE_ENEMY_KILL","is_daily":false,"chose_seed":false,"campfire_upgraded":1,"win_rate":0.0,"timestamp":1613138318,"path_taken":["M","?","?","?","$","E","M","R","T","E","?","?","E"],"items_purchased_type":[],"build_version":"2020-12-22","purchased_purges":0,"victory":false,"max_hp_per_floor":[75,75,75,75,75,75,75,75,75,75,80,80,80,80],"relic_stats":{"counters":[6,17],"Pantograph":0,"Art of War":[3],"obtain_stats":[{"Lantern":6,"NeowsBlessing":0,"Pantograph":10,"Art of War":9,"Burning Blood":0},{"Lantern":2,"NeowsBlessing":0,"Pantograph":4,"Art of War":3,"Burning Blood":0},{"Lantern":2,"NeowsBlessing":0,"Pantograph":7,"Art of War":3,"Burning Blood":0}],"Burning Blood":30},"card_choices":[{"not_picked":["Battle Trance","Blood for Blood"],"picked":"Thunderclap","floor":1},{"not_picked":["Body Slam","Shrug It Off"],"picked":"Cleave","floor":6},{"not_picked":["Pummel","Perfected Strike"],"picked":"Burning Pact","floor":7},{"not_picked":["Limit Break","Pummel"],"picked":"Whirlwind","floor":10},{"not_picked":["Power Through","Warcry"],"picked":"Armaments","floor":12}],"player_experience":1365014,"relics_obtained":[{"floor":6,"key":"Lantern"},{"floor":9,"key":"Art of War"},{"floor":10,"key":"Pantograph"}],"event_choices":[{"cards_removed":["Strike_R"],"damage_healed":0,"gold_gain":0,"player_choice":"Card Removal","damage_taken":7,"max_hp_gain":0,"max_hp_loss":0,"event_name":"Golden Wing","floor":2,"gold_loss":0},{"cards_removed":["Defend_R"],"damage_healed":0,"gold_gain":0,"player_choice":"Card Removal","damage_taken":0,"max_hp_gain":0,"max_hp_loss":0,"event_name":"The Cleric","floor":3,"gold_loss":75},{"damage_healed":0,"gold_gain":0,"player_choice":"Entered Light","damage_taken":23,"max_hp_gain":0,"max_hp_loss":0,"event_name":"Shining Light","floor":4,"gold_loss":0,"cards_upgraded":["Strike_R","Defend_R"]},{"damage_healed":0,"gold_gain":0,"player_choice":"Donut","damage_taken":0,"max_hp_gain":5,"max_hp_loss":0,"event_name":"Big Fish","floor":11,"gold_loss":0}],"is_beta":false,"boss_relics":[],"items_purged_floors":[],"is_endless":false,"potions_floor_spawned":[10],"killed_by":"Lagavulin","ascension_level":20}}