{"host":"lf1yj6sxagf80nuh","time":1613144337,"event":{"mods":["Aspiration","BaseMod","Colored Map","Colored Powertips","DeckTracker","Hermit","Highlight Path","Lobotomy","Minty Spire (QoL Compilation)","Quick Restart","StSLib","The Animator"],"gold_per_floor":[119,139,139,153,173,201,214,254,280,299,299,314,94,133,133,133,133],"floor_reached":16,"language":"ENG","playtime":905,"items_purged":["hermit:Strike_Hermit"],"score":130,"play_id":"7dd53051-f1fe-4981-8df2-b9116fd1c4a7","local_time":"20210212123857","is_ascension_mode":true,"campfire_choices":[{"floor":11,"key":"REST"},{"floor":15,"key":"REST"}],"circlet_count":0,"master_deck":["hermit:Strike_Hermit","hermit:Strike_Hermit","hermit:Strike_Hermit","hermit:Defend_Hermit","hermit:Defend_Hermit","hermit:Defend_Hermit","hermit:Snapshot","hermit:Covet","hermit:GoldenBullet","hermit:Determination","hermit:EyeOfTheStorm","hermit:Ricochet","hermit:Headshot","hermit:Desperado","hermit:Reprieve"],"relics":["hermit:Momento","aspiration:Nostalgia","Ring of the Snake","Unceasing Top","CeramicFish","Bronze Scales","Akabeko","Mercury Hourglass"],"acts_visited":["Exordium"],"potions_floor_usage":[5,6,8,16,16],"damage_taken":[{"damage":0,"enemies":"Small Slimes","floor":1,"turns":3},{"damage":0,"enemies":"Cultist","floor":2,"turns":4},{"damage":1,"enemies":"Jaw Worm","floor":4,"turns":3},{"damage":0,"enemies":"Lots of Slimes","floor":5,"turns":1},{"damage":36,"enemies":"Lagavulin","floor":6,"turns":6},{"damage":0,"enemies":"Red Slaver","floor":7,"turns":2},{"damage":14,"enemies":"Gremlin Nob","floor":8,"turns":3},{"damage":0,"enemies":"2 Fungi Beasts","floor":10,"turns":2},{"damage":12,"enemies":"Large Slime","floor":12,"turns":3},{"damage":12,"enemies":"3 Sentries","floor":14,"turns":4},{"damage":41,"enemies":"The Guardian","floor":16,"turns":7}],"seed_played":"1293575034778138326","potions_obtained":[{"floor":2,"key":"Explosive Potion"},{"floor":4,"key":"EssenceOfSteel"},{"floor":6,"key":"LiquidMemories"},{"floor":8,"key":"Weak Potion"},{"floor":14,"key":"PowerPotion"}],"is_trial":false,"path_per_floor":["M","M","?","M","M","E","M","E","T","M","R","M","$","E","R","B"],"character_chosen":"HERMIT","items_purchased":["Akabeko"],"campfire_rested":2,"item_purchase_floors":[13],"current_hp_per_floor":[75,75,75,74,74,38,38,24,24,24,46,34,34,22,44,3,3],"gold":133,"neow_bonus":"NOSTALGIA","is_daily":false,"chose_seed":false,"campfire_upgraded":0,"win_rate":0.0,"timestamp":1613144337,"path_taken":["M","M","?","M","?","E","M","E","T","M","R","M","$","E","R","BOSS"],"items_purchased_type":["Relic"],"build_version":"2020-12-22","purchased_purges":1,"victory":false,"max_hp_per_floor":[75,75,75,75,75,75,75,75,75,75,75,75,75,75,75,75,75],"card_choices":[{"not_picked":["hermit:Desperado","hermit:PistolWhip"],"picked":"hermit:GoldenBullet","floor":1},{"not_picked":["hermit:Ricochet","hermit:Feint"],"picked":"hermit:Determination","floor":2},{"not_picked":["hermit:Glare","hermit:Coalescence"],"picked":"hermit:EyeOfTheStorm","floor":4},{"not_picked":["hermit:Showdown","hermit:Coalescence","hermit:LuckOfTheDraw"],"picked":"SKIP","floor":5},{"not_picked":["hermit:Malice","hermit:Shortfuse"],"picked":"hermit:Ricochet","floor":6},{"not_picked":["hermit:Maintenance","hermit:Manifest","hermit:TakeAim"],"picked":"SKIP","floor":7},{"not_picked":["hermit:Midnight","hermit:Feint"],"picked":"hermit:Headshot","floor":8},{"not_picked":["hermit:TrackingShot","hermit:Dive"],"picked":"hermit:Desperado","floor":10},{"not_picked":["hermit:Dive","hermit:Manifest","hermit:Cheat"],"picked":"SKIP","floor":12},{"not_picked":["hermit:Dive","hermit:Feint"],"picked":"hermit:Reprieve","floor":14}],"player_experience":511920,"relics_obtained":[{"floor":6,"key":"Unceasing Top"},{"floor":8,"key":"CeramicFish"},{"floor":9,"key":"Bronze Scales"},{"floor":14,"key":"Mercury Hourglass"}],"event_choices":[{"cards_removed":["hermit:Defend_Hermit"],"damage_healed":0,"gold_gain":0,"player_choice":"Card Removal","damage_taken":0,"max_hp_gain":0,"max_hp_loss":0,"event_name":"Wheel of Change","floor":3,"gold_loss":0}],"is_beta":false,"boss_relics":[],"items_purged_floors":[13],"is_endless":false,"potions_floor_spawned":[2,4,6,8,14],"killed_by":"The Guardian","ascension_level":1}}