{"host":"s5d39dhq0ddhxhke","time":1613133120,"event":{"mods":["AchievementEnabler","BaseMod","Colored Map","Minty Spire (QoL Compilation)","Smile Girya","SuperFastMode"],"gold_per_floor":[111,125,138,148,148,148,192,6,6,31,31,45,45,79,79,210,210,204,129,22,45,45,45],"floor_reached":22,"language":"ENG","playtime":889,"items_purged":["Strike_G","Defend_G"],"score":304,"play_id":"b1a26a50-f8bf-4091-8378-cb789cbbc752","local_time":"20210212143200","is_ascension_mode":true,"campfire_choices":[{"floor":6,"key":"REST"},{"floor":11,"key":"REST"},{"data":"Noxious Fumes","floor":15,"key":"SMITH"}],"circlet_count":0,"master_deck":["AscendersBane","Defend_G","Defend_G","Survivor","Neutralize","PiercingWail","All Out Attack","Skewer","Leg Sweep","Noxious Fumes+1","Accuracy+1","Noxious Fumes+1","Malaise+1","Wraith Form v2","Phantasmal Killer"],"relics":["Empty Cage","Golden Idol","Letter Opener","Membership Card","The Courier","White Beast Statue","Astrolabe"],"acts_visited":["Exordium","TheCity"],"potions_floor_usage":[7,14,16,16,16,18,21,22,22],"damage_taken":[{"damage":21,"enemies":"Jaw Worm","floor":1,"turns":8},{"damage":5,"enemies":"2 Louse","floor":2,"turns":3},{"damage":1,"enemies":"Small Slimes","floor":3,"turns":4},{"damage":4,"enemies":"Blue Slaver","floor":4,"turns":5},{"damage":19,"enemies":"Lagavulin","floor":7,"turns":6},{"damage":3,"enemies":"Looter","floor":10,"turns":3},{"damage":7,"enemies":"Lots of Slimes","floor":12,"turns":4},{"damage":16,"enemies":"Gremlin Nob","floor":14,"turns":4},{"damage":13,"enemies":"Hexaghost","floor":16,"turns":9},{"damage":14,"enemies":"2 Thieves","floor":18,"turns":5},{"damage":13,"enemies":"Shell Parasite","floor":21,"turns":7},{"damage":32,"enemies":"Masked Bandits","floor":22,"turns":3}],"seed_played":"311545206558148899","potions_obtained":[{"floor":2,"key":"FearPotion"},{"floor":3,"key":"Strength Potion"},{"floor":12,"key":"EntropicBrew"},{"floor":14,"key":"BlessingOfTheForge"},{"floor":16,"key":"PowerPotion"},{"floor":18,"key":"CunningPotion"},{"floor":21,"key":"EssenceOfSteel"}],"is_trial":false,"path_per_floor":["M","M","M","M","?","R","E","$","T","M","R","M","?","E","R","B",null,"M","?","$","M","?"],"character_chosen":"THE_SILENT","items_purchased":["Membership Card","Wraith Form v2"],"campfire_rested":2,"item_purchase_floors":[8,20],"current_hp_per_floor":[42,37,36,32,32,51,32,32,32,29,48,41,41,25,25,12,52,38,38,38,25,0,0],"gold":45,"neow_bonus":"BOSS_RELIC","is_daily":false,"chose_seed":false,"campfire_upgraded":1,"win_rate":0.0,"timestamp":1613133120,"path_taken":["M","M","M","M","?","R","E","$","T","M","R","M","?","E","R","BOSS","M","?","$","M","?"],"items_purchased_type":["Relic","Card"],"build_version":"2020-12-22","purchased_purges":2,"victory":false,"max_hp_per_floor":[70,70,70,70,65,65,65,65,65,65,65,65,65,65,65,65,65,65,65,65,65,65,65],"card_choices":[{"not_picked":["Slice","Heel Hook"],"picked":"PiercingWail","floor":1},{"not_picked":["Well Laid Plans","Blade Dance"],"picked":"All Out Attack","floor":2},{"not_picked":["Bouncing Flask","Poisoned Stab"],"picked":"Skewer","floor":3},{"not_picked":["Reflex","Well Laid Plans","Prepared"],"picked":"SKIP","floor":4},{"not_picked":["Finisher","Dagger Spray"],"picked":"Leg Sweep","floor":7},{"not_picked":["Deflect","Dagger Spray","Underhanded Strike"],"picked":"SKIP","floor":10},{"not_picked":["Deflect","Dagger Spray","Underhanded Strike"],"picked":"SKIP","floor":10},{"not_picked":["Prepared","Flechettes"],"picked":"Noxious Fumes","floor":12},{"not_picked":["Reflex","Deflect","Tactician"],"picked":"SKIP","floor":14},{"not_picked":["Cloak And Dagger","PiercingWail","Blade Dance"],"picked":"SKIP","floor":18},{"not_picked":["Flying Knee","Concentrate"],"picked":"Phantasmal Killer","floor":21}],"player_experience":499526,"relics_obtained":[{"floor":7,"key":"Letter Opener"},{"floor":9,"key":"The Courier"},{"floor":14,"key":"White Beast Statue"}],"event_choices":[{"damage_healed":0,"gold_gain":0,"player_choice":"Lose Max HP","damage_taken":0,"relics_obtained":["Golden Idol"],"max_hp_gain":0,"max_hp_loss":5,"event_name":"Golden Idol","floor":5,"gold_loss":0},{"damage_healed":0,"gold_gain":0,"player_choice":"Leave","damage_taken":0,"max_hp_gain":0,"max_hp_loss":0,"event_name":"The Cleric","floor":13,"gold_loss":0},{"cards_removed":["Defend_G"],"damage_healed":0,"gold_gain":0,"player_choice":"Gave Gold","damage_taken":0,"max_hp_gain":0,"max_hp_loss":0,"event_name":"Beggar","floor":19,"gold_loss":75},{"damage_healed":0,"gold_gain":0,"player_choice":"Fought Bandits","damage_taken":0,"max_hp_gain":0,"max_hp_loss":0,"event_name":"Masked Bandits","floor":22,"gold_loss":0}],"is_beta":false,"boss_relics":[{"not_picked":["Philosopher\u0027s Stone","Black Star"],"picked":"Astrolabe"}],"items_purged_floors":[8,20],"is_endless":false,"potions_floor_spawned":[2,3,12,14,16,18,21],"killed_by":"Masked Bandits","ascension_level":11}}