{"host":"q0ozth74idsfmf0a","time":1613166893,"event":{"mods":["BaseMod","Colored Powertips","Downfall","Minty Spire (QoL Compilation)","Relic Stats","StSLib"],"gold_per_floor":[99,99,99,14,14,41,41,57,73,83,183,93,93,104,120,120,120,120],"floor_reached":16,"language":"ENG","playtime":1370,"items_purged":["bronze:Strike"],"score":100,"play_id":"e907f10d-0a98-4a26-a6ac-1c2a09526459","local_time":"20210212165453","is_ascension_mode":false,"campfire_choices":[{"floor":1,"key":"RECALL"},{"data":"bronze:BuggyMess","floor":13,"key":"SMITH"}],"circlet_count":0,"master_deck":["bronze:Strike","bronze:Strike","bronze:Strike","bronze:Defend","bronze:Defend","bronze:Defend","bronze:Defend+1","bronze:Replicate","bronze:Goto","bronze:Fortify","bronze:CutThrough","bronze:GetLatest","bronze:Boost","bronze:DelayedGuard+1","Deep Breath","bronze:FindAndReplace","bronze:BuggyMess+1","bronze:Branch","bronze:Iterate","bronze:Iterate","bronze:Deprecate","bronze:Overload","bronze:Philosophize"],"relics":["bronze:BronzeCore","downfall:HeartsMalice","War Paint","Matryoshka"],"acts_visited":["Exordium"],"potions_floor_usage":[10,16],"damage_taken":[{"damage":0,"enemies":"Small Slimes","floor":2,"turns":1},{"damage":0,"enemies":"Cultist","floor":3,"turns":1},{"damage":0,"enemies":"downfall:FleeingMerchant","floor":4,"turns":1},{"damage":14,"enemies":"Gremlin Nob","floor":6,"turns":3},{"damage":4,"enemies":"Jaw Worm","floor":8,"turns":6},{"damage":23,"enemies":"Exordium Thugs","floor":9,"turns":5},{"damage":3,"enemies":"Blue Slaver","floor":10,"turns":4},{"damage":0,"enemies":"downfall:FleeingMerchant","floor":12,"turns":4},{"damage":0,"enemies":"Large Slime","floor":14,"turns":5},{"damage":0,"enemies":"Exordium Wildlife","floor":15,"turns":2},{"damage":33,"enemies":"IC_STATUS_ARCHETYPE","floor":16,"turns":10}],"seed_played":"-6670907267603104469","potions_obtained":[{"floor":6,"key":"Explosive Potion"},{"floor":8,"key":"bronze:CleanCodePotion"},{"floor":9,"key":"EssenceOfSteel"}],"is_trial":false,"path_per_floor":["R","M","M","$","?","E","T","M","M","M","?","$","R","M","M","B"],"character_chosen":"THE_AUTOMATON","items_purchased":["bronze:Boost","bronze:DelayedGuard"],"campfire_rested":0,"item_purchase_floors":[4,4],"current_hp_per_floor":[70,70,70,70,70,56,56,52,29,26,26,26,26,26,26,0,0,0],"gold":120,"neow_bonus":"THREE_ENEMY_KILL","is_daily":false,"chose_seed":false,"campfire_upgraded":1,"win_rate":0.0,"timestamp":1613166893,"path_taken":["R","M","M","$","?","E","T","M","?","M","?","?","R","?","M","BOSS"],"items_purchased_type":["Card","Card"],"build_version":"2020-12-22","purchased_purges":1,"victory":false,"max_hp_per_floor":[70,70,70,70,70,70,70,70,70,70,70,70,70,70,70,70,70,70],"relic_stats":{"counters":[11,39],"War Paint":["bronze:DelayedGuard","bronze:Defend"],"obtain_stats":[{"bronze:BronzeCore":0,"Matryoshka":7,"downfall:HeartsMalice":0,"War Paint":6},{"bronze:BronzeCore":0,"Matryoshka":4,"downfall:HeartsMalice":0,"War Paint":4},{"bronze:BronzeCore":0,"Matryoshka":3,"downfall:HeartsMalice":0,"War Paint":3}]},"card_choices":[{"not_picked":["bronze:Turbo","bronze:Shield"],"picked":"bronze:Fortify","floor":2},{"not_picked":["bronze:Iterate","bronze:BugBarrage"],"picked":"bronze:CutThrough","floor":3},{"not_picked":["bronze:ForLoop","bronze:BugBarrage"],"picked":"bronze:GetLatest","floor":4},{"not_picked":["bronze:Philosophize","bronze:BugBarrage"],"picked":"bronze:BuggyMess","floor":6},{"not_picked":["bronze:CutThrough","bronze:FollowUp"],"picked":"bronze:Branch","floor":8},{"not_picked":["bronze:WhirlingStrike","bronze:DarkDash"],"picked":"bronze:Iterate","floor":9},{"not_picked":["bronze:ForceShield","bronze:DelayedGuard"],"picked":"bronze:Iterate","floor":10},{"not_picked":["bronze:Fortify","bronze:BurnOut"],"picked":"bronze:Deprecate","floor":12},{"not_picked":["bronze:Safeguard","bronze:Iterate"],"picked":"bronze:Overload","floor":14},{"not_picked":["bronze:WildBeam","bronze:BugBarrage"],"picked":"bronze:Philosophize","floor":15}],"player_experience":57595,"relics_obtained":[{"floor":6,"key":"War Paint"},{"floor":7,"key":"Matryoshka"}],"event_choices":[{"damage_healed":0,"gold_gain":100,"player_choice":"Gold","damage_taken":0,"max_hp_gain":0,"max_hp_loss":0,"event_name":"Wheel of Change","floor":11,"gold_loss":0}],"is_beta":false,"boss_relics":[],"items_purged_floors":[12],"is_endless":false,"potions_floor_spawned":[6,8,9],"killed_by":"IC_STATUS_ARCHETYPE","ascension_level":0}}