{"host":"mr1ctipv0dcr6y8g","time":1613158116,"event":{"mods":["BaseMod","Beaked The Cultist","DeckTracker","Downfall","Energized Spire","Minty Spire (QoL Compilation)","READ ME - Guardian Mod","Shop Mod","StSLib","The Construct"],"gold_per_floor":[109,129,229,246,266,266,295,307,332,365,375,168,168,179,179,277,277,289,489,359,377,377,411,430,430,430,447,474,474,474,333,333,435,435,448,448,461,345,364,392,392,425,425,435,161,261,587,606,606,606],"floor_reached":51,"language":"ENG","playtime":9953,"items_purged":["Strike_R","Anger","Strike_R","Strike_R","Defend_R"],"score":1037,"play_id":"b75f8f19-3825-4b96-8c3d-c9ffdd5cdb76","local_time":"20210212122836","daily_mods":["Heirloom","Time Dilation","Flight"],"is_ascension_mode":false,"campfire_choices":[{"data":"Shrug It Off","floor":6,"key":"SMITH"},{"data":"Armaments","floor":13,"key":"SMITH"},{"data":"True Grit","floor":15,"key":"SMITH"},{"data":"Strike_R","floor":29,"key":"PURGE"},{"data":"Strike_R","floor":30,"key":"PURGE"},{"data":"Demon Form","floor":32,"key":"SMITH"},{"data":"Metallicize","floor":41,"key":"SMITH"},{"data":"Defend_R","floor":49,"key":"PURGE"}],"circlet_count":0,"master_deck":["Defend_R","Defend_R+1","Bash","Pummel","Shrug It Off+1","Body Slam","Shrug It Off","Metallicize+1","Demon Form+1","Armaments+1","True Grit+1","Barricade","Limit Break+1","Whirlwind","Clothesline","Feed","Disarm+1","Battle Trance+1","Dark Embrace","Metallicize","Entrench","Demon Form+1","Dark Embrace"],"relics":["Burning Blood","Peace Pipe","Vajra","Boot","Nunchaku","Membership Card","Snecko Eye","Shuriken","sneckomod:BlankCard","hexamod:CandleOfCauterizing","Mummified Hand","Pen Nib","energizedSpire:RedRose","War Paint","Bird Faced Urn","Bottled Tornado","Akabeko","DollysMirror","Old Coin"],"acts_visited":["Exordium","TheCity","TheBeyond"],"potions_floor_usage":[7,16,16],"damage_taken":[{"damage":6,"enemies":"Cultist","floor":1,"turns":3},{"damage":3,"enemies":"Jaw Worm","floor":2,"turns":4},{"damage":0,"enemies":"2 Louse","floor":4,"turns":2},{"damage":7,"enemies":"Exordium Thugs","floor":5,"turns":5},{"damage":19,"enemies":"Gremlin Nob","floor":7,"turns":4},{"damage":0,"enemies":"Looter","floor":8,"turns":3},{"damage":17,"enemies":"Lagavulin","floor":10,"turns":5},{"damage":2,"enemies":"Lots of Slimes","floor":11,"turns":6},{"damage":0,"enemies":"Large Slime","floor":14,"turns":4},{"damage":0,"enemies":"Slime Boss","floor":16,"turns":8},{"damage":0,"enemies":"Chosen","floor":18,"turns":5},{"damage":3,"enemies":"2 Thieves","floor":21,"turns":4},{"damage":16,"enemies":"Book of Stabbing","floor":23,"turns":5},{"damage":0,"enemies":"Sentry and Sphere","floor":24,"turns":3},{"damage":1,"enemies":"Centurion and Healer","floor":27,"turns":4},{"damage":14,"enemies":"Gremlin Leader","floor":28,"turns":5},{"damage":0,"enemies":"Champ","floor":33,"turns":8},{"damage":7,"enemies":"Orb Walker","floor":35,"turns":3},{"damage":0,"enemies":"3 Shapes","floor":37,"turns":4},{"damage":28,"enemies":"Sphere and 2 Shapes","floor":39,"turns":5},{"damage":4,"enemies":"Giant Head","floor":40,"turns":6},{"damage":0,"enemies":"Nemesis","floor":42,"turns":3},{"damage":2,"enemies":"Jaw Worm Horde","floor":44,"turns":4},{"damage":2,"enemies":"Giant Head","floor":47,"turns":6},{"damage":6,"enemies":"Maw","floor":48,"turns":6},{"damage":0,"enemies":"Donu and Deca","floor":50,"turns":6}],"seed_played":"-8348895298147672530","potions_obtained":[{"floor":1,"key":"FearPotion"},{"floor":5,"key":"SpeedPotion"},{"floor":11,"key":"Guardian:BlockOnCardUsePotion"},{"floor":14,"key":"DistilledChaos"},{"floor":16,"key":"EssenceOfSteel"},{"floor":23,"key":"Weak Potion"},{"floor":24,"key":"Ancient Potion"},{"floor":28,"key":"LiquidBronze"}],"is_trial":true,"path_per_floor":["M","M","?","M","M","R","E","M","T","E","M","$","R","M","R","B",null,"M","?","$","M","T","E","M","?","T","M","E","R","R","$","R","B",null,"M","?","M","$","M","E","R","E","T","M","$","?","E","M","R","B",null],"character_chosen":"IRONCLAD","items_purchased":["Membership Card","Armaments","Limit Break","Pen Nib","Dark Embrace","Akabeko","Entrench","DollysMirror"],"campfire_rested":0,"item_purchase_floors":[12,12,20,31,38,45,45,45],"current_hp_per_floor":[80,80,80,80,79,79,66,72,72,61,65,65,65,71,71,77,80,80,80,80,80,80,70,76,80,80,80,72,72,72,72,72,78,80,82,82,87,87,68,74,74,84,84,98,98,98,102,106,106,106],"gold":606,"neow_bonus":"","is_daily":false,"chose_seed":false,"campfire_upgraded":5,"win_rate":0.0,"timestamp":1613158116,"path_taken":["M","?","?","M","M","R","E","M","T","E","?","?","R","?","R","BOSS","M","?","$","?","?","E","M","?","T","?","E","R","R","$","R","BOSS","M","?","M","$","M","E","R","E","T","M","$","?","E","M","R","BOSS"],"items_purchased_type":["Relic","Card","Card","Relic","Card","Relic","Card","Relic"],"build_version":"2020-12-22","purchased_purges":5,"victory":true,"max_hp_per_floor":[80,80,80,80,80,80,80,80,80,80,80,80,80,80,80,80,80,80,80,80,80,80,80,80,80,80,80,80,80,80,80,80,80,80,83,83,87,87,90,94,94,98,98,98,98,98,102,106,106,106],"card_choices":[{"not_picked":["Havoc","Perfected Strike"],"picked":"Pummel","floor":1},{"not_picked":["Infernal Blade","Clash"],"picked":"Anger","floor":2},{"not_picked":["Infernal Blade","Brutality"],"picked":"Shrug It Off","floor":4},{"not_picked":["Thunderclap","Shrug It Off"],"picked":"Body Slam","floor":5},{"not_picked":["Thunderclap","Perfected Strike","Combust"],"picked":"SKIP","floor":7},{"not_picked":["Pummel","Clothesline"],"picked":"Shrug It Off","floor":8},{"not_picked":["Iron Wave","Dark Embrace"],"picked":"Metallicize","floor":10},{"not_picked":["Shockwave","Inflame"],"picked":"Demon Form","floor":11},{"not_picked":["Wild Strike","Sentinel"],"picked":"True Grit","floor":14},{"not_picked":["Feed","Impervious"],"picked":"Barricade","floor":16},{"not_picked":["Rage","Perfected Strike","Clash"],"picked":"SKIP","floor":18},{"not_picked":["Clothesline","Pommel Strike+1"],"picked":"Whirlwind","floor":21},{"not_picked":["Disarm+1","Whirlwind"],"picked":"Clothesline","floor":23},{"not_picked":["Sever Soul","Pommel Strike","Clash"],"picked":"SKIP","floor":24},{"not_picked":["Brutality","Carnage","Shrug It Off"],"picked":"SKIP","floor":27},{"not_picked":["Flex","Perfected Strike","Searing Blow+1"],"picked":"SKIP","floor":28},{"not_picked":["Limit Break","Bludgeon"],"picked":"Feed","floor":33},{"not_picked":["Perfected Strike","Spot Weakness"],"picked":"Disarm+1","floor":35},{"not_picked":["Second Wind+1","Rampage"],"picked":"Battle Trance+1","floor":37},{"not_picked":["Pommel Strike+1","Rampage+1","True Grit+1"],"picked":"SKIP","floor":39},{"not_picked":["Anger+1","Infernal Blade"],"picked":"Metallicize","floor":40},{"not_picked":["Sever Soul+1","Armaments","Clothesline"],"picked":"SKIP","floor":42},{"not_picked":["Clash","Dropkick","Cleave+1"],"picked":"SKIP","floor":44},{"not_picked":["Clothesline+1","Havoc+1"],"picked":"Dark Embrace","floor":47},{"not_picked":["Warcry+1","Thunderclap","Twin Strike"],"picked":"SKIP","floor":48}],"player_experience":1730009,"relics_obtained":[{"floor":7,"key":"Vajra"},{"floor":9,"key":"Boot"},{"floor":10,"key":"Nunchaku"},{"floor":22,"key":"Shuriken"},{"floor":23,"key":"sneckomod:BlankCard"},{"floor":26,"key":"hexamod:CandleOfCauterizing"},{"floor":28,"key":"Mummified Hand"},{"floor":40,"key":"War Paint"},{"floor":42,"key":"Bird Faced Urn"},{"floor":43,"key":"Bottled Tornado"},{"floor":47,"key":"Old Coin"}],"event_choices":[{"damage_healed":0,"gold_gain":100,"player_choice":"Pray","damage_taken":0,"max_hp_gain":0,"max_hp_loss":0,"event_name":"Golden Shrine","floor":3,"gold_loss":0},{"damage_healed":0,"gold_gain":250,"player_choice":"Bet on Owner","damage_taken":0,"max_hp_gain":0,"max_hp_loss":0,"event_name":"The Joust","floor":19,"gold_loss":50},{"damage_healed":4,"gold_gain":0,"player_choice":"Full Heal","damage_taken":0,"max_hp_gain":0,"max_hp_loss":0,"event_name":"Wheel of Change","floor":25,"gold_loss":0},{"damage_healed":0,"gold_gain":0,"player_choice":"Ignored","damage_taken":0,"max_hp_gain":0,"max_hp_loss":0,"event_name":"Tomb of Lord Red Mask","floor":36,"gold_loss":0},{"damage_healed":0,"gold_gain":100,"player_choice":"Pray","damage_taken":0,"max_hp_gain":0,"max_hp_loss":0,"event_name":"Golden Shrine","floor":46,"gold_loss":0}],"is_beta":false,"boss_relics":[{"not_picked":["bronze:MakeshiftBattery","energizedSpire:NeverEndingSparkler"],"picked":"Snecko Eye"},{"not_picked":["Tiny House","Runic Cube"],"picked":"energizedSpire:RedRose"}],"items_purged_floors":[12,20,31,38,45],"is_endless":false,"potions_floor_spawned":[1,5,11,14,16,23,24,28,37,39,44,48],"ascension_level":0}}