{"host":"urzvr6030gsf1sd7","time":1613167678,"event":{"mods":["AchievementEnabler","BaseMod","Block Reminder","Colored Powertips","Minty Spire (QoL Compilation)","Permanent Neow","StSLib"],"gold_per_floor":[114,131,149,159,170,200,200,232,282,312,51,51,51,63,63,167,167,184,200,23,23,43,72,86,86,110,210,221,240,273,273,273,273,273],"floor_reached":33,"language":"ENG","playtime":2967,"items_purged":["Parasite","Strike_R"],"score":324,"play_id":"2b8d382c-d992-4031-88b8-522e7c668c73","local_time":"20210212170758","is_ascension_mode":true,"campfire_choices":[{"data":"Bash","floor":12,"key":"SMITH"},{"data":"Blood for Blood","floor":15,"key":"SMITH"},{"data":"Corruption","floor":25,"key":"SMITH"},{"floor":32,"key":"REST"}],"circlet_count":0,"master_deck":["Strike_R","Strike_R","Strike_R","Defend_R","Defend_R","Defend_R","Defend_R","Bash+1","Ghostly Armor","Iron Wave","Wild Strike","Dark Embrace","Thunderclap","Cleave","Blood for Blood+1","Headbutt","Corruption+1","Rampage","Disarm","Ghostly Armor+1","Fire Breathing+1","Clothesline+1","Disarm"],"relics":["Burning Blood","Singing Bowl","Mercury Hourglass","Self Forming Clay","MealTicket","Busted Crown","Regal Pillow","Dream Catcher","Torii","Bottled Tornado","Darkstone Periapt","The Courier"],"acts_visited":["Exordium","TheCity"],"potions_floor_usage":[8,16,16,18,19,23,27,28,28,33],"damage_taken":[{"damage":1,"enemies":"2 Louse","floor":1,"turns":3},{"damage":1,"enemies":"Jaw Worm","floor":2,"turns":5},{"damage":3,"enemies":"Small Slimes","floor":3,"turns":3},{"damage":18,"enemies":"Exordium Wildlife","floor":4,"turns":6},{"damage":13,"enemies":"Exordium Thugs","floor":5,"turns":5},{"damage":37,"enemies":"3 Sentries","floor":6,"turns":10},{"damage":30,"enemies":"Lagavulin","floor":8,"turns":10},{"damage":28,"enemies":"Gremlin Nob","floor":10,"turns":4},{"damage":8,"enemies":"Lots of Slimes","floor":14,"turns":3},{"damage":24,"enemies":"Hexaghost","floor":16,"turns":9},{"damage":4,"enemies":"2 Thieves","floor":18,"turns":3},{"damage":0,"enemies":"Chosen","floor":19,"turns":4},{"damage":19,"enemies":"Centurion and Healer","floor":22,"turns":5},{"damage":33,"enemies":"Gremlin Leader","floor":23,"turns":6},{"damage":4,"enemies":"Snecko","floor":24,"turns":5},{"damage":19,"enemies":"Colosseum Slavers","floor":27,"turns":5},{"damage":10,"enemies":"Colosseum Nobs","floor":27,"turns":4},{"damage":17,"enemies":"Snake Plant","floor":28,"turns":5},{"damage":14,"enemies":"Centurion and Healer","floor":29,"turns":6},{"damage":5,"enemies":"Book of Stabbing","floor":30,"turns":4},{"damage":77,"enemies":"Collector","floor":33,"turns":7}],"seed_played":"4137178285411321117","potions_obtained":[{"floor":2,"key":"BloodPotion"},{"floor":5,"key":"LiquidMemories"},{"floor":6,"key":"Energy Potion"},{"floor":8,"key":"EssenceOfSteel"},{"floor":16,"key":"SkillPotion"},{"floor":18,"key":"Ancient Potion"},{"floor":23,"key":"Dexterity Potion"},{"floor":27,"key":"HeartOfIron"},{"floor":28,"key":"BloodPotion"},{"floor":30,"key":"Strength Potion"}],"is_trial":false,"path_per_floor":["M","M","M","M","M","E","?","E","T","E","$","R","$","M","R","B",null,"M","M","$","?","M","E","M","R","T","?","M","M","E","T","R","B"],"character_chosen":"IRONCLAD","items_purchased":["MealTicket","Blood for Blood","Disarm"],"campfire_rested":1,"item_purchase_floors":[11,11,20],"current_hp_per_floor":[80,80,80,68,61,30,50,44,44,24,24,24,39,37,37,19,81,83,83,83,83,72,45,49,49,49,32,40,32,35,35,77,0,0],"gold":273,"neow_bonus":"TRANSFORM_CARD","is_daily":false,"chose_seed":false,"campfire_upgraded":3,"win_rate":0.0,"timestamp":1613167678,"path_taken":["M","M","M","M","M","E","?","E","T","E","$","R","$","M","R","BOSS","M","M","$","?","M","E","M","R","T","?","M","M","E","?","R","BOSS"],"items_purchased_type":["Relic","Card","Card"],"build_version":"2020-12-22","purchased_purges":2,"victory":false,"max_hp_per_floor":[80,80,80,80,80,80,80,82,82,84,81,81,81,81,81,81,81,83,83,83,83,85,85,87,87,87,87,89,89,91,91,91,91,91],"card_choices":[{"not_picked":["Warcry","Havoc"],"picked":"Iron Wave","floor":1},{"not_picked":["Shrug It Off","Intimidate"],"picked":"Wild Strike","floor":2},{"not_picked":["Reckless Charge","True Grit"],"picked":"Dark Embrace","floor":3},{"not_picked":["Twin Strike","Searing Blow"],"picked":"Thunderclap","floor":4},{"not_picked":["Perfected Strike","Brutality","Iron Wave"],"picked":"SKIP","floor":5},{"not_picked":["Flex","Thunderclap"],"picked":"Cleave","floor":6},{"not_picked":["Cleave","Reckless Charge","Iron Wave"],"picked":"Singing Bowl","floor":8},{"not_picked":["Second Wind","Reckless Charge","Wild Strike"],"picked":"Singing Bowl","floor":10},{"not_picked":["Sword Boomerang","Thunderclap"],"picked":"Headbutt","floor":14},{"not_picked":["Limit Break","Juggernaut"],"picked":"Corruption","floor":16},{"not_picked":["Anger"],"picked":"Singing Bowl","floor":18},{"not_picked":[],"picked":"Rampage","floor":19},{"not_picked":["Clash"],"picked":"Singing Bowl","floor":22},{"not_picked":[],"picked":"Ghostly Armor+1","floor":23},{"not_picked":["Iron Wave"],"picked":"Singing Bowl","floor":24},{"not_picked":[],"picked":"Fire Breathing+1","floor":27},{"not_picked":["Anger"],"picked":"Singing Bowl","floor":28},{"not_picked":[],"picked":"Clothesline+1","floor":29},{"not_picked":["Pummel"],"picked":"Singing Bowl","floor":30},{"not_picked":[],"picked":"Disarm","floor":32}],"player_experience":229207,"relics_obtained":[{"floor":6,"key":"Singing Bowl"},{"floor":8,"key":"Mercury Hourglass"},{"floor":10,"key":"Self Forming Clay"},{"floor":23,"key":"Regal Pillow"},{"floor":26,"key":"Dream Catcher"},{"floor":27,"key":"Torii"},{"floor":27,"key":"Bottled Tornado"},{"floor":30,"key":"Darkstone Periapt"},{"floor":31,"key":"The Courier"}],"event_choices":[{"damage_healed":20,"gold_gain":0,"player_choice":"Healed and dodged fight","damage_taken":0,"max_hp_gain":0,"max_hp_loss":0,"event_name":"Mushrooms","floor":7,"gold_loss":0,"cards_obtained":["Parasite"]},{"damage_healed":0,"gold_gain":0,"player_choice":"Fight","damage_taken":0,"max_hp_gain":0,"max_hp_loss":0,"event_name":"Colosseum","floor":27,"gold_loss":0},{"damage_healed":0,"gold_gain":0,"player_choice":"Fought Nobs","damage_taken":0,"max_hp_gain":0,"max_hp_loss":0,"event_name":"Colosseum","floor":27,"gold_loss":0}],"is_beta":false,"boss_relics":[{"not_picked":["Cursed Key","Runic Dome"],"picked":"Busted Crown"}],"items_purged_floors":[11,20],"is_endless":false,"potions_floor_spawned":[2,5,6,8,16,18,23,27,28,30],"killed_by":"Collector","ascension_level":1}}