{"host":"qrjxgo49ov8bsko8","time":1613101351,"event":{"mods":["BaseMod","Curses Come First","Minty Spire (QoL Compilation)","Relic Stats","Slay-I","Spire Arcade","StSLib"],"gold_per_floor":[119,119,119,119,143,143,143],"floor_reached":6,"language":"ENG","playtime":127,"items_purged":[],"score":39,"play_id":"1eaaf176-b2ea-403b-b854-5c51803cebd0","local_time":"20210211224231","is_ascension_mode":true,"campfire_choices":[],"circlet_count":0,"master_deck":["Strike_B","Strike_B","Strike_B","Strike_B","Defend_B","Defend_B","Defend_B","Defend_B","Zap","Dualcast","Stack","Injury","Pain","Leap"],"relics":["Busted Crown","Golden Idol","WarpedTongs"],"acts_visited":["Exordium"],"potions_floor_usage":[],"damage_taken":[{"damage":0,"enemies":"2 Louse","floor":1,"turns":2},{"damage":7,"enemies":"Small Slimes","floor":5,"turns":4},{"damage":97,"enemies":"Gremlin Nob","floor":6,"turns":5}],"seed_played":"-710849633268300343","potions_obtained":[],"is_trial":false,"path_per_floor":["M","?","?","?","M","E"],"character_chosen":"DEFECT","items_purchased":[],"campfire_rested":0,"item_purchase_floors":[],"current_hp_per_floor":[75,75,75,75,68,0,0],"gold":143,"neow_bonus":"BOSS_RELIC","is_daily":false,"chose_seed":false,"campfire_upgraded":0,"win_rate":0.0,"timestamp":1613101351,"path_taken":["M","?","?","?","M","E"],"items_purchased_type":[],"build_version":"2020-12-22","purchased_purges":0,"victory":false,"max_hp_per_floor":[75,75,75,75,75,75,75],"relic_stats":{"Busted Crown":4,"counters":[3,11],"Golden Idol":5,"obtain_stats":[{"Busted Crown":0,"Golden Idol":3,"Cracked Core":0,"WarpedTongs":4},{"Busted Crown":0,"Golden Idol":1,"Cracked Core":0,"WarpedTongs":1},{"Busted Crown":0,"Golden Idol":2,"Cracked Core":0,"WarpedTongs":2}],"WarpedTongs":[9]},"card_choices":[{"not_picked":[],"picked":"Stack","floor":1},{"not_picked":[],"picked":"Leap","floor":5}],"player_experience":499799,"relics_obtained":[],"event_choices":[{"damage_healed":0,"gold_gain":0,"player_choice":"Ignored","damage_taken":0,"max_hp_gain":0,"max_hp_loss":0,"event_name":"Golden Wing","floor":2,"gold_loss":0},{"damage_healed":0,"gold_gain":0,"player_choice":"Take Wound","damage_taken":0,"relics_obtained":["Golden Idol"],"max_hp_gain":0,"max_hp_loss":0,"event_name":"Golden Idol","floor":3,"gold_loss":0,"cards_obtained":["Injury"]},{"damage_healed":0,"gold_gain":0,"player_choice":"Rummage","damage_taken":0,"relics_obtained":["WarpedTongs"],"max_hp_gain":0,"max_hp_loss":0,"event_name":"Accursed Blacksmith","floor":4,"gold_loss":0,"cards_obtained":["Pain"]}],"is_beta":false,"boss_relics":[],"items_purged_floors":[],"is_endless":false,"potions_floor_spawned":[],"killed_by":"Gremlin Nob","ascension_level":3}}