{"host":"sc0o2qwpf9j16a4i","time":1613138898,"event":{"mods":["AchievementEnabler","BaseMod","BetterRewards","Block Reminder","Colored Map","Colored Powertips","Custom Start","Highlight Path","Minty Spire (QoL Compilation)","Relic Stats"],"gold_per_floor":[115,115,265,265,285,310,310,17,17,42,42,76,92,92,92,171,171,184,200,212,212,162,162,172,172,172],"floor_reached":25,"language":"ENG","playtime":570,"items_purged":["Doubt"],"score":488,"play_id":"908b79ec-299c-46ff-b25d-2486bc5e1144","local_time":"20210212160818","is_ascension_mode":true,"campfire_choices":[{"data":"Shockwave","floor":7,"key":"SMITH"},{"data":"Twin Strike","floor":11,"key":"SMITH"},{"data":"True Grit","floor":15,"key":"SMITH"},{"data":"True Grit","floor":23,"key":"SMITH"}],"circlet_count":0,"master_deck":["AscendersBane","Strike_R","Strike_R","Strike_R","Defend_R","Defend_R+1","Defend_R+1","Bash","Anger","Clothesline","Shockwave+1","Twin Strike+1","Dropkick","True Grit+1","Shrug It Off","Corruption","Whirlwind+1","Headbutt+1","Berserk+1","True Grit+1","Ghostly Armor","Armaments+1","Uppercut"],"relics":["Burning Blood","NeowsBlessing","War Paint","Gremlin Horn","Matryoshka","Pen Nib","Orichalcum","Blood Vial","Happy Flower","Kunai","Astrolabe","MutagenicStrength"],"acts_visited":["Exordium","TheCity"],"potions_floor_usage":[12,16,16,25],"damage_taken":[{"damage":0,"enemies":"Jaw Worm","floor":1,"turns":1},{"damage":0,"enemies":"2 Louse","floor":5,"turns":1},{"damage":0,"enemies":"Gremlin Nob","floor":6,"turns":1},{"damage":10,"enemies":"Lagavulin","floor":10,"turns":7},{"damage":2,"enemies":"Gremlin Nob","floor":12,"turns":3},{"damage":2,"enemies":"Small Slimes","floor":13,"turns":3},{"damage":19,"enemies":"Hexaghost","floor":16,"turns":8},{"damage":2,"enemies":"3 Byrds","floor":18,"turns":6},{"damage":31,"enemies":"Shell Parasite","floor":19,"turns":6},{"damage":4,"enemies":"Chosen and Byrds","floor":20,"turns":4},{"damage":19,"enemies":"Snake Plant","floor":24,"turns":3},{"damage":50,"enemies":"Book of Stabbing","floor":25,"turns":6}],"seed_played":"-3325659861336830809","potions_obtained":[{"floor":5,"key":"SmokeBomb"},{"floor":10,"key":"FearPotion"},{"floor":12,"key":"Block Potion"},{"floor":13,"key":"DistilledChaos"},{"floor":16,"key":"Explosive Potion"},{"floor":19,"key":"SpeedPotion"},{"floor":20,"key":"CultistPotion"}],"is_trial":false,"path_per_floor":["M","?","?","T","M","E","R","$","T","E","R","E","M","?","R","B",null,"M","M","M","?","?","R","M","E"],"character_chosen":"IRONCLAD","items_purchased":["Pen Nib","Twin Strike"],"campfire_rested":0,"item_purchase_floors":[8,8],"current_hp_per_floor":[74,69,69,69,75,75,75,75,75,71,71,75,75,80,80,67,77,80,55,59,59,59,59,48,0,0],"gold":172,"neow_bonus":"THREE_ENEMY_KILL","is_daily":false,"chose_seed":false,"campfire_upgraded":4,"win_rate":0.0,"timestamp":1613138898,"path_taken":["M","?","?","?","?","E","R","$","T","E","R","E","M","?","R","BOSS","M","M","M","?","?","R","M","E"],"items_purchased_type":["Relic","Card"],"build_version":"2020-12-22","purchased_purges":1,"victory":false,"max_hp_per_floor":[75,75,75,75,75,75,75,75,75,75,75,75,75,80,80,80,80,80,80,80,80,80,80,80,80,80],"relic_stats":{"Blood Vial":10,"Gremlin Horn":[5,5],"Happy Flower":[13],"counters":[12,49],"Astrolabe":["Whirlwind","Headbutt","Berserk"],"Pen Nib":[9],"Kunai":[12],"War Paint":["Defend_R","Defend_R"],"Orichalcum":[114],"obtain_stats":[{"Blood Vial":9,"Matryoshka":6,"NeowsBlessing":0,"Gremlin Horn":4,"Happy Flower":10,"Astrolabe":17,"MutagenicStrength":21,"Pen Nib":8,"Kunai":12,"War Paint":2,"Orichalcum":9,"Burning Blood":0},{"Blood Vial":3,"Matryoshka":3,"NeowsBlessing":0,"Gremlin Horn":1,"Happy Flower":4,"Astrolabe":7,"MutagenicStrength":10,"Pen Nib":3,"Kunai":5,"War Paint":1,"Orichalcum":3,"Burning Blood":0},{"Blood Vial":3,"Matryoshka":3,"NeowsBlessing":0,"Gremlin Horn":1,"Happy Flower":10,"Astrolabe":24,"MutagenicStrength":40,"Pen Nib":3,"Kunai":13,"War Paint":1,"Orichalcum":3,"Burning Blood":0}],"Burning Blood":51},"card_choices":[{"not_picked":["True Grit","Thunderclap"],"picked":"Anger","floor":1},{"not_picked":["Thunderclap","Carnage"],"picked":"Clothesline","floor":5},{"not_picked":["Dropkick","Whirlwind"],"picked":"Shockwave","floor":6},{"not_picked":["Entrench","Second Wind"],"picked":"Dropkick","floor":10},{"not_picked":["Headbutt","Whirlwind"],"picked":"True Grit","floor":12},{"not_picked":["Sword Boomerang","Perfected Strike"],"picked":"Shrug It Off","floor":13},{"not_picked":["Brutality","Double Tap"],"picked":"Corruption","floor":16},{"not_picked":["Sword Boomerang","Intimidate"],"picked":"True Grit","floor":18},{"not_picked":["Second Wind","Reckless Charge+1"],"picked":"Ghostly Armor","floor":19},{"not_picked":["Carnage","Pummel"],"picked":"Armaments+1","floor":20},{"not_picked":["Wild Strike","Rage"],"picked":"Uppercut","floor":24}],"player_experience":1365194,"relics_obtained":[{"floor":4,"key":"Gremlin Horn"},{"floor":6,"key":"Matryoshka"},{"floor":9,"key":"Orichalcum"},{"floor":9,"key":"Blood Vial"},{"floor":10,"key":"Happy Flower"},{"floor":12,"key":"Kunai"}],"event_choices":[{"damage_healed":0,"gold_gain":0,"player_choice":"Success","damage_taken":5,"relics_obtained":["War Paint"],"max_hp_gain":0,"max_hp_loss":0,"event_name":"Scrap Ooze","floor":2,"gold_loss":0},{"damage_healed":0,"gold_gain":150,"player_choice":"AGREE","damage_taken":0,"max_hp_gain":0,"max_hp_loss":0,"event_name":"Liars Game","floor":3,"gold_loss":0,"cards_obtained":["Doubt"]},{"damage_healed":0,"gold_gain":0,"player_choice":"Donut","damage_taken":0,"max_hp_gain":5,"max_hp_loss":0,"event_name":"Big Fish","floor":14,"gold_loss":0},{"damage_healed":0,"gold_gain":0,"player_choice":"Inject Mutagens","damage_taken":0,"relics_obtained":["MutagenicStrength"],"max_hp_gain":0,"max_hp_loss":0,"event_name":"Drug Dealer","floor":21,"gold_loss":0},{"damage_healed":0,"gold_gain":0,"player_choice":"Bet on Murderer","damage_taken":0,"max_hp_gain":0,"max_hp_loss":0,"event_name":"The Joust","floor":22,"gold_loss":50}],"is_beta":false,"boss_relics":[{"not_picked":["SlaversCollar","Black Star"],"picked":"Astrolabe"}],"items_purged_floors":[8],"is_endless":false,"potions_floor_spawned":[5,10,12,13,16,19,20,24],"killed_by":"Book of Stabbing","ascension_level":20}}