{"host":"pwrib9jhixfykg8d","time":1613130398,"event":{"mods":["Act Like it!","Astrologer","BaseMod","Custom Start","Downfall","Gold Saver","GungeonMod","Hallownest","Hermit","Infinite Spire","Lobotomy","Luminous","Marisa£®ÏF”Í°°ƒß¿Ì…≥£©","Minty Spire (QoL Compilation)","Quick Restart","Reliquary","Replay The Spire","Shop Mod","StSLib","The Animator","The Bug Knight","The Jungle","Youmu£®ªÍ∆«—˝√Œ£©"],"gold_per_floor":[117,117,137,152,152,186,206,234,234,248,248,248,65,83,83,179,179,194,214,224,236,247,247,247],"floor_reached":23,"language":"ZHS","playtime":3443,"items_purged":[],"score":232,"play_id":"05dd7b91-b02c-475b-bdcc-0fe2ffa60028","local_time":"20210212194638","is_ascension_mode":false,"campfire_choices":[{"data":"HeartExcerptSlash","floor":12.0,"key":"SMITH"},{"data":"Secret Weapon","floor":15.0,"key":"SMITH"}],"circlet_count":0,"master_deck":["Strike_YM","Strike_YM+1","Strike_YM+1","Defend_YM","Defend_YM","Defend_YM","Defend_YM","SlashOfPresentWorld","WheelOfPainOfLivingAndDead","TwoHundredYojanaInOneSlash","AsuraSword","FiveSignsOfTheDyingDeva","SlashOfAscensionToBuddhahood","HeartExcerptSlash+1","SpiritCuttingSword","RapidSlash","Secret Weapon+1","AsuraSword","SuddenDivineSeveringOfKarmicWind","SlashOfAscensionToBuddhahood+1","ObsessionWithThePresentWorld+1","DoubleWheelOfPain","SuddenPhantomFormationSlashOfKarmicWind+1"],"relics":["MiniYoumu","FencingExperience","ReplayFunnel","DemoMod:ChaffGrenade"],"acts_visited":["Exordium","TheCity"],"potions_floor_usage":[23],"damage_taken":[{"damage":4.0,"enemies":"Jaw Worm","floor":1.0,"turns":4.0},{"damage":3.0,"enemies":"2 Louse","floor":3.0,"turns":2.0},{"damage":0.0,"enemies":"Cultist","floor":4.0,"turns":3.0},{"damage":1.0,"enemies":"HollowMod:MossKnight","floor":6.0,"turns":3.0},{"damage":0.0,"enemies":"Looter","floor":7.0,"turns":3.0},{"damage":20.0,"enemies":"Lagavulin","floor":8.0,"turns":4.0},{"damage":8.0,"enemies":"Exordium Thugs","floor":10.0,"turns":4.0},{"damage":7.0,"enemies":"Large Slime","floor":14.0,"turns":4.0},{"damage":25.0,"enemies":"Fading Forest","floor":16.0,"turns":11.0},{"damage":17.0,"enemies":"Spheric Guardian","floor":18.0,"turns":4.0},{"damage":13.0,"enemies":"3 Byrds","floor":19.0,"turns":4.0},{"damage":17.0,"enemies":"Snake Plant","floor":20.0,"turns":3.0},{"damage":4,"enemies":"Snecko","floor":21,"turns":2},{"damage":16,"enemies":"Chosen and Byrds","floor":22,"turns":6},{"damage":13,"enemies":"Gremlin Leader","floor":23,"turns":3}],"seed_played":"-4155913880120564258","potions_obtained":[{"floor":0.0,"key":"Adrenaline Potion"},{"floor":0.0,"key":"ColorlessPotion"},{"floor":0.0,"key":"ColorlessPotion"},{"floor":1.0,"key":"FearPotion"},{"floor":6.0,"key":"EssenceOfSteel"},{"floor":10.0,"key":"DemoMod:LeadSkinPotion"},{"floor":19.0,"key":"PowerPotion"},{"floor":21,"key":"Strength Potion"}],"is_trial":false,"path_per_floor":["M","?","M","M","$","E","M","E","T","M","?","R","$","M","R","B",null,"M","M","M","M","M","E"],"character_chosen":"YOUMU","items_purchased":["Secret Weapon"],"campfire_rested":0,"item_purchase_floors":[13],"current_hp_per_floor":[71,56,53,53,53,52,52,32,32,24,24,24,24,17,17,10,75,58,45,28,24,8,0,0],"gold":247,"neow_bonus":"THREE_SMALL_POTIONS","is_daily":false,"chose_seed":false,"campfire_upgraded":2,"win_rate":0.0,"timestamp":1613130398,"path_taken":["M","?","M","M","$","E","M","E","T","M","?","R","$","M","R","BOSS","M","M","?","M","M","E"],"items_purchased_type":["Card"],"build_version":"2020-12-22","purchased_purges":0,"victory":false,"max_hp_per_floor":[75,75,75,75,75,75,75,75,75,75,75,75,75,75,75,75,75,75,75,75,75,75,75,75],"card_choices":[{"not_picked":["ConstancyOfTheConventionalTruth","SpiritCuttingSword"],"picked":"TwoHundredYojanaInOneSlash","floor":1.0},{"not_picked":["TwoHundredYojanaInOneSlash","SpiritCuttingSword"],"picked":"AsuraSword","floor":3.0},{"not_picked":["ASingleThoughtAndInfiniteKalpas","SwordExtraction"],"picked":"FiveSignsOfTheDyingDeva","floor":4.0},{"not_picked":["CherryBlossomFlashing","PretaSword"],"picked":"SlashOfAscensionToBuddhahood","floor":6.0},{"not_picked":["SanzenSekai","FastingOfTheYoungPreta"],"picked":"HeartExcerptSlash","floor":7.0},{"not_picked":["EchoesOfTheInclemencyOfAllBeings","ConstancyOfTheConventionalTruth"],"picked":"SpiritCuttingSword","floor":8.0},{"not_picked":["SwordOfBindingDesires","ThoughtCuttingSword"],"picked":"RapidSlash","floor":10.0},{"not_picked":["TwoHundredYojanaInOneSlash","CherryBlossomFlashing"],"picked":"AsuraSword","floor":14.0},{"not_picked":["SlashOfSaigyouSpringWind","ASingleThoughtAndInfiniteKalpas"],"picked":"SuddenDivineSeveringOfKarmicWind","floor":16.0},{"not_picked":["SlashOfMeditation","FlashingScatteredFlowers","HumanKnowledgeSword"],"picked":"SKIP","floor":18.0},{"not_picked":["BloodOfAsura","KarmicPunishmentOfTheIdleAndUnfocused"],"picked":"SlashOfAscensionToBuddhahood+1","floor":19.0},{"not_picked":["TwoHundredYojanaInOneSlash","HellGodSword"],"picked":"ObsessionWithThePresentWorld+1","floor":20},{"not_picked":["FlashingScatteredFlowers","SlashOfMeditation"],"picked":"DoubleWheelOfPain","floor":21},{"not_picked":["LifeCuttingSword+1","FlashingScatteredFlowers+1"],"picked":"SuddenPhantomFormationSlashOfKarmicWind+1","floor":22}],"player_experience":340438,"relics_obtained":[{"floor":6.0,"key":"FencingExperience"},{"floor":8.0,"key":"ReplayFunnel"},{"floor":9.0,"key":"DemoMod:ChaffGrenade"}],"event_choices":[{"damage_healed":0.0,"max_hp_gain":0.0,"max_hp_loss":0.0,"gold_gain":0.0,"event_name":"Shining Light","player_choice":"Entered Light","floor":2.0,"gold_loss":0.0,"damage_taken":15.0,"cards_upgraded":["Strike_YM","Strike_YM"]},{"cards_removed":["Strike_YM"],"damage_healed":0.0,"max_hp_gain":0.0,"max_hp_loss":0.0,"gold_gain":0.0,"event_name":"Bonfire Elementals","player_choice":"Offered Basic","floor":11.0,"gold_loss":0.0,"damage_taken":0.0}],"is_beta":false,"boss_relics":[{"not_picked":["ReplayTheSpireMod:DimensionalGlitch","Painkiller Herb"],"picked":"MiniYoumu"}],"items_purged_floors":[],"is_endless":false,"potions_floor_spawned":[1,6,7,10,19,21],"killed_by":"Gremlin Leader","ascension_level":0}}