{"host":"6xsbn6ynqlzwllfm","time":1613092576,"event":{"mods":["2.2 Compatiblity","BaseMod","Bestiary","Colored Map","Colored Powertips","Curses Come First","Downfall","Highlight Path","Keyboard Shortcuts","Minty Spire (QoL Compilation)","Relic Stats","Slay the Relics Exporter","StSLib","SuperFastMode"],"gold_per_floor":[99,99,99,10,24,24,24,24,35,48,33,61,71,98,110,110,110,110],"floor_reached":16,"language":"ENG","playtime":646,"items_purged":[],"score":162,"play_id":"df1dd816-ebb6-4c82-a8f5-6e02a17032a5","local_time":"20210211201616","is_ascension_mode":true,"campfire_choices":[{"floor":1,"key":"RECALL"},{"data":"bronze:MaxOutput","floor":6,"key":"SMITH"}],"circlet_count":0,"master_deck":["bronze:Strike","bronze:Strike+1","bronze:Strike","bronze:Strike","bronze:Defend","bronze:Defend","bronze:Defend","bronze:Defend+1","bronze:Replicate","bronze:Goto","bronze:DazingPulse+1","bronze:BurnOut","downfall:Malfunctioning","bronze:Break","bronze:MaxOutput+1","bronze:BuggyMess","bronze:ItsAFeature","bronze:Allocate","bronze:HyperBeam+1"],"relics":["bronze:BronzeCore","Darkstone Periapt","Strawberry","Molten Egg 2","Boot"],"acts_visited":["Exordium"],"potions_floor_usage":[12,13,16],"damage_taken":[{"damage":8,"floor":2,"turns":3},{"damage":4,"enemies":"downfall:FleeingMerchant","floor":4,"turns":4},{"damage":0,"enemies":"Jaw Worm","floor":5,"turns":2},{"damage":4,"enemies":"Small Slimes","floor":9,"turns":3},{"damage":0,"enemies":"2 Louse","floor":10,"turns":2},{"damage":12,"enemies":"downfall:FleeingMerchant","floor":11,"turns":4},{"damage":0,"enemies":"Lagavulin","floor":12,"turns":5},{"damage":12,"enemies":"Large Slime","floor":13,"turns":6},{"damage":8,"enemies":"Gremlin Nob","floor":14,"turns":4},{"damage":0,"enemies":"Lots of Slimes","floor":15,"turns":5},{"damage":53,"enemies":"WA_ARCHETYPE_RETAIN","floor":16,"turns":7}],"seed_played":"4018919236002298621","potions_obtained":[{"floor":5,"key":"Swift Potion"},{"floor":9,"key":"Block Potion"},{"floor":12,"key":"champ:CounterPotion"},{"floor":14,"key":"DuplicationPotion"}],"is_trial":false,"path_per_floor":["R","?","?","$","M","R","T","T","M","M","$","E","M","E","M","B"],"character_chosen":"THE_AUTOMATON","items_purchased":["bronze:MaxOutput"],"campfire_rested":0,"item_purchase_floors":[4],"current_hp_per_floor":[77,69,69,65,65,65,65,72,68,68,56,56,44,36,36,0,0,0],"gold":110,"neow_bonus":"TEN_PERCENT_HP_BONUS","is_daily":false,"chose_seed":false,"campfire_upgraded":1,"win_rate":0.0,"timestamp":1613092576,"path_taken":["R","?","?","$","M","R","T","?","M","M","?","E","M","E","M","BOSS"],"items_purchased_type":["Card"],"build_version":"2020-12-22","purchased_purges":0,"victory":false,"max_hp_per_floor":[77,77,77,77,77,77,77,84,84,84,84,84,84,84,84,84,84,84],"relic_stats":{"Darkstone Periapt":0,"counters":[11,45],"Boot":[4],"obtain_stats":[{"Darkstone Periapt":7,"bronze:BronzeCore":0,"Strawberry":8,"Molten Egg 2":12,"Boot":14},{"Darkstone Periapt":3,"bronze:BronzeCore":0,"Strawberry":3,"Molten Egg 2":7,"Boot":9},{"Darkstone Periapt":9,"bronze:BronzeCore":0,"Strawberry":9,"Molten Egg 2":23,"Boot":33}]},"card_choices":[{"not_picked":[],"picked":"bronze:DazingPulse","floor":2},{"not_picked":["bronze:Safeguard","bronze:FineTuning"],"picked":"bronze:BurnOut","floor":2},{"not_picked":["bronze:Return","bronze:BitShift"],"picked":"bronze:Break","floor":4},{"not_picked":["bronze:FollowUp","bronze:Frontload"],"picked":"bronze:BuggyMess","floor":9},{"not_picked":["bronze:Refactor","bronze:WhirlingStrike"],"picked":"bronze:ItsAFeature","floor":10},{"not_picked":["bronze:Invalidate","bronze:Overload"],"picked":"bronze:Allocate","floor":11},{"not_picked":["bronze:BitShift","bronze:Allocate"],"picked":"bronze:HyperBeam+1","floor":12}],"player_experience":1734600,"relics_obtained":[{"floor":7,"key":"Darkstone Periapt"},{"floor":8,"key":"Strawberry"},{"floor":12,"key":"Molten Egg 2"},{"floor":14,"key":"Boot"}],"event_choices":[],"is_beta":false,"boss_relics":[],"items_purged_floors":[],"is_endless":false,"potions_floor_spawned":[5,9,12,14],"killed_by":"WA_ARCHETYPE_RETAIN","ascension_level":4}}