{"host":"rg29p8m4aqjozpzt","time":1613152690,"event":{"mods":["100% Spire Juice","Aspiration","Bartender","BaseMod","Beaked The Cultist","Better Altar","Better Match","Better Sensory Stone","Better Skull","Better Third Choice","BetterRewards","Chen","Colored Powertips","Conspire","Downfall","Friendly Minions","Hermit","Hubris","JesterMod","Magitek Elite","Minty Spire (QoL Compilation)","Permanent Neow","Prisma Mod","QueenMod","Quick Restart","Relic Filter","Reorder Act Four","Shade Mod","StSLib","SuperFastMode","The Alterego","The Marked","The Runesmith","Unceasing Turn Reminder"],"gold_per_floor":[118,130,26,26,41,75,75,104,150,150,160,160,177,222,222,317,317,337,352,40,56,66,66,76,76,76,76,108,12,12,41,41,140,140,159,179,179,191,206,241,241,274,274,287,307,321,321,341,341,341,341,25,25,50,50],"floor_reached":56,"language":"ENG","playtime":4172,"items_purged":["theMarked:Challenge"],"score":1412,"play_id":"c816a47c-11ec-41a2-a24d-70afe79648c7","local_time":"20210212185810","is_ascension_mode":true,"campfire_choices":[{"data":"theMarked:BanishingWave","floor":7,"key":"SMITH"},{"data":"theMarked:SoldierOfQuellstein","floor":10,"key":"SMITH"},{"data":"theMarked:DispelDoubt","floor":15,"key":"SMITH"},{"data":"theMarked:SelfDefenseTraining","floor":23,"key":"SMITH"},{"data":"theMarked:WardOff","floor":25,"key":"SMITH"},{"data":"theMarked:Improvise","floor":27,"key":"SMITH"},{"floor":30,"key":"REST"},{"data":"theMarked:AttractMetal","floor":32,"key":"SMITH"},{"floor":41,"key":"REST"},{"floor":47,"key":"REST"},{"floor":49,"key":"RECALL"},{"data":"Apotheosis","floor":53,"key":"SMITH"}],"circlet_count":0,"master_deck":["conspire:GhostlyStrike","conspire:GhostlyStrike","conspire:GhostlyStrike","conspire:GhostlyStrike","conspire:GhostlyStrike","conspire:GhostlyDefend","conspire:GhostlyDefend","conspire:GhostlyDefend","conspire:GhostlyDefend","theMarked:SoldierOfQuellstein+1","theMarked:BanishingWave+1","theMarked:Improvise+1","theMarked:Heritage","theMarked:WardOff+1","theMarked:BanishingStrike","theMarked:Heritage","theMarked:MysticalArsenal","theMarked:DispelDoubt+1","theMarked:AttractMetal+1","theMarked:TwofoldDefense+1","theMarked:WardOff+1","theMarked:SelfDefenseTraining+1","theMarked:BanishingStrike+1","theMarked:EmpowerWeapon+1","theMarked:MagusForm","theMarked:SelfDefenseTraining+1","Parasite","theMarked:Improvise+1","theMarked:Abjuration","theMarked:Electrify","theMarked:EnhanceMovement","theMarked:Determination","Apotheosis+1","theMarked:Vacuum"],"relics":["theMarked:ArtifactOfAir","aspiration:Nostalgia","PureWater","hubris:SlimyHat","beaked:ShinyBauble","Oddly Smooth Stone","hubris:Metronome","Gem_Box","hubris:BundleOfHerbs","conspire:DecoderRing","Guard_Bracelet","Boot","aspiration:MobileForge","hubris:BottledRain","Dead Branch","Membership Card","Lizard Tail"],"acts_visited":["Exordium","TheCity","TheBeyond","TheEnding"],"potions_floor_usage":[8,16,19,28,29,45,45,46,46,50,55],"damage_taken":[{"damage":6,"enemies":"Cultist","floor":1,"turns":3},{"damage":5,"enemies":"Small Slimes","floor":2,"turns":3},{"damage":0,"enemies":"2 Louse","floor":5,"turns":1},{"damage":17,"enemies":"3 Sentries","floor":6,"turns":7},{"damage":0,"enemies":"Gremlin Nob","floor":8,"turns":3},{"damage":0,"enemies":"Lots of Slimes","floor":11,"turns":3},{"damage":3,"enemies":"Blue Slaver","floor":13,"turns":4},{"damage":9,"enemies":"conspire:MimicChest","floor":14,"turns":7},{"damage":6,"enemies":"The Guardian","floor":16,"turns":8},{"damage":27,"enemies":"Chosen","floor":18,"turns":6},{"damage":5,"enemies":"3 Byrds","floor":19,"turns":6},{"damage":16,"enemies":"Snecko","floor":21,"turns":3},{"damage":0,"enemies":"Snake Plant","floor":22,"turns":3},{"damage":0,"enemies":"3 Cultists","floor":24,"turns":6},{"damage":16,"enemies":"Slavers","floor":28,"turns":5},{"damage":0,"enemies":"Book of Stabbing","floor":31,"turns":5},{"damage":10,"enemies":"Automaton","floor":33,"turns":10},{"damage":44,"enemies":"3 Darklings","floor":35,"turns":5},{"damage":1,"enemies":"Orb Walker","floor":36,"turns":4},{"damage":10,"enemies":"Sphere and 2 Shapes","floor":38,"turns":7},{"damage":4,"enemies":"Writhing Mass","floor":39,"turns":6},{"damage":14,"enemies":"Nemesis","floor":40,"turns":9},{"damage":12,"enemies":"Giant Head","floor":42,"turns":7},{"damage":0,"enemies":"Maw","floor":44,"turns":5},{"damage":9,"enemies":"4 Shapes","floor":45,"turns":5},{"damage":0,"enemies":"Jaw Worm Horde","floor":46,"turns":5},{"damage":18,"enemies":"Maw","floor":48,"turns":7},{"damage":26,"enemies":"Donu and Deca","floor":50,"turns":10},{"damage":33,"enemies":"Shield and Spear","floor":54,"turns":6},{"damage":195,"enemies":"The Heart","floor":55,"turns":14}],"seed_played":"6261280544801971518","potions_obtained":[{"floor":5,"key":"theMarked:SummonPotion"},{"floor":13,"key":"SteroidPotion"},{"floor":14,"key":"SkillPotion"},{"floor":16,"key":"SmokeBomb"},{"floor":18,"key":"Block Potion"},{"floor":22,"key":"theMarked:SummonPotion"},{"floor":24,"key":"PowerPotion"},{"floor":35,"key":"Fire Potion"},{"floor":45,"key":"Fire Potion"},{"floor":46,"key":"hexamod:SoulburnPotion"},{"floor":54,"key":"Explosive Potion"}],"is_trial":false,"path_per_floor":["M","M","$","$","M","E","R","E","T","R","M","?","M","?","R","B",null,"M","M","$","M","M","R","M","R","T","R","E","$","R","E","R","B",null,"M","M","?","M","M","E","R","E","T","M","M","M","R","M","R","B",null,"$","R","E","B",null],"character_chosen":"THE_DEFAULT","items_purchased":["theMarked:Heritage","theMarked:WardOff","hubris:BundleOfHerbs","Fruit Juice","Membership Card","theMarked:Determination","Apotheosis"],"campfire_rested":3,"item_purchase_floors":[3,3,20,29,52,52,52],"current_hp_per_floor":[64,59,59,59,59,42,42,42,42,42,42,42,39,30,30,24,70,43,38,38,22,22,22,22,22,22,22,6,11,33,33,33,23,75,31,30,30,20,16,2,24,12,12,12,3,3,25,7,7,67,75,75,75,42,35],"gold":50,"neow_bonus":"NOSTALGIA","is_daily":false,"chose_seed":false,"campfire_upgraded":8,"win_rate":0.0,"timestamp":1613152690,"path_taken":["M","?","?","$","M","E","R","E","T","R","M","?","M","?","R","BOSS","M","M","$","M","M","R","M","R","T","R","E","$","R","E","R","BOSS","M","M","?","M","?","E","R","E","T","M","M","M","R","M","R","BOSS","$","R","E","BOSS"],"items_purchased_type":["Card","Card","Relic","Potion","Relic","Card","Card"],"build_version":"2020-12-22","purchased_purges":1,"victory":true,"max_hp_per_floor":[70,70,70,70,70,70,70,70,70,70,70,70,70,70,70,70,70,70,70,70,70,70,70,70,70,70,70,70,75,75,75,75,75,75,75,75,75,75,75,75,75,75,75,75,75,75,75,75,75,75,75,75,75,75,75],"card_choices":[{"not_picked":["theMarked:Frustration","theMarked:Seal"],"picked":"theMarked:BanishingWave","floor":1},{"not_picked":["theMarked:WastefulAttack","theMarked:ResourceFulStrike"],"picked":"theMarked:Improvise","floor":2},{"not_picked":["theMarked:HeightenedSenses","theMarked:RepellingDischarge"],"picked":"theMarked:BanishingStrike","floor":5},{"not_picked":["theMarked:Maelstrom","theMarked:Convert"],"picked":"theMarked:Heritage","floor":6},{"not_picked":["theMarked:Overcharge","theMarked:EmpowerWeapon","theMarked:Parkour"],"picked":"SKIP","floor":8},{"not_picked":["theMarked:Aftermath","theMarked:ChainLightning","theMarked:RepellingDischarge"],"picked":"SKIP","floor":11},{"not_picked":["theMarked:TwofoldDefense","theMarked:Improvise"],"picked":"theMarked:MysticalArsenal","floor":13},{"not_picked":["theMarked:TakeCover","theMarked:Improvise"],"picked":"theMarked:DispelDoubt","floor":14},{"not_picked":["theMarked:EternalStudent","theMarked:ThrowWeapon"],"picked":"theMarked:Challenge","floor":16},{"not_picked":["theMarked:WastefulAttack","theMarked:Maelstrom"],"picked":"theMarked:AttractMetal","floor":18},{"not_picked":["theMarked:HeightenedSenses","theMarked:ElectricStrings"],"picked":"theMarked:TwofoldDefense+1","floor":19},{"not_picked":["theMarked:StartUp","theMarked:Parkour+1"],"picked":"theMarked:WardOff+1","floor":21},{"not_picked":["theMarked:WastefulAttack","theMarked:Vacuum"],"picked":"theMarked:SelfDefenseTraining","floor":22},{"not_picked":["theMarked:CreepingChasm","theMarked:Improvise"],"picked":"theMarked:BanishingStrike+1","floor":24},{"not_picked":["theMarked:BanishingStrike+1","theMarked:UnarmedFury","theMarked:Improvise"],"picked":"SKIP","floor":28},{"not_picked":["theMarked:OneWithTheBlade","theMarked:Electrocute"],"picked":"theMarked:EmpowerWeapon+1","floor":31},{"not_picked":["theMarked:Abjuration","theMarked:Levitate"],"picked":"theMarked:MagusForm","floor":33},{"not_picked":["theMarked:Improvise+1","theMarked:ShockingTouch+1","theMarked:HeightenedSenses"],"picked":"SKIP","floor":35},{"not_picked":["theMarked:WardOff+1","theMarked:EmpowerWeapon+1","theMarked:SwordAndMagic"],"picked":"SKIP","floor":36},{"not_picked":["theMarked:Panic","theMarked:TunnelVision+1","theMarked:HeightenedSenses+1"],"picked":"SKIP","floor":38},{"not_picked":["theMarked:MuscleMemory","theMarked:EmpowerWeapon+1"],"picked":"theMarked:Improvise+1","floor":39},{"not_picked":["theMarked:FavorableWinds","theMarked:CreepingChasm"],"picked":"theMarked:Abjuration","floor":40},{"not_picked":["theMarked:Memento","theMarked:SuspiciousRaven"],"picked":"theMarked:Electrify","floor":42},{"not_picked":["theMarked:HeightenedSenses+1","theMarked:SwordAndMagic+1","theMarked:ChainLightning+1"],"picked":"SKIP","floor":44},{"not_picked":["theMarked:ShockingTouch","theMarked:TakeCover+1"],"picked":"theMarked:EnhanceMovement","floor":45},{"not_picked":["theMarked:EternalStudent","theMarked:EmpowerWeapon","theMarked:HeightenedSenses"],"picked":"SKIP","floor":46},{"not_picked":["theMarked:Panic","theMarked:SwordAndMagic+1","theMarked:Parkour+1"],"picked":"SKIP","floor":48},{"not_picked":["theMarked:SelfDefenseTraining+1","theMarked:BanishingStrike+1"],"picked":"theMarked:Vacuum","floor":54}],"player_experience":1542300,"relics_obtained":[{"floor":6,"key":"hubris:SlimyHat"},{"floor":8,"key":"beaked:ShinyBauble"},{"floor":9,"key":"Oddly Smooth Stone"},{"floor":14,"key":"hubris:Metronome"},{"floor":26,"key":"conspire:DecoderRing"},{"floor":28,"key":"Guard_Bracelet"},{"floor":31,"key":"Boot"},{"floor":40,"key":"hubris:BottledRain"},{"floor":42,"key":"Dead Branch"},{"floor":54,"key":"Lizard Tail"}],"event_choices":[{"damage_healed":0,"gold_gain":0,"player_choice":"Agree","damage_taken":0,"max_hp_gain":0,"max_hp_loss":0,"event_name":"conspire:LoneGhost","floor":12,"gold_loss":0},{"damage_healed":0,"gold_gain":0,"player_choice":"Copied","damage_taken":0,"max_hp_gain":0,"max_hp_loss":0,"event_name":"Duplicator","floor":37,"gold_loss":0,"cards_obtained":["theMarked:SelfDefenseTraining"]}],"is_beta":false,"boss_relics":[{"not_picked":["Busted Crown","Calling Bell"],"picked":"Gem_Box"},{"not_picked":["conspire:SeveredTorchhead","SacredBark"],"picked":"aspiration:MobileForge"}],"items_purged_floors":[52],"is_endless":false,"potions_floor_spawned":[5,13,14,16,18,22,24,35,36,38,45,46,54],"ascension_level":2}}