{"host":"rykcscnxwcosqdkz","time":1613166156,"event":{"mods":["BaseMod","Conspire","DeckTracker","Ekko","GifTheSpireLib","Hubris","Infinite Spire","Minty Spire (QoL Compilation)","Reliquary","Replay The Spire","StSLib","Stuff the Spire"],"gold_per_floor":[109,109,121,121,138,166,166,181,204,204,204,204,324,324,324,342,342,342,342],"floor_reached":18,"language":"ENG","playtime":790,"items_purged":[],"score":112,"play_id":"5d3d2594-d4fc-4336-8cb5-098c2d52baed","local_time":"20210212224236","is_ascension_mode":false,"campfire_choices":[{"floor":7,"key":"REST"},{"data":"Neutralize","floor":15,"key":"SMITH"},{"floor":17,"key":"REST"}],"circlet_count":0,"master_deck":["Strike_G","Strike_G","Strike_G","Strike_G","Defend_G","Defend_G","Defend_G","Defend_G","Defend_G","Survivor","Replay:Bag of Tricks","hubris:Insight","Neutralize+1"],"relics":["Ring of the Snake","NeowsBlessing","reliquary:RadioactivePellet","StuffTheSpire:Mouthbags","hubris:Icosahedron","Torii"],"acts_visited":["Exordium"],"potions_floor_usage":[6],"damage_taken":[{"damage":0,"enemies":"Small Slimes","floor":1,"turns":1},{"damage":0,"enemies":"Cultist","floor":3,"turns":1},{"damage":0,"enemies":"conspire:RoseBush","floor":5,"turns":1},{"damage":51,"enemies":"Gremlin Nob","floor":6,"turns":6},{"damage":0,"enemies":"Exordium Wildlife","floor":8,"turns":4},{"damage":0,"enemies":"Large Slime","floor":13,"turns":6},{"damage":10,"enemies":"Exordium Thugs","floor":16,"turns":6},{"damage":63,"enemies":"Fading Forest","floor":18,"turns":9}],"seed_played":"8682398291691535418","potions_obtained":[{"floor":3,"key":"Cursed Concoction"},{"floor":6,"key":"Languid Potion"},{"floor":13,"key":"Dexterity Potion"}],"is_trial":false,"path_per_floor":["M","?","M","?","M","E","R","M","T","PTL","PTL","?","M","?","R","M","R","B"],"character_chosen":"THE_SILENT","items_purchased":[],"campfire_rested":2,"item_purchase_floors":[],"current_hp_per_floor":[70,63,63,63,63,12,33,33,33,33,33,33,33,33,33,23,44,0,0],"gold":342,"neow_bonus":"THREE_ENEMY_KILL","is_daily":false,"chose_seed":false,"campfire_upgraded":1,"win_rate":0.0,"timestamp":1613166156,"path_taken":["M","?","M","?","?","E","R","M","T","PTL","PTL","?","M","?","R","M","R","BOSS"],"items_purchased_type":[],"build_version":"2020-12-22","purchased_purges":0,"victory":false,"max_hp_per_floor":[70,70,70,70,70,70,70,70,70,70,70,70,70,70,70,70,70,70,70],"card_choices":[{"not_picked":["Poisoned Stab","Crippling Poison","Terror"],"picked":"SKIP","floor":1},{"not_picked":["PiercingWail","Dagger Throw","Wraith Form v2"],"picked":"SKIP","floor":3},{"not_picked":["All Out Attack","StuffTheSpire:Injection","Hidden Blade"],"picked":"SKIP","floor":5},{"not_picked":["Heel Hook","Fluid Movement","ReplayTheSpireMod:Scrap Shanks"],"picked":"SKIP","floor":6},{"not_picked":["Slice","Poisoned Stab","Flying Knee"],"picked":"SKIP","floor":8},{"not_picked":["Sucker Punch","Underhanded Strike","Unload"],"picked":"SKIP","floor":13},{"not_picked":["Toxin Wave","Dagger Throw","Flying Knee"],"picked":"SKIP","floor":16}],"player_experience":42639,"relics_obtained":[{"floor":6,"key":"reliquary:RadioactivePellet"},{"floor":9,"key":"StuffTheSpire:Mouthbags"},{"floor":14,"key":"Torii"}],"event_choices":[{"cards_removed":["Strike_G"],"damage_healed":0,"gold_gain":0,"player_choice":"Card Removal","damage_taken":7,"max_hp_gain":0,"max_hp_loss":0,"event_name":"Golden Wing","floor":2,"gold_loss":0},{"damage_healed":0,"gold_gain":0,"player_choice":"2 cards matched","damage_taken":0,"max_hp_gain":0,"max_hp_loss":0,"event_name":"Match and Keep!","floor":4,"gold_loss":0,"cards_obtained":["Replay:Bag of Tricks","hubris:Insight"]}],"is_beta":false,"boss_relics":[],"items_purged_floors":[],"is_endless":false,"potions_floor_spawned":[3,6,13],"killed_by":"Fading Forest","ascension_level":0}}