{"host":"zlryddw6xv0ljf8b","time":1613172224,"event":{"mods":["AchievementEnabler","BaseMod","Colored Map","Colored Powertips","Highlight Path","Minty Spire (QoL Compilation)","Permanent Neow","Quick Restart","StSLib"],"gold_per_floor":[214,233,233,253,178,178,78,108,131,162,162,174,192,192,192,192,192],"floor_reached":16,"language":"ENG","playtime":706,"items_purged":["Strike_P","Defend_P"],"score":110,"play_id":"ad5e6dae-9083-4238-9550-8b9d77d6446a","local_time":"20210212172344","is_ascension_mode":false,"campfire_choices":[{"data":"Eruption","floor":6,"key":"SMITH"},{"floor":11,"key":"REST"},{"floor":15,"key":"REST"}],"circlet_count":0,"master_deck":["Strike_P","Strike_P","Defend_P","Defend_P","Defend_P","Eruption+1","Vigilance","ClearTheMind","FlurryOfBlows","Crescendo"],"relics":["PureWater","Omamori","Bag of Marbles","Eternal Feather"],"acts_visited":["Exordium"],"potions_floor_usage":[8],"damage_taken":[{"damage":0,"enemies":"2 Louse","floor":1,"turns":2},{"damage":6,"enemies":"Jaw Worm","floor":2,"turns":5},{"damage":4,"enemies":"Cultist","floor":4,"turns":4},{"damage":13,"enemies":"Lagavulin","floor":8,"turns":6},{"damage":32,"enemies":"3 Sentries","floor":10,"turns":13},{"damage":7,"enemies":"Looter","floor":12,"turns":3},{"damage":6,"enemies":"Lots of Slimes","floor":13,"turns":3},{"damage":46,"enemies":"Hexaghost","floor":16,"turns":11}],"seed_played":"-8276952708216916295","potions_obtained":[{"floor":4,"key":"FearPotion"},{"floor":10,"key":"SteroidPotion"},{"floor":13,"key":"Strength Potion"}],"is_trial":false,"path_per_floor":["M","M","?","M","$","R","$","E","T","E","R","M","M","?","R","B"],"character_chosen":"WATCHER","items_purchased":[],"campfire_rested":2,"item_purchase_floors":[],"current_hp_per_floor":[72,66,59,55,55,55,55,42,42,10,34,27,21,21,48,2,2],"gold":192,"neow_bonus":"HUNDRED_GOLD","is_daily":false,"chose_seed":false,"campfire_upgraded":1,"win_rate":0.0,"timestamp":1613172224,"path_taken":["M","M","?","M","$","R","$","E","T","E","R","M","M","?","R","BOSS"],"items_purchased_type":[],"build_version":"2020-12-22","purchased_purges":2,"victory":false,"max_hp_per_floor":[72,72,72,72,72,72,72,72,72,72,72,72,72,72,72,72,72],"card_choices":[{"not_picked":["EmptyFist","SignatureMove","Nirvana"],"picked":"SKIP","floor":1},{"not_picked":["Meditate","CrushJoints","Prostrate"],"picked":"SKIP","floor":2},{"not_picked":["JustLucky","Halt"],"picked":"ClearTheMind","floor":4},{"not_picked":["CrushJoints","FlyingSleeves","Prostrate"],"picked":"SKIP","floor":8},{"not_picked":["Wallop","SashWhip","Ragnarok"],"picked":"SKIP","floor":10},{"not_picked":["BowlingBash","Protect"],"picked":"FlurryOfBlows","floor":12},{"not_picked":["ThirdEye","Swivel"],"picked":"Crescendo","floor":13}],"player_experience":80005,"relics_obtained":[{"floor":8,"key":"Omamori"},{"floor":9,"key":"Bag of Marbles"},{"floor":10,"key":"Eternal Feather"}],"event_choices":[{"cards_removed":["Strike_P"],"damage_healed":0,"gold_gain":0,"player_choice":"Card Removal","damage_taken":7,"max_hp_gain":0,"max_hp_loss":0,"event_name":"Golden Wing","floor":3,"gold_loss":0},{"damage_healed":0,"gold_gain":0,"player_choice":"Bought 0 Potions","damage_taken":0,"max_hp_gain":0,"max_hp_loss":0,"event_name":"The Woman in Blue","floor":14,"gold_loss":0}],"is_beta":false,"boss_relics":[],"items_purged_floors":[5,7],"is_endless":false,"potions_floor_spawned":[4,10,13],"killed_by":"Hexaghost","ascension_level":0}}