{"host":"9e8t9l667fx7pth6","time":1613122906,"event":{"mods":["2.2 Compatiblity","AchievementEnabler","Aspiration","BaseMod","BetterRewards","Custom Start","Dark Map","Halation","Hubris","Minty Spire (QoL Compilation)","Remove Card Discount Mod","StSLib","The Blue Laboratory"],"gold_per_floor":[117,130,130,193,209,237,237,83,83,83,32,32,32,58,58,137,137,147,160,210,260,510,510,521,521,545,545,545],"floor_reached":27,"language":"ENG","playtime":786,"items_purged":["Strike_B","Strike_B","Strike_B","Strike_B"],"score":427,"play_id":"e5d4212b-015e-479c-ba2a-32fceea1a0b8","local_time":"20210212044146","is_ascension_mode":true,"campfire_choices":[{"data":"Fission","floor":7,"key":"SMITH"},{"floor":10,"key":"REST"},{"floor":12,"key":"REST"},{"floor":15,"key":"REST"},{"floor":23,"key":"REST"},{"floor":25,"key":"REST"}],"circlet_count":0,"master_deck":["AscendersBane","Defend_B","Defend_B","Defend_B","Defend_B","Zap","Dualcast","Ball Lightning","Bandage Up","Tempest","Beam Cell","Static Discharge","Coolheaded","Fission+1","Sweeping Beam","Sunder","Hello World","Go for the Eyes","Hello World","hubris:SpecializedCircuitry","Streamline","Hologram","Conserve Battery"],"relics":["Cracked Core","SsserpentHead","WingedGreaves","Shuriken","Tiny Chest","halation:SmartPhone","halation:Gekota"],"acts_visited":["Exordium","TheCity"],"potions_floor_usage":[6,16,16,24],"damage_taken":[{"damage":10,"enemies":"Small Slimes","floor":1,"turns":2},{"damage":1,"enemies":"Cultist","floor":2,"turns":3},{"damage":9,"enemies":"2 Louse","floor":4,"turns":2},{"damage":18,"enemies":"2 Fungi Beasts","floor":5,"turns":3},{"damage":33,"enemies":"3 Sentries","floor":6,"turns":6},{"damage":48,"enemies":"Gremlin Nob","floor":14,"turns":3},{"damage":12,"enemies":"Hexaghost","floor":16,"turns":7},{"damage":32,"enemies":"Shell Parasite","floor":18,"turns":4},{"damage":19,"enemies":"Chosen","floor":19,"turns":4},{"damage":29,"enemies":"Snake Plant","floor":24,"turns":4},{"damage":33,"enemies":"Book of Stabbing","floor":27,"turns":3}],"seed_played":"4933962544638061024","potions_obtained":[{"floor":1,"key":"blueLaboratory:HorrorPotion"},{"floor":4,"key":"blueLaboratory:BottleOfVodka"},{"floor":6,"key":"blueLaboratory:BottledHope"},{"floor":14,"key":"CultistPotion"},{"floor":19,"key":"blueLaboratory:FruitPunch"}],"is_trial":false,"path_per_floor":["M","M","?","M","M","E","R","$","T","R","$","R","$","E","R","B",null,"M","M","?","T","?","R","M","R","T","E"],"character_chosen":"DEFECT","items_purchased":["Ball Lightning","Bandage Up","Sweeping Beam","Sunder","Hello World","Go for the Eyes"],"campfire_rested":5,"item_purchase_floors":[0,0,8,8,11,11],"current_hp_per_floor":[58,61,61,56,42,13,13,13,13,34,34,55,55,11,32,24,59,24,2,16,16,16,37,3,24,24,0,0],"gold":545,"neow_bonus":"","is_daily":false,"chose_seed":false,"campfire_upgraded":1,"win_rate":0.0,"timestamp":1613122906,"path_taken":["M","M","?","?","M","E","R","$","T","R","?","R","$","E","R","BOSS","M","M","?","?","?","R","M","R","T","E"],"items_purchased_type":["Card","Card","Card","Card","Card","Card"],"build_version":"2020-12-22","purchased_purges":4,"victory":false,"max_hp_per_floor":[71,71,71,71,71,71,71,71,71,71,71,71,71,71,71,71,71,71,71,71,71,71,71,73,73,73,73,73],"card_choices":[{"not_picked":["Darkness","Conserve Battery"],"picked":"Tempest","floor":1},{"not_picked":["Coolheaded","Barrage"],"picked":"Beam Cell","floor":2},{"not_picked":["Sunder","Gash"],"picked":"Static Discharge","floor":4},{"not_picked":["Stack","Turbo"],"picked":"Coolheaded","floor":5},{"not_picked":["Storm","Blizzard"],"picked":"Fission","floor":6},{"not_picked":["Rebound","aspiration:Polymerization"],"picked":"Hello World","floor":14},{"not_picked":["Biased Cognition","Seek"],"picked":"hubris:SpecializedCircuitry","floor":16},{"not_picked":["Stack","Go for the Eyes"],"picked":"Streamline","floor":18},{"not_picked":["Beam Cell","Stack"],"picked":"Hologram","floor":19},{"not_picked":["Coolheaded","Turbo"],"picked":"Conserve Battery","floor":24}],"player_experience":1023974,"relics_obtained":[{"floor":6,"key":"WingedGreaves"},{"floor":9,"key":"Shuriken"},{"floor":14,"key":"Tiny Chest"},{"floor":21,"key":"halation:Gekota"}],"event_choices":[{"damage_healed":0,"gold_gain":0,"player_choice":"Trade","damage_taken":0,"relics_obtained":["SsserpentHead"],"max_hp_gain":0,"max_hp_loss":0,"event_name":"FaceTrader","floor":3,"gold_loss":0},{"damage_healed":14,"gold_gain":0,"player_choice":"Heal","damage_taken":0,"max_hp_gain":0,"max_hp_loss":0,"event_name":"The Library","floor":20,"gold_loss":0},{"damage_healed":0,"gold_gain":200,"player_choice":"Gold","damage_taken":0,"max_hp_gain":0,"max_hp_loss":0,"event_name":"Wheel of Change","floor":22,"gold_loss":0}],"is_beta":false,"boss_relics":[{"not_picked":["aspiration:FutureDiary","aspiration:RitualDagger"],"picked":"halation:SmartPhone"}],"items_purged_floors":[0,8,8,8],"is_endless":false,"potions_floor_spawned":[1,4,6,14,19],"killed_by":"Book of Stabbing","ascension_level":19}}