{"host":"lfvf97io7xuhaz8c","time":1613167647,"event":{"mods":["2.2 Compatiblity","BaseMod","Bestiary","Colored Map","Colored Powertips","Curses Come First","Highlight Path","Minty Spire (QoL Compilation)","Relic Stats","StSLib","SuperFastMode"],"gold_per_floor":[118,128,47,65,84,118,118,118,118],"floor_reached":8,"language":"FRA","playtime":516,"items_purged":[],"score":78,"play_id":"053b5b4d-407d-41d1-a5a9-9406bf4e8f0e","local_time":"20210212230727","is_ascension_mode":true,"campfire_choices":[{"data":"Blind","floor":7,"key":"SMITH"}],"circlet_count":0,"master_deck":["Strike_R","Strike_R","Strike_R","Strike_R","Strike_R","Defend_R","Defend_R","Defend_R","Defend_R","Bash","Cleave","Pummel","Blind+1","Flame Barrier","Armaments","Berserk"],"relics":["Sozu","Darkstone Periapt"],"acts_visited":["Exordium"],"potions_floor_usage":[],"damage_taken":[{"damage":2,"enemies":"Small Slimes","floor":1,"turns":3},{"damage":1,"enemies":"Cultist","floor":2,"turns":3},{"damage":4,"enemies":"Jaw Worm","floor":4,"turns":2},{"damage":10,"enemies":"Large Slime","floor":5,"turns":6},{"damage":25,"enemies":"3 Sentries","floor":6,"turns":9},{"damage":30,"enemies":"Lagavulin","floor":8,"turns":3}],"seed_played":"699423193696885151","potions_obtained":[],"is_trial":false,"path_per_floor":["M","M","$","M","M","E","R","E"],"character_chosen":"IRONCLAD","items_purchased":["Blind"],"campfire_rested":0,"item_purchase_floors":[3],"current_hp_per_floor":[70,69,69,65,55,30,30,0,0],"gold":118,"neow_bonus":"BOSS_RELIC","is_daily":false,"chose_seed":false,"campfire_upgraded":1,"win_rate":0.0,"timestamp":1613167647,"path_taken":["M","M","$","M","M","E","R","E"],"items_purchased_type":["Card"],"build_version":"2020-12-22","purchased_purges":0,"victory":false,"max_hp_per_floor":[80,80,80,80,80,80,80,80,80],"relic_stats":{"Sozu":2,"Darkstone Periapt":0,"counters":[6,26],"obtain_stats":[{"Sozu":0,"Darkstone Periapt":6,"Burning Blood":0},{"Sozu":0,"Darkstone Periapt":5,"Burning Blood":0},{"Sozu":0,"Darkstone Periapt":23,"Burning Blood":0}]},"card_choices":[{"not_picked":["Anger","Perfected Strike"],"picked":"Cleave","floor":1},{"not_picked":["Wild Strike","Body Slam"],"picked":"Pummel","floor":2},{"not_picked":["Anger","Dual Wield"],"picked":"Flame Barrier","floor":4},{"not_picked":["Rupture","Sword Boomerang"],"picked":"Armaments","floor":5},{"not_picked":["Armaments","Clothesline"],"picked":"Berserk","floor":6}],"player_experience":1502982,"relics_obtained":[{"floor":6,"key":"Darkstone Periapt"}],"event_choices":[],"is_beta":false,"boss_relics":[],"items_purged_floors":[],"is_endless":false,"potions_floor_spawned":[2,6],"killed_by":"Lagavulin","ascension_level":7}}