{"host":"l","time":1613111494,"event":{"mods":["AchievementEnabler","AlwaysNeverKeys","BaseMod","BetterRewards","DNKmod","Friendly Minions","Grow up Mod","Highlight Path","Minty Spire (QoL Compilation)","Permanent Neow"],"gold_per_floor":[112,131,143,143,107,107,124,149,219,219,234,234,259,279,279,374,374,387,387,334,347,359,359,394,394,394,412,443,453,469,495,495,495,495],"floor_reached":33,"language":"ZHS","playtime":3700,"items_purged":[],"score":369,"play_id":"2f885d59-f94b-409f-8c20-3e89015c0221","local_time":"20210212143134","is_ascension_mode":false,"campfire_choices":[{"data":"LikeWater","floor":6,"key":"SMITH"},{"data":"WaveOfTheHand","floor":10,"key":"SMITH"},{"data":"Fasting2","floor":12,"key":"SMITH"},{"data":"Eruption","floor":15,"key":"SMITH"},{"floor":23,"key":"RECALL"},{"data":"ClearTheMind","floor":25,"key":"SMITH"},{"data":"DevaForm","floor":32,"key":"SMITH"}],"circlet_count":0,"master_deck":["Strike_P+1","Strike_P+1","Strike_P","Strike_P","Defend_P","Defend_P","Defend_P","Defend_P","Eruption+1","Vigilance","LikeWater+1","Consecrate","WaveOfTheHand+1","DeceiveReality","Indignation","EmptyMind","Fasting2+1","PathToVictory","Nirvana","MasterReality","ClearTheMind+1","FearNoEvil+1","FollowUp","JustLucky","DevaForm+1","Crescendo","Halt","Evaluate","Sanctity"],"relics":["PureWater","PreservedInsect","Peace Pipe","Shuriken","Omamori","VioletLotus","Tiny Chest","Bag of Marbles","Bottled Flame","Unceasing Top","HornCleat","Toy Ornithopter"],"acts_visited":["TheCity"],"potions_floor_usage":[8,8,8,13,14,16,18,21,27,28,29],"damage_taken":[{"damage":6,"enemies":"Jaw Worm","floor":1,"turns":3},{"damage":0,"enemies":"Small Slimes","floor":2,"turns":3},{"damage":0,"enemies":"Cultist","floor":3,"turns":3},{"damage":0,"enemies":"Exordium Thugs","floor":7,"turns":6},{"damage":6,"enemies":"3 Sentries","floor":8,"turns":7},{"damage":0,"enemies":"Exordium Wildlife","floor":11,"turns":3},{"damage":22,"enemies":"Gremlin Nob","floor":13,"turns":3},{"damage":7,"enemies":"Looter","floor":14,"turns":4},{"damage":24,"enemies":"Slime Boss","floor":16,"turns":15},{"damage":29,"enemies":"3 Byrds","floor":18,"turns":3},{"damage":64,"enemies":"Chosen","floor":21,"turns":7},{"damage":21,"enemies":"Shelled Parasite and Fungi","floor":22,"turns":7},{"damage":85,"enemies":"Slavers","floor":24,"turns":8},{"damage":11,"enemies":"Centurion and Healer","floor":27,"turns":9},{"damage":76,"enemies":"Gremlin Leader","floor":28,"turns":7},{"damage":27,"enemies":"3 Cultists","floor":29,"turns":6},{"damage":3,"enemies":"Snake Plant","floor":30,"turns":6},{"damage":9,"enemies":"Book of Stabbing","floor":31,"turns":4},{"damage":73,"enemies":"Automaton","floor":33,"turns":12}],"seed_played":"-8781548188076540878","potions_obtained":[{"floor":1,"key":"Fire Potion"},{"floor":2,"key":"EntropicBrew"},{"floor":11,"key":"SpeedPotion"},{"floor":13,"key":"LiquidBronze"},{"floor":18,"key":"PowerPotion"},{"floor":24,"key":"FearPotion"},{"floor":27,"key":"SteroidPotion"},{"floor":28,"key":"PowerPotion"}],"is_trial":false,"path_per_floor":["M","M","M","?","$","R","M","E","T","R","M","R","E","M","R","B",null,"M","?","?","M","M","R","E","R","T","M","E","M","M","E","R","B"],"character_chosen":"WATCHER","items_purchased":["DeceiveReality"],"campfire_rested":0,"item_purchase_floors":[5],"current_hp_per_floor":[76,86,96,86,96,106,116,120,130,140,150,160,148,151,161,147,242,223,233,243,189,178,188,113,123,133,132,66,49,56,57,67,0,0],"gold":495,"neow_bonus":"RANDOM_COMMON_RELIC","is_daily":false,"chose_seed":false,"campfire_upgraded":6,"win_rate":0.0,"timestamp":1613111494,"path_taken":["M","M","M","?","$","R","M","E","T","R","M","R","E","M","R","BOSS","M","?","?","M","?","R","E","R","T","M","E","M","M","E","R","BOSS"],"items_purchased_type":["Card"],"build_version":"2020-12-18","purchased_purges":0,"victory":false,"max_hp_per_floor":[82,92,102,112,122,132,142,152,162,172,182,192,202,212,222,232,242,252,262,272,282,292,302,312,322,332,342,352,362,372,382,392,392,392],"card_choices":[{"not_picked":["Fasting2","EmptyBody"],"picked":"LikeWater","floor":1},{"not_picked":["Indignation","ClearTheMind"],"picked":"Consecrate","floor":2},{"not_picked":["Collect","CutThroughFate"],"picked":"WaveOfTheHand","floor":3},{"not_picked":["ClearTheMind","Weave"],"picked":"Indignation","floor":7},{"not_picked":["FlyingSleeves","Collect"],"picked":"EmptyMind","floor":8},{"not_picked":["ClearTheMind","BowlingBash"],"picked":"Fasting2","floor":11},{"not_picked":["SashWhip","DeceiveReality"],"picked":"PathToVictory","floor":13},{"not_picked":["Crescendo","WindmillStrike"],"picked":"Nirvana","floor":14},{"not_picked":["LessonLearned","ConjureBlade"],"picked":"MasterReality","floor":16},{"not_picked":["CrushJoints","PathToVictory"],"picked":"ClearTheMind","floor":18},{"not_picked":["ClearTheMind","Consecrate"],"picked":"FearNoEvil+1","floor":21},{"not_picked":["ThirdEye","Worship+1"],"picked":"FollowUp","floor":22},{"not_picked":["Consecrate","SashWhip"],"picked":"JustLucky","floor":24},{"not_picked":["Nirvana","LikeWater+1"],"picked":"DevaForm","floor":27},{"not_picked":["Perseverance","BowlingBash"],"picked":"Crescendo","floor":28},{"not_picked":["BowlingBash+1","Weave"],"picked":"Halt","floor":29},{"not_picked":["SignatureMove","Indignation"],"picked":"Evaluate","floor":30},{"not_picked":["WheelKick","Vault"],"picked":"Sanctity","floor":31}],"player_experience":109411,"relics_obtained":[{"floor":8,"key":"Peace Pipe"},{"floor":9,"key":"Shuriken"},{"floor":13,"key":"Omamori"},{"floor":24,"key":"Bottled Flame"},{"floor":26,"key":"Unceasing Top"},{"floor":28,"key":"HornCleat"},{"floor":31,"key":"Toy Ornithopter"}],"event_choices":[{"damage_healed":0,"gold_gain":0,"player_choice":"Entered Light","damage_taken":20,"max_hp_gain":0,"max_hp_loss":0,"event_name":"Shining Light","floor":4,"gold_loss":0,"cards_upgraded":["Strike_P","Strike_P"]},{"damage_healed":0,"gold_gain":0,"player_choice":"Opened","damage_taken":0,"relics_obtained":["Tiny Chest"],"max_hp_gain":0,"max_hp_loss":0,"event_name":"The Mausoleum","floor":19,"gold_loss":0,"cards_obtained":["Writhe"]},{"damage_healed":0,"gold_gain":0,"player_choice":"Paid Gold","damage_taken":0,"relics_obtained":["Bag of Marbles"],"max_hp_gain":0,"max_hp_loss":0,"event_name":"WeMeetAgain","floor":20,"gold_loss":53}],"is_beta":true,"boss_relics":[{"not_picked":["Astrolabe","Coffee Dripper"],"picked":"VioletLotus"}],"items_purged_floors":[],"is_endless":false,"potions_floor_spawned":[1,2,11,13,18,24,27,28],"killed_by":"Automaton","ascension_level":0}}