{"host":"mvy2rmdvyttjfm6x","time":1613126214,"event":{"mods":["AchievementEnabler","BaseMod","Keyboard Shortcuts","Minty Spire (QoL Compilation)","Quick Restart","StSLib","SuperFastMode"],"gold_per_floor":[363,1,176,176,195,195,195,219,219,238,271,297,322,347,347,468,468,483,189,189,189,63,107,132,152,221,221,221],"floor_reached":27,"language":"KOR","playtime":1133,"items_purged":["Strike_P","Strike_P"],"score":258,"play_id":"cc2393b9-70c3-481d-9778-9a5dd3a37227","local_time":"20210212193654","is_ascension_mode":false,"campfire_choices":[{"data":"Tantrum","floor":7.0,"key":"SMITH"},{"data":"Eruption","floor":15.0,"key":"SMITH"}],"circlet_count":0,"master_deck":["Strike_P","Defend_P","Defend_P+1","Defend_P","Defend_P","Eruption+1","Vigilance","FlurryOfBlows","TalkToTheHand","Tantrum+1","BowlingBash","FlurryOfBlows+1","ThirdEye","InnerPeace","WaveOfTheHand","Omniscience+1","LessonLearned","Study","CutThroughFate","Adaptation","EmptyFist"],"relics":["PureWater","Gambling Chip","Golden Idol","Art of War","FossilizedHelix","Odd Mushroom","Empty Cage","HornCleat"],"acts_visited":["Exordium","TheCity"],"potions_floor_usage":[27],"damage_taken":[{"damage":9.0,"enemies":"Cultist","floor":1.0,"turns":4.0},{"damage":6.0,"enemies":"Jaw Worm","floor":5.0,"turns":3.0},{"damage":0.0,"enemies":"Small Slimes","floor":8.0,"turns":2.0},{"damage":0.0,"enemies":"Looter","floor":10.0,"turns":1.0},{"damage":0.0,"enemies":"Gremlin Nob","floor":11.0,"turns":3.0},{"damage":0.0,"enemies":"The Mushroom Lair","floor":12.0,"turns":3.0},{"damage":0.0,"enemies":"Red Slaver","floor":13.0,"turns":1.0},{"damage":0.0,"enemies":"2 Fungi Beasts","floor":14.0,"turns":2.0},{"damage":12.0,"enemies":"Hexaghost","floor":16.0,"turns":8.0},{"damage":21.0,"enemies":"3 Byrds","floor":18.0,"turns":6.0},{"damage":24.0,"enemies":"Slavers","floor":23.0,"turns":5.0},{"damage":0.0,"enemies":"Shell Parasite","floor":24.0,"turns":2.0},{"damage":16.0,"enemies":"Chosen and Byrds","floor":25.0,"turns":6.0},{"damage":9,"enemies":"Snake Plant","floor":27,"turns":5}],"seed_played":"8187613379877496769","potions_obtained":[{"floor":10.0,"key":"LiquidBronze"},{"floor":11.0,"key":"Explosive Potion"},{"floor":24.0,"key":"StancePotion"},{"floor":25.0,"key":"SkillPotion"}],"is_trial":false,"path_per_floor":["M","$","?","?","M","?","R","M","T","M","E","?","M","M","R","B",null,"M","$","?","?","$","E","M","M","T","M"],"character_chosen":"WATCHER","items_purchased":["Gambling Chip","TalkToTheHand","LessonLearned","Study","CutThroughFate"],"campfire_rested":0,"item_purchase_floors":[2,2,19,19,22],"current_hp_per_floor":[56,56,56,40,34,39,39,39,39,39,39,39,39,39,39,27,70,49,49,49,49,49,25,25,9,9,0,0],"gold":221,"neow_bonus":"TWO_FIFTY_GOLD","is_daily":false,"chose_seed":false,"campfire_upgraded":2,"win_rate":0.0,"timestamp":1613126214,"path_taken":["M","$","?","?","M","?","R","M","T","M","E","?","M","M","R","BOSS","M","$","?","?","$","E","M","M","T","M"],"items_purchased_type":["Relic","Card","Card","Card","Card"],"build_version":"2020-12-22","purchased_purges":2,"victory":false,"max_hp_per_floor":[65,65,65,65,65,70,70,70,70,70,70,70,70,70,70,70,70,70,70,70,70,70,70,70,70,70,70,70],"card_choices":[{"not_picked":["JustLucky","ClearTheMind"],"picked":"FlurryOfBlows","floor":1.0},{"not_picked":["Pray","FearNoEvil"],"picked":"Tantrum","floor":5.0},{"not_picked":["Protect","FlyingSleeves"],"picked":"BowlingBash","floor":8.0},{"not_picked":["Nirvana","Weave"],"picked":"FlurryOfBlows","floor":10.0},{"not_picked":["Indignation","BattleHymn"],"picked":"ThirdEye","floor":11.0},{"not_picked":["ConjureBlade","FlyingSleeves"],"picked":"InnerPeace","floor":12.0},{"not_picked":["Evaluate","Fasting2"],"picked":"WaveOfTheHand","floor":13.0},{"not_picked":["BowlingBash","MasterReality","Perseverance"],"picked":"SKIP","floor":14.0},{"not_picked":["Judgement","Ragnarok"],"picked":"Omniscience","floor":16.0},{"not_picked":["JustLucky+1","FlurryOfBlows+1","Protect"],"picked":"SKIP","floor":18.0},{"not_picked":["Consecrate","Perseverance+1"],"picked":"Adaptation","floor":23.0},{"not_picked":["ClearTheMind","Worship+1","FlurryOfBlows+1"],"picked":"SKIP","floor":24.0},{"not_picked":["Evaluate","ThirdEye"],"picked":"EmptyFist","floor":25.0}],"player_experience":109984,"relics_obtained":[{"floor":9.0,"key":"Art of War"},{"floor":11.0,"key":"FossilizedHelix"},{"floor":12.0,"key":"Odd Mushroom"},{"floor":23.0,"key":"HornCleat"}],"event_choices":[{"damage_healed":0.0,"max_hp_gain":0.0,"max_hp_loss":0.0,"gold_gain":175.0,"event_name":"Liars Game","player_choice":"AGREE","floor":3.0,"gold_loss":0.0,"damage_taken":0.0,"cards_obtained":["Doubt"]},{"damage_healed":0.0,"max_hp_gain":0.0,"max_hp_loss":0.0,"gold_gain":0.0,"event_name":"Golden Idol","player_choice":"Take Damage","floor":4.0,"gold_loss":0.0,"damage_taken":16.0,"relics_obtained":["Golden Idol"]},{"damage_healed":0.0,"max_hp_gain":5.0,"max_hp_loss":0.0,"gold_gain":0.0,"event_name":"Big Fish","player_choice":"Donut","floor":6.0,"gold_loss":0.0,"damage_taken":0.0},{"damage_healed":0.0,"max_hp_gain":0.0,"max_hp_loss":0.0,"gold_gain":0.0,"event_name":"Mushrooms","player_choice":"Fought Mushrooms","floor":12.0,"gold_loss":0.0,"damage_taken":0.0},{"damage_healed":0.0,"max_hp_gain":0.0,"max_hp_loss":0.0,"gold_gain":0.0,"event_name":"Ghosts","player_choice":"Ignored","floor":20.0,"gold_loss":0.0,"damage_taken":0.0},{"damage_healed":0.0,"max_hp_gain":0.0,"max_hp_loss":0.0,"gold_gain":0.0,"event_name":"Accursed Blacksmith","player_choice":"Forge","floor":21.0,"gold_loss":0.0,"damage_taken":0.0,"cards_upgraded":["Omniscience"]}],"is_beta":false,"boss_relics":[{"not_picked":["Runic Dome","Runic Pyramid"],"picked":"Empty Cage"}],"items_purged_floors":[19,22],"is_endless":false,"potions_floor_spawned":[10,11,24,25],"killed_by":"Snake Plant","ascension_level":0}}