{"host":"jruzzdd1waq9u00d","time":1613132197,"event":{"mods":["BaseMod","Colored Map","Colored Powertips","DeckTracker","Downfall","Minty Spire (QoL Compilation)","Quick Restart","Relic Stats","StSLib","SuperFastMode"],"gold_per_floor":[109,109,109,130,130,130,143,143,143,166,166,91,104,129,129,219,219,240,254,254,254],"floor_reached":20,"language":"ENG","playtime":677,"items_purged":["Injury"],"score":332,"play_id":"b1c57a2d-7c13-4ccf-a2a8-f932310fe6a5","local_time":"20210212211637","is_ascension_mode":true,"campfire_choices":[{"floor":6,"key":"REST"},{"floor":8,"key":"REST"},{"data":"Eruption","floor":11,"key":"SMITH"},{"data":"BattleHymn","floor":15,"key":"SMITH"}],"circlet_count":0,"master_deck":["AscendersBane","Strike_P","Strike_P","Defend_P","Defend_P","Defend_P","Defend_P","Eruption+1","Vigilance","TalkToTheHand","CurseOfTheBell","CurseOfTheBell","Wallop","BattleHymn+1","Consecrate","EmptyFist","Brilliance","Halt"],"relics":["Philosopher\u0027s Stone","Potion Belt","Golden Idol","downfall:ExtraCursedBell","Nunchaku","HornCleat","Shovel","Gremlin Horn","Empty Cage"],"acts_visited":["Exordium","TheCity"],"potions_floor_usage":[10,14,16,16],"damage_taken":[{"damage":18,"enemies":"2 Louse","floor":1,"turns":3},{"damage":4,"enemies":"Small Slimes","floor":4,"turns":4},{"damage":19,"enemies":"Jaw Worm","floor":7,"turns":4},{"damage":10,"enemies":"Large Slime","floor":10,"turns":5},{"damage":0,"enemies":"2 Fungi Beasts","floor":13,"turns":4},{"damage":0,"enemies":"Exordium Thugs","floor":14,"turns":2},{"damage":20,"enemies":"Hexaghost","floor":16,"turns":8},{"damage":28,"enemies":"3 Byrds","floor":18,"turns":5},{"damage":19,"enemies":"Shell Parasite","floor":19,"turns":3},{"damage":0,"enemies":"3 Cultists","floor":20,"turns":2}],"seed_played":"-4204314347094846481","potions_obtained":[{"floor":1,"key":"Strength Potion"},{"floor":10,"key":"Fruit Juice"},{"floor":13,"key":"champ:CounterPotion"},{"floor":14,"key":"PowerPotion"}],"is_trial":false,"path_per_floor":["M","?","?","M","?","R","M","R","T","M","R","$","M","M","R","B",null,"M","M","M"],"character_chosen":"WATCHER","items_purchased":[],"campfire_rested":2,"item_purchase_floors":[],"current_hp_per_floor":[43,32,32,28,28,48,29,49,49,44,44,44,44,44,44,24,61,33,14,14,14],"gold":254,"neow_bonus":"BOSS_RELIC","is_daily":false,"chose_seed":false,"campfire_upgraded":2,"win_rate":0.0,"timestamp":1613132197,"path_taken":["M","?","?","M","?","R","M","R","T","M","R","$","M","M","R","BOSS","M","M","M"],"items_purchased_type":[],"build_version":"2020-12-22","purchased_purges":1,"victory":false,"max_hp_per_floor":[68,68,68,68,68,68,68,68,68,73,73,73,73,73,73,73,73,73,73,73,73],"relic_stats":{"Nunchaku":[8],"Shovel":0,"Gremlin Horn":[5,5],"counters":[10,40],"Golden Idol":45,"obtain_stats":[{"Potion Belt":2,"Nunchaku":5,"HornCleat":5,"Shovel":5,"Gremlin Horn":9,"Golden Idol":3,"Philosopher\u0027s Stone":0,"PureWater":0,"downfall:ExtraCursedBell":5,"Empty Cage":17},{"Potion Belt":1,"Nunchaku":2,"HornCleat":2,"Shovel":2,"Gremlin Horn":3,"Golden Idol":1,"Philosopher\u0027s Stone":0,"PureWater":0,"downfall:ExtraCursedBell":2,"Empty Cage":7},{"Potion Belt":3,"Nunchaku":7,"HornCleat":7,"Shovel":7,"Gremlin Horn":11,"Golden Idol":3,"Philosopher\u0027s Stone":0,"PureWater":0,"downfall:ExtraCursedBell":7,"Empty Cage":30}]},"card_choices":[{"not_picked":["ThirdEye","JustLucky"],"picked":"TalkToTheHand","floor":1},{"not_picked":["DeceiveReality","CutThroughFate","Protect"],"picked":"SKIP","floor":4},{"not_picked":["ClearTheMind","Crescendo"],"picked":"Wallop","floor":7},{"not_picked":["Fasting2","JustLucky"],"picked":"BattleHymn","floor":10},{"not_picked":["FollowUp","EmptyBody"],"picked":"Consecrate","floor":13},{"not_picked":["Brilliance","Halt"],"picked":"EmptyFist","floor":14},{"not_picked":["Alpha","Devotion"],"picked":"Brilliance","floor":16},{"not_picked":["BowlingBash","Crescendo","Consecrate"],"picked":"SKIP","floor":18},{"not_picked":["FlurryOfBlows","ReachHeaven"],"picked":"Halt","floor":19}],"player_experience":435407,"relics_obtained":[{"floor":5,"key":"Nunchaku"},{"floor":5,"key":"HornCleat"},{"floor":5,"key":"Shovel"},{"floor":9,"key":"Gremlin Horn"}],"event_choices":[{"damage_healed":0,"gold_gain":0,"player_choice":"Success","damage_taken":11,"relics_obtained":["Potion Belt"],"max_hp_gain":0,"max_hp_loss":0,"event_name":"Scrap Ooze","floor":2,"gold_loss":0},{"damage_healed":0,"gold_gain":0,"player_choice":"Take Wound","damage_taken":0,"relics_obtained":["Golden Idol"],"max_hp_gain":0,"max_hp_loss":0,"event_name":"Golden Idol","floor":3,"gold_loss":0,"cards_obtained":["Injury"]}],"is_beta":false,"boss_relics":[{"not_picked":["Sozu","SacredBark"],"picked":"Empty Cage"}],"items_purged_floors":[12],"is_endless":false,"potions_floor_spawned":[1,10,13,14],"killed_by":"3 Cultists","ascension_level":20}}