{"host":"o6nndy8fvkon49s1","time":1613149428,"event":{"mods":["BaseMod","CapriCore","Hermit","Marisa????????","Minty Spire (QoL Compilation)","Prisma Mod","StSLib","Td1madao Mod","The Administrix","The Fake Hero","The Forsaken","The Immortal","The Marked","The Necromancer","The Servant 0.9.4"],"gold_per_floor":[517,532,207,207,207,207,207,207,230,249,249,131,150,72,72,170,170,185,201,201,126,126,126,25,25,25,25,25,44,54,87,87,189,189,209,89,89,0,14,14,24,24,72,72,72,72,82,101,101,101],"floor_reached":51,"language":"ENG","playtime":1348,"items_purged":["luka_mod:Surrender","luka_mod:Wait"],"score":651,"play_id":"6ac09969-b123-44eb-b4f5-989860d77ffe","local_time":"20210212110348","is_ascension_mode":false,"campfire_choices":[{"data":"luka_mod:Feel","floor":6,"key":"SMITH"},{"data":"luka_mod:OiAlice","floor":8,"key":"SMITH"},{"data":"luka_mod:Meditation","floor":11,"key":"SMITH"},{"data":"luka_mod:Salamander","floor":15,"key":"SMITH"},{"data":"luka_mod:Calm","floor":23,"key":"SMITH"},{"data":"luka_mod:Gnome","floor":25,"key":"SMITH"},{"data":"luka_mod:BladeOfStillWater","floor":27,"key":"SMITH"},{"data":"luka_mod:Erubetie","floor":32,"key":"SMITH"},{"data":"luka_mod:AlmaElma","floor":40,"key":"SMITH"},{"data":"luka_mod:Salt","floor":42,"key":"SMITH"},{"data":"luka_mod:StrikeLukaTwo","floor":46,"key":"SMITH"},{"data":"luka_mod:AlmaElma","floor":49,"key":"SMITH"}],"circlet_count":0,"master_deck":["luka_mod:StrikeLukaOne","luka_mod:StrikeLukaTwo+1","luka_mod:StrikeLukaThree+1","luka_mod:StrikeLukaFour","luka_mod:StrikeLukaFive+1","luka_mod:StrikeLukaSix","luka_mod:Salt+1","luka_mod:Guard","luka_mod:Meditation+1","luka_mod:Feel+1","luka_mod:BladeOfStillWater+1","luka_mod:OiAlice+1","luka_mod:Gnome+1","luka_mod:Salamander+1","luka_mod:Calm+1","luka_mod:PerfectTiming","luka_mod:AlmaElma+1","luka_mod:Erubetie+1","luka_mod:AlmaElma+1","luka_mod:GuardedStrike+1","luka_mod:Erubetie+1","luka_mod:GuardTraining+1","Parasite"],"relics":["luka_mod:KeepsakeRing","Mercury Hourglass","Smiling Mask","Empty Cage","MutagenicStrength","Nloth\u0027s Gift","The Courier","Ancient Tea Set","Busted Crown","Strange Spoon","Red Mask","Bag of Marbles","InkBottle"],"acts_visited":["Exordium","TheCity","TheBeyond"],"potions_floor_usage":[30,31,31,31,31,41,50],"damage_taken":[{"damage":11,"enemies":"2 Louse","floor":1,"turns":4},{"damage":11,"enemies":"Jaw Worm","floor":2,"turns":4},{"damage":0,"enemies":"Cultist","floor":10,"turns":2},{"damage":0,"enemies":"Blue Slaver","floor":13,"turns":3},{"damage":6,"enemies":"Slime Boss","floor":16,"turns":7},{"damage":16,"enemies":"2 Thieves","floor":18,"turns":3},{"damage":9,"enemies":"Shell Parasite","floor":19,"turns":3},{"damage":3,"enemies":"Snake Plant","floor":29,"turns":3},{"damage":5,"enemies":"3 Cultists","floor":30,"turns":5},{"damage":8,"enemies":"Slavers","floor":31,"turns":2},{"damage":25,"enemies":"Automaton","floor":33,"turns":8},{"damage":9,"enemies":"Orb Walker","floor":35,"turns":3},{"damage":15,"enemies":"3 Darklings","floor":39,"turns":6},{"damage":0,"enemies":"Jaw Worm Horde","floor":41,"turns":4},{"damage":0,"enemies":"Spire Growth","floor":47,"turns":4},{"damage":0,"enemies":"Writhing Mass","floor":48,"turns":6},{"damage":12,"enemies":"Donu and Deca","floor":50,"turns":4}],"seed_played":"-4070790011567904598","potions_obtained":[{"floor":19,"key":"EntropicBrew"},{"floor":30,"key":"Dexterity Potion"},{"floor":35,"key":"DuplicationPotion"},{"floor":47,"key":"FearPotion"},{"floor":48,"key":"PowerPotion"}],"is_trial":false,"path_per_floor":["M","M","$","?","T","R","?","R","T","M","R","$","M","$","R","B",null,"M","M","?","?","?","R","$","R","T","R","$","M","M","E","R","B",null,"M","$","?","?","M","R","M","R","T","T","?","R","M","M","R","B",null],"character_chosen":"LUKA_CLASS","items_purchased":["Mercury Hourglass","luka_mod:Gnome","luka_mod:Salamander","Explosive Potion","Block Potion","Strange Spoon"],"campfire_rested":0,"item_purchase_floors":[3,12,14,24,24,36],"current_hp_per_floor":[40,40,40,32,32,32,32,32,32,32,32,32,32,32,32,26,40,40,31,31,31,31,31,31,31,31,31,31,37,40,32,32,15,40,31,31,31,31,40,40,40,40,40,40,40,40,40,40,40,40],"gold":101,"neow_bonus":"THREE_CARDS","is_daily":false,"chose_seed":false,"campfire_upgraded":12,"win_rate":0.0,"timestamp":1613149428,"path_taken":["M","M","$","?","?","R","?","R","T","M","R","$","M","$","R","BOSS","M","M","?","?","?","R","$","R","T","R","$","M","M","E","R","BOSS","M","?","?","?","M","R","M","R","T","?","?","R","M","M","R","BOSS"],"items_purchased_type":["Relic","Card","Card","Potion","Potion","Relic"],"build_version":"2020-12-22","purchased_purges":2,"victory":true,"max_hp_per_floor":[40,40,40,40,40,40,40,40,40,40,40,40,40,40,40,40,40,40,40,40,40,40,40,40,40,40,40,40,40,40,40,40,40,40,40,40,40,40,40,40,40,40,40,40,40,40,40,40,40,40],"card_choices":[{"not_picked":["luka_mod:Request","luka_mod:GuardedStrike"],"picked":"luka_mod:Feel","floor":0},{"not_picked":["luka_mod:RestrictedStrike","luka_mod:SmallBody"],"picked":"luka_mod:BladeOfStillWater","floor":1},{"not_picked":["luka_mod:Request","luka_mod:Struggle","luka_mod:FlashKill"],"picked":"SKIP","floor":2},{"not_picked":["luka_mod:DemonSkullBeheading","luka_mod:FireSlash","luka_mod:Struggle"],"picked":"SKIP","floor":10},{"not_picked":["luka_mod:RestrictedStrike","luka_mod:GuardTraining","luka_mod:EarthRumblingDecapitation"],"picked":"SKIP","floor":13},{"not_picked":["luka_mod:Daystar","luka_mod:NoDebuffs"],"picked":"luka_mod:SpoilerDance","floor":16},{"not_picked":["luka_mod:PeacePreach","luka_mod:LightningSwordFlash"],"picked":"luka_mod:Calm","floor":18},{"not_picked":["luka_mod:NeverSurrender","luka_mod:WaterSlash+1","luka_mod:Struggle+1"],"picked":"SKIP","floor":19},{"not_picked":["luka_mod:BladeOfSolidEarth","luka_mod:WaterSlash+1"],"picked":"luka_mod:PerfectTiming","floor":29},{"not_picked":["luka_mod:Request","luka_mod:DemonDecapitation"],"picked":"luka_mod:AlmaElma","floor":30},{"not_picked":["luka_mod:NeverSurrender","luka_mod:Daystar"],"picked":"luka_mod:Erubetie","floor":31},{"not_picked":["luka_mod:NinefoldRakshasa","luka_mod:Daystar"],"picked":"luka_mod:AlmaElma","floor":33},{"not_picked":["luka_mod:StressRelief+1"],"picked":"SKIP","floor":35},{"not_picked":[],"picked":"luka_mod:GuardedStrike+1","floor":39},{"not_picked":["luka_mod:Overexert"],"picked":"SKIP","floor":41},{"not_picked":[],"picked":"luka_mod:GuardTraining+1","floor":47},{"not_picked":["luka_mod:StrikeLuka"],"picked":"SKIP","floor":48}],"player_experience":227698,"relics_obtained":[{"floor":5,"key":"theForsaken:Gavel"},{"floor":9,"key":"Smiling Mask"},{"floor":26,"key":"The Courier"},{"floor":31,"key":"Ancient Tea Set"},{"floor":43,"key":"Bag of Marbles"},{"floor":44,"key":"InkBottle"}],"event_choices":[{"damage_healed":0,"gold_gain":0,"player_choice":"Entered Light","damage_taken":8,"max_hp_gain":0,"max_hp_loss":0,"event_name":"Shining Light","floor":4,"gold_loss":0,"cards_upgraded":["luka_mod:StrikeLukaThree","luka_mod:StrikeLukaFive"]},{"damage_healed":0,"gold_gain":0,"player_choice":"1 cards matched","damage_taken":0,"max_hp_gain":0,"max_hp_loss":0,"event_name":"Match and Keep!","floor":7,"gold_loss":0,"cards_obtained":["luka_mod:OiAlice"]},{"damage_healed":0,"gold_gain":0,"player_choice":"Inject Mutagens","damage_taken":0,"relics_obtained":["MutagenicStrength"],"max_hp_gain":0,"max_hp_loss":0,"event_name":"Drug Dealer","floor":20,"gold_loss":0},{"cards_removed":["luka_mod:FlailWildly"],"damage_healed":0,"gold_gain":0,"player_choice":"Gave Gold","damage_taken":0,"max_hp_gain":0,"max_hp_loss":0,"event_name":"Beggar","floor":21,"gold_loss":75},{"damage_healed":0,"gold_gain":0,"player_choice":"Traded Relic","damage_taken":0,"relics_obtained":["Nloth\u0027s Gift"],"max_hp_gain":0,"max_hp_loss":0,"event_name":"N\u0027loth","floor":22,"relics_lost":["theForsaken:Gavel"],"gold_loss":0},{"damage_healed":0,"gold_gain":0,"player_choice":"Ignored","damage_taken":0,"max_hp_gain":0,"max_hp_loss":0,"event_name":"Mysterious Sphere","floor":37,"gold_loss":0},{"damage_healed":0,"gold_gain":0,"player_choice":"Paid","damage_taken":0,"relics_obtained":["Red Mask"],"max_hp_gain":0,"max_hp_loss":0,"event_name":"Tomb of Lord Red Mask","floor":38,"gold_loss":89},{"damage_healed":0,"gold_gain":0,"player_choice":"Copied","damage_taken":0,"max_hp_gain":0,"max_hp_loss":0,"event_name":"Duplicator","floor":45,"gold_loss":0,"cards_obtained":["luka_mod:Erubetie"]}],"is_beta":false,"boss_relics":[{"not_picked":["Calling Bell","Snecko Eye"],"picked":"Empty Cage"},{"not_picked":["Tiny House","Runic Dome"],"picked":"Busted Crown"}],"items_purged_floors":[3,12],"is_endless":false,"potions_floor_spawned":[19,30,35,47,48],"ascension_level":0}}