{"host":"phapnj0danpxvjlm","time":1613090959,"event":{"mods":["BaseMod","Better Note","Better Third Choice","Bossed Relics","Downfall","Hermit","Minty Spire (QoL Compilation)","Permanent Neow","Quick Restart","Rare Cards Sparkle","Spire Arcade","StSLib","The Necromancer","The Wild Card"],"gold_per_floor":[99,114,131,149,169,179,231,23,23,39,39,214,114,114,124,222,222,222,232,232,332,332,345,372,372,404,404,423,449,349,187,197,302,302,302,317,333,347,525,542,542,561,578,578,578,578],"floor_reached":44,"language":"ENG","playtime":2965,"items_purged":["Doubt"],"score":519,"play_id":"a820794b-320c-40af-8ca3-0713bdd8f65a","local_time":"20210212014919","is_ascension_mode":false,"campfire_choices":[{"floor":1,"key":"RECALL"},{"data":"expansioncontent:DashGenerateEvil","floor":9,"key":"SMITH"},{"data":"Slimebound:DouseInSlime","floor":13,"key":"SMITH"},{"data":"Slimebound:OozeBath","floor":18,"key":"SMITH"},{"floor":25,"key":"REST"},{"floor":27,"key":"REST"},{"floor":30,"key":"REST"},{"data":"Slimebound:TagTeam","floor":35,"key":"SMITH"}],"circlet_count":0,"master_deck":["Slimebound:Strike_Slimebound","Slimebound:Strike_Slimebound","Slimebound:Strike_Slimebound","Slimebound:Tackle","Slimebound:Defend_Slimebound","Slimebound:Defend_Slimebound","Slimebound:Defend_Slimebound","Slimebound:Defend_Slimebound","Slimebound:Split","Slimebound:CorrosiveSpit","Slimebound:SplitAcid","Slimebound:ItLooksTasty","Slimebound:MegaLick","Slimebound:Schlurp","Slimebound:DouseInSlime+1","Slimebound:Repurpose","expansioncontent:DashGenerateEvil+1","Slimebound:Schlurp","Slimebound:PressTheAttack","Slimebound:OozeBath+1","Slimebound:Grow","theWildCard:Michael","Slimebound:HauntingLick","Slimebound:GoopSpray+1","Slimebound:SplitMire+1","Slimebound:Gluttony","Slimebound:GrowthPunch","Slimebound:TagTeam+1","Slimebound:MegaLick","Slimebound:ForwardTackle+1","Slimebound:GoopSpray+1","Slimebound:DisruptingSlam+1","Slimebound:MegaLick+1","Slimebound:ItLooksTasty+1","Slimebound:LeechingTouch+1","Slimebound:AcidTongue","Slimebound:ProtectTheBoss+1"],"relics":["Slimebound:AbsorbEndCombat","Strawberry","downfall:BrokenWingStatue","downfall:HeartBlessingRed","Blue Candle","Velvet Choker","Ginger","Ornamental Fan","Potion Belt","Letter Opener","Bag of Preparation","downfall:HeartBlessingGreen","SacredBark","Orrery"],"acts_visited":["Exordium","TheCity","TheBeyond"],"potions_floor_usage":[8,15,16,21,29,31,33,39,39,39],"damage_taken":[{"damage":2,"enemies":"Cultist","floor":2,"turns":5},{"damage":6,"enemies":"Jaw Worm","floor":3,"turns":3},{"damage":0,"enemies":"Small Slimes","floor":4,"turns":3},{"damage":13,"enemies":"2 Fungi Beasts","floor":5,"turns":3},{"damage":3,"enemies":"Blue Slaver","floor":6,"turns":4},{"damage":0,"enemies":"downfall:FleeingMerchant","floor":8,"turns":4},{"damage":12,"enemies":"Exordium Thugs","floor":10,"turns":4},{"damage":0,"enemies":"Large Slime","floor":15,"turns":3},{"damage":25,"enemies":"IC_STATUS_ARCHETYPE","floor":16,"turns":7},{"damage":17,"enemies":"Spheric Guardian","floor":19,"turns":4},{"damage":16,"enemies":"Colosseum Nobs","floor":21,"turns":5},{"damage":27,"enemies":"3 Byrds","floor":23,"turns":5},{"damage":56,"enemies":"Slavers","floor":26,"turns":6},{"damage":7,"enemies":"Shelled Parasite and Fungi","floor":28,"turns":4},{"damage":18,"enemies":"Gremlin Leader","floor":29,"turns":5},{"damage":8,"enemies":"downfall:FleeingMerchant","floor":31,"turns":4},{"damage":0,"enemies":"Sentry and Sphere","floor":32,"turns":4},{"damage":40,"enemies":"WA_ARCHETYPE_CALM","floor":33,"turns":8},{"damage":6,"enemies":"3 Darklings","floor":36,"turns":4},{"damage":8,"enemies":"3 Shapes","floor":37,"turns":3},{"damage":27,"enemies":"Maw","floor":38,"turns":5},{"damage":13,"enemies":"downfall:FleeingMerchant","floor":39,"turns":3},{"damage":0,"enemies":"4 Shapes","floor":40,"turns":5},{"damage":33,"enemies":"Transient","floor":42,"turns":5},{"damage":26,"enemies":"Maw","floor":43,"turns":7},{"damage":19,"enemies":"Spire Growth","floor":44,"turns":3}],"seed_played":"4995830314674355999","potions_obtained":[{"floor":5,"key":"Regen Potion"},{"floor":6,"key":"Swift Potion"},{"floor":15,"key":"Slimebound:SlimedPotion"},{"floor":16,"key":"Guardian:BlockOnCardUsePotion"},{"floor":23,"key":"Strength Potion"},{"floor":28,"key":"BlessingOfTheForge"},{"floor":32,"key":"Guardian:BlockOnCardUsePotion"},{"floor":33,"key":"Weak Potion"},{"floor":37,"key":"bronze:BurnAndBuffPotion"},{"floor":38,"key":"BlessingOfTheForge"},{"floor":42,"key":"Explosive Potion"}],"is_trial":false,"path_per_floor":["R","M","M","M","M","M","T","$","R","M","?","?","R","?","M","B",null,"R","M","?","?","?","M","T","R","E","R","M","E","R","$","M","B",null,"R","M","M","M","$","M","T","M","M","M"],"character_chosen":"SLIMEBOUND","items_purchased":["expansioncontent:DashGenerateEvil","Slimebound:SlimyTonguePotion","Orrery"],"campfire_rested":3,"item_purchase_floors":[8,31,39],"current_hp_per_floor":[71,71,67,67,56,59,66,72,72,66,66,66,66,61,78,59,78,78,65,65,57,57,38,38,61,13,36,35,25,48,46,54,22,78,78,76,72,53,48,54,54,29,11,0,0,0],"gold":578,"neow_bonus":"TEN_PERCENT_HP_BONUS","is_daily":false,"chose_seed":false,"campfire_upgraded":4,"win_rate":0.0,"timestamp":1613090959,"path_taken":["R","M","M","M","M","?","T","$","R","M","?","?","R","?","M","BOSS","R","M","?","?","?","M","T","R","E","R","M","E","R","$","M","BOSS","R","M","M","M","$","M","T","M","M","M"],"items_purchased_type":["Card","Potion","Relic"],"build_version":"2020-12-22","purchased_purges":1,"victory":false,"max_hp_per_floor":[71,71,71,71,71,71,78,78,78,78,78,78,78,78,78,78,78,78,78,78,78,78,78,78,78,78,78,78,78,78,78,78,78,78,78,78,78,78,78,78,78,78,78,78,78,78],"card_choices":[{"not_picked":["Slimebound:Prepare","Slimebound:LeechingTouch"],"picked":"Slimebound:SplitAcid","floor":2},{"not_picked":["Slimebound:SplitMire","Slimebound:LeechingTouch"],"picked":"Slimebound:ItLooksTasty","floor":3},{"not_picked":["Slimebound:FinishingTackle","Slimebound:SplitBruiser"],"picked":"Slimebound:MegaLick","floor":4},{"not_picked":["Slimebound:SplitAcid","Slimebound:RainOfGoop"],"picked":"Slimebound:Schlurp","floor":5},{"not_picked":["Slimebound:SlimeBarrage","Slimebound:Prepare"],"picked":"Slimebound:DouseInSlime","floor":6},{"not_picked":["Slimebound:SplitMire","Slimebound:Replication"],"picked":"Slimebound:Repurpose","floor":8},{"not_picked":["Slimebound:ComboTackle","Slimebound:PressTheAttack"],"picked":"Slimebound:Schlurp","floor":10},{"not_picked":["Slimebound:DouseInSlime","Slimebound:SlimeBrawl"],"picked":"Slimebound:PressTheAttack","floor":15},{"not_picked":["Slimebound:WasteNot","Slimebound:RallyTheTroops"],"picked":"Slimebound:OozeBath","floor":16},{"not_picked":["Slimebound:SlimeBarrage","Slimebound:SplitAcid"],"picked":"Slimebound:Grow","floor":19},{"not_picked":["Slimebound:LeadByExample","Slimebound:SlimeBarrage"],"picked":"Slimebound:HauntingLick","floor":21},{"not_picked":["Slimebound:AcidTongue","Slimebound:FinishingTackle+1"],"picked":"Slimebound:GoopSpray+1","floor":23},{"not_picked":["Slimebound:ProtectTheBoss","Slimebound:Gluttony"],"picked":"Slimebound:SplitMire+1","floor":26},{"not_picked":["Slimebound:ItLooksTasty","Slimebound:Dissolve"],"picked":"Slimebound:Gluttony","floor":28},{"not_picked":["Slimebound:SplitBruiser","Slimebound:FormOfPuddle"],"picked":"Slimebound:GrowthPunch","floor":29},{"not_picked":["Slimebound:SamplingLick","Slimebound:ViciousTackle","Slimebound:LeechEnergy+1"],"picked":"SKIP","floor":31},{"not_picked":["Slimebound:GoopSpray","Slimebound:DuplicatedForm","Slimebound:GoopTackle"],"picked":"SKIP","floor":32},{"not_picked":["Slimebound:OneTwoCombo","Slimebound:Overexert"],"picked":"Slimebound:TagTeam","floor":33},{"not_picked":["Slimebound:FlameTackle+1","Slimebound:SlimeTap+1"],"picked":"Slimebound:MegaLick","floor":36},{"not_picked":["Slimebound:ProtectTheBoss","Slimebound:Chomp"],"picked":"Slimebound:ForwardTackle+1","floor":37},{"not_picked":["Slimebound:ItLooksTasty","Slimebound:RollThrough+1","Slimebound:Prepare+1"],"picked":"SKIP","floor":38},{"not_picked":["Slimebound:FlameTackle+1","Slimebound:SlimeSpikes+1"],"picked":"Slimebound:GoopSpray+1","floor":39},{"not_picked":["Slimebound:Chomp+1","Slimebound:WasteNot"],"picked":"Slimebound:DisruptingSlam+1","floor":39},{"not_picked":["Slimebound:FormOfPuddle","Slimebound:SplitBruiser+1"],"picked":"Slimebound:MegaLick+1","floor":39},{"not_picked":["Slimebound:PressTheAttack+1","Slimebound:ProtectTheBoss+1"],"picked":"Slimebound:ItLooksTasty+1","floor":39},{"not_picked":["Slimebound:Schlurp","Slimebound:FlameTackle+1"],"picked":"Slimebound:LeechingTouch+1","floor":39},{"not_picked":["Slimebound:Prepare+1","Slimebound:PressTheAttack"],"picked":"Slimebound:AcidTongue","floor":40},{"not_picked":["Slimebound:ComboTackle","Slimebound:BestDefense+1"],"picked":"Slimebound:ProtectTheBoss+1","floor":42},{"not_picked":["Slimebound:SlimeBarrage+1","Slimebound:ItLooksTasty","Slimebound:Prepare+1"],"picked":"SKIP","floor":43}],"player_experience":491670,"relics_obtained":[{"floor":7,"key":"Strawberry"},{"floor":21,"key":"Ginger"},{"floor":21,"key":"Ornamental Fan"},{"floor":24,"key":"Potion Belt"},{"floor":26,"key":"Letter Opener"},{"floor":29,"key":"Bag of Preparation"}],"event_choices":[{"cards_removed":["expansioncontent:DashGenerateEvil"],"damage_healed":0,"gold_gain":0,"player_choice":"Take \u0026 Give","damage_taken":0,"max_hp_gain":0,"max_hp_loss":0,"event_name":"betterNote:BetterNote","floor":20,"gold_loss":0,"cards_obtained":["theWildCard:Michael"]}],"is_beta":false,"boss_relics":[{"not_picked":["Coffee Dripper","Cursed Key"],"picked":"Velvet Choker"},{"not_picked":["Black Star","Pandora\u0027s Box"],"picked":"SacredBark"}],"items_purged_floors":[31],"is_endless":false,"potions_floor_spawned":[5,6,15,16,23,28,32,33,37,38,42],"killed_by":"Spire Growth","ascension_level":0}}