{"host":"jngeqill3bw7azzz","time":1613171994,"event":{"mods":["BaseMod","Highlight Path","Minty Spire (QoL Compilation)","Permanent Neow","Relic Stats"],"gold_per_floor":[117,91,91,110,8,35,35,76,103,139,139,157,157,181,181,272,272,272,272,197,197,197,197,197,197,197,197,197],"floor_reached":27,"language":"ENG","playtime":1798,"items_purged":[],"score":552,"play_id":"b4e16815-e091-4fcd-957d-1317b2872731","local_time":"20210212181954","is_ascension_mode":true,"campfire_choices":[{"data":"Metallicize","floor":11,"key":"SMITH"},{"data":"Carnage","floor":13,"key":"SMITH"},{"data":"Bash","floor":15,"key":"SMITH"},{"data":"Pommel Strike","floor":23,"key":"SMITH"}],"circlet_count":0,"master_deck":["AscendersBane","Strike_R+1","Strike_R","Strike_R+1","Strike_R+1","Defend_R+1","Defend_R","Defend_R","Defend_R","Bash+1","Pommel Strike+1","Carnage+1","Flash of Steel","Metallicize+1","Impervious","Impervious","Pommel Strike+1","Demon Form","True Grit","Anger"],"relics":["Burning Blood","NeowsBlessing","Whetstone","Golden Idol","Eternal Feather","Anchor","Bag of Preparation","Ectoplasm","Juzu Bracelet"],"acts_visited":["Exordium","TheCity"],"potions_floor_usage":[10,24,24],"damage_taken":[{"damage":0.0,"enemies":"Jaw Worm","floor":1.0,"turns":1.0},{"damage":0.0,"enemies":"Small Slimes","floor":4.0,"turns":1.0},{"damage":0.0,"enemies":"Lagavulin","floor":6.0,"turns":1.0},{"damage":8,"enemies":"Gremlin Nob","floor":8,"turns":3},{"damage":7,"enemies":"3 Sentries","floor":10,"turns":10},{"damage":0,"enemies":"Cultist","floor":12,"turns":2},{"damage":7,"enemies":"Gremlin Gang","floor":14,"turns":4},{"damage":31,"enemies":"The Guardian","floor":16,"turns":13},{"damage":0,"enemies":"Spheric Guardian","floor":18,"turns":4},{"damage":8,"enemies":"Chosen","floor":21,"turns":3},{"damage":6,"enemies":"Snecko","floor":22,"turns":4},{"damage":22,"enemies":"Slavers","floor":24,"turns":6},{"damage":25,"enemies":"Shelled Parasite and Fungi","floor":25,"turns":7},{"damage":33,"enemies":"Gremlin Leader","floor":27,"turns":4}],"seed_played":"-1176953529945994930","potions_obtained":[{"floor":1.0,"key":"PowerPotion"},{"floor":8,"key":"ColorlessPotion"},{"floor":12,"key":"SteroidPotion"},{"floor":18,"key":"HeartOfIron"},{"floor":25,"key":"SpeedPotion"}],"is_trial":false,"path_per_floor":["M","$","?","M","$","E","?","E","T","E","R","M","R","M","R","B",null,"M","$","?","M","M","R","E","M","T","E"],"character_chosen":"IRONCLAD","items_purchased":["Pommel Strike","Flash of Steel"],"campfire_rested":0,"item_purchase_floors":[2,5],"current_hp_per_floor":[74,74,51,57,57,63,63,61,61,60,68,68,68,67,68,43,62,68,68,68,66,66,68,52,33,33,0,0],"gold":197,"neow_bonus":"THREE_ENEMY_KILL","is_daily":false,"chose_seed":false,"campfire_upgraded":4,"win_rate":0.0,"timestamp":1613171994,"path_taken":["M","$","?","M","$","E","?","E","T","E","R","M","R","M","R","BOSS","M","$","?","M","M","R","E","M","T","E"],"items_purchased_type":["Card","Card"],"build_version":"2020-12-22","purchased_purges":0,"victory":false,"max_hp_per_floor":[75,75,75,75,75,75,68,68,68,68,68,68,68,68,68,68,68,68,68,68,68,68,68,68,68,68,68,68],"relic_stats":{"counters":[14,63],"Golden Idol":67,"Eternal Feather":11,"Ectoplasm":146,"Bag of Preparation":[18],"Juzu Bracelet":0,"Whetstone":["Strike_R","Strike_R"],"obtain_stats":[{"Anchor":9,"NeowsBlessing":0,"Golden Idol":7,"Eternal Feather":8,"Ectoplasm":17,"Bag of Preparation":10,"Juzu Bracelet":24,"Whetstone":6,"Burning Blood":0},{"Anchor":4,"NeowsBlessing":0,"Golden Idol":3,"Eternal Feather":4,"Ectoplasm":8,"Bag of Preparation":5,"Juzu Bracelet":12,"Whetstone":3,"Burning Blood":0},{"Anchor":6,"NeowsBlessing":0,"Golden Idol":3,"Eternal Feather":6,"Ectoplasm":35,"Bag of Preparation":16,"Juzu Bracelet":52,"Whetstone":3,"Burning Blood":0}],"Burning Blood":72},"card_choices":[{"not_picked":["Evolve","Dropkick","Sever Soul"],"picked":"SKIP","floor":1.0},{"not_picked":["Body Slam","Wild Strike"],"picked":"Carnage","floor":4.0},{"not_picked":["Warcry","Clash"],"picked":"Metallicize","floor":6.0},{"not_picked":["Wild Strike","Pommel Strike","Perfected Strike"],"picked":"SKIP","floor":8},{"not_picked":["Dual Wield","Armaments"],"picked":"Impervious","floor":10},{"not_picked":["Havoc","Clothesline","Sword Boomerang"],"picked":"SKIP","floor":12},{"not_picked":["Clothesline","Infernal Blade","Headbutt"],"picked":"SKIP","floor":14},{"not_picked":["Exhume","Demon Form"],"picked":"Impervious","floor":16},{"not_picked":["Dark Embrace","Rampage","Flex+1"],"picked":"SKIP","floor":18},{"not_picked":["Rampage","Anger"],"picked":"Pommel Strike+1","floor":21},{"not_picked":["Thunderclap","Rampage"],"picked":"Demon Form","floor":22},{"not_picked":["Armaments","Pummel"],"picked":"True Grit","floor":24},{"not_picked":["Dark Embrace","Pommel Strike"],"picked":"Anger","floor":25}],"player_experience":2626177,"relics_obtained":[{"floor":6.0,"key":"Whetstone"},{"floor":8,"key":"Eternal Feather"},{"floor":9,"key":"Anchor"},{"floor":10,"key":"Bag of Preparation"},{"floor":24,"key":"Juzu Bracelet"}],"event_choices":[{"damage_healed":0.0,"max_hp_gain":0.0,"max_hp_loss":0.0,"gold_gain":0.0,"event_name":"Shining Light","player_choice":"Entered Light","floor":3.0,"gold_loss":0.0,"damage_taken":23.0,"cards_upgraded":["Strike_R","Defend_R"]},{"damage_healed":0.0,"max_hp_gain":0.0,"max_hp_loss":7.0,"gold_gain":0.0,"event_name":"Golden Idol","player_choice":"Lose Max HP","floor":7.0,"gold_loss":0.0,"damage_taken":0.0,"relics_obtained":["Golden Idol"]},{"cards_removed":["Strike_R"],"damage_healed":0,"gold_gain":0,"player_choice":"Gave Gold","damage_taken":0,"max_hp_gain":0,"max_hp_loss":0,"event_name":"Beggar","floor":20,"gold_loss":75}],"is_beta":false,"boss_relics":[{"not_picked":["SacredBark","Tiny House"],"picked":"Ectoplasm"}],"items_purged_floors":[],"is_endless":false,"potions_floor_spawned":[1,8,12,18,22,25],"killed_by":"Gremlin Leader","ascension_level":20}}