{"host":"eft627g0ddukeijo","time":1613145902,"event":{"mods":["AchievementEnabler","BaseMod","Bestiary","Better Note","Block Reminder","Colored Powertips","Filter the Spire","Highlight Path","Minty Spire (QoL Compilation)","Permanent Neow","Quick Restart","Rare Cards Sparkle","Relic Stats","Slay-I","StSLib","Weighted Paths"],"gold_per_floor":[109,109,120,132,143,174,190,208,233,248,63,83,83,30,30,133,183,199,215,234,234,43,43,73,73,73,101,101,101],"floor_reached":28,"language":"ENG","playtime":1023,"items_purged":[],"score":528,"play_id":"31407dfa-7f20-4f44-84c2-49c53188f675","local_time":"20210213010502","is_ascension_mode":true,"campfire_choices":[{"floor":15.0,"key":"REST"},{"floor":23,"key":"REST"},{"floor":25,"key":"REST"}],"circlet_count":0,"master_deck":["Strike_R","Strike_R","Strike_R","Strike_R","Strike_R","Defend_R","Defend_R","Defend_R","Defend_R","Bash+1","Pommel Strike","Body Slam","Heavy Blade","Shrug It Off","Whirlwind","Pummel","Spot Weakness","Headbutt","Metamorphosis","Sword Boomerang","Shrug It Off","Demon Form","Battle Trance","Disarm","Shockwave","Uppercut"],"relics":["Burning Blood","Regal Pillow","Bag of Marbles","Akabeko","Tiny House","Medical Kit","HornCleat","Ancient Tea Set","Anchor"],"acts_visited":["Exordium","TheCity"],"potions_floor_usage":[21,24,24,24,24,24,28],"damage_taken":[{"damage":6.0,"enemies":"Small Slimes","floor":1.0,"turns":4.0},{"damage":6.0,"enemies":"Cultist","floor":3.0,"turns":3.0},{"damage":8.0,"enemies":"2 Louse","floor":4.0,"turns":3.0},{"damage":21.0,"enemies":"2 Fungi Beasts","floor":5.0,"turns":4.0},{"damage":35.0,"enemies":"Lagavulin","floor":6.0,"turns":7.0},{"damage":10.0,"enemies":"Looter","floor":7.0,"turns":3.0},{"damage":11.0,"enemies":"Blue Slaver","floor":8.0,"turns":4.0},{"damage":0.0,"enemies":"Large Slime","floor":10.0,"turns":1.0},{"damage":0.0,"enemies":"Looter","floor":12.0,"turns":2.0},{"damage":67.0,"enemies":"Hexaghost","floor":16.0,"turns":8.0},{"damage":8.0,"enemies":"3 Byrds","floor":18.0,"turns":6.0},{"damage":28.0,"enemies":"Shell Parasite","floor":19.0,"turns":3.0},{"damage":24,"enemies":"Snake Plant","floor":20,"turns":3},{"damage":0,"enemies":"Cultist and Chosen","floor":21,"turns":1},{"damage":35,"enemies":"Book of Stabbing","floor":24,"turns":4},{"damage":66,"enemies":"Gremlin Leader","floor":27,"turns":4},{"damage":22,"enemies":"Centurion and Healer","floor":28,"turns":5}],"seed_played":"-799385063608058386","potions_obtained":[{"floor":2.0,"key":"AttackPotion"},{"floor":2.0,"key":"SkillPotion"},{"floor":2.0,"key":"EssenceOfSteel"},{"floor":7.0,"key":"SteroidPotion"},{"floor":8.0,"key":"Block Potion"},{"floor":12.0,"key":"ElixirPotion"},{"floor":16.0,"key":"FearPotion"},{"floor":17.0,"key":"GamblersBrew"},{"floor":19.0,"key":"SmokeBomb"},{"floor":20,"key":"EntropicBrew"},{"floor":27,"key":"SkillPotion"}],"is_trial":false,"path_per_floor":["M","?","M","M","M","E","M","M","T","M","$","M","$","$","R","B",null,"M","M","M","M","$","R","E","R","T","E","M"],"character_chosen":"IRONCLAD","items_purchased":["Metamorphosis","Shrug It Off","Medical Kit","Disarm"],"campfire_rested":3,"item_purchase_floors":[11,14,22,22],"current_hp_per_floor":[72,72,72,70,55,26,22,17,17,23,23,29,29,29,68,7,67,65,43,25,31,31,71,42,82,82,22,0,0],"gold":101,"neow_bonus":"RANDOM_COMMON_RELIC","is_daily":false,"chose_seed":false,"campfire_upgraded":0,"win_rate":0.0,"timestamp":1613145902,"path_taken":["M","?","M","?","M","E","M","M","T","M","$","M","?","$","R","BOSS","M","M","M","M","$","R","E","R","T","E","?"],"items_purchased_type":["Card","Card","Relic","Card"],"build_version":"2020-12-22","purchased_purges":0,"victory":false,"max_hp_per_floor":[80,80,80,80,80,80,80,80,80,80,80,80,80,80,80,80,85,85,85,85,85,85,85,85,85,85,85,85,85],"relic_stats":{"Regal Pillow":45,"counters":[17,65],"Medical Kit":[0],"obtain_stats":[{"Regal Pillow":0,"Anchor":27,"Tiny House":17,"HornCleat":24,"Bag of Marbles":6,"Medical Kit":22,"Ancient Tea Set":26,"Burning Blood":0,"Akabeko":9},{"Regal Pillow":0,"Anchor":16,"Tiny House":10,"HornCleat":15,"Bag of Marbles":5,"Medical Kit":14,"Ancient Tea Set":15,"Burning Blood":0,"Akabeko":7},{"Regal Pillow":0,"Anchor":60,"Tiny House":39,"HornCleat":56,"Bag of Marbles":21,"Medical Kit":52,"Ancient Tea Set":56,"Burning Blood":0,"Akabeko":28}],"Burning Blood":96},"card_choices":[{"not_picked":["Wild Strike","Warcry"],"picked":"Pommel Strike","floor":1.0},{"not_picked":["Havoc","Anger"],"picked":"Body Slam","floor":3.0},{"not_picked":["Perfected Strike","Flame Barrier"],"picked":"Heavy Blade","floor":4.0},{"not_picked":["Perfected Strike","Metallicize"],"picked":"Shrug It Off","floor":5.0},{"not_picked":["Intimidate","Havoc"],"picked":"Whirlwind","floor":6.0},{"not_picked":["Iron Wave","Fire Breathing"],"picked":"Pummel","floor":7.0},{"not_picked":["Impervious","Armaments"],"picked":"Spot Weakness","floor":8.0},{"not_picked":["Thunderclap","Perfected Strike"],"picked":"Headbutt","floor":10.0},{"not_picked":["Clothesline","Perfected Strike"],"picked":"Sword Boomerang","floor":12.0},{"not_picked":["Impervious","Juggernaut"],"picked":"Demon Form","floor":16.0},{"not_picked":["Heavy Blade","Twin Strike"],"picked":"Battle Trance","floor":17.0},{"not_picked":["Havoc","Fire Breathing","Pommel Strike"],"picked":"SKIP","floor":18.0},{"not_picked":["Anger","Rampage+1","Carnage"],"picked":"SKIP","floor":19.0},{"not_picked":["Body Slam","Wild Strike","Heavy Blade+1"],"picked":"SKIP","floor":20},{"not_picked":["Heavy Blade","Armaments"],"picked":"Shockwave","floor":24},{"not_picked":["Pommel Strike","Battle Trance+1"],"picked":"Uppercut","floor":27}],"player_experience":574385,"relics_obtained":[{"floor":6.0,"key":"Bag of Marbles"},{"floor":9.0,"key":"Akabeko"},{"floor":24,"key":"HornCleat"},{"floor":26,"key":"Ancient Tea Set"},{"floor":27,"key":"Anchor"}],"event_choices":[{"damage_healed":0.0,"max_hp_gain":0.0,"max_hp_loss":0.0,"gold_gain":0.0,"event_name":"Lab","player_choice":"Got Potions","floor":2.0,"gold_loss":0.0,"damage_taken":0.0}],"is_beta":false,"boss_relics":[{"not_picked":["Astrolabe","Mark of Pain"],"picked":"Tiny House"}],"items_purged_floors":[],"is_endless":false,"potions_floor_spawned":[4,7,8,12,16,19,20,27],"killed_by":"Centurion and Healer","ascension_level":9}}