{"host":"18wi9kpcl4eah7pe","time":1613113663,"event":{"mods":["BaseMod","Colored Powertips","Downfall","Minty Spire (QoL Compilation)","StSLib"],"gold_per_floor":[99,99,99,199,51,51,104,147,147,166,266,284,84,119,143,249,249,249,273,273,295,295,295,295],"floor_reached":22,"language":"ENG","playtime":540,"items_purged":[],"score":288,"play_id":"770bfdfd-c245-4d5d-96ff-ea3a4b648b1f","local_time":"20210212010743","is_ascension_mode":true,"campfire_choices":[{"floor":1,"key":"RECALL"},{"floor":13,"key":"REST"},{"data":"bronze:Library","floor":18,"key":"SMITH"}],"circlet_count":0,"master_deck":["bronze:Strike","bronze:Strike","bronze:Strike","bronze:Strike","bronze:Defend","bronze:Defend","bronze:Defend","bronze:Defend","bronze:Replicate","bronze:Goto","bronze:Repulsor","bronze:Flail","bronze:ClassDefault","bronze:DelayedSlice","bronze:CutThrough","bronze:Separator","Flash of Steel","bronze:WhirlingStrike","bronze:BuggyMess","bronze:Library+1","bronze:Boost+1","bronze:Terminator"],"relics":["bronze:BronzeCore","downfall:HeartsMalice","CeramicFish","Happy Flower","Art of War","downfall:HeartBlessingRed","downfall:HeartBlessingGreen","Bag of Marbles","expansioncontent:StudyCardRelic","Nilry\u0027s Codex"],"acts_visited":["Exordium","TheCity"],"potions_floor_usage":[16,16,21],"damage_taken":[{"damage":0,"enemies":"Jaw Worm","floor":2,"turns":1},{"damage":0,"enemies":"2 Louse","floor":3,"turns":1},{"damage":0,"enemies":"downfall:FleeingMerchant","floor":5,"turns":1},{"damage":40,"enemies":"Lagavulin","floor":8,"turns":7},{"damage":0,"enemies":"Small Slimes","floor":10,"turns":2},{"damage":0,"enemies":"3 Sentries","floor":14,"turns":1},{"damage":0,"enemies":"2 Fungi Beasts","floor":15,"turns":1},{"damage":36,"enemies":"WA_ARCHETYPE_RETAIN","floor":16,"turns":6},{"damage":0,"enemies":"Chosen","floor":19,"turns":3},{"damage":0,"enemies":"Centurion and Healer","floor":21,"turns":2},{"damage":44,"enemies":"Sentry and Sphere","floor":22,"turns":5}],"seed_played":"6844967905589657665","potions_obtained":[{"floor":8,"key":"DistilledChaos"},{"floor":10,"key":"Explosive Potion"},{"floor":14,"key":"ColorlessPotion"},{"floor":19,"key":"Explosive Potion"}],"is_trial":false,"path_per_floor":["R","M","M","?","$","?","T","E","?","M","?","?","R","E","M","B",null,"R","M","?","M","M"],"character_chosen":"THE_AUTOMATON","items_purchased":["CeramicFish"],"campfire_rested":1,"item_purchase_floors":[5],"current_hp_per_floor":[63,63,63,63,63,63,63,23,46,46,46,46,67,67,67,31,60,60,60,44,44,0,0,0],"gold":295,"neow_bonus":"THREE_ENEMY_KILL","is_daily":false,"chose_seed":false,"campfire_upgraded":1,"win_rate":0.0,"timestamp":1613113663,"path_taken":["R","M","M","?","$","?","T","E","?","M","?","?","R","E","M","BOSS","R","M","?","M","M"],"items_purchased_type":["Relic"],"build_version":"2020-12-22","purchased_purges":0,"victory":false,"max_hp_per_floor":[70,70,70,70,70,70,70,70,70,70,70,70,70,70,70,70,70,70,70,70,70,70,70,70],"card_choices":[{"not_picked":["bronze:DelayedSlice","bronze:BuggyMess"],"picked":"bronze:Repulsor","floor":2},{"not_picked":["bronze:OilSpill","bronze:BugBarrage"],"picked":"bronze:Flail","floor":3},{"not_picked":["bronze:DelayedSlice","bronze:Invalidate"],"picked":"bronze:ClassDefault","floor":5},{"not_picked":["bronze:Frontload","bronze:BugBarrage"],"picked":"bronze:DelayedSlice","floor":8},{"not_picked":["bronze:ForceShield","bronze:ForLoop"],"picked":"bronze:CutThrough","floor":10},{"not_picked":["bronze:FineTuning","bronze:ForLoop"],"picked":"bronze:WhirlingStrike","floor":14},{"not_picked":["bronze:CutThrough","bronze:BugBarrage"],"picked":"bronze:BuggyMess","floor":15},{"not_picked":["bronze:AlphaBuild","bronze:Verify"],"picked":"bronze:Library","floor":16},{"not_picked":["bronze:Overheat+1","bronze:BronzeArmor"],"picked":"bronze:Boost+1","floor":19},{"not_picked":["bronze:Optimize","bronze:Frontload"],"picked":"bronze:Terminator","floor":21}],"player_experience":1019408,"relics_obtained":[{"floor":7,"key":"Happy Flower"},{"floor":8,"key":"Art of War"},{"floor":14,"key":"Bag of Marbles"},{"floor":20,"key":"Nilry\u0027s Codex"}],"event_choices":[{"damage_healed":23,"gold_gain":0,"player_choice":"Banana","damage_taken":0,"max_hp_gain":0,"max_hp_loss":0,"event_name":"Big Fish","floor":9,"gold_loss":0}],"is_beta":false,"boss_relics":[{"not_picked":["Fusion Hammer","Cursed Key"],"picked":"expansioncontent:StudyCardRelic"}],"items_purged_floors":[],"is_endless":false,"potions_floor_spawned":[8,10,14,19],"killed_by":"Sentry and Sphere","ascension_level":7}}