{"host":"6xsbn6ynqlzwllfm","time":1613088151,"event":{"mods":["2.2 Compatiblity","BaseMod","Bestiary","Colored Map","Colored Powertips","Curses Come First","Downfall","Highlight Path","Keyboard Shortcuts","Minty Spire (QoL Compilation)","Relic Stats","Slay the Relics Exporter","StSLib","SuperFastMode"],"gold_per_floor":[99,114,114,564,584,484,484,514,191,191,219,235,245,256,267,362,362,362,377,392,410,395,595,618,693,713,281,281,281,281,281],"floor_reached":29,"language":"ENG","playtime":1412,"items_purged":["downfall:Icky","downfall:Icky"],"score":307,"play_id":"16723b24-494d-4456-b4cf-d5e371e56a36","local_time":"20210211190231","is_ascension_mode":true,"campfire_choices":[{"floor":1,"key":"RECALL"},{"data":"bronze:BugBarrage","floor":6,"key":"SMITH"},{"data":"bronze:BugBarrage","floor":10,"key":"SMITH"},{"data":"bronze:BurnOut","floor":18,"key":"SMITH"},{"floor":28,"key":"REST"}],"circlet_count":0,"master_deck":["bronze:Replicate","bronze:Goto","bronze:BugBarrage+1","downfall:Icky","bronze:Frontload","bronze:Shield","bronze:WildBeam","bronze:Optimize","bronze:BugBarrage+1","bronze:BugBarrage","bronze:Verify","bronze:FindAndReplace","bronze:Format","bronze:Turbo","bronze:Refactor","bronze:ShipIt","bronze:BurnOut+1","bronze:ForLoop","bronze:Invalidate","bronze:Iterate+1","bronze:Shell","bronze:TinkerersToolbox","downfall:Haunted","bronze:Repulsor"],"relics":["bronze:BronzeCore","downfall:HeartBlessingRed","TungstenRod","bronze:CableSpool","OrangePellets","MealTicket","Pandora\u0027s Box","Anchor","bronze:DecasWashers"],"acts_visited":["Exordium","TheCity"],"potions_floor_usage":[16,22,22,26],"damage_taken":[{"damage":5,"enemies":"Jaw Worm","floor":2,"turns":5},{"damage":4,"enemies":"Small Slimes","floor":5,"turns":3},{"damage":17,"enemies":"3 Sentries","floor":8,"turns":9},{"damage":0,"enemies":"downfall:FleeingMerchant","floor":9,"turns":4},{"damage":4,"enemies":"Gremlin Nob","floor":11,"turns":3},{"damage":0,"enemies":"2 Louse","floor":12,"turns":2},{"damage":0,"enemies":"Exordium Thugs","floor":13,"turns":3},{"damage":0,"enemies":"3 Louse","floor":14,"turns":2},{"damage":0,"enemies":"Exordium Wildlife","floor":15,"turns":3},{"damage":13,"enemies":"WA_ARCHETYPE_RETAIN","floor":16,"turns":6},{"damage":10,"enemies":"Chosen","floor":19,"turns":2},{"damage":10,"enemies":"Shell Parasite","floor":20,"turns":4},{"damage":21,"enemies":"Snake Plant","floor":21,"turns":3},{"damage":0,"enemies":"downfall:FleeingMerchant","floor":22,"turns":4},{"damage":60,"enemies":"Snecko","floor":26,"turns":7},{"damage":21,"enemies":"downfall:FleeingMerchant","floor":27,"turns":4},{"damage":35,"enemies":"downfall:FleeingMerchant","floor":29,"turns":2}],"seed_played":"4334459637599512075","potions_obtained":[{"floor":2,"key":"bronze:FreeFunctionsPotion"},{"floor":11,"key":"SteroidPotion"},{"floor":12,"key":"Block Potion"},{"floor":20,"key":"ColorlessPotion"},{"floor":25,"key":"downfall:CursedFountainPotion"}],"is_trial":false,"path_per_floor":["R","M","?","?","M","R","T","E","$","R","E","M","M","M","M","B",null,"R","M","M","M","$","?","T","?","M","$","R","?"],"character_chosen":"THE_AUTOMATON","items_purchased":["OrangePellets","bronze:Optimize","bronze:BugBarrage","bronze:DecasWashers","bronze:Repulsor"],"campfire_rested":1,"item_purchase_floors":[9,9,9,27,27],"current_hp_per_floor":[77,72,72,72,68,68,68,51,51,51,47,47,47,47,47,34,77,77,67,57,36,51,51,51,77,17,11,34,0,0,0],"gold":281,"neow_bonus":"TEN_PERCENT_HP_BONUS","is_daily":false,"chose_seed":false,"campfire_upgraded":3,"win_rate":0.0,"timestamp":1613088151,"path_taken":["R","M","?","?","M","R","T","E","$","R","E","M","M","M","M","BOSS","R","M","M","M","$","?","T","?","?","$","R","?"],"items_purchased_type":["Relic","Card","Card","Relic","Card"],"build_version":"2020-12-22","purchased_purges":2,"victory":false,"max_hp_per_floor":[77,77,77,77,77,77,77,77,77,77,77,77,77,77,77,77,77,77,77,77,77,77,77,77,77,77,77,77,77,77,77],"relic_stats":{"OrangePellets":[2],"counters":[17,66],"MealTicket":30,"Pandora\u0027s Box":["bronze:Format","bronze:Turbo","bronze:Refactor","bronze:ShipIt","bronze:BurnOut","bronze:ForLoop","bronze:Invalidate"],"obtain_stats":[{"OrangePellets":9,"Anchor":24,"bronze:BronzeCore":0,"downfall:HeartBlessingRed":6,"bronze:DecasWashers":27,"MealTicket":11,"Pandora\u0027s Box":17,"TungstenRod":7,"bronze:CableSpool":8},{"OrangePellets":4,"Anchor":14,"bronze:BronzeCore":0,"downfall:HeartBlessingRed":2,"bronze:DecasWashers":16,"MealTicket":5,"Pandora\u0027s Box":10,"TungstenRod":2,"bronze:CableSpool":3},{"OrangePellets":21,"Anchor":53,"bronze:BronzeCore":0,"downfall:HeartBlessingRed":8,"bronze:DecasWashers":64,"MealTicket":24,"Pandora\u0027s Box":40,"TungstenRod":8,"bronze:CableSpool":17}],"TungstenRod":26},"card_choices":[{"not_picked":["bronze:CloningBeam","bronze:Branch"],"picked":"bronze:BugBarrage","floor":2},{"not_picked":["bronze:Invalidate","bronze:Deprecate"],"picked":"bronze:Frontload","floor":5},{"not_picked":["bronze:DelayedSlice","bronze:NullPointer"],"picked":"bronze:Shield","floor":8},{"not_picked":["bronze:Fortify","bronze:BronzeArmor"],"picked":"bronze:WildBeam","floor":9},{"not_picked":["bronze:Shell","bronze:Constructor"],"picked":"bronze:BugBarrage","floor":11},{"not_picked":["bronze:OilSpill","bronze:WildBeam","bronze:BronzeArmor"],"picked":"SKIP","floor":12},{"not_picked":["bronze:Overload","bronze:Optimize"],"picked":"bronze:Verify","floor":13},{"not_picked":["bronze:SpaghettiCode","bronze:ThunderWave"],"picked":"bronze:FindAndReplace","floor":16},{"not_picked":["bronze:OilSpill","bronze:FineTuning+1"],"picked":"bronze:Iterate+1","floor":19},{"not_picked":["bronze:CutThrough+1","bronze:Overheat","bronze:BugBarrage"],"picked":"SKIP","floor":20},{"not_picked":["bronze:BugBarrage","bronze:Safeguard"],"picked":"bronze:Shell","floor":21},{"not_picked":["bronze:ChildClass","bronze:BitShift"],"picked":"bronze:TinkerersToolbox","floor":22},{"not_picked":["bronze:FineTuning","bronze:BitShift","bronze:DelayedSlice"],"picked":"SKIP","floor":27}],"player_experience":1730552,"relics_obtained":[{"floor":7,"key":"TungstenRod"},{"floor":8,"key":"bronze:CableSpool"},{"floor":11,"key":"MealTicket"},{"floor":24,"key":"Anchor"}],"event_choices":[{"cards_removed":["bronze:Strike"],"damage_healed":0,"gold_gain":0,"player_choice":"Card Removal","damage_taken":0,"max_hp_gain":0,"max_hp_loss":0,"event_name":"The Cleric","floor":3,"gold_loss":0}],"is_beta":false,"boss_relics":[{"not_picked":["Busted Crown","Snecko Eye"],"picked":"Pandora\u0027s Box"}],"items_purged_floors":[9,27],"is_endless":false,"potions_floor_spawned":[2,11,12,15,20],"killed_by":"downfall:FleeingMerchant","ascension_level":4}}