{"host":"7t8rqoeeopyy0nh0","time":1613098036,"event":{"mods":["AchievementEnabler","Aspiration","BaseMod","Better Third Choice","BetterRewards","Colored Map","Colored Powertips","Conspire","Hubris","Minty Spire (QoL Compilation)","Permanent Neow","Quick Restart","Rare Cards Sparkle","StSLib"],"gold_per_floor":[112,112,124,138,114,114,124,124,148,177,35,35,62,62,62,133,133,150,150,165,179,179,179,199,233,233,233,266,293,392,402,402,479,479,495,512,526,526,177,177,177],"floor_reached":40,"language":"ENG","playtime":1597,"items_purged":["Strike_G"],"score":915,"play_id":"c4309fb3-5388-4f44-886f-3622f0f9d029","local_time":"20210211214716","is_ascension_mode":true,"campfire_choices":[{"floor":6,"key":"REST"},{"data":"hubris:EnhanceAbility","floor":8,"key":"SMITH"},{"floor":15,"key":"REST"},{"data":"After Image","floor":23,"key":"SMITH"},{"data":"Accuracy","floor":27,"key":"SMITH"},{"floor":32,"key":"REST"}],"circlet_count":0,"master_deck":["AscendersBane","Defend_G","Defend_G+1","Defend_G","Defend_G","Defend_G","Survivor","Neutralize+1","Footwork","Calculated Gamble","hubris:EnhanceAbility+1","Blade Dance+1","hubris:Compulsion","Dagger Spray","Deadly Poison","Sucker Punch","Blade Dance","hubris:TrickCloak+1","Accuracy+1","Dodge and Roll+1","Prepared+1","Night Terror+1","Endless Agony+1","Injury","After Image+1","Outmaneuver+1","Deadly Poison+1","Malaise+1","Finisher+1","Blade Dance+1","Slice+1","J.A.X.+1","Backflip+1","Cloak And Dagger+1","PiercingWail+1","Accuracy","Limit Break+1","Cloak And Dagger+1","Blade Dance+1","Glass Knife+1","hubris:Sniper+1"],"relics":["Ring of the Snake","ClockworkSouvenir","Membership Card","Kunai","betterThird:SlimedRelic","PreservedInsect","Toxic Egg 2","Oddly Smooth Stone","conspire:GiftBox","Molten Egg 2","Astrolabe","hubris:DisguiseKit","Strawberry","Lizard Tail","Whetstone","Philosopher\u0027s Stone","Gremlin Horn","HandDrill","Centennial Puzzle"],"acts_visited":["Exordium","TheCity","TheBeyond"],"potions_floor_usage":[7,10,13,25,25,29,35,35,35,36],"damage_taken":[{"damage":6,"enemies":"Cultist","floor":1,"turns":5},{"damage":0,"enemies":"2 Louse","floor":3,"turns":4},{"damage":0,"enemies":"Jaw Worm","floor":4,"turns":4},{"damage":4,"enemies":"Lots of Slimes","floor":7,"turns":5},{"damage":10,"enemies":"Gremlin Nob","floor":10,"turns":3},{"damage":9,"enemies":"Lagavulin","floor":13,"turns":7},{"damage":0,"enemies":"Hexaghost","floor":16,"turns":13},{"damage":13,"enemies":"2 Thieves","floor":18,"turns":5},{"damage":0,"enemies":"Spheric Guardian","floor":20,"turns":5},{"damage":0,"enemies":"Snecko","floor":21,"turns":5},{"damage":0,"enemies":"Centurion and Healer","floor":24,"turns":6},{"damage":12,"enemies":"Gremlin Leader","floor":25,"turns":3},{"damage":3,"enemies":"conspire:SneckoGhost","floor":28,"turns":4},{"damage":16,"enemies":"conspire:MimicChest","floor":29,"turns":4},{"damage":13,"enemies":"Cultist and Chosen","floor":31,"turns":5},{"damage":32,"enemies":"conspire:MysteriousRune","floor":33,"turns":13},{"damage":0,"enemies":"3 Darklings","floor":35,"turns":8},{"damage":16,"enemies":"Orb Walker","floor":36,"turns":4},{"damage":11,"enemies":"Sphere and 2 Shapes","floor":37,"turns":6},{"damage":44,"enemies":"Nemesis","floor":40,"turns":2}],"seed_played":"-4030982214779528168","potions_obtained":[{"floor":3,"key":"Block Potion"},{"floor":4,"key":"FearPotion"},{"floor":10,"key":"DistilledChaos"},{"floor":13,"key":"SneckoOil"},{"floor":20,"key":"GamblersBrew"},{"floor":28,"key":"Poison Potion"},{"floor":31,"key":"Weak Potion"},{"floor":33,"key":"EntropicBrew"}],"is_trial":false,"path_per_floor":["M","?","M","M","?","R","M","R","T","E","$","?","E","?","R","B",null,"M","?","M","M","?","R","M","E","T","R","E","?","?","M","R","B",null,"M","M","M","?","$","E"],"character_chosen":"THE_SILENT","items_purchased":["ClockworkSouvenir","Footwork","Calculated Gamble","Membership Card","hubris:EnhanceAbility","Kunai","Blade Dance","Accuracy","Dodge and Roll+1","Prepared+1","Oddly Smooth Stone","hubris:Sniper+1","Gremlin Horn","HandDrill","Centennial Puzzle"],"campfire_rested":3,"item_purchase_floors":[0,0,0,0,0,0,0,11,11,11,11,39,39,39,39],"current_hp_per_floor":[22,44,44,44,33,52,48,48,48,38,38,25,16,16,35,35,58,45,45,45,45,45,45,45,33,40,40,37,21,21,8,29,36,64,64,48,37,37,37,0,0],"gold":177,"neow_bonus":"","is_daily":false,"chose_seed":false,"campfire_upgraded":3,"win_rate":0.0,"timestamp":1613098036,"path_taken":["M","?","M","M","?","R","M","R","T","E","$","?","E","?","R","BOSS","M","?","M","?","?","R","M","E","T","R","E","?","?","M","R","BOSS","M","M","M","?","$","E"],"items_purchased_type":["Relic","Card","Card","Relic","Card","Relic","Card","Card","Card","Card","Relic","Card","Relic","Relic","Relic"],"build_version":"2020-12-22","purchased_purges":1,"victory":false,"max_hp_per_floor":[66,66,66,66,66,66,66,66,66,66,66,66,66,66,66,66,66,66,66,66,66,66,66,66,66,73,73,73,73,73,73,73,73,73,73,73,73,73,73,73,73],"card_choices":[{"not_picked":["Poisoned Stab","Dodge and Roll"],"picked":"Dagger Spray","floor":1},{"not_picked":["Distraction","Acrobatics"],"picked":"Deadly Poison","floor":3},{"not_picked":["Escape Plan","Deadly Poison"],"picked":"Sucker Punch","floor":4},{"not_picked":["hubris:SlightOfHand","Dodge and Roll"],"picked":"Blade Dance","floor":7},{"not_picked":["All Out Attack","Choke"],"picked":"hubris:TrickCloak+1","floor":10},{"not_picked":["Venomology+1","Unload"],"picked":"Night Terror+1","floor":13},{"not_picked":["Underhanded Strike","Outmaneuver+1"],"picked":"Endless Agony","floor":13},{"not_picked":["Malaise+1","Phantasmal Killer+1"],"picked":"After Image","floor":16},{"not_picked":["Deadly Poison+1","Concentrate+1"],"picked":"Finisher+1","floor":18},{"not_picked":["Cloak And Dagger+1","Masterful Stab+1"],"picked":"Blade Dance+1","floor":20},{"not_picked":["Underhanded Strike+1","Calculated Gamble+1"],"picked":"Slice+1","floor":21},{"not_picked":["Eviscerate+1","hubris:TrickCloak+1"],"picked":"Backflip+1","floor":24},{"not_picked":["Choke+1","hubris:SlightOfHand+1"],"picked":"Cloak And Dagger+1","floor":25},{"not_picked":["Reflex+1","Blur+1","Hemokinesis"],"picked":"PiercingWail+1","floor":28},{"not_picked":["Backflip+1","Riddle With Holes+1","Bloodletting"],"picked":"Accuracy","floor":31},{"not_picked":["Envenom","Die Die Die+1","Wraith Form v2"],"picked":"Limit Break","floor":33},{"not_picked":["Slice+1","Deflect+1","Warcry"],"picked":"Cloak And Dagger+1","floor":35},{"not_picked":["Cloak And Dagger+1","Finisher+1","Clash"],"picked":"Blade Dance+1","floor":36},{"not_picked":["Endless Agony+1","Outmaneuver+1","Havoc"],"picked":"Glass Knife+1","floor":37}],"player_experience":404564,"relics_obtained":[{"floor":9,"key":"PreservedInsect"},{"floor":10,"key":"Toxic Egg 2"},{"floor":13,"key":"conspire:GiftBox"},{"floor":25,"key":"hubris:DisguiseKit"},{"floor":26,"key":"Strawberry"},{"floor":28,"key":"Lizard Tail"},{"floor":29,"key":"Whetstone"}],"event_choices":[{"damage_healed":22,"gold_gain":0,"player_choice":"Banana","damage_taken":0,"max_hp_gain":0,"max_hp_loss":0,"event_name":"Big Fish","floor":2,"gold_loss":0},{"damage_healed":0,"gold_gain":0,"player_choice":"Slimed","damage_taken":11,"max_hp_gain":0,"max_hp_loss":0,"event_name":"betterThird:BetterGoop","floor":5,"gold_loss":24},{"damage_healed":38,"gold_gain":0,"player_choice":"Upgrade","damage_taken":13,"max_hp_gain":0,"max_hp_loss":66,"event_name":"betterThird:BetterShining","floor":12,"gold_loss":0,"cards_upgraded":["Blade Dance","Defend_G"]},{"cards_removed":["Strike_G"],"damage_healed":0,"gold_gain":0,"player_choice":"Purged","damage_taken":0,"max_hp_gain":0,"max_hp_loss":0,"event_name":"Purifier","floor":19,"gold_loss":0},{"damage_healed":0,"gold_gain":0,"player_choice":"Obtain J.A.X.","damage_taken":0,"max_hp_gain":0,"max_hp_loss":0,"event_name":"Drug Dealer","floor":22,"gold_loss":0,"cards_obtained":["J.A.X."]},{"damage_healed":0,"gold_gain":99,"player_choice":"Steal","damage_taken":0,"max_hp_gain":0,"max_hp_loss":0,"event_name":"betterThird:BetterNest","floor":30,"gold_loss":0},{"damage_healed":0,"gold_gain":0,"player_choice":"Memory 1","damage_taken":0,"max_hp_gain":0,"max_hp_loss":0,"event_name":"SensoryStone","floor":38,"gold_loss":0}],"is_beta":false,"boss_relics":[{"not_picked":["Velvet Choker","Snecko Eye"],"picked":"Astrolabe"},{"not_picked":["aspiration:IroncladSkillbook","hubris:BlackHole"],"picked":"Philosopher\u0027s Stone"}],"items_purged_floors":[39],"is_endless":false,"potions_floor_spawned":[3,4,10,13,20,28,31,33],"killed_by":"Nemesis","ascension_level":14}}