{"host":"wbn3xdfsa5pc2kse","time":1613134595,"event":{"mods":["AchievementEnabler","BaseMod","Bestiary","Colored Map","Colored Powertips","Curses Come First","Highlight Path","Minty Spire (QoL Compilation)","Permanent Neow","Rare Cards Sparkle","Relic Stats","StSLib"],"gold_per_floor":[361,361,372,385,385,429,442,458,458,458,481,31,72,86,86,175,175,199,217,217,238,263,298,298,298,298,298,331,34,34,75,75,170,170,189,213,15,30,80,113,113,153,153,186,207,207,226,266,266,266,266,266,17,55,55],"floor_reached":56,"language":"ZHT","playtime":2853,"items_purged":["Strike_R","Parasite"],"score":2147,"play_id":"d5bb3c20-bea1-4d1a-8b91-4703ab8e4270","local_time":"20210212205635","is_ascension_mode":true,"campfire_choices":[{"data":"Uppercut","floor":10,"key":"SMITH"},{"data":"Armaments","floor":15,"key":"SMITH"},{"data":"Pommel Strike","floor":25,"key":"SMITH"},{"data":"Feed","floor":27,"key":"SMITH"},{"data":"Reaper","floor":32,"key":"SMITH"},{"floor":41,"key":"RECALL"},{"data":"Demon Form","floor":46,"key":"SMITH"},{"data":"Evolve","floor":49,"key":"SMITH"},{"data":"Bash","floor":52,"key":"SMITH"}],"circlet_count":0,"master_deck":["AscendersBane","Strike_R","Strike_R","Defend_R+1","Defend_R+1","Defend_R","Bash+1","Uppercut+1","Clash","Clash","Armaments+1","Shrug It Off","Pommel Strike+1","Evolve+1","Twin Strike","Warcry+1","Feed+1","Flame Barrier+1","Intimidate+1","Intimidate+1","Disarm+1","True Grit+1","Reaper+1","Necronomicurse","Rage+1","Impervious+1","Sentinel+1","Flex+1","True Grit+1","Flame Barrier+1","Demon Form+1","Parasite","Havoc+1","Warcry+1","Havoc+1","Battle Trance+1"],"relics":["Burning Blood","Golden Idol","Blood Vial","StrikeDummy","Toxic Egg 2","Sling","Eternal Feather","SacredBark","Strawberry","Necronomicon","Nunchaku","Paper Frog","Bag of Marbles","HornCleat","Sundial","Cursed Key","Membership Card","Dead Branch","Boot","Thread and Needle","Self Forming Clay","War Paint"],"acts_visited":["Exordium","TheCity","TheBeyond","TheEnding"],"potions_floor_usage":[6,13,16,16,21,22,33,40,42,45,50,54,55,55],"damage_taken":[{"damage":9,"enemies":"2 Louse","floor":1,"turns":3},{"damage":6,"enemies":"Small Slimes","floor":3,"turns":5},{"damage":6,"enemies":"Jaw Worm","floor":4,"turns":4},{"damage":22,"enemies":"Lagavulin","floor":6,"turns":6},{"damage":13,"enemies":"Blue Slaver","floor":7,"turns":4},{"damage":25,"enemies":"Gremlin Gang","floor":8,"turns":6},{"damage":0,"enemies":"Looter","floor":11,"turns":2},{"damage":17,"enemies":"3 Sentries","floor":13,"turns":9},{"damage":1,"enemies":"2 Fungi Beasts","floor":14,"turns":3},{"damage":28,"enemies":"Slime Boss","floor":16,"turns":8},{"damage":4,"enemies":"Chosen","floor":18,"turns":4},{"damage":11,"enemies":"2 Thieves","floor":19,"turns":5},{"damage":0,"enemies":"Snake Plant","floor":21,"turns":3},{"damage":4,"enemies":"Cultist and Chosen","floor":22,"turns":6},{"damage":15,"enemies":"Book of Stabbing","floor":23,"turns":8},{"damage":38,"enemies":"Gremlin Leader","floor":28,"turns":9},{"damage":14,"enemies":"Book of Stabbing","floor":31,"turns":7},{"damage":51,"enemies":"Automaton","floor":33,"turns":10},{"damage":0,"enemies":"Orb Walker","floor":35,"turns":4},{"damage":30,"enemies":"3 Darklings","floor":36,"turns":15},{"damage":24,"enemies":"4 Shapes","floor":38,"turns":10},{"damage":12,"enemies":"Nemesis","floor":40,"turns":3},{"damage":16,"enemies":"Reptomancer","floor":42,"turns":7},{"damage":102,"enemies":"Giant Head","floor":44,"turns":11},{"damage":15,"enemies":"Writhing Mass","floor":45,"turns":6},{"damage":6,"enemies":"3 Darklings","floor":47,"turns":4},{"damage":17,"enemies":"Nemesis","floor":48,"turns":9},{"damage":43,"enemies":"Time Eater","floor":50,"turns":10},{"damage":54,"enemies":"Shield and Spear","floor":54,"turns":7},{"damage":70,"enemies":"The Heart","floor":55,"turns":8}],"seed_played":"5482626422055979966","potions_obtained":[{"floor":1,"key":"Block Potion"},{"floor":6,"key":"ElixirPotion"},{"floor":8,"key":"EntropicBrew"},{"floor":13,"key":"SneckoOil"},{"floor":14,"key":"Energy Potion"},{"floor":23,"key":"Energy Potion"},{"floor":33,"key":"Ancient Potion"},{"floor":40,"key":"AttackPotion"},{"floor":44,"key":"SneckoOil"},{"floor":48,"key":"Regen Potion"},{"floor":54,"key":"BloodPotion"}],"is_trial":false,"path_per_floor":["M","?","M","M","?","E","M","M","T","R","M","$","E","M","R","B",null,"M","M","?","M","M","E","?","R","T","R","E","$","T","E","R","B",null,"M","M","$","M","?","E","R","E","T","E","M","R","M","E","R","B",null,"R","$","E","B",null],"character_chosen":"IRONCLAD","items_purchased":["Toxic Egg 2","Sling","Bag of Marbles","PowerPotion","Membership Card","Flex+1","Self Forming Clay","Energy Potion","BloodPotion"],"campfire_rested":0,"item_purchase_floors":[12,12,29,29,37,37,53,53,53],"current_hp_per_floor":[65,58,58,58,58,42,37,20,20,20,28,28,19,26,35,15,50,54,51,51,59,66,64,43,58,58,73,45,45,45,51,66,35,70,78,76,76,82,82,87,93,93,93,22,15,36,72,88,93,75,89,93,90,78,90],"gold":55,"neow_bonus":"TWO_FIFTY_GOLD","is_daily":false,"chose_seed":false,"campfire_upgraded":8,"win_rate":0.0,"timestamp":1613134595,"path_taken":["M","?","M","M","?","E","M","M","T","R","M","$","E","M","R","BOSS","M","M","?","M","M","E","?","R","T","R","E","$","?","E","R","BOSS","M","M","$","M","?","E","R","E","T","E","M","R","M","E","R","BOSS","R","$","E","BOSS"],"items_purchased_type":["Relic","Relic","Relic","Potion","Relic","Card","Relic","Potion","Potion"],"build_version":"2020-12-22","purchased_purges":2,"victory":true,"max_hp_per_floor":[68,68,68,68,62,62,62,62,62,62,62,62,62,62,62,62,62,62,62,62,62,66,73,73,73,73,73,77,77,77,77,77,81,81,81,85,85,89,89,93,93,93,93,93,93,93,93,93,93,93,93,93,90,90,90],"relic_stats":{"counters":[30,196],"Golden Idol":203,"Self Forming Clay":[93],"Dead Branch":[119],"Eternal Feather":90,"War Paint":["Defend_R","Defend_R"],"Cursed Key":1,"Boot":[16],"Burning Blood":172,"Blood Vial":40,"Nunchaku":[22],"Sundial":[10],"Necronomicon":[47],"obtain_stats":[{"Golden Idol":5,"Self Forming Clay":53,"SacredBark":17,"Dead Branch":42,"Eternal Feather":13,"Thread and Needle":48,"War Paint":54,"Sling":12,"Cursed Key":34,"Boot":44,"Burning Blood":0,"Blood Vial":6,"Nunchaku":26,"HornCleat":30,"Sundial":31,"Strawberry":23,"Necronomicon":24,"Bag of Marbles":29,"Membership Card":37,"Toxic Egg 2":12,"StrikeDummy":9,"Paper Frog":28},{"Golden Idol":3,"Self Forming Clay":28,"SacredBark":10,"Dead Branch":23,"Eternal Feather":8,"Thread and Needle":27,"War Paint":29,"Sling":7,"Cursed Key":18,"Boot":24,"Burning Blood":0,"Blood Vial":4,"Nunchaku":15,"HornCleat":16,"Sundial":17,"Strawberry":15,"Necronomicon":15,"Bag of Marbles":16,"Membership Card":20,"Toxic Egg 2":7,"StrikeDummy":6,"Paper Frog":16},{"Golden Idol":12,"Self Forming Clay":181,"SacredBark":50,"Dead Branch":141,"Eternal Feather":39,"Thread and Needle":171,"War Paint":188,"Sling":30,"Cursed Key":102,"Boot":152,"Burning Blood":0,"Blood Vial":18,"Nunchaku":76,"HornCleat":85,"Sundial":92,"Strawberry":76,"Necronomicon":76,"Bag of Marbles":85,"Membership Card":121,"Toxic Egg 2":30,"StrikeDummy":28,"Paper Frog":85}]},"card_choices":[{"not_picked":["Rage","Warcry"],"picked":"Uppercut","floor":1},{"not_picked":["Havoc","Iron Wave"],"picked":"Clash","floor":3},{"not_picked":["Thunderclap","Heavy Blade"],"picked":"Clash","floor":4},{"not_picked":["Headbutt","Clash"],"picked":"Armaments","floor":6},{"not_picked":["Evolve","Sever Soul"],"picked":"Shrug It Off","floor":7},{"not_picked":["Battle Trance","Combust"],"picked":"Pommel Strike","floor":8},{"not_picked":["Reckless Charge","Clothesline"],"picked":"Evolve","floor":11},{"not_picked":["Thunderclap","Clothesline"],"picked":"Twin Strike","floor":13},{"not_picked":["Immolate","Body Slam"],"picked":"Warcry+1","floor":14},{"not_picked":["Demon Form","Reaper"],"picked":"Feed","floor":16},{"not_picked":["Havoc+1","True Grit+1"],"picked":"Flame Barrier+1","floor":18},{"not_picked":["Clothesline","Rupture","Reckless Charge"],"picked":"SKIP","floor":19},{"not_picked":["Bludgeon","Sword Boomerang"],"picked":"Disarm+1","floor":21},{"not_picked":["Ghostly Armor+1","Sword Boomerang"],"picked":"True Grit+1","floor":22},{"not_picked":["Headbutt","Fire Breathing"],"picked":"Reaper","floor":23},{"not_picked":["Limit Break+1","Cleave"],"picked":"Rage+1","floor":28},{"not_picked":["Rampage","Second Wind+1","Twin Strike+1"],"picked":"SKIP","floor":31},{"not_picked":["Brutality","Barricade"],"picked":"Impervious+1","floor":33},{"not_picked":["Fire Breathing","Rampage","Clothesline"],"picked":"SKIP","floor":35},{"not_picked":["Headbutt+1","Clash"],"picked":"Sentinel+1","floor":36},{"not_picked":["Dropkick","Entrench+1"],"picked":"True Grit+1","floor":38},{"not_picked":["Evolve","Inflame"],"picked":"Flame Barrier+1","floor":40},{"not_picked":["Whirlwind","Dropkick"],"picked":"Demon Form","floor":42},{"not_picked":["Anger+1","Wild Strike+1"],"picked":"Havoc+1","floor":44},{"not_picked":["Rage+1","Sentinel+1"],"picked":"Warcry+1","floor":45},{"not_picked":["Twin Strike+1","Clash+1"],"picked":"Havoc+1","floor":47},{"not_picked":["Dual Wield+1","Carnage","Wild Strike"],"picked":"SKIP","floor":48},{"not_picked":["Thunderclap","Wild Strike"],"picked":"Battle Trance+1","floor":54}],"player_experience":808252,"relics_obtained":[{"floor":6,"key":"Blood Vial"},{"floor":9,"key":"StrikeDummy"},{"floor":13,"key":"Eternal Feather"},{"floor":23,"key":"Strawberry"},{"floor":24,"key":"Necronomicon"},{"floor":26,"key":"Nunchaku"},{"floor":28,"key":"Paper Frog"},{"floor":30,"key":"HornCleat"},{"floor":31,"key":"Sundial"},{"floor":42,"key":"Dead Branch"},{"floor":44,"key":"Boot"},{"floor":48,"key":"Thread and Needle"},{"floor":54,"key":"War Paint"}],"event_choices":[{"cards_removed":["Strike_R"],"damage_healed":0,"gold_gain":0,"player_choice":"Card Removal","damage_taken":7,"max_hp_gain":0,"max_hp_loss":0,"event_name":"Golden Wing","floor":2,"gold_loss":0},{"damage_healed":0,"gold_gain":0,"player_choice":"Lose Max HP","damage_taken":0,"relics_obtained":["Golden Idol"],"max_hp_gain":0,"max_hp_loss":6,"event_name":"Golden Idol","floor":5,"gold_loss":0},{"damage_healed":0,"gold_gain":0,"cards_transformed":["Defend_R","Strike_R"],"player_choice":"Became Test Subject","damage_taken":0,"max_hp_gain":0,"max_hp_loss":0,"event_name":"Drug Dealer","floor":20,"gold_loss":0,"cards_obtained":["Intimidate","Intimidate"]},{"damage_healed":0,"gold_gain":0,"player_choice":"Obtained Book","damage_taken":21,"max_hp_gain":0,"max_hp_loss":0,"event_name":"Cursed Tome","floor":24,"gold_loss":0},{"damage_healed":0,"gold_gain":50,"player_choice":"Pray","damage_taken":0,"max_hp_gain":0,"max_hp_loss":0,"event_name":"Golden Shrine","floor":39,"gold_loss":0}],"is_beta":false,"boss_relics":[{"not_picked":["Empty Cage","Runic Pyramid"],"picked":"SacredBark"},{"not_picked":["Mark of Pain","Black Blood"],"picked":"Cursed Key"}],"items_purged_floors":[29,53],"is_endless":false,"potions_floor_spawned":[1,6,8,13,14,18,23,33,40,44,48,54],"ascension_level":16}}