{"host":"v9yiptmoyyuggqjj","time":1613147620,"event":{"mods":["AchievementEnabler","BaseMod","BetterRewards","Card Forge","Colored Map","Colored Powertips","DeckTracker","Highlight Path","Infinite Spire","Minty Spire (QoL Compilation)","Quick Restart","Shop Mod","StSLib","Swap Starting Deck Mod"],"gold_per_floor":[119,135,115,132,57,92,92,124,124,124,149,166,179,210,210,307,307,318,343,356,73,87,115,135,135,135,166,199,226,240,275,275,387,387,407,377,377,441,469,469,496,496,577,605,638,638,678,703,703,703],"floor_reached":51,"language":"ENG","playtime":3402,"items_purged":["Go for the Eyes","Steam"],"score":1791,"play_id":"160e22c0-610f-43a5-af55-3b0e07e11bb4","local_time":"20210212093340","daily_mods":["SealedDeck","Heirloom","DeadlyEvents","Elite Swarm"],"is_ascension_mode":true,"campfire_choices":[{"data":"Streamline","floor":7,"key":"SMITH"},{"data":"Gash","floor":10,"key":"SMITH"},{"data":"Coolheaded","floor":15,"key":"SMITH"},{"data":"Beam Cell","floor":25,"key":"SMITH"},{"data":"Beam Cell","floor":32,"key":"SMITH"},{"data":"Gash","floor":40,"key":"SMITH"},{"data":"Echo Form","floor":42,"key":"SMITH"},{"data":"Coolheaded","floor":46,"key":"SMITH"},{"data":"Blizzard","floor":49,"key":"SMITH"}],"circlet_count":0,"master_deck":["Beam Cell+1","Beam Cell+1","Steam","Streamline+1","Auto Shields","Cold Snap","Gash+1","Coolheaded+1","Cold Snap","Coolheaded+1","Echo Form+1","Gash+1","Defragment+1","Sunder+1","Biased Cognition","Blizzard+1"],"relics":["FrozenCore","Hammer of Thor","Seething Fire","Anvil of the Gods","Ice Cream","infinitespire:PuzzleCube","Mummified Hand","Lantern","infinitespire:ShieldingShard","The Courier","Red Mask","Matryoshka","infinitespire:CheckeredPen","CeramicFish","Pear","HornCleat","Blue Candle","Bottled Lightning","MealTicket","Runic Pyramid","Incense Burner","Darkstone Periapt","infinitespire:Eraser","Pen Nib","infinitespire:SolderingIron","Thread and Needle","Anchor"],"acts_visited":["Exordium","TheCity","TheBeyond"],"potions_floor_usage":[33],"damage_taken":[{"damage":5,"enemies":"infinitespire:Voidling","floor":1,"turns":3},{"damage":0,"enemies":"Small Slimes","floor":2,"turns":2},{"damage":0,"enemies":"Cultist","floor":4,"turns":2},{"damage":4,"enemies":"Lagavulin","floor":6,"turns":4},{"damage":0,"enemies":"Gremlin Nob","floor":8,"turns":3},{"damage":0,"enemies":"Lagavulin","floor":11,"turns":3},{"damage":0,"enemies":"Red Slaver","floor":12,"turns":2},{"damage":0,"enemies":"3 Louse","floor":13,"turns":3},{"damage":0,"enemies":"3 Sentries","floor":14,"turns":5},{"damage":1,"enemies":"The Guardian","floor":16,"turns":5},{"damage":0,"enemies":"Spheric Guardian","floor":18,"turns":3},{"damage":0,"enemies":"Masked Bandits","floor":19,"turns":4},{"damage":0,"enemies":"2 Thieves","floor":20,"turns":3},{"damage":0,"enemies":"Snake Plant","floor":22,"turns":4},{"damage":0,"enemies":"Book of Stabbing","floor":23,"turns":4},{"damage":0,"enemies":"Chosen and Byrds","floor":24,"turns":4},{"damage":2,"enemies":"Gremlin Leader","floor":27,"turns":5},{"damage":0,"enemies":"Slavers","floor":28,"turns":4},{"damage":0,"enemies":"Book of Stabbing","floor":29,"turns":4},{"damage":0,"enemies":"Snecko","floor":30,"turns":4},{"damage":23,"enemies":"Gremlin Leader","floor":31,"turns":4},{"damage":0,"enemies":"Collector","floor":33,"turns":5},{"damage":0,"enemies":"Orb Walker","floor":35,"turns":2},{"damage":10,"enemies":"2 Orb Walkers","floor":38,"turns":4},{"damage":0,"enemies":"Nemesis","floor":39,"turns":5},{"damage":0,"enemies":"Giant Head","floor":41,"turns":6},{"damage":0,"enemies":"3 Shapes","floor":44,"turns":3},{"damage":5,"enemies":"Nemesis","floor":45,"turns":7},{"damage":0,"enemies":"Reptomancer","floor":47,"turns":4},{"damage":0,"enemies":"Jaw Worm Horde","floor":48,"turns":3},{"damage":0,"enemies":"Awakened One","floor":50,"turns":8}],"seed_played":"3203097702806995930","potions_obtained":[{"floor":1,"key":"GamblersBrew"},{"floor":2,"key":"Block Potion"},{"floor":3,"key":"Regen Potion"},{"floor":13,"key":"BlessingOfTheForge"},{"floor":18,"key":"DuplicationPotion"},{"floor":20,"key":"infinitespire:BlackPotion"},{"floor":35,"key":"Ancient Potion"}],"is_trial":true,"path_per_floor":["M","M","?","M","$","E","R","E","T","R","E","M","M","E","R","B",null,"M","?","M","$","M","E","M","R","T","E","E","E","M","E","R","B",null,"M","$","?","?","E","R","E","R","T","M","E","R","E","M","R","B",null],"character_chosen":"DEFECT","items_purchased":["Matryoshka","Gash"],"campfire_rested":0,"item_purchase_floors":[21,36],"current_hp_per_floor":[68,68,68,68,68,64,64,64,64,64,64,64,64,64,64,63,72,72,72,72,72,72,72,72,72,82,80,80,80,80,57,57,57,78,78,85,81,71,71,71,71,71,71,71,66,66,66,66,66,66],"gold":703,"neow_bonus":"","is_daily":false,"chose_seed":false,"campfire_upgraded":9,"win_rate":0.0,"timestamp":1613147620,"path_taken":["M","?","?","?","?","E","R","E","T","R","E","M","M","E","R","BOSS","M","?","M","$","?","E","M","R","T","E","?","E","M","E","R","BOSS","M","$","?","?","?","R","E","R","T","M","E","R","?","?","R","BOSS"],"items_purchased_type":["Relic","Card"],"build_version":"2020-12-22","purchased_purges":2,"victory":true,"max_hp_per_floor":[75,75,75,75,75,75,75,75,75,75,75,75,75,75,75,75,75,75,75,75,75,75,75,75,75,85,85,85,85,85,85,85,85,85,85,85,81,81,81,81,81,81,81,81,81,81,81,81,81,81],"card_choices":[{"not_picked":["Turbo","Compile Driver","Stack"],"picked":"SKIP","floor":1},{"not_picked":["Rip and Tear","Self Repair","Capacitor"],"picked":"SKIP","floor":2},{"not_picked":["Consume","Go for the Eyes","Sweeping Beam"],"picked":"SKIP","floor":4},{"not_picked":["Fission","Amplify","Reboot"],"picked":"SKIP","floor":6},{"not_picked":["Echo Form","All For One","Biased Cognition"],"picked":"SKIP","floor":8},{"not_picked":["Amplify","Rainbow","Multi-Cast"],"picked":"SKIP","floor":11},{"not_picked":["Redo","Hello World","Sweeping Beam"],"picked":"SKIP","floor":12},{"not_picked":["Beam Cell","Go for the Eyes","Scrape"],"picked":"SKIP","floor":13},{"not_picked":["Amplify","Fission","Meteor Strike"],"picked":"SKIP","floor":14},{"not_picked":["White Noise","Aggregate"],"picked":"Cold Snap","floor":18},{"not_picked":["Steam","Compile Driver","Auto Shields"],"picked":"SKIP","floor":20},{"not_picked":["Genetic Algorithm","Rebound+1"],"picked":"Coolheaded","floor":22},{"not_picked":["Buffer","Meteor Strike","Multi-Cast"],"picked":"SKIP","floor":23},{"not_picked":["Aggregate","Sweeping Beam+1","Steam Power"],"picked":"SKIP","floor":24},{"not_picked":["Creative AI","Fission","Reboot"],"picked":"SKIP","floor":27},{"not_picked":["Echo Form","Hyperbeam","Core Surge"],"picked":"SKIP","floor":28},{"not_picked":["Electrodynamics","Rainbow","Hyperbeam"],"picked":"SKIP","floor":29},{"not_picked":["Go for the Eyes","Static Discharge","FTL"],"picked":"SKIP","floor":30},{"not_picked":["Thunder Strike","All For One","Machine Learning"],"picked":"SKIP","floor":31},{"not_picked":["Meteor Strike","Biased Cognition"],"picked":"Echo Form","floor":33},{"not_picked":["Cold Snap","Conserve Battery","Aggregate+1"],"picked":"SKIP","floor":35},{"not_picked":["Redo+1","Compile Driver+1"],"picked":"Defragment+1","floor":38},{"not_picked":["Machine Learning","Amplify","Multi-Cast"],"picked":"SKIP","floor":39},{"not_picked":["Buffer","Electrodynamics","Seek"],"picked":"SKIP","floor":41},{"not_picked":["Reprogram","Scrape"],"picked":"Sunder+1","floor":44},{"not_picked":["Machine Learning","Creative AI","Electrodynamics"],"picked":"SKIP","floor":45},{"not_picked":["Reboot","Rainbow"],"picked":"Biased Cognition","floor":47},{"not_picked":["Stack+1","Redo"],"picked":"Blizzard","floor":48}],"player_experience":583720,"relics_obtained":[{"floor":6,"key":"infinitespire:PuzzleCube"},{"floor":8,"key":"Mummified Hand"},{"floor":9,"key":"Lantern"},{"floor":11,"key":"infinitespire:ShieldingShard"},{"floor":14,"key":"The Courier"},{"floor":19,"key":"Red Mask"},{"floor":23,"key":"infinitespire:CheckeredPen"},{"floor":26,"key":"CeramicFish"},{"floor":26,"key":"Pear"},{"floor":27,"key":"HornCleat"},{"floor":28,"key":"Blue Candle"},{"floor":29,"key":"Bottled Lightning"},{"floor":31,"key":"MealTicket"},{"floor":38,"key":"Incense Burner"},{"floor":39,"key":"Darkstone Periapt"},{"floor":41,"key":"infinitespire:Eraser"},{"floor":43,"key":"Pen Nib"},{"floor":43,"key":"infinitespire:SolderingIron"},{"floor":45,"key":"Thread and Needle"},{"floor":47,"key":"Anchor"}],"event_choices":[{"damage_healed":0,"gold_gain":0,"player_choice":"Bought 1 Potion","damage_taken":0,"max_hp_gain":0,"max_hp_loss":0,"event_name":"The Woman in Blue","floor":3,"gold_loss":0},{"damage_healed":0,"gold_gain":0,"player_choice":"Fought Bandits","damage_taken":0,"max_hp_gain":0,"max_hp_loss":0,"event_name":"Masked Bandits","floor":19,"gold_loss":0},{"damage_healed":0,"gold_gain":0,"player_choice":"Max HP","damage_taken":0,"max_hp_gain":0,"max_hp_loss":4,"event_name":"Winding Halls","floor":37,"gold_loss":0},{"damage_healed":0,"gold_gain":0,"player_choice":"Fight","damage_taken":0,"max_hp_gain":0,"max_hp_loss":0,"event_name":"Mysterious Sphere","floor":38,"gold_loss":0}],"is_beta":false,"boss_relics":[{"not_picked":["Velvet Choker","Coffee Dripper"],"picked":"FrozenCore"},{"not_picked":["Runic Dome","Nuclear Battery"],"picked":"Runic Pyramid"}],"items_purged_floors":[5,21],"is_endless":false,"potions_floor_spawned":[1,2,8,13,14,16,18,20,23,24,29,35,38,45,48],"ascension_level":9}}