{"host":"juvwyqk4ifq614bf","time":1613168608,"event":{"mods":["2.2 Compatiblity","Act Like it!","BaseMod","Better Altar","Better Match","Better Note","Better Sensory Stone","Better Third Choice","ChefMod","Conspire","Ekko","Friendly Minions","GifTheSpireLib","Hubris","Infinite Spire","Minty Spire (QoL Compilation)","Mirrors Mod","Replay The Spire","StSLib","Stuff the Spire","The Alterego","TheVelvet"],"gold_per_floor":[112,112,316,7,21,56,56,86,86,86,97,97,113,129,129,226,226,242,242,255,5,5,5,38,137,137,81,81,98,129,74,74,169,169,191,218,218,66,97,140,146,146],"floor_reached":41,"language":"ENG","playtime":4064,"items_purged":["Writhe"],"score":542,"play_id":"edc39503-e937-4783-98fa-066f7f293296","local_time":"20210212232328","is_ascension_mode":true,"campfire_choices":[{"data":"Brilliance","floor":7,"key":"SMITH"},{"data":"Replay:ManipulateFuture","floor":10,"key":"SMITH"},{"data":"SashWhip","floor":12,"key":"SMITH"},{"data":"LessonLearned","floor":23,"key":"SMITH"},{"floor":32,"key":"RECALL"}],"circlet_count":0,"master_deck":["Strike_P+1","Strike_P","Strike_P+1","Strike_P","Defend_P","Defend_P+1","Defend_P+1","Defend_P","Vigilance","Brilliance+1","DeceiveReality+1","SashWhip+1","PathToVictory","Ragnarok+1","Replay:ManipulateFuture+1","Replay:Cycle","Nirvana+1","Conclude","LessonLearned+1","LikeWater+1","PathToVictory+1","GremboGang","infinitespire:Starlight","WheelKick","BowlingBash+1","ClearTheMind+1","Vault+1","CurseOfTheBell","Prostrate","Swivel+1","SandsOfTime","Replay:BluntJabs+1"],"relics":["PureWater","Thread and Needle","Smiling Mask","hubris:MedicalManual","StuffTheSpire:PointBlank","hubris:RunicObelisk","Enchiridion","Juzu Bracelet","Kunai","Ancient Tea Set","hubris:Reverence","ReplayTheSpireMod:CursedCoin","StuffTheSpire:HeavyRock","Calling Bell","Replay:Bandana","conspire:BottledYoYo","Gambling Chip","Vajra","Blue Doll"],"acts_visited":["Exordium","TheCity","TheBeyond"],"potions_floor_usage":[8,8,14,16,16,33,35,39,41],"damage_taken":[{"damage":0,"enemies":"2 Louse","floor":1,"turns":3},{"damage":0,"enemies":"Small Slimes","floor":5,"turns":3},{"damage":10,"enemies":"Gremlin Nob","floor":6,"turns":6},{"damage":0,"enemies":"3 Sentries","floor":8,"turns":8},{"damage":0,"enemies":"Cultist","floor":11,"turns":3},{"damage":0,"enemies":"Blue Slaver","floor":13,"turns":3},{"damage":0,"enemies":"Large Slime","floor":14,"turns":5},{"damage":76,"enemies":"Fading Forest","floor":16,"turns":11},{"damage":8,"enemies":"conspire:FuzzyDice","floor":18,"turns":6},{"damage":0,"enemies":"Shell Parasite","floor":20,"turns":6},{"damage":11,"enemies":"Nightmare","floor":24,"turns":10},{"damage":1,"enemies":"Cultist and Chosen","floor":29,"turns":4},{"damage":3,"enemies":"conspire:SneckoGhost","floor":30,"turns":8},{"damage":6,"enemies":"Automaton","floor":33,"turns":8},{"damage":20,"enemies":"3 Darklings","floor":35,"turns":6},{"damage":0,"enemies":"3 Shapes","floor":36,"turns":6},{"damage":0,"enemies":"Transient","floor":39,"turns":6},{"damage":56,"enemies":"Reptomancer","floor":40,"turns":10},{"damage":38,"enemies":"4 Shapes","floor":41,"turns":3}],"seed_played":"7098976183546540126","potions_obtained":[{"floor":1,"key":"SkillPotion"},{"floor":5,"key":"SpeedPotion"},{"floor":6,"key":"Fire Potion"},{"floor":13,"key":"Reflective Coating"},{"floor":14,"key":"SpeedPotion"},{"floor":30,"key":"Strength Potion"},{"floor":33,"key":"Weak Potion"},{"floor":36,"key":"Fire Potion"},{"floor":40,"key":"SkillPotion"}],"is_trial":false,"path_per_floor":["M","?","?","$","M","E","R","E","T","R","M","R","M","M","R","B",null,"M","?","M","?","$","R","NM","?","T","?","?","M","E","$","R","B",null,"M","M","?","$","M","E","M"],"character_chosen":"WATCHER","items_purchased":["Thread and Needle","ReplayTheSpireMod:CursedCoin","StuffTheSpire:HeavyRock","Vajra"],"campfire_rested":0,"item_purchase_floors":[4,31,31,38],"current_hp_per_floor":[72,72,54,54,54,44,44,44,44,44,44,44,44,44,65,7,72,64,48,48,48,48,48,37,37,37,37,37,46,53,53,53,57,72,62,72,72,72,72,26,0,0],"gold":146,"neow_bonus":"TRANSFORM_CARD","is_daily":false,"chose_seed":false,"campfire_upgraded":4,"win_rate":0.0,"timestamp":1613168608,"path_taken":["M","?","?","$","M","E","R","E","T","R","M","R","?","M","R","BOSS","M","?","M","?","$","R","NM","?","T","?","?","M","E","$","R","BOSS","M","M","?","$","M","E","M"],"items_purchased_type":["Relic","Relic","Relic","Relic"],"build_version":"2020-12-22","purchased_purges":1,"victory":false,"max_hp_per_floor":[72,72,72,72,72,72,72,72,72,72,72,72,72,72,72,72,72,72,72,72,72,72,72,72,72,72,72,72,72,72,72,72,72,72,72,72,72,72,72,72,72,72],"card_choices":[{"not_picked":["Replay:AtTheReady","FlyingSleeves"],"picked":"DeceiveReality","floor":1},{"not_picked":["FlyingSleeves","Replay:AtTheReady"],"picked":"SashWhip","floor":3},{"not_picked":["Protect","ForeignInfluence"],"picked":"PathToVictory","floor":5},{"not_picked":["MentalFortress","InnerPeace"],"picked":"Ragnarok","floor":6},{"not_picked":["Omniscience","Fasting2"],"picked":"Replay:ManipulateFuture","floor":8},{"not_picked":["Evaluate","Adaptation"],"picked":"Replay:Cycle","floor":11},{"not_picked":["Vengeance","Replay:AtTheReady"],"picked":"Nirvana","floor":13},{"not_picked":["Replay:AtTheReady","Halt"],"picked":"Conclude","floor":14},{"not_picked":["Replay:AllIn","Judgement"],"picked":"LessonLearned","floor":16},{"not_picked":["FollowUp","CrushJoints"],"picked":"LikeWater","floor":18},{"not_picked":["Prostrate","Pray"],"picked":"PathToVictory+1","floor":20},{"not_picked":["Replay:Fractal Strike","infinitespire:FinalStrike"],"picked":"infinitespire:Starlight","floor":24},{"not_picked":["BattleHymn","SashWhip"],"picked":"WheelKick","floor":24},{"not_picked":["EmptyMind+1","SignatureMove+1"],"picked":"BowlingBash+1","floor":29},{"not_picked":["BowlingBash","ThirdEye"],"picked":"ClearTheMind+1","floor":30},{"not_picked":["Devotion","Replay:LoomingThreat"],"picked":"Vault","floor":33},{"not_picked":["FollowUp","Protect+1"],"picked":"Prostrate","floor":35},{"not_picked":["PathToVictory","Replay:Anticipation+1"],"picked":"Swivel+1","floor":36},{"not_picked":["Protect","CrushJoints"],"picked":"SandsOfTime","floor":39},{"not_picked":["ConjureBlade","Replay:AtTheReady"],"picked":"Replay:BluntJabs+1","floor":40}],"player_experience":249113,"relics_obtained":[{"floor":6,"key":"Smiling Mask"},{"floor":8,"key":"hubris:MedicalManual"},{"floor":9,"key":"StuffTheSpire:PointBlank"},{"floor":19,"key":"Enchiridion"},{"floor":24,"key":"Juzu Bracelet"},{"floor":26,"key":"Kunai"},{"floor":30,"key":"hubris:Reverence"},{"floor":34,"key":"Replay:Bandana"},{"floor":34,"key":"conspire:BottledYoYo"},{"floor":34,"key":"Gambling Chip"},{"floor":40,"key":"Blue Doll"}],"event_choices":[{"damage_healed":0,"gold_gain":0,"player_choice":"Obtained Book","damage_taken":16,"max_hp_gain":0,"max_hp_loss":0,"event_name":"Cursed Tome","floor":19,"gold_loss":0},{"damage_healed":0,"gold_gain":99,"player_choice":"Steal","damage_taken":0,"max_hp_gain":0,"max_hp_loss":0,"event_name":"betterThird:BetterNest","floor":25,"gold_loss":0},{"damage_healed":0,"gold_gain":0,"player_choice":"Paid Gold","damage_taken":0,"relics_obtained":["Ancient Tea Set"],"max_hp_gain":0,"max_hp_loss":0,"event_name":"WeMeetAgain","floor":27,"gold_loss":56},{"damage_healed":0,"gold_gain":0,"player_choice":"Ignored","damage_taken":0,"max_hp_gain":0,"max_hp_loss":0,"event_name":"N\u0027loth","floor":28,"gold_loss":0},{"damage_healed":0,"gold_gain":0,"player_choice":"Forge","damage_taken":0,"max_hp_gain":0,"max_hp_loss":0,"event_name":"Accursed Blacksmith","floor":37,"gold_loss":0,"cards_upgraded":["Vault"]}],"is_beta":false,"boss_relics":[{"not_picked":["StuffTheSpire:RunicHypercube","hubris:BlackHole"],"picked":"hubris:RunicObelisk"},{"not_picked":["StuffTheSpire:ModemDavis","SacredBark"],"picked":"Calling Bell"}],"items_purged_floors":[31],"is_endless":false,"potions_floor_spawned":[1,5,6,13,14,30,33,36,40],"killed_by":"4 Shapes","ascension_level":1}}