{"host":"91blwi3hgehj6ch9","time":1613121426,"event":{"mods":["2.2 Compatiblity","AchievementEnabler","BaseMod","Colored Map","DeckTracker","Keyboard Shortcuts","Minty Spire (QoL Compilation)","Permanent Neow","Quick Restart","StSLib","SuperFastMode","everything is the same but u backflip on backflip"],"gold_per_floor":[119,119,119,130,148,148,166,166,192,192,207,225,225,240,240,341,341,356,376,249,275,275,275,175,202,202,236,236,236,255,272,272,370,370,388,405,627,627,62,95,95,130,154,4,4,32,45,55,55,55,55,55,55,82,82],"floor_reached":56,"language":"KOR","playtime":2157,"items_purged":["Wild Strike","Decay","Sword Boomerang","Cleave"],"score":2042,"play_id":"32bb64cc-e743-41c4-a9db-2b072292f5f8","local_time":"20210212181706","is_ascension_mode":true,"campfire_choices":[{"data":"Body Slam","floor":6.0,"key":"SMITH"},{"data":"Entrench","floor":8.0,"key":"SMITH"},{"data":"Dark Embrace","floor":15.0,"key":"SMITH"},{"data":"True Grit","floor":23.0,"key":"SMITH"},{"data":"Barricade","floor":29.0,"key":"SMITH"},{"floor":32.0,"key":"REST"},{"floor":45.0,"key":"RECALL"},{"floor":49.0,"key":"REST"},{"data":"Pommel Strike","floor":52.0,"key":"SMITH"}],"circlet_count":0,"master_deck":["Entrench+1","Bloodletting","Sentinel","Body Slam+1","Flame Barrier","Seeing Red+1","Dark Embrace+1","Shrug It Off","Infernal Blade","Ghostly Armor","Pommel Strike+1","Barricade+1","Burning Pact+1","True Grit+1","Sentinel+1","Shrug It Off+1","Entrench+1","Second Wind+1","Impervious+1","Entrench+1","Shrug It Off+1","Burning Pact+1"],"relics":["Pandora\u0027s Box","Vajra","Oddly Smooth Stone","Mercury Hourglass","Philosopher\u0027s Stone","Red Mask","Toxic Egg 2","TungstenRod","Girya","Mark of Pain","Bottled Tornado","War Paint","Bag of Marbles","Dream Catcher","Ancient Tea Set","Bottled Lightning","Happy Flower"],"acts_visited":["Exordium","TheCity","TheBeyond","TheEnding"],"potions_floor_usage":[55],"damage_taken":[{"damage":5.0,"enemies":"Cultist","floor":1.0,"turns":4.0},{"damage":8.0,"enemies":"2 Louse","floor":4.0,"turns":3.0},{"damage":2.0,"enemies":"Small Slimes","floor":5.0,"turns":4.0},{"damage":0.0,"enemies":"3 Louse","floor":7.0,"turns":4.0},{"damage":0.0,"enemies":"Gremlin Gang","floor":11.0,"turns":4.0},{"damage":0.0,"enemies":"2 Fungi Beasts","floor":12.0,"turns":3.0},{"damage":0.0,"enemies":"3 Louse","floor":14.0,"turns":2.0},{"damage":13.0,"enemies":"Slime Boss","floor":16.0,"turns":8.0},{"damage":0.0,"enemies":"3 Byrds","floor":18.0,"turns":2.0},{"damage":6.0,"enemies":"2 Thieves","floor":19.0,"turns":4.0},{"damage":29.0,"enemies":"Masked Bandits","floor":21.0,"turns":5.0},{"damage":3.0,"enemies":"Book of Stabbing","floor":25.0,"turns":5.0},{"damage":4.0,"enemies":"Slavers","floor":27.0,"turns":3.0},{"damage":0.0,"enemies":"Snake Plant","floor":30.0,"turns":2.0},{"damage":0.0,"enemies":"Centurion and Healer","floor":31.0,"turns":8.0},{"damage":2.0,"enemies":"Automaton","floor":33.0,"turns":5.0},{"damage":0.0,"enemies":"3 Darklings","floor":35.0,"turns":6.0},{"damage":1.0,"enemies":"Orb Walker","floor":36.0,"turns":6.0},{"damage":0.0,"enemies":"Reptomancer","floor":40.0,"turns":6.0},{"damage":0.0,"enemies":"Nemesis","floor":42.0,"turns":9.0},{"damage":0.0,"enemies":"Reptomancer","floor":46.0,"turns":3.0},{"damage":2.0,"enemies":"4 Shapes","floor":47.0,"turns":4.0},{"damage":3.0,"enemies":"Writhing Mass","floor":48.0,"turns":3.0},{"damage":0.0,"enemies":"Donu and Deca","floor":50.0,"turns":3.0},{"damage":2,"enemies":"Shield and Spear","floor":54,"turns":3},{"damage":0,"enemies":"The Heart","floor":55,"turns":5}],"seed_played":"-3668200026023379118","potions_obtained":[{"floor":5.0,"key":"LiquidBronze"},{"floor":11.0,"key":"LiquidBronze"},{"floor":12.0,"key":"DuplicationPotion"},{"floor":25.0,"key":"AttackPotion"},{"floor":27.0,"key":"Fire Potion"},{"floor":30.0,"key":"Explosive Potion"},{"floor":33.0,"key":"Ancient Potion"},{"floor":40.0,"key":"SteroidPotion"},{"floor":48.0,"key":"Block Potion"},{"floor":54,"key":"ElixirPotion"}],"is_trial":false,"path_per_floor":["M","?","?","M","M","R","M","R","T","?","M","M","?","M","R","B",null,"M","M","$","?","?","R","$","E","T","E","?","R","M","M","R","B",null,"M","M","?","?","$","E","T","E","T","$","R","E","M","M","R","B",null,"R","$","E","B",null],"character_chosen":"IRONCLAD","items_purchased":["True Grit","Bottled Tornado","War Paint","Shrug It Off+1"],"campfire_rested":2,"item_purchase_floors":[20,39,39,39],"current_hp_per_floor":[67,60,57,49,47,47,47,47,47,47,47,47,47,47,47,34,69,69,63,63,34,34,34,34,31,31,27,22,22,22,22,46,44,71,71,70,70,70,70,70,70,70,70,70,70,70,68,65,80,80,80,80,80,78,78],"gold":82,"neow_bonus":"BOSS_RELIC","is_daily":false,"chose_seed":false,"campfire_upgraded":6,"win_rate":0.0,"timestamp":1613121426,"path_taken":["M","?","?","M","M","R","M","R","T","?","M","M","?","M","R","BOSS","M","M","$","?","?","R","$","E","T","E","?","R","M","M","R","BOSS","M","?","?","?","?","E","?","E","T","$","R","E","M","M","R","BOSS","R","$","E","BOSS"],"items_purchased_type":["Card","Relic","Relic","Card"],"build_version":"2020-12-22","purchased_purges":4,"victory":true,"max_hp_per_floor":[80,80,80,80,80,80,80,80,80,80,80,80,80,80,80,80,80,80,80,80,80,80,80,80,80,80,80,80,80,80,80,80,80,80,80,80,80,80,80,80,80,80,80,80,80,80,80,80,80,80,80,80,80,80,80],"card_choices":[{"not_picked":["Iron Wave","Pummel"],"picked":"Dark Embrace","floor":1.0},{"not_picked":["Iron Wave","Heavy Blade"],"picked":"Shrug It Off","floor":4.0},{"not_picked":["Headbutt","Body Slam"],"picked":"Sword Boomerang","floor":5.0},{"not_picked":["Havoc","Shrug It Off"],"picked":"Infernal Blade","floor":7.0},{"not_picked":["Flex","Armaments","Heavy Blade"],"picked":"SKIP","floor":11.0},{"not_picked":["Wild Strike","Intimidate"],"picked":"Ghostly Armor","floor":12.0},{"not_picked":["Sever Soul","Fire Breathing"],"picked":"Pommel Strike","floor":14.0},{"not_picked":["Demon Form","Juggernaut"],"picked":"Barricade","floor":16.0},{"not_picked":["Pommel Strike","Sword Boomerang"],"picked":"Burning Pact","floor":18.0},{"not_picked":["Heavy Blade","Thunderclap","Dual Wield"],"picked":"SKIP","floor":19.0},{"not_picked":["Heavy Blade","Hemokinesis"],"picked":"Sentinel+1","floor":21.0},{"not_picked":["Sentinel+1","Carnage+1","Bloodletting+1"],"picked":"SKIP","floor":25.0},{"not_picked":["Havoc+1","Armaments+1"],"picked":"Shrug It Off+1","floor":27.0},{"not_picked":["Havoc+1","Wild Strike"],"picked":"Entrench+1","floor":30.0},{"not_picked":["Flex+1","Power Through+1"],"picked":"Second Wind+1","floor":31.0},{"not_picked":["Offering+1","Limit Break+1"],"picked":"Impervious+1","floor":33.0},{"not_picked":["Twin Strike+1","Warcry+1"],"picked":"Entrench+1","floor":35.0},{"not_picked":["Infernal Blade+1","Body Slam+1","Pommel Strike"],"picked":"SKIP","floor":36.0},{"not_picked":["Flex+1","Rage+1","Havoc+1"],"picked":"SKIP","floor":40.0},{"not_picked":["Hemokinesis+1","Intimidate+1","Sword Boomerang+1"],"picked":"SKIP","floor":42.0},{"not_picked":["Reaper","Sever Soul","Wild Strike"],"picked":"SKIP","floor":46.0},{"not_picked":["Clash","Twin Strike+1","Seeing Red+1"],"picked":"SKIP","floor":47.0},{"not_picked":["Cleave","Flex+1","Rampage+1"],"picked":"SKIP","floor":48.0},{"not_picked":["Second Wind+1","Intimidate+1"],"picked":"Burning Pact+1","floor":49.0},{"not_picked":["Perfected Strike","Rupture","Infernal Blade+1"],"picked":"SKIP","floor":54}],"player_experience":221067,"relics_obtained":[{"floor":9.0,"key":"Oddly Smooth Stone"},{"floor":21.0,"key":"Red Mask"},{"floor":25.0,"key":"Toxic Egg 2"},{"floor":26.0,"key":"TungstenRod"},{"floor":27.0,"key":"Girya"},{"floor":40.0,"key":"Bag of Marbles"},{"floor":42.0,"key":"Dream Catcher"},{"floor":43.0,"key":"Ancient Tea Set"},{"floor":46.0,"key":"Bottled Lightning"},{"floor":54,"key":"Happy Flower"}],"event_choices":[{"cards_removed":["Bash"],"damage_healed":0.0,"max_hp_gain":0.0,"max_hp_loss":0.0,"gold_gain":0.0,"event_name":"Golden Wing","player_choice":"Card Removal","floor":2.0,"gold_loss":0.0,"damage_taken":7.0},{"damage_healed":0.0,"max_hp_gain":0.0,"max_hp_loss":0.0,"gold_gain":0.0,"event_name":"Scrap Ooze","player_choice":"Success","floor":3.0,"gold_loss":0.0,"damage_taken":3.0,"relics_obtained":["Vajra"]},{"damage_healed":0.0,"max_hp_gain":0.0,"max_hp_loss":0.0,"gold_gain":0.0,"event_name":"Liars Game","player_choice":"Ignored","floor":10.0,"gold_loss":0.0,"damage_taken":0.0},{"damage_healed":0.0,"max_hp_gain":0.0,"max_hp_loss":0.0,"gold_gain":0.0,"event_name":"Dead Adventurer","player_choice":"Searched \u00271\u0027 times","floor":13.0,"gold_loss":0.0,"damage_taken":0.0,"relics_obtained":["Mercury Hourglass"]},{"damage_healed":0.0,"max_hp_gain":0.0,"max_hp_loss":0.0,"gold_gain":0.0,"event_name":"Masked Bandits","player_choice":"Fought Bandits","floor":21.0,"gold_loss":0.0,"damage_taken":0.0},{"damage_healed":0.0,"max_hp_gain":0.0,"max_hp_loss":0.0,"gold_gain":0.0,"event_name":"Forgotten Altar","player_choice":"Smashed Altar","floor":22.0,"gold_loss":0.0,"damage_taken":0.0,"cards_obtained":["Decay"]},{"damage_healed":0.0,"max_hp_gain":0.0,"max_hp_loss":0.0,"gold_gain":0.0,"event_name":"Knowing Skull","player_choice":"","floor":28.0,"potions_obtained":[],"gold_loss":0.0,"damage_taken":6.0,"cards_obtained":[]},{"damage_healed":0.0,"max_hp_gain":0.0,"max_hp_loss":0.0,"gold_gain":0.0,"event_name":"Knowing Skull","player_choice":"","floor":28.0,"potions_obtained":[],"gold_loss":0.0,"damage_taken":6.0,"cards_obtained":[]},{"damage_healed":0.0,"max_hp_gain":0.0,"max_hp_loss":0.0,"gold_gain":222.0,"event_name":"Tomb of Lord Red Mask","player_choice":"Wore Mask","floor":37.0,"gold_loss":0.0,"damage_taken":0.0},{"cards_removed":["Iron Wave"],"damage_healed":0.0,"max_hp_gain":0.0,"max_hp_loss":0.0,"gold_gain":0.0,"event_name":"Falling","player_choice":"Removed Attack","floor":38.0,"gold_loss":0.0,"damage_taken":0.0}],"is_beta":false,"boss_relics":[{"not_picked":["Fusion Hammer","Coffee Dripper"],"picked":"Philosopher\u0027s Stone"},{"not_picked":["Calling Bell","Runic Cube"],"picked":"Mark of Pain"}],"items_purged_floors":[20,24,39,44],"is_endless":false,"potions_floor_spawned":[5,11,12,25,27,30,33,36,40,48,54],"ascension_level":7}}