{"host":"m4t16jh7hwzim8re","time":1613105634,"event":{"mods":["BaseMod","CapriCore","Friendly Minions","Lobotomy","Minty Spire (QoL Compilation)","StSLib"],"gold_per_floor":[112,112,187,207,51,85,85,96,96,116,116,133,153,165,165,165,165],"floor_reached":16,"language":"KOR","playtime":795,"items_purged":["Perfected Strike"],"score":104,"play_id":"8209ff18-0f3a-453a-9f56-c221a408a409","local_time":"20210212135354","is_ascension_mode":false,"campfire_choices":[{"floor":7.0,"key":"REST"},{"data":"Searing Blow","floor":15,"key":"SMITH"}],"circlet_count":0,"master_deck":["Strike_R","Strike_R","Strike_R","Strike_R","Strike_R","Defend_R","Defend_R","Defend_R","Defend_R","Bash","Twin Strike","UniverseFragment","Searing Blow+1","Spot Weakness","QueenOfHatred","WhitesApple","Headbutt","Parasite","Pommel Strike","Laetitia","Wild Strike"],"relics":["Burning Blood","CogitoBucket","RabbitCall","HornCleat","The Courier","Anchor","BehaviorAdjustment"],"acts_visited":["Exordium"],"potions_floor_usage":[12],"damage_taken":[{"damage":2.0,"enemies":"Small Slimes","floor":1.0,"turns":4.0},{"damage":0.0,"enemies":"2 Louse","floor":4.0,"turns":2.0},{"damage":48.0,"enemies":"Lagavulin","floor":6.0,"turns":9.0},{"damage":11.0,"enemies":"Jaw Worm","floor":8.0,"turns":2.0},{"damage":18.0,"enemies":"Gremlin Gang","floor":10.0,"turns":5.0},{"damage":15,"enemies":"Looter","floor":12,"turns":6},{"damage":9,"enemies":"Exordium Thugs","floor":13,"turns":4},{"damage":1,"enemies":"Blue Slaver","floor":14,"turns":3},{"damage":0,"enemies":"Hexaghost","floor":16,"turns":1}],"seed_played":"-5810241547518015868","potions_obtained":[{"floor":1.0,"key":"Dexterity Potion"},{"floor":8.0,"key":"Dexterity Potion"},{"floor":13,"key":"EssenceOfSteel"}],"is_trial":false,"path_per_floor":["M","?","?","M","$","E","R","M","T","M","?","M","M","M","R","B"],"character_chosen":"IRONCLAD","items_purchased":["Searing Blow"],"campfire_rested":1,"item_purchase_floors":[5],"current_hp_per_floor":[80,80,69,75,75,33,57,52,52,40,28,22,28,33,33,33,33],"gold":165,"neow_bonus":"","is_daily":false,"chose_seed":false,"campfire_upgraded":1,"win_rate":0.0,"timestamp":1613105634,"path_taken":["M","?","?","M","$","E","R","M","T","M","?","M","M","?","R","BOSS"],"items_purchased_type":["Card"],"build_version":"2020-12-22","purchased_purges":1,"victory":false,"max_hp_per_floor":[80,80,80,80,80,80,80,80,80,80,80,80,80,80,80,80,80],"card_choices":[{"not_picked":["Power Through","Shrug It Off"],"picked":"Twin Strike","floor":1.0},{"not_picked":["PunishingBird","SpiderBud"],"picked":"UniverseFragment","floor":4.0},{"not_picked":["True Grit","Shrug It Off"],"picked":"Perfected Strike","floor":4.0},{"not_picked":["Dual Wield","Battle Trance"],"picked":"Spot Weakness","floor":6.0},{"not_picked":["Havoc","Body Slam","Blood for Blood"],"picked":"SKIP","floor":8.0},{"not_picked":["Bloodbath","Funeral"],"picked":"QueenOfHatred","floor":10.0},{"not_picked":["Reckless Charge","Sever Soul","Wild Strike"],"picked":"SKIP","floor":10.0},{"not_picked":["MeatLantern","LongBird"],"picked":"WhitesApple","floor":12},{"not_picked":["Berserk","Warcry"],"picked":"Headbutt","floor":12},{"not_picked":["Battle Trance","Sword Boomerang"],"picked":"Pommel Strike","floor":13},{"not_picked":["FieryBird","Rudolta"],"picked":"Laetitia","floor":14},{"not_picked":["Anger","Flex"],"picked":"Wild Strike","floor":14}],"player_experience":855702,"relics_obtained":[{"floor":6.0,"key":"HornCleat"},{"floor":9.0,"key":"The Courier"}],"event_choices":[{"damage_healed":0.0,"max_hp_gain":0.0,"max_hp_loss":0.0,"gold_gain":0.0,"event_name":"Liars Game","player_choice":"Ignored","floor":2.0,"gold_loss":0.0,"damage_taken":0.0},{"damage_healed":0.0,"max_hp_gain":0.0,"max_hp_loss":0.0,"gold_gain":75.0,"event_name":"World of Goop","player_choice":"Gather Gold","floor":3.0,"gold_loss":0.0,"damage_taken":11.0},{"damage_healed":0.0,"max_hp_gain":0.0,"max_hp_loss":0.0,"gold_gain":0.0,"event_name":"Scrap Ooze","player_choice":"Success","floor":11.0,"gold_loss":0.0,"damage_taken":12.0,"relics_obtained":["Anchor"]}],"is_beta":false,"boss_relics":[],"items_purged_floors":[5],"is_endless":false,"potions_floor_spawned":[1,8,13],"killed_by":"Hexaghost","ascension_level":0}}