{"host":"s24sb66hw4a4sfft","time":1613106313,"event":{"mods":["AchievementEnabler","BaseMod","Colored Map","Colored Powertips","Googly Eyes","Hermit","Hubris","Minty Spire (QoL Compilation)","Quick Restart","Shop Mod","StSLib"],"gold_per_floor":[115,115,19,19,29,29,44,44,44,79,79,79,93,105,105,209,209,233,233,254,254,254,254,291,291,291,291,24,39,39,39],"floor_reached":30,"language":"ENG","playtime":1420,"items_purged":["Regret"],"score":321,"play_id":"57dae384-e7c4-4ade-a90b-a64ed3cc47ed","local_time":"20210212000513","is_ascension_mode":false,"campfire_choices":[{"data":"hermit:Glare","floor":6.0,"key":"SMITH"},{"data":"hermit:Snapshot","floor":8.0,"key":"SMITH"},{"floor":12.0,"key":"REST"},{"floor":15.0,"key":"REST"},{"floor":23.0,"key":"REST"}],"circlet_count":0,"master_deck":["hermit:Defend_Hermit","hermit:Defend_Hermit","hermit:Defend_Hermit","hermit:Defend_Hermit","hermit:Snapshot+1","hermit:Covet","hermit:Magnum+1","Forethought","hermit:Glare+1","hermit:BigShot+1","hermit:Scavenge+1","Cold Snap","hermit:EternalForm+1","Sweeping Beam+1","Bite","Bite","Bite","Bite","Bite","hermit:LuckOfTheDraw+1","Writhe","Violence+1"],"relics":["hermit:Momento","Frozen Egg 2","hubris:DisguiseKit","Toxic Egg 2","hermit:DentedPlate","Enchiridion","Letter Opener","Singing Bowl","Pantograph"],"acts_visited":["Exordium","TheCity"],"potions_floor_usage":[],"damage_taken":[{"damage":0.0,"enemies":"2 Louse","floor":1.0,"turns":2.0},{"damage":1.0,"enemies":"Cultist","floor":5.0,"turns":3.0},{"damage":0.0,"enemies":"Small Slimes","floor":7.0,"turns":2.0},{"damage":31.0,"enemies":"Lagavulin","floor":10.0,"turns":4.0},{"damage":0.0,"enemies":"3 Louse","floor":13.0,"turns":3.0},{"damage":16.0,"enemies":"Large Slime","floor":14.0,"turns":6.0},{"damage":0.0,"enemies":"Slime Boss","floor":16.0,"turns":8.0},{"damage":42.0,"enemies":"3 Byrds","floor":18.0,"turns":9.0},{"damage":26.0,"enemies":"Shell Parasite","floor":20.0,"turns":7.0},{"damage":31.0,"enemies":"Slavers","floor":24.0,"turns":4.0},{"damage":21,"enemies":"Centurion and Healer","floor":29,"turns":5},{"damage":7,"enemies":"Gremlin Leader","floor":30,"turns":5}],"seed_played":"5000626394773875070","potions_obtained":[{"floor":5.0,"key":"Strength Potion"},{"floor":7.0,"key":"EssenceOfSteel"},{"floor":14.0,"key":"BlessingOfTheForge"},{"floor":18.0,"key":"EssenceOfSteel"},{"floor":20.0,"key":"ColorlessPotion"}],"is_trial":false,"path_per_floor":["M","?","$","?","M","R","M","R","T","E","?","R","M","M","R","B",null,"M","?","M","?","?","R","E","?","T","?","$","M","E"],"character_chosen":"HERMIT","items_purchased":["Forethought","Violence+1"],"campfire_rested":3,"item_purchase_floors":[3,28],"current_hp_per_floor":[75,68,68,68,67,67,67,67,67,36,36,58,58,42,64,64,96,54,54,46,30,30,52,35,35,35,21,21,10,19,19],"gold":39,"neow_bonus":"ONE_RANDOM_RARE_CARD","is_daily":false,"chose_seed":false,"campfire_upgraded":2,"win_rate":0.0,"timestamp":1613106313,"path_taken":["M","?","$","?","?","R","?","R","T","E","?","R","M","M","R","BOSS","M","?","M","?","?","R","E","?","T","?","$","M","E"],"items_purchased_type":["Card","Card"],"build_version":"2020-12-22","purchased_purges":1,"victory":false,"max_hp_per_floor":[75,75,75,75,75,75,75,75,75,75,75,75,75,75,75,75,107,107,74,74,74,74,74,76,76,76,81,81,83,83,83],"card_choices":[{"not_picked":["hermit:Manifest","hermit:TrackingShot","hermit:Misfire"],"picked":"SKIP","floor":1.0},{"not_picked":["hermit:Cheat","hermit:Virtue"],"picked":"hermit:Glare","floor":5.0},{"not_picked":["hermit:EyeOfTheStorm","hermit:ItchyTrigger"],"picked":"hermit:BigShot+1","floor":7.0},{"not_picked":["hermit:LuckOfTheDraw","hermit:TrackingShot","hermit:HoleUp"],"picked":"SKIP","floor":10.0},{"not_picked":["hermit:Malice","hermit:Feint+1","Go for the Eyes"],"picked":"hermit:Scavenge+1","floor":13.0},{"not_picked":["hermit:Cheat+1","hermit:Roughhouse","hermit:Maintenance+1"],"picked":"Cold Snap","floor":14.0},{"not_picked":["hermit:FromBeyond+1","hermit:HeroicBravado+1","Hyperbeam"],"picked":"hermit:EternalForm+1","floor":16.0},{"not_picked":["hermit:ShadowCloak+1","hermit:Desperado","hermit:WideOpen"],"picked":"Sweeping Beam","floor":18.0},{"not_picked":["hermit:LoneWolf+1","hermit:Coalescence+1","Sweeping Beam"],"picked":"hermit:LuckOfTheDraw+1","floor":20.0},{"not_picked":["hermit:EternalForm+1","hermit:ShadowCloak+1","hermit:Misfire","Hyperbeam"],"picked":"Singing Bowl","floor":24.0},{"not_picked":["hermit:HoleUp+1","hermit:ItchyTrigger","hermit:Glare+1","Conserve Battery"],"picked":"Singing Bowl","floor":29}],"player_experience":619355,"relics_obtained":[{"floor":10.0,"key":"hubris:DisguiseKit"},{"floor":21.0,"key":"Enchiridion"},{"floor":24.0,"key":"Singing Bowl"},{"floor":26.0,"key":"Pantograph"}],"event_choices":[{"damage_healed":0.0,"max_hp_gain":0.0,"max_hp_loss":0.0,"gold_gain":0.0,"event_name":"Scrap Ooze","player_choice":"Success","floor":2.0,"gold_loss":0.0,"damage_taken":7.0,"relics_obtained":["Frozen Egg 2"]},{"damage_healed":0.0,"max_hp_gain":0.0,"max_hp_loss":0.0,"gold_gain":0.0,"event_name":"Upgrade Shrine","player_choice":"Upgraded","floor":4.0,"gold_loss":0.0,"damage_taken":0.0,"cards_upgraded":["hermit:Magnum"]},{"damage_healed":0.0,"max_hp_gain":0.0,"max_hp_loss":0.0,"gold_gain":0.0,"event_name":"Big Fish","player_choice":"Box","floor":11.0,"gold_loss":0.0,"damage_taken":0.0,"relics_obtained":["Toxic Egg 2"],"cards_obtained":["Regret"]},{"damage_healed":0.0,"max_hp_gain":0.0,"max_hp_loss":33.0,"gold_gain":0.0,"event_name":"Vampires","player_choice":"Became a vampire","floor":19.0,"gold_loss":0.0,"damage_taken":0.0,"cards_obtained":["Bite","Bite","Bite","Bite","Bite"]},{"damage_healed":0.0,"max_hp_gain":0.0,"max_hp_loss":0.0,"gold_gain":0.0,"event_name":"Cursed Tome","player_choice":"Obtained Book","floor":21.0,"gold_loss":0.0,"damage_taken":16.0},{"damage_healed":0.0,"max_hp_gain":0.0,"max_hp_loss":0.0,"gold_gain":0.0,"event_name":"The Mausoleum","player_choice":"Opened","floor":22.0,"gold_loss":0.0,"damage_taken":0.0,"relics_obtained":["Letter Opener"],"cards_obtained":["Writhe"]},{"damage_healed":0.0,"max_hp_gain":5.0,"max_hp_loss":0.0,"gold_gain":0.0,"event_name":"Forgotten Altar","player_choice":"Shed Blood","floor":27.0,"gold_loss":0.0,"damage_taken":19.0}],"is_beta":false,"boss_relics":[{"not_picked":["hubris:GrandSneckoEye","Runic Pyramid"],"picked":"hermit:DentedPlate"}],"items_purged_floors":[28],"is_endless":false,"potions_floor_spawned":[5,7,14,18,20],"killed_by":"Gremlin Leader","ascension_level":0}}