{"host":"h0xw20cia6ppa69g","time":1613117190,"event":{"mods":["AchievementEnabler","BaseMod","Colored Map","Filter the Spire","Googly Eyes","Minty Spire (QoL Compilation)","Relic Stats","StSLib","The Awakened One except there are too many feathers","everything is the same but u backflip on backflip"],"gold_per_floor":[116,66,77,124,124,149,161,202,214,11,36,36,48,61,61,160,160,172,352,370,370,295,324,338,437,437,437,472,483,509,519,519,617,617,629,974,974,994,1006,1034,1034,1069,1093,1123,1123,1136,864,883,883,883,883,883,334,362,362],"floor_reached":56,"language":"ENG","playtime":4193,"items_purged":["Combust","Blood for Blood+1"],"score":1391,"play_id":"5b220a18-8173-4846-8604-f5c2efa13680","local_time":"20210212020630","is_ascension_mode":true,"campfire_choices":[{"data":"Fire Breathing","floor":7.0,"key":"SMITH"},{"floor":12.0,"key":"REST"},{"data":"Pommel Strike","floor":15.0,"key":"SMITH"},{"data":"Metallicize","floor":27.0,"key":"SMITH"},{"data":"Juggernaut","floor":32.0,"key":"SMITH"},{"data":"Juggernaut","floor":41,"key":"SMITH"},{"floor":49,"key":"RECALL"},{"data":"Evolve","floor":52,"key":"SMITH"}],"circlet_count":0,"master_deck":["Feel No Pain","True Grit+1","Fire Breathing+1","Anger","Power Through","Feel No Pain","Dual Wield+1","True Grit+1","Metallicize+1","Pommel Strike+1","Clothesline","Barricade","Shrug It Off","Shockwave","Fire Breathing+1","True Grit+1","Juggernaut+1","Flame Barrier","Berserk","Body Slam","Juggernaut+1","Burning Pact","Offering","Evolve+1","Metallicize","Sentinel+1","Feel No Pain","Iron Wave+1"],"relics":["Pandora\u0027s Box","Oddly Smooth Stone","MawBank","Strawberry","Lantern","War Paint","Happy Flower","Snecko Eye","Self Forming Clay","Bird Faced Urn","Pen Nib","Centennial Puzzle","Black Star","Old Coin","PreservedInsect","Blue Candle","MealTicket","Smiling Mask","White Beast Statue","Prayer Wheel","Vajra","Torii","Du-Vu Doll","Art of War"],"acts_visited":["Exordium","TheCity","TheBeyond","TheEnding"],"potions_floor_usage":[40,53,54,55,55,55],"damage_taken":[{"damage":5.0,"enemies":"2 Louse","floor":1.0,"turns":3.0},{"damage":13.0,"enemies":"Jaw Worm","floor":3.0,"turns":3.0},{"damage":21.0,"enemies":"3 Sentries","floor":6.0,"turns":5.0},{"damage":6.0,"enemies":"Lagavulin","floor":8.0,"turns":6.0},{"damage":21.0,"enemies":"Gremlin Nob","floor":11.0,"turns":5.0},{"damage":0.0,"enemies":"Small Slimes","floor":13.0,"turns":4.0},{"damage":5.0,"enemies":"Looter","floor":14.0,"turns":3.0},{"damage":0.0,"enemies":"Slime Boss","floor":16.0,"turns":6.0},{"damage":2.0,"enemies":"3 Byrds","floor":18.0,"turns":3.0},{"damage":0.0,"enemies":"Spheric Guardian","floor":20.0,"turns":7.0},{"damage":17.0,"enemies":"Gremlin Leader","floor":23.0,"turns":11.0},{"damage":0.0,"enemies":"Centurion and Healer","floor":24.0,"turns":4.0},{"damage":16.0,"enemies":"Slavers","floor":28.0,"turns":5.0},{"damage":0.0,"enemies":"3 Cultists","floor":29.0,"turns":6.0},{"damage":0.0,"enemies":"Book of Stabbing","floor":30.0,"turns":5.0},{"damage":3.0,"enemies":"Sentry and Sphere","floor":31.0,"turns":3.0},{"damage":25.0,"enemies":"Collector","floor":33.0,"turns":8.0},{"damage":0.0,"enemies":"Orb Walker","floor":35.0,"turns":3.0},{"damage":23.0,"enemies":"2 Orb Walkers","floor":36.0,"turns":4.0},{"damage":3.0,"enemies":"3 Darklings","floor":38.0,"turns":10.0},{"damage":3,"enemies":"Writhing Mass","floor":39,"turns":9},{"damage":5,"enemies":"Giant Head","floor":40,"turns":6},{"damage":43,"enemies":"Nemesis","floor":42,"turns":5},{"damage":20,"enemies":"Giant Head","floor":44,"turns":19},{"damage":11,"enemies":"Spire Growth","floor":46,"turns":3},{"damage":10,"enemies":"4 Shapes","floor":48,"turns":3},{"damage":24,"enemies":"Donu and Deca","floor":50,"turns":6},{"damage":3,"enemies":"Shield and Spear","floor":54,"turns":5},{"damage":24,"enemies":"The Heart","floor":55,"turns":8}],"seed_played":"-6149227462384792483","potions_obtained":[{"floor":1.0,"key":"Ancient Potion"},{"floor":3.0,"key":"Fire Potion"},{"floor":8.0,"key":"ColorlessPotion"},{"floor":16.0,"key":"Swift Potion"},{"floor":20.0,"key":"BloodPotion"},{"floor":23.0,"key":"LiquidMemories"},{"floor":39,"key":"Explosive Potion"},{"floor":44,"key":"AttackPotion"},{"floor":46,"key":"DuplicationPotion"},{"floor":48,"key":"Regen Potion"},{"floor":54,"key":"EssenceOfSteel"}],"is_trial":false,"path_per_floor":["M","?","M","T","?","E","R","E","T","$","E","R","M","M","R","B",null,"M","?","M","?","$","E","M","?","T","R","E","M","E","M","R","B",null,"M","?","?","M","M","E","R","E","T","E","?","M","$","M","R","B",null,"R","$","E","B",null],"character_chosen":"IRONCLAD","items_purchased":["War Paint","Metallicize","Evolve","Vajra","Torii","Feel No Pain","Fruit Juice","ElixirPotion"],"campfire_rested":1,"item_purchase_floors":[10,10,47,47,53,53,53,53],"current_hp_per_floor":[75,75,62,62,46,25,25,26,26,26,5,31,31,26,26,26,87,85,60,60,43,43,44,44,44,44,44,36,46,64,73,73,66,92,92,75,75,87,87,87,87,58,58,84,84,87,87,87,87,77,87,87,92,92,84],"gold":362,"neow_bonus":"BOSS_RELIC","is_daily":false,"chose_seed":false,"campfire_upgraded":6,"win_rate":0.0,"timestamp":1613117190,"path_taken":["M","?","M","?","?","E","R","E","T","$","E","R","M","M","R","BOSS","M","?","?","?","$","E","M","?","T","R","E","M","E","M","R","BOSS","M","?","?","M","M","E","R","E","T","E","?","M","$","M","R","BOSS","R","$","E","BOSS"],"items_purchased_type":["Relic","Card","Card","Relic","Relic","Card","Potion","Potion"],"build_version":"2020-12-22","purchased_purges":2,"victory":true,"max_hp_per_floor":[80,80,80,80,80,80,80,87,87,87,87,87,87,87,87,87,87,87,87,87,92,92,92,92,92,92,92,92,92,92,92,92,92,92,92,92,87,87,87,87,87,87,87,87,87,87,87,87,87,87,87,87,92,92,92],"relic_stats":{"Happy Flower":[48],"Torii":6,"counters":[29,168],"Self Forming Clay":[108],"Blue Candle":[0],"Pen Nib":[9],"PreservedInsect":240,"War Paint":["Dual Wield","True Grit"],"MawBank":48,"Smiling Mask":50,"Centennial Puzzle":[39],"Bird Faced Urn":[212],"Snecko Eye":[273,257,263,256],"Pandora\u0027s Box":["Feel No Pain","Searing Blow","True Grit","Blood for Blood","Fire Breathing","Combust","Anger","Power Through","Feel No Pain"],"MealTicket":0,"Prayer Wheel":2,"Black Star":4,"Art of War":[3],"obtain_stats":[{"Lantern":9,"Torii":53,"Vajra":47,"Smiling Mask":42,"Burning Blood":0,"Old Coin":36,"Centennial Puzzle":30,"Strawberry":8,"MealTicket":42,"Prayer Wheel":44,"Happy Flower":11,"Self Forming Clay":23,"Blue Candle":40,"Oddly Smooth Stone":4,"Pen Nib":28,"PreservedInsect":40,"War Paint":10,"MawBank":6,"White Beast Statue":44,"Du-Vu Doll":54,"Bird Faced Urn":26,"Snecko Eye":17,"Pandora\u0027s Box":0,"Black Star":34,"Art of War":54},{"Lantern":4,"Torii":27,"Vajra":25,"Smiling Mask":23,"Burning Blood":0,"Old Coin":19,"Centennial Puzzle":15,"Strawberry":4,"MealTicket":23,"Prayer Wheel":24,"Happy Flower":5,"Self Forming Clay":11,"Blue Candle":22,"Oddly Smooth Stone":2,"Pen Nib":13,"PreservedInsect":22,"War Paint":4,"MawBank":3,"White Beast Statue":24,"Du-Vu Doll":28,"Bird Faced Urn":12,"Snecko Eye":8,"Pandora\u0027s Box":0,"Black Star":17,"Art of War":28},{"Lantern":17,"Torii":155,"Vajra":146,"Smiling Mask":124,"Burning Blood":0,"Old Coin":94,"Centennial Puzzle":76,"Strawberry":17,"MealTicket":124,"Prayer Wheel":143,"Happy Flower":22,"Self Forming Clay":56,"Blue Candle":119,"Oddly Smooth Stone":6,"Pen Nib":65,"PreservedInsect":119,"War Paint":17,"MawBank":11,"White Beast Statue":143,"Du-Vu Doll":160,"Bird Faced Urn":60,"Snecko Eye":35,"Pandora\u0027s Box":0,"Black Star":87,"Art of War":160}]},"card_choices":[{"not_picked":["Combust","Havoc","Flex"],"picked":"SKIP","floor":1.0},{"not_picked":["Inflame","Hemokinesis"],"picked":"Dual Wield","floor":3.0},{"not_picked":["Infernal Blade","Uppercut","Heavy Blade"],"picked":"SKIP","floor":6.0},{"not_picked":["Sever Soul","Feel No Pain"],"picked":"True Grit","floor":8.0},{"not_picked":["Infernal Blade","Havoc"],"picked":"Pommel Strike","floor":11.0},{"not_picked":["Sever Soul","Feel No Pain"],"picked":"Clothesline","floor":13.0},{"not_picked":["Pommel Strike","Anger","Searing Blow"],"picked":"SKIP","floor":14.0},{"not_picked":["Brutality","Feed"],"picked":"Barricade","floor":16.0},{"not_picked":["Iron Wave+1","Twin Strike"],"picked":"Shrug It Off","floor":18.0},{"not_picked":["Anger","Clothesline"],"picked":"Shockwave","floor":20.0},{"not_picked":["Searing Blow","Dropkick"],"picked":"Fire Breathing+1","floor":23.0},{"not_picked":["Wild Strike","Uppercut"],"picked":"True Grit+1","floor":24.0},{"not_picked":["Intimidate","Clash","Flex+1"],"picked":"SKIP","floor":28.0},{"not_picked":["Ghostly Armor","Rampage","Anger"],"picked":"SKIP","floor":29.0},{"not_picked":["Iron Wave","Limit Break"],"picked":"Juggernaut","floor":30.0},{"not_picked":["Inflame","Shockwave+1"],"picked":"Flame Barrier","floor":31.0},{"not_picked":["Demon Form","Bludgeon"],"picked":"Berserk","floor":33.0},{"not_picked":["Clothesline","Heavy Blade+1","Clash+1"],"picked":"SKIP","floor":35.0},{"not_picked":["Rupture+1","Clothesline"],"picked":"Body Slam","floor":36.0},{"not_picked":["Wild Strike","Iron Wave","Anger+1"],"picked":"SKIP","floor":38.0},{"not_picked":["Hemokinesis","Blood for Blood+1","Perfected Strike"],"picked":"SKIP","floor":39},{"not_picked":["Fire Breathing","Shrug It Off"],"picked":"Juggernaut","floor":40},{"not_picked":["Uppercut","Second Wind+1"],"picked":"Burning Pact","floor":42},{"not_picked":["Wild Strike+1","Sword Boomerang"],"picked":"Offering","floor":44},{"not_picked":["Clash+1","Iron Wave+1","Twin Strike"],"picked":"SKIP","floor":46},{"not_picked":["Fire Breathing","Rampage","Sword Boomerang+1"],"picked":"SKIP","floor":46},{"not_picked":["Clothesline+1","Intimidate+1"],"picked":"Metallicize","floor":48},{"not_picked":["Twin Strike+1","Sword Boomerang+1"],"picked":"Sentinel+1","floor":48},{"not_picked":["Sword Boomerang+1","Whirlwind+1"],"picked":"Iron Wave+1","floor":54}],"player_experience":3857395,"relics_obtained":[{"floor":4.0,"key":"Oddly Smooth Stone"},{"floor":6.0,"key":"MawBank"},{"floor":8.0,"key":"Strawberry"},{"floor":9.0,"key":"Lantern"},{"floor":11.0,"key":"Happy Flower"},{"floor":23.0,"key":"Self Forming Clay"},{"floor":26.0,"key":"Bird Faced Urn"},{"floor":28.0,"key":"Pen Nib"},{"floor":30.0,"key":"Centennial Puzzle"},{"floor":36.0,"key":"Old Coin"},{"floor":40,"key":"PreservedInsect"},{"floor":40,"key":"Blue Candle"},{"floor":42,"key":"MealTicket"},{"floor":42,"key":"Smiling Mask"},{"floor":44,"key":"White Beast Statue"},{"floor":44,"key":"Prayer Wheel"},{"floor":54,"key":"Du-Vu Doll"},{"floor":54,"key":"Art of War"}],"event_choices":[{"cards_removed":["Searing Blow"],"damage_healed":0.0,"max_hp_gain":0.0,"max_hp_loss":0.0,"gold_gain":0.0,"event_name":"The Cleric","player_choice":"Card Removal","floor":2.0,"gold_loss":50.0,"damage_taken":0.0},{"damage_healed":0.0,"max_hp_gain":0.0,"max_hp_loss":0.0,"gold_gain":0.0,"event_name":"Shining Light","player_choice":"Entered Light","floor":5.0,"gold_loss":0.0,"damage_taken":16.0,"cards_upgraded":["True Grit","Blood for Blood"]},{"damage_healed":0.0,"max_hp_gain":0.0,"max_hp_loss":0.0,"gold_gain":180.0,"event_name":"Knowing Skull","player_choice":"POTION GOLD GOLD ","floor":19.0,"potions_obtained":["Dexterity Potion"],"gold_loss":0.0,"damage_taken":25.0,"cards_obtained":[]},{"damage_healed":0.0,"max_hp_gain":5.0,"max_hp_loss":0.0,"gold_gain":0.0,"event_name":"Forgotten Altar","player_choice":"Shed Blood","floor":21.0,"gold_loss":0.0,"damage_taken":22.0},{"damage_healed":0.0,"max_hp_gain":0.0,"max_hp_loss":0.0,"gold_gain":99.0,"event_name":"Nest","player_choice":"Stole From Cult","floor":25.0,"gold_loss":0.0,"damage_taken":0.0},{"damage_healed":0.0,"max_hp_gain":0.0,"max_hp_loss":0.0,"gold_gain":0.0,"event_name":"Mysterious Sphere","player_choice":"Fight","floor":36.0,"gold_loss":0.0,"damage_taken":0.0},{"damage_healed":0.0,"max_hp_gain":0.0,"max_hp_loss":5.0,"gold_gain":0.0,"event_name":"Winding Halls","player_choice":"Max HP","floor":37.0,"gold_loss":0.0,"damage_taken":0.0},{"cards_removed":["Bash"],"damage_healed":0,"gold_gain":0,"player_choice":"Removed Attack","damage_taken":0,"max_hp_gain":0,"max_hp_loss":0,"event_name":"Falling","floor":45,"gold_loss":0}],"is_beta":false,"boss_relics":[{"not_picked":["Coffee Dripper","Runic Dome"],"picked":"Snecko Eye"},{"not_picked":["SacredBark","Mark of Pain"],"picked":"Black Star"}],"items_purged_floors":[22,47],"is_endless":false,"potions_floor_spawned":[1,3,8,16,20,23,24,39,44,46,48,54],"ascension_level":1}}