{"host":"dnvpprmy3abbf89m","time":1613171514,"event":{"mods":["BaseMod","Colored Map","Minty Spire (QoL Compilation)","StSLib"],"gold_per_floor":[110,37,112,112,128,128,163,186,223,235,264,289,301,328,340,457,469,456,468,480,226,242,242,269,28,28,41,41,74,74,99,99,200,200,214,265,284,284,106,134,58,76,100,112,112,128,128,140,140,140,140,140,1,36,36],"floor_reached":56,"language":"ENG","playtime":7617,"items_purged":["Strike_G","Strike_G","Defend_G"],"score":1774,"play_id":"3559532e-94e1-457c-912d-f547595b5bf2","local_time":"20210213001154","is_ascension_mode":true,"campfire_choices":[{"data":"Leg Sweep","floor":6.0,"key":"SMITH"},{"data":"PiercingWail","floor":10.0,"key":"SMITH"},{"floor":13.0,"key":"REST"},{"floor":15.0,"key":"RECALL"},{"floor":23.0,"key":"REST"},{"data":"Noxious Fumes","floor":32.0,"key":"SMITH"},{"data":"Footwork","floor":49,"key":"SMITH"},{"data":"Neutralize+1","floor":52,"key":"PURGE"}],"circlet_count":0,"master_deck":["AscendersBane","Defend_G","Defend_G","Defend_G","Defend_G+1","Survivor+1","Crippling Poison+1","Leg Sweep+1","PiercingWail+1","Deadly Poison+1","Deflect+1","Backflip+1","Dodge and Roll+1","Burst+1","Noxious Fumes+1","Burst+1","Deadly Poison+1","Venomology+1","Catalyst+1","Catalyst+1","Crippling Poison+1","Blur+1","Footwork+1","Malaise+1","Bouncing Flask+1","Leg Sweep+1"],"relics":["Ring of the Snake","Toxic Egg 2","MawBank","War Paint","SlaversCollar","Membership Card","Snake Skull","PreservedInsect","Art of War","Lee\u0027s Waffle","Vajra","Strawberry","Nunchaku","Empty Cage","Peace Pipe","Oddly Smooth Stone","Blood Vial","Ancient Tea Set","Happy Flower","Ninja Scroll"],"acts_visited":["Exordium","TheCity","TheBeyond","TheEnding"],"potions_floor_usage":[42,44,44,44,46,48,50,50,54,55,55,55],"damage_taken":[{"damage":4.0,"enemies":"2 Louse","floor":1.0,"turns":4.0},{"damage":1.0,"enemies":"Jaw Worm","floor":5.0,"turns":5.0},{"damage":2.0,"enemies":"3 Sentries","floor":7.0,"turns":12.0},{"damage":0.0,"enemies":"Cultist","floor":11.0,"turns":3.0},{"damage":0.0,"enemies":"Large Slime","floor":12.0,"turns":8.0},{"damage":3.0,"enemies":"Gremlin Gang","floor":14.0,"turns":3.0},{"damage":16.0,"enemies":"Hexaghost","floor":16.0,"turns":15.0},{"damage":17.0,"enemies":"2 Thieves","floor":18.0,"turns":5.0},{"damage":0.0,"enemies":"Spheric Guardian","floor":22.0,"turns":4.0},{"damage":7.0,"enemies":"Gremlin Leader","floor":24.0,"turns":7.0},{"damage":0.0,"enemies":"Snecko","floor":27.0,"turns":5.0},{"damage":0.0,"enemies":"Book of Stabbing","floor":29.0,"turns":6.0},{"damage":0.0,"enemies":"Slavers","floor":31.0,"turns":7.0},{"damage":27.0,"enemies":"Automaton","floor":33.0,"turns":10.0},{"damage":2.0,"enemies":"Orb Walker","floor":35.0,"turns":4.0},{"damage":56.0,"enemies":"2 Orb Walkers","floor":36.0,"turns":6.0},{"damage":4.0,"enemies":"3 Shapes","floor":37.0,"turns":5.0},{"damage":2.0,"enemies":"Reptomancer","floor":40.0,"turns":6.0},{"damage":38,"enemies":"Writhing Mass","floor":42,"turns":4},{"damage":17,"enemies":"3 Darklings","floor":44,"turns":5},{"damage":0,"enemies":"Sphere and 2 Shapes","floor":46,"turns":7},{"damage":6,"enemies":"Maw","floor":48,"turns":6},{"damage":8,"enemies":"Time Eater","floor":50,"turns":7},{"damage":2,"enemies":"Shield and Spear","floor":54,"turns":6},{"damage":71,"enemies":"The Heart","floor":55,"turns":7}],"seed_played":"-5358169523155886253","potions_obtained":[{"floor":1.0,"key":"Weak Potion"},{"floor":12.0,"key":"FairyPotion"},{"floor":14.0,"key":"GamblersBrew"},{"floor":16.0,"key":"CunningPotion"},{"floor":18.0,"key":"Explosive Potion"},{"floor":24.0,"key":"Swift Potion"},{"floor":33.0,"key":"Block Potion"},{"floor":37.0,"key":"DuplicationPotion"},{"floor":44,"key":"Explosive Potion"}],"is_trial":false,"path_per_floor":["M","$","?","?","M","R","E","T","T","R","M","M","R","M","R","B",null,"M","$","?","$","M","R","E","$","T","M","?","E","T","E","R","B",null,"M","?","M","?","$","E","$","M","T","M","?","M","?","M","R","B",null,"R","$","E","B",null],"character_chosen":"THE_SILENT","items_purchased":["Leg Sweep","Membership Card","Snake Skull","Noxious Fumes","Art of War","Lee\u0027s Waffle","Oddly Smooth Stone","Blur+1","Malaise+1","Leg Sweep+1","Happy Flower","Weak Potion"],"campfire_rested":2,"item_purchase_floors":[2,21,21,25,25,25,39,39,41,53,53,53],"current_hp_per_floor":[59,59,48,48,47,47,45,45,45,45,45,45,66,63,63,47,64,47,47,47,47,47,68,61,77,77,77,63,63,70,70,70,43,78,76,20,16,16,16,14,14,26,26,11,78,78,78,72,72,66,75,75,75,75,6],"gold":36,"neow_bonus":"UPGRADE_CARD","is_daily":false,"chose_seed":false,"campfire_upgraded":4,"win_rate":0.0,"timestamp":1613171514,"path_taken":["M","$","?","?","M","R","E","?","T","R","M","M","R","?","R","BOSS","M","$","?","$","?","R","E","$","T","M","?","E","?","E","R","BOSS","M","?","M","?","$","E","$","M","T","?","?","M","?","?","R","BOSS","R","$","E","BOSS"],"items_purchased_type":["Card","Relic","Relic","Card","Relic","Relic","Relic","Card","Card","Card","Relic","Potion"],"build_version":"2020-12-22","purchased_purges":3,"victory":true,"max_hp_per_floor":[70,70,70,70,70,70,70,70,70,70,70,70,70,70,70,70,70,70,70,70,70,70,70,70,77,77,77,82,82,89,89,89,89,89,89,89,89,89,89,89,89,89,89,89,78,78,78,78,78,78,78,78,78,78,78],"card_choices":[{"not_picked":["Heel Hook","Backstab"],"picked":"Crippling Poison","floor":1.0},{"not_picked":["Leg Sweep","Calculated Gamble"],"picked":"PiercingWail","floor":5.0},{"not_picked":["Envenom","Setup+1"],"picked":"Deadly Poison+1","floor":7.0},{"not_picked":["Tactician+1","Predator"],"picked":"Deflect+1","floor":11.0},{"not_picked":["Outmaneuver+1","Acrobatics+1"],"picked":"Backflip+1","floor":12.0},{"not_picked":["Finisher","Dagger Spray"],"picked":"Dodge and Roll+1","floor":14.0},{"not_picked":["Night Terror+1","Die Die Die"],"picked":"Burst+1","floor":16.0},{"not_picked":["Tactician+1","Slice+1","All Out Attack"],"picked":"SKIP","floor":18.0},{"not_picked":["Bane","Reflex+1","Flying Knee"],"picked":"SKIP","floor":22.0},{"not_picked":["Deflect+1","Outmaneuver+1","Underhanded Strike+1"],"picked":"SKIP","floor":24.0},{"not_picked":["Slice","Bane+1"],"picked":"Burst+1","floor":27.0},{"not_picked":["Heel Hook","Well Laid Plans","Cloak And Dagger+1"],"picked":"SKIP","floor":29.0},{"not_picked":["PiercingWail+1","All Out Attack"],"picked":"Deadly Poison+1","floor":31.0},{"not_picked":["Burst+1","Phantasmal Killer+1"],"picked":"Venomology+1","floor":33.0},{"not_picked":["Predator","Sucker Punch"],"picked":"Catalyst+1","floor":35.0},{"not_picked":["Sucker Punch","Flying Knee+1"],"picked":"Catalyst+1","floor":37.0},{"not_picked":["Infinite Blades","Dodge and Roll+1"],"picked":"Footwork","floor":40.0},{"not_picked":["Unload","Bane","Eviscerate"],"picked":"SKIP","floor":42},{"not_picked":["Backflip+1","Slice","Blade Dance+1"],"picked":"SKIP","floor":44},{"not_picked":["Quick Slash+1","Underhanded Strike","Terror+1"],"picked":"SKIP","floor":46},{"not_picked":["Outmaneuver+1","Blade Dance+1"],"picked":"Bouncing Flask+1","floor":48},{"not_picked":["Dash+1","Glass Knife","Acrobatics+1"],"picked":"SKIP","floor":54}],"player_experience":847571,"relics_obtained":[{"floor":7.0,"key":"Toxic Egg 2"},{"floor":8.0,"key":"MawBank"},{"floor":9.0,"key":"War Paint"},{"floor":24.0,"key":"PreservedInsect"},{"floor":29.0,"key":"Vajra"},{"floor":30.0,"key":"Strawberry"},{"floor":31.0,"key":"Nunchaku"},{"floor":36.0,"key":"Peace Pipe"},{"floor":40.0,"key":"Blood Vial"},{"floor":43,"key":"Ancient Tea Set"},{"floor":54,"key":"Ninja Scroll"}],"event_choices":[{"damage_healed":0.0,"max_hp_gain":0.0,"max_hp_loss":0.0,"gold_gain":75.0,"event_name":"World of Goop","player_choice":"Gather Gold","floor":3.0,"gold_loss":0.0,"damage_taken":11.0},{"damage_healed":0.0,"max_hp_gain":0.0,"max_hp_loss":0.0,"gold_gain":0.0,"event_name":"Living Wall","player_choice":"Grow","floor":4.0,"gold_loss":0.0,"damage_taken":0.0,"cards_upgraded":["Crippling Poison"]},{"cards_removed":["Strike_G"],"damage_healed":0.0,"max_hp_gain":0.0,"max_hp_loss":0.0,"gold_gain":0.0,"event_name":"Purifier","player_choice":"Purged","floor":20.0,"gold_loss":0.0,"damage_taken":0.0},{"damage_healed":0.0,"max_hp_gain":5.0,"max_hp_loss":0.0,"gold_gain":0.0,"event_name":"Forgotten Altar","player_choice":"Shed Blood","floor":28.0,"gold_loss":0.0,"damage_taken":19.0},{"damage_healed":0.0,"max_hp_gain":0.0,"max_hp_loss":0.0,"gold_gain":0.0,"event_name":"Mysterious Sphere","player_choice":"Fight","floor":36.0,"gold_loss":0.0,"damage_taken":0.0},{"damage_healed":0.0,"max_hp_gain":0.0,"max_hp_loss":0.0,"gold_gain":0.0,"event_name":"Duplicator","player_choice":"Copied","floor":38.0,"gold_loss":0.0,"damage_taken":0.0,"cards_obtained":["Crippling Poison"]},{"damage_healed":78,"gold_gain":0,"player_choice":"Heal","damage_taken":0,"max_hp_gain":0,"max_hp_loss":11,"event_name":"The Moai Head","floor":45,"gold_loss":0},{"damage_healed":0,"gold_gain":0,"player_choice":"Ignored","damage_taken":0,"max_hp_gain":0,"max_hp_loss":0,"event_name":"Tomb of Lord Red Mask","floor":47,"gold_loss":0}],"is_beta":false,"boss_relics":[{"not_picked":["Pandora\u0027s Box","Ectoplasm"],"picked":"SlaversCollar"},{"not_picked":["Ring of the Serpent","HoveringKite"],"picked":"Empty Cage"}],"items_purged_floors":[21,25,39],"is_endless":false,"potions_floor_spawned":[1,12,14,16,18,24,33,35,37,44,46],"ascension_level":11}}