{"host":"5ddwedapke4fsx0r","time":1613172639,"event":{"mods":["BaseMod","Downfall","Minty Spire (QoL Compilation)","Reliquary","Shade Mod","StSLib"],"gold_per_floor":[112,112,131,146,164,164,182,208,208,239,239,239,251,285,285,388,438,448,298,309,324,324,324,352,267,267,68,68,88,88,115,115,213,213,225,242,242,256,274,274,13,13,13],"floor_reached":42,"language":"ENG","playtime":2252,"items_purged":[],"score":598,"play_id":"c24aa814-d5ff-447d-b9cb-77d8de557fb8","local_time":"20210213003039","is_ascension_mode":true,"campfire_choices":[{"data":"Neutralize","floor":6,"key":"SMITH"},{"data":"Footwork","floor":12,"key":"SMITH"},{"floor":15,"key":"REST"},{"floor":23,"key":"REST"},{"floor":28,"key":"REST"},{"data":"Adrenaline","floor":30,"key":"SMITH"},{"data":"Prepared","floor":32,"key":"SMITH"},{"data":"Acrobatics","floor":40,"key":"SMITH"}],"circlet_count":0,"master_deck":["Strike_G","Strike_G","Strike_G","Strike_G","Strike_G","Defend_G","Defend_G","Defend_G","Defend_G","Defend_G","Survivor","Neutralize+1","Well Laid Plans+1","Underhanded Strike+1","Quick Slash","Footwork+1","Corpse Explosion+1","Prepared+1","Bullet Time","Prepared+1","Dodge and Roll+1","Adrenaline+1","Reflex+1","Acrobatics+1","Malaise","Concentrate+1"],"relics":["HoveringKite","Odd Mushroom","reliquary:TridentHead","reliquary:PrincelyHelmet","Letter Opener","Tiny House","Chemical X","Blood Vial","reliquary:Buckler","Oddly Smooth Stone","Tingsha","bronze:MakeshiftBattery","reliquary:JackalopeAntler"],"acts_visited":["Exordium","TheCity","TheBeyond"],"potions_floor_usage":[8,14,14,29,36,36,42],"damage_taken":[{"damage":4,"enemies":"2 Louse","floor":1,"turns":5},{"damage":2,"enemies":"Cultist","floor":3,"turns":5},{"damage":0,"enemies":"Small Slimes","floor":4,"turns":4},{"damage":0,"enemies":"Exordium Wildlife","floor":5,"turns":3},{"damage":0,"enemies":"Looter","floor":7,"turns":3},{"damage":15,"enemies":"The Mushroom Lair","floor":8,"turns":5},{"damage":1,"enemies":"Lagavulin","floor":10,"turns":9},{"damage":0,"enemies":"2 Fungi Beasts","floor":13,"turns":5},{"damage":14,"enemies":"3 Sentries","floor":14,"turns":4},{"damage":15,"enemies":"The Guardian","floor":16,"turns":11},{"damage":22,"enemies":"Chosen","floor":18,"turns":8},{"damage":6,"enemies":"3 Byrds","floor":20,"turns":2},{"damage":9,"enemies":"Cultist and Chosen","floor":21,"turns":6},{"damage":11,"enemies":"Slavers","floor":24,"turns":4},{"damage":0,"enemies":"Shelled Parasite and Fungi","floor":29,"turns":3},{"damage":0,"enemies":"Gremlin Leader","floor":31,"turns":7},{"damage":44,"enemies":"Automaton","floor":33,"turns":10},{"damage":0,"enemies":"3 Shapes","floor":35,"turns":2},{"damage":0,"enemies":"Orb Walker","floor":36,"turns":2},{"damage":0,"enemies":"Jaw Worm Horde","floor":38,"turns":2},{"damage":0,"enemies":"3 Darklings","floor":39,"turns":2},{"damage":80,"enemies":"Giant Head","floor":42,"turns":9}],"seed_played":"8121385294122653639","potions_obtained":[{"floor":1,"key":"ColorlessPotion"},{"floor":7,"key":"Swift Potion"},{"floor":8,"key":"GamblersBrew"},{"floor":17,"key":"sneckomod:MuddlingPotion"},{"floor":18,"key":"FearPotion"},{"floor":20,"key":"SteroidPotion"},{"floor":24,"key":"ColorlessPotion"},{"floor":35,"key":"GamblersBrew"},{"floor":38,"key":"bronze:BurnAndBuffPotion"}],"is_trial":false,"path_per_floor":["M","?","M","M","M","R","M","?","T","E","?","R","M","E","R","B",null,"M","$","M","M","?","R","E","?","T","$","R","M","R","E","R","B",null,"M","M","?","M","M","R","$","E"],"character_chosen":"THE_SILENT","items_purchased":["Chemical X","Oddly Smooth Stone","Acrobatics","reliquary:JackalopeAntler"],"campfire_rested":3,"item_purchase_floors":[19,27,27,41],"current_hp_per_floor":[66,66,64,64,64,64,64,49,49,48,48,48,48,34,55,40,75,53,53,47,38,24,48,37,37,37,37,61,63,63,65,65,23,80,80,80,76,76,76,76,76,0,0],"gold":13,"neow_bonus":"BOSS_RELIC","is_daily":false,"chose_seed":false,"campfire_upgraded":5,"win_rate":0.0,"timestamp":1613172639,"path_taken":["M","?","?","M","M","R","M","?","T","E","?","R","M","E","R","BOSS","M","$","M","M","?","R","E","?","T","$","R","M","R","E","R","BOSS","M","M","?","M","M","R","$","E"],"items_purchased_type":["Relic","Relic","Card","Relic"],"build_version":"2020-12-22","purchased_purges":0,"victory":false,"max_hp_per_floor":[70,70,70,70,70,70,70,70,70,70,70,70,70,70,70,70,75,75,75,75,75,80,80,80,80,80,80,80,80,80,80,80,80,80,80,80,76,76,76,76,76,76,76],"card_choices":[{"not_picked":["Poisoned Stab","Quick Slash"],"picked":"Well Laid Plans","floor":1},{"not_picked":["Flying Knee","Terror"],"picked":"Underhanded Strike","floor":3},{"not_picked":["Finisher","Blade Dance","Poisoned Stab"],"picked":"SKIP","floor":4},{"not_picked":["Dodge and Roll","Deflect"],"picked":"Quick Slash","floor":5},{"not_picked":["PiercingWail","Sucker Punch"],"picked":"Footwork","floor":7},{"not_picked":["Bane","Expertise"],"picked":"Corpse Explosion","floor":10},{"not_picked":["PiercingWail","Quick Slash","Bouncing Flask"],"picked":"SKIP","floor":13},{"not_picked":["Skewer","Poisoned Stab"],"picked":"Prepared","floor":14},{"not_picked":["A Thousand Cuts","Corpse Explosion"],"picked":"Bullet Time","floor":16},{"not_picked":["Dodge and Roll","Dash"],"picked":"Prepared","floor":17},{"not_picked":["Flying Knee+1","Deflect"],"picked":"Dodge and Roll+1","floor":18},{"not_picked":["Finisher","Caltrops"],"picked":"Adrenaline","floor":20},{"not_picked":["Deadly Poison+1","Flying Knee+1"],"picked":"Reflex+1","floor":21},{"not_picked":["Bouncing Flask","Corpse Explosion","Riddle With Holes+1"],"picked":"SKIP","floor":24},{"not_picked":["Blade Dance","Infinite Blades","Setup"],"picked":"SKIP","floor":29},{"not_picked":["Predator","Flying Knee","Dagger Spray"],"picked":"SKIP","floor":31},{"not_picked":["Adrenaline","After Image"],"picked":"Malaise","floor":33},{"not_picked":["Predator","Flechettes+1","Cloak And Dagger+1"],"picked":"SKIP","floor":35},{"not_picked":["Cloak And Dagger+1","Quick Slash","Deflect"],"picked":"SKIP","floor":36},{"not_picked":["Slice+1","Outmaneuver","Endless Agony"],"picked":"SKIP","floor":38},{"not_picked":["Noxious Fumes","Doppelganger"],"picked":"Concentrate+1","floor":39}],"player_experience":497557,"relics_obtained":[{"floor":8,"key":"Odd Mushroom"},{"floor":9,"key":"reliquary:TridentHead"},{"floor":10,"key":"reliquary:PrincelyHelmet"},{"floor":14,"key":"Letter Opener"},{"floor":24,"key":"Blood Vial"},{"floor":31,"key":"Tingsha"}],"event_choices":[{"damage_healed":0,"gold_gain":0,"player_choice":"Forge","damage_taken":0,"max_hp_gain":0,"max_hp_loss":0,"event_name":"Accursed Blacksmith","floor":2,"gold_loss":0,"cards_upgraded":["Well Laid Plans"]},{"damage_healed":0,"gold_gain":0,"player_choice":"Fought Mushrooms","damage_taken":0,"max_hp_gain":0,"max_hp_loss":0,"event_name":"Mushrooms","floor":8,"gold_loss":0},{"damage_healed":0,"gold_gain":0,"player_choice":"Ignored","damage_taken":0,"max_hp_gain":0,"max_hp_loss":0,"event_name":"Liars Game","floor":11,"gold_loss":0},{"damage_healed":0,"gold_gain":0,"player_choice":"Shed Blood","damage_taken":19,"max_hp_gain":5,"max_hp_loss":0,"event_name":"Forgotten Altar","floor":22,"gold_loss":0},{"damage_healed":0,"gold_gain":0,"player_choice":"Obtained Relic","damage_taken":0,"relics_obtained":["reliquary:Buckler"],"max_hp_gain":0,"max_hp_loss":0,"event_name":"Addict","floor":25,"gold_loss":85},{"damage_healed":0,"gold_gain":0,"player_choice":"Max HP","damage_taken":0,"max_hp_gain":0,"max_hp_loss":4,"event_name":"Winding Halls","floor":37,"gold_loss":0}],"is_beta":false,"boss_relics":[{"not_picked":["Ectoplasm","Busted Crown"],"picked":"Tiny House"},{"not_picked":["reliquary:Ember","Velvet Choker"],"picked":"bronze:MakeshiftBattery"}],"items_purged_floors":[],"is_endless":false,"potions_floor_spawned":[1,7,8,18,20,24,35,38],"killed_by":"Giant Head","ascension_level":4}}