{"host":"9czo1ewqehy3yunx","time":1613110794,"event":{"mods":["Act Like it!","BaseMod","CapriCore","Colored Powertips","DeckTracker","GifTheSpireLib","GungeonMod","Hermit","Keyboard Shortcuts","Koishi","Lobotomy","Marisa£¨Ùöéë¡¡Øª×âÞÞ£©","Minty Spire (QoL Compilation)","Permanent Neow","Quick Restart","StSLib","SuperFastMode","The Bug Knight","The Cursed","The Hierophant","The Immortal","The Jungle","The Poker Player","The Runesmith"],"gold_per_floor":[115,134,144,158,168,168,27,43,43,43,58,88,88,155,155,254,254,271,353,97,97,97,97,117,117,117],"floor_reached":25,"language":"KOR","playtime":1217,"items_purged":[],"score":253,"play_id":"3bf1575a-a635-4ea3-8343-8f5daaebf059","local_time":"20210212151954","is_ascension_mode":false,"campfire_choices":[{"data":"DemoMod:BSG","floor":6,"key":"SMITH"},{"data":"DemoMod:PotionOfGunFriendShip","floor":10,"key":"SMITH"},{"data":"DemoMod:MachoBrace","floor":13,"key":"SMITH"},{"data":"DemoMod:MachoBrace","floor":15,"key":"SMITH"},{"data":"DemoMod:BlankBullets","floor":23,"key":"SMITH"}],"circlet_count":0,"master_deck":["DemoMod:Defend_Huntress","DemoMod:Roll","DemoMod:ManualReload","DemoMod:RustySidearm","DemoMod:CrossBow","DemoMod:HuntsMan","DemoMod:DirectionalPad","DemoMod:LifeOrb","DemoMod:BSG+1","DemoMod:MegaHand","DemoMod:StickyCrossBow","DemoMod:PotionOfGunFriendShip+1","DemoMod:AWP","DemoMod:MachoBrace+1","DemoMod:MachoBrace+1","DemoMod:BlankBullets+1","DemoMod:CombinedRifle+1","DemoMod:Desperate+1","DemoMod:DarkMarker+1","DemoMod:BattleInHaste+1","DemoMod:HungryBullets","DemoMod:EasyReloadBullets","DemoMod:TripleGun","Bite","Bite","Bite","Bite","Bite","DemoMod:Unity+1"],"relics":["DemoMod:Dog","DemoMod:GnawedKey","InkBottle","DemoMod:JetPack","Astrolabe","Shuriken","DemoMod:PortableTableDevice","DemoMod:Ammonomicon"],"acts_visited":["Exordium","TheCity"],"potions_floor_usage":[],"damage_taken":[{"damage":0,"enemies":"Cultist","floor":1,"turns":3},{"damage":0,"enemies":"2 Louse","floor":2,"turns":2},{"damage":1,"enemies":"Jaw Worm","floor":3,"turns":4},{"damage":12,"enemies":"Red Slaver","floor":4,"turns":2},{"damage":10,"enemies":"Looter","floor":5,"turns":3},{"damage":0,"enemies":"Lots of Slimes","floor":8,"turns":1},{"damage":0,"enemies":"Blue Slaver","floor":11,"turns":2},{"damage":0,"enemies":"Gremlin Nob","floor":12,"turns":3},{"damage":20,"enemies":"The Guardian","floor":16,"turns":10},{"damage":17,"enemies":"Chosen","floor":18,"turns":4},{"damage":6,"enemies":"Snecko","floor":19,"turns":6},{"damage":26,"enemies":"Snecko","floor":24,"turns":5},{"damage":31,"enemies":"Snake Plant","floor":25,"turns":3}],"seed_played":"6885795221259591898","potions_obtained":[{"floor":1,"key":"DistilledChaos"},{"floor":2,"key":"Explosive Potion"},{"floor":5,"key":"DemoMod:LeadSkinPotion"},{"floor":8,"key":"Fire Potion"}],"is_trial":false,"path_per_floor":["M","M","M","M","M","R","$","M","T","R","M","E","R","?","R","B",null,"M","?","$","?","?","R","M","M"],"character_chosen":"HUNTRESS","items_purchased":["DemoMod:GnawedKey","DemoMod:PotionOfGunFriendShip","DemoMod:EasyReloadBullets","DemoMod:TripleGun","DemoMod:PortableTableDevice"],"campfire_rested":0,"item_purchase_floors":[7,7,20,20,20],"current_hp_per_floor":[70,70,69,57,47,47,47,47,47,47,47,47,47,47,47,27,70,53,47,47,47,47,47,25,0,0],"gold":117,"neow_bonus":"THREE_CARDS","is_daily":false,"chose_seed":false,"campfire_upgraded":5,"win_rate":0.0,"timestamp":1613110794,"path_taken":["M","M","M","M","M","R","$","M","T","R","M","E","R","?","R","BOSS","M","?","$","?","?","R","M","M"],"items_purchased_type":["Relic","Card","Card","Card","Relic"],"build_version":"2020-12-22","purchased_purges":0,"victory":false,"max_hp_per_floor":[70,70,70,70,70,70,70,70,70,70,70,70,70,70,70,70,70,70,70,70,70,49,49,49,49,49],"card_choices":[{"not_picked":["DemoMod:DoubleSwitch","DemoMod:GunstockTap"],"picked":"DemoMod:HuntsMan","floor":0},{"not_picked":["DemoMod:Unmoved","DemoMod:SAA"],"picked":"DemoMod:DirectionalPad","floor":1},{"not_picked":["DemoMod:BattleInHaste","DemoMod:MachoBrace"],"picked":"DemoMod:LifeOrb","floor":2},{"not_picked":["DemoMod:SpreadAmmo","DemoMod:LifeOrb"],"picked":"DemoMod:BSG","floor":3},{"not_picked":["DemoMod:PotionOfGunFriendShip","DemoMod:ProbeStrike"],"picked":"DemoMod:MegaHand","floor":4},{"not_picked":["DemoMod:JK47","DemoMod:SAA"],"picked":"DemoMod:StickyCrossBow","floor":5},{"not_picked":["DemoMod:ProbeStrike","DemoMod:Purify"],"picked":"DemoMod:AWP","floor":8},{"not_picked":["DemoMod:SAA","DemoMod:AC15"],"picked":"DemoMod:MachoBrace","floor":11},{"not_picked":["DemoMod:MegaHand","DemoMod:GunstockTap"],"picked":"DemoMod:MachoBrace","floor":12},{"not_picked":["DemoMod:FinishedGun","DemoMod:Eureka"],"picked":"DemoMod:BlankBullets","floor":16},{"not_picked":["DemoMod:HuntsMan+1","DemoMod:MegaHand"],"picked":"DemoMod:BattleInHaste+1","floor":18},{"not_picked":["DemoMod:RadGun","DemoMod:FeignSurrender"],"picked":"DemoMod:HungryBullets","floor":19},{"not_picked":["DemoMod:Ejector","DemoMod:Rummage"],"picked":"DemoMod:Unity+1","floor":24}],"player_experience":275349,"relics_obtained":[{"floor":9,"key":"InkBottle"},{"floor":12,"key":"DemoMod:JetPack"},{"floor":19,"key":"Shuriken"}],"event_choices":[{"damage_healed":0,"gold_gain":67,"player_choice":"Gained Gold","damage_taken":0,"max_hp_gain":0,"max_hp_loss":0,"event_name":"Golden Wing","floor":14,"gold_loss":0},{"damage_healed":0,"gold_gain":0,"player_choice":"Became a vampire","damage_taken":0,"max_hp_gain":0,"max_hp_loss":21,"event_name":"Vampires","floor":22,"gold_loss":0,"cards_obtained":["Bite","Bite","Bite","Bite","Bite"]}],"is_beta":false,"boss_relics":[{"not_picked":["Runic Pyramid","Philosopher\u0027s Stone"],"picked":"Astrolabe"}],"items_purged_floors":[],"is_endless":false,"potions_floor_spawned":[1,2,5,8,12],"killed_by":"Snake Plant","ascension_level":0}}