{"host":"v4tuy5ykrbdcm9o9","time":1613088037,"event":{"mods":["BaseMod","Duelist Mod","Minty Spire (QoL Compilation)","Replay The Spire","StSLib"],"gold_per_floor":[116,127,145,145,145,180,190,201,228,238,238,271,287,302,302,405,405,421,201,220,220,238,265,281,315,315,315,315],"floor_reached":27,"language":"ENG","playtime":5524,"items_purged":[],"score":377,"play_id":"8298f903-23bc-472a-96bc-5ff23f6bcb3e","local_time":"20210211190037","is_ascension_mode":true,"campfire_choices":[{"floor":11.0,"key":"REST"},{"floor":15.0,"key":"RECALL"}],"circlet_count":0,"master_deck":["Strike_P","Strike_P","Strike_P","Defend_P","Defend_P","Defend_P","Eruption","Vigilance","FlurryOfBlows","FollowUp","SashWhip","ForeignInfluence","Steam","ThirdEye","Wallop","Weave","Replay:ManipulateFuture","Vengeance","CutThroughFate","FlyingSleeves","Judgement","Halt+1","Replay:AtTheReady","Replay:Anticipation+1","WindmillStrike","CrushJoints+1","Prostrate","WaveOfTheHand"],"relics":["PureWater","ReplayFunnel","Omamori","Black Star","HandDrill","ReplayTheSpireMod:Ring of Challenge","Toy Ornithopter","Gremlin Food","Divine Protection","Potion Belt","Question Card"],"acts_visited":["Exordium","TheCity"],"potions_floor_usage":[23,24,25],"damage_taken":[{"damage":1.0,"enemies":"Cultist","floor":1.0,"turns":4.0},{"damage":0.0,"enemies":"2 Louse","floor":2.0,"turns":3.0},{"damage":2.0,"enemies":"Jaw Worm","floor":3.0,"turns":4.0},{"damage":33.0,"enemies":"Gremlin Nob","floor":6.0,"turns":3.0},{"damage":15.0,"enemies":"Exordium Thugs","floor":7.0,"turns":3.0},{"damage":1.0,"enemies":"3 Louse","floor":8.0,"turns":2.0},{"damage":0.0,"enemies":"2 Fungi Beasts","floor":10.0,"turns":2.0},{"damage":20.0,"enemies":"3 Sentries","floor":12.0,"turns":10.0},{"damage":0.0,"enemies":"Exordium Wildlife","floor":13.0,"turns":2.0},{"damage":2.0,"enemies":"3 Louse","floor":14.0,"turns":3.0},{"damage":20.0,"enemies":"The Guardian","floor":16.0,"turns":8.0},{"damage":0.0,"enemies":"Chosen","floor":18.0,"turns":4.0},{"damage":6.0,"enemies":"Shell Parasite","floor":20.0,"turns":6.0},{"damage":13.0,"enemies":"3 Cultists","floor":22.0,"turns":5.0},{"damage":21,"enemies":"Gremlin Leader","floor":23,"turns":6},{"damage":17,"enemies":"Snake Plant","floor":24,"turns":3},{"damage":8,"enemies":"theDuelist:KaibaA2","floor":25,"turns":3},{"damage":23,"enemies":"Gremlin Leader","floor":27,"turns":4}],"seed_played":"-8567398582647337533","potions_obtained":[{"floor":3.0,"key":"Toxic Potion"},{"floor":6.0,"key":"Regen Potion"},{"floor":12.0,"key":"Swift Potion"},{"floor":14.0,"key":"GamblersBrew"},{"floor":20.0,"key":"LifebloodPotion"},{"floor":22,"key":"Weak Potion"},{"floor":23,"key":"Weak Potion"},{"floor":24,"key":"Adrenaline Potion"}],"is_trial":false,"path_per_floor":["M","M","M","?","?","E","M","M","T","M","R","E","M","M","R","B",null,"M","$","M","?","M","E","M","E","T","E"],"character_chosen":"WATCHER","items_purchased":["Replay:AtTheReady","HandDrill","SpeedPotion"],"campfire_rested":1,"item_purchase_floors":[19,19,19],"current_hp_per_floor":[71,71,69,74,74,41,26,25,25,25,50,45,45,43,43,23,69,69,69,63,63,50,29,17,14,14,0,0],"gold":315,"neow_bonus":"TEN_PERCENT_HP_BONUS","is_daily":false,"chose_seed":false,"campfire_upgraded":0,"win_rate":0.0,"timestamp":1613088037,"path_taken":["M","M","M","?","?","E","M","M","T","M","R","E","M","M","R","BOSS","M","$","M","?","M","E","M","E","T","E"],"items_purchased_type":["Card","Relic","Potion"],"build_version":"2020-12-22","purchased_purges":0,"victory":false,"max_hp_per_floor":[79,79,79,84,84,84,84,84,84,84,84,84,84,84,84,84,84,84,84,84,84,84,84,84,84,84,84,84],"card_choices":[{"not_picked":["LikeWater","ReachHeaven"],"picked":"FlurryOfBlows","floor":1.0},{"not_picked":["Halt","ThirdEye"],"picked":"FollowUp","floor":2.0},{"not_picked":["Protect","Tantrum"],"picked":"SashWhip","floor":3.0},{"not_picked":["InnerPeace","Prostrate"],"picked":"ThirdEye","floor":6.0},{"not_picked":["JustLucky","SashWhip"],"picked":"Wallop","floor":7.0},{"not_picked":["ClearTheMind","Protect"],"picked":"Weave","floor":8.0},{"not_picked":["WaveOfTheHand","InnerPeace"],"picked":"Replay:ManipulateFuture","floor":10.0},{"not_picked":["WheelKick","MasterReality"],"picked":"Vengeance","floor":12.0},{"not_picked":["Replay:Hum","Halt"],"picked":"CutThroughFate","floor":13.0},{"not_picked":["Tantrum","PathToVictory"],"picked":"FlyingSleeves","floor":14.0},{"not_picked":["Devotion","MasterReality"],"picked":"Judgement","floor":16.0},{"not_picked":["PathToVictory+1","ClearTheMind+1"],"picked":"Halt+1","floor":18.0},{"not_picked":["Meditate","CutThroughFate"],"picked":"Replay:Anticipation+1","floor":20.0},{"not_picked":["CrushJoints","PathToVictory"],"picked":"WindmillStrike","floor":22},{"not_picked":["ClearTheMind+1","Devotion"],"picked":"CrushJoints+1","floor":23},{"not_picked":["Replay:AtTheReady","Evaluate"],"picked":"Prostrate","floor":24},{"not_picked":["SashWhip","Wish"],"picked":"WaveOfTheHand","floor":25}],"player_experience":828133,"relics_obtained":[{"floor":6.0,"key":"ReplayFunnel"},{"floor":12.0,"key":"Omamori"},{"floor":21.0,"key":"ReplayTheSpireMod:Ring of Challenge"},{"floor":23,"key":"Toy Ornithopter"},{"floor":23,"key":"Gremlin Food"},{"floor":25,"key":"Divine Protection"},{"floor":25,"key":"Potion Belt"},{"floor":26,"key":"Question Card"}],"event_choices":[{"damage_healed":0.0,"max_hp_gain":5.0,"max_hp_loss":0.0,"gold_gain":0.0,"event_name":"Big Fish","player_choice":"Donut","floor":4.0,"gold_loss":0.0,"damage_taken":0.0}],"is_beta":false,"boss_relics":[{"not_picked":["Fusion Hammer","Busted Crown"],"picked":"Black Star"}],"items_purged_floors":[],"is_endless":false,"potions_floor_spawned":[3,6,12,14,20,22,23,24],"killed_by":"Gremlin Leader","ascension_level":8}}