{"host":"m4ma59c07ng6aza7","time":1613107384,"event":{"mods":["2.2 Compatiblity","AchievementEnabler","Act Like it!","AlwaysNeverKeys","Aspiration","BaseMod","Better Altar","Better Note","Better Sensory Stone","Better Skull","Better Third Choice","BetterRewards","Block Reminder","Colored Map","Colored Powertips","Conspire","Curses Come First","Dark Map","DeckTracker","Defuse TimeMaze Blight","Energized Spire","GifTheSpireLib","Halation","Highlight Path","Hubris","Infinite Spire","Minty Spire (QoL Compilation)","Permanent Neow","Quick Restart","Rare Cards Sparkle","RatMod","Relic Filter","Relic Sorter","Relic Stats","Replay The Spire","Reworked Bosses","Shop Mod","Spikes Relics","StSLib","Stuff the Spire","SuperFastMode","The Alterego","The Blue Laboratory","The Sage","Uncapped","Unceasing Turn Reminder","UnlockEverythingMod","Waifu the Spire","egg"],"gold_per_floor":[110,56,56,56,74,74,88,104,129,129,144,17,31,57,57,152,152,141,141,161,161,161,161,179,212,290,290,250,275,295,28,28,126,126,140,140,154,154,35,61,15,25,25,25,40,73,92,107,107,107,107],"floor_reached":50,"language":"ENG","playtime":4501,"items_purged":["Strike_R","Strike_R"],"score":617,"play_id":"6aab3ba4-71a9-4433-b1d7-63f3d4417096","local_time":"20210211212304","is_ascension_mode":false,"campfire_choices":[{"floor":6,"key":"RECALL"},{"data":"Body Slam","floor":15,"key":"SMITH"},{"data":"Master of Strategy","floor":32,"key":"SMITH"},{"data":"Berserk","floor":44,"key":"SMITH"},{"data":"Warcry","floor":49,"key":"SMITH"}],"circlet_count":0,"master_deck":["Strike_R","Strike_R","Strike_R","Defend_R","Defend_R","Defend_R","Defend_R","Bash","Shrug It Off","Shrug It Off","Shrug It Off","infinitespire:Fortify","Shrug It Off","Body Slam+1","Barricade+1","Armaments+1","Iron Wave+1","Shrug It Off","hubris:ReadiedAction","Master of Strategy+1","Berserk+1","Warcry+1","Seeing Red+1"],"relics":["Burning Blood","aspiration:BabyByrd","aspiration:ArtOfWarUpgrade","energizedSpire:NeverEndingSparkler","halation:PinkSoulGem","hubris:Icosahedron","Replay:Accelerometer","Rawhide","rat:KircheisShard","Black Star","RoseTintedShades","hubris:Spice","MerchantsRug","halation:PromiseList","hubris:Potato","Iron Hammer","ReplayTheSpireMod:Spearhead","Omamori"],"acts_visited":["Exordium","TheCity","TheBeyond"],"potions_floor_usage":[50,50],"damage_taken":[{"damage":6,"enemies":"Cultist","floor":1,"turns":7},{"damage":7,"enemies":"2 Louse","floor":5,"turns":3},{"damage":3,"enemies":"Small Slimes","floor":7,"turns":5},{"damage":2,"enemies":"Looter","floor":8,"turns":4},{"damage":0,"enemies":"Blue Slaver","floor":11,"turns":5},{"damage":26,"enemies":"Exordium Wildlife","floor":13,"turns":9},{"damage":35,"enemies":"Gremlin Nob","floor":14,"turns":6},{"damage":21,"enemies":"Fading Forest","floor":16,"turns":11},{"damage":22,"enemies":"2 Thieves","floor":18,"turns":4},{"damage":0,"enemies":"Chosen","floor":20,"turns":8},{"damage":0,"enemies":"conspire:HollyBat","floor":24,"turns":6},{"damage":3,"enemies":"conspire:SneckoGhost","floor":25,"turns":11},{"damage":4,"enemies":"conspire:Head Lice","floor":29,"turns":5},{"damage":1,"enemies":"Centurion and Healer","floor":30,"turns":7},{"damage":5,"enemies":"conspire:MysteriousRune","floor":33,"turns":7},{"damage":11,"enemies":"3 Darklings","floor":35,"turns":14},{"damage":1,"enemies":"3 Shapes","floor":37,"turns":4},{"damage":0,"enemies":"R_Hoarder","floor":40,"turns":8},{"damage":0,"enemies":"Maw","floor":42,"turns":6},{"damage":0,"enemies":"4 Shapes","floor":45,"turns":5},{"damage":55,"enemies":"Reptomancer","floor":46,"turns":7},{"damage":0,"enemies":"Writhing Mass","floor":47,"turns":3},{"damage":0,"enemies":"Maw","floor":48,"turns":6},{"damage":57,"enemies":"infinitespire:MassOfShapes","floor":50,"turns":19}],"seed_played":"2119396923024661372","potions_obtained":[{"floor":5,"key":"blueLaboratory:EnragingPotion"},{"floor":11,"key":"SteroidPotion"},{"floor":14,"key":"blueLaboratory:TrueEctoplasm"},{"floor":16,"key":"Explosive Potion"},{"floor":18,"key":"Elixir"},{"floor":29,"key":"blueLaboratory:LouseDecoction"},{"floor":45,"key":"Block Potion"},{"floor":47,"key":"sagemod:Wine"},{"floor":48,"key":"DistilledChaos"}],"is_trial":false,"path_per_floor":["M","$","?","?","M","R","M","M","T","?","M","$","M","E","R","B",null,"M","?","M","?","?","R","M","E","T","R","?","E","M","$","R","B",null,"M","T","M","?","$","E","$","M","T","R","M","E","M","M","R","B"],"character_chosen":"IRONCLAD","items_purchased":["Shrug It Off","Body Slam","Master of Strategy","MerchantsRug","Warcry"],"campfire_rested":0,"item_purchase_floors":[2,12,31,39,41],"current_hp_per_floor":[80,80,60,60,59,59,62,66,66,71,77,77,57,28,28,25,85,69,69,75,75,75,75,81,84,84,84,84,85,85,85,85,85,85,80,80,85,93,93,93,93,93,93,93,93,44,50,56,56,0,0],"gold":107,"neow_bonus":"THREE_CARDS","is_daily":false,"chose_seed":false,"campfire_upgraded":4,"win_rate":0.0,"timestamp":1613107384,"path_taken":["M","?","?","?","M","R","M","M","T","?","M","?","M","E","R","BOSS","M","?","M","?","?","R","?","E","T","R","?","E","M","$","R","BOSS","M","?","M","?","$","E","$","?","T","R","M","E","M","M","R","BOSS"],"items_purchased_type":["Card","Card","Card","Relic","Card"],"build_version":"2020-12-22","purchased_purges":2,"victory":false,"max_hp_per_floor":[80,80,80,80,80,80,80,80,80,85,85,85,85,85,85,85,85,85,85,85,85,85,85,85,85,85,85,85,85,85,85,85,85,85,85,85,85,93,93,93,93,93,93,93,93,93,93,93,93,93,93],"relic_stats":{"counters":[24,170],"Black Star":2,"obtain_stats":[{"Replay:Accelerometer":25,"MerchantsRug":39,"Rawhide":26,"RoseTintedShades":36,"Omamori":46,"Burning Blood":0,"ReplayTheSpireMod:Spearhead":46,"hubris:Icosahedron":22,"aspiration:BabyByrd":4,"energizedSpire:NeverEndingSparkler":17,"hubris:Spice":38,"rat:KircheisShard":29,"aspiration:ArtOfWarUpgrade":27,"Iron Hammer":43,"Art of War":14,"Black Star":34,"halation:PromiseList":40,"halation:PinkSoulGem":21,"hubris:Potato":40},{"Replay:Accelerometer":12,"MerchantsRug":17,"Rawhide":12,"RoseTintedShades":16,"Omamori":21,"Burning Blood":0,"ReplayTheSpireMod:Spearhead":21,"hubris:Icosahedron":10,"aspiration:BabyByrd":1,"energizedSpire:NeverEndingSparkler":8,"hubris:Spice":17,"rat:KircheisShard":13,"aspiration:ArtOfWarUpgrade":12,"Iron Hammer":19,"Art of War":7,"Black Star":15,"halation:PromiseList":18,"halation:PinkSoulGem":10,"hubris:Potato":18},{"Replay:Accelerometer":79,"MerchantsRug":116,"Rawhide":79,"RoseTintedShades":112,"Omamori":142,"Burning Blood":0,"ReplayTheSpireMod:Spearhead":142,"hubris:Icosahedron":62,"aspiration:BabyByrd":7,"energizedSpire:NeverEndingSparkler":50,"hubris:Spice":116,"rat:KircheisShard":84,"aspiration:ArtOfWarUpgrade":79,"Iron Hammer":130,"Art of War":39,"Black Star":98,"halation:PromiseList":124,"halation:PinkSoulGem":62,"hubris:Potato":124}],"Burning Blood":113},"card_choices":[{"not_picked":["hubris:ReadiedAction","Warcry"],"picked":"Shrug It Off","floor":0},{"not_picked":["ReplayTheSpireMod:Corrosion Curse","True Grit"],"picked":"Shrug It Off","floor":1},{"not_picked":["infinitespire:Punishment","ReplayTheSpireMod:Chaos Vortex"],"picked":"infinitespire:Fortify","floor":3},{"not_picked":["Havoc","Sword Boomerang","Blood for Blood"],"picked":"SKIP","floor":5},{"not_picked":["StuffTheSpire:RagingBull","Run Through","BarbarianYell"],"picked":"SKIP","floor":7},{"not_picked":["Blood for Blood","hubris:ReadiedAction","Replay:Undeath\u0027s Touch"],"picked":"SKIP","floor":8},{"not_picked":["Immolate","StuffTheSpire:Incineration"],"picked":"Shrug It Off","floor":11},{"not_picked":["Sword Boomerang","Run Through","Inflame"],"picked":"SKIP","floor":13},{"not_picked":["conspire:HitWhereItHurts","Invigoration","Headbutt"],"picked":"SKIP","floor":14},{"not_picked":["Limit Break","Feed"],"picked":"Barricade","floor":16},{"not_picked":["Life Link+1","StuffTheSpire:Incineration","StuffTheSpire:RagingBull"],"picked":"SKIP","floor":18},{"not_picked":["Havoc","Second Wind"],"picked":"Armaments+1","floor":20},{"not_picked":["StuffTheSpire:RockThrow","Demon Form"],"picked":"Iron Wave+1","floor":24},{"not_picked":["Twin Strike+1","Replay:Undeath\u0027s Touch","Power Through"],"picked":"SKIP","floor":25},{"not_picked":["Twin Strike+1","Life Link"],"picked":"Shrug It Off","floor":29},{"not_picked":["StuffTheSpire:RockThrow","Replay:Many Hands"],"picked":"hubris:ReadiedAction","floor":30},{"not_picked":["Limit Break","Eclipse"],"picked":"Berserk","floor":33},{"not_picked":["StuffTheSpire:Slingshot","StuffTheSpire:Incineration","Pommel Strike+1"],"picked":"SKIP","floor":35},{"not_picked":["Anger+1","Battle Trance+1","Abandon+1"],"picked":"SKIP","floor":37},{"not_picked":["ReplayTheSpireMod:Strike From Hell","Clash+1","hubris:CleavingFinish+1"],"picked":"SKIP","floor":40},{"not_picked":["Havoc","Wild Strike+1","Thunderclap"],"picked":"SKIP","floor":42},{"not_picked":["Headbutt+1","ReplayTheSpireMod:Limb From Limb","Thunderclap"],"picked":"SKIP","floor":45},{"not_picked":["Wild Strike","Replay:Many Hands","Thunderclap+1"],"picked":"SKIP","floor":46},{"not_picked":["Intimidate","Carnage"],"picked":"Seeing Red+1","floor":47},{"not_picked":["Rupture+1","Perfected Strike+1","Clash+1"],"picked":"SKIP","floor":48}],"player_experience":45827,"relics_obtained":[{"floor":14,"key":"Art of War"},{"floor":25,"key":"Replay:Accelerometer"},{"floor":26,"key":"Rawhide"},{"floor":29,"key":"rat:KircheisShard"},{"floor":36,"key":"RoseTintedShades"},{"floor":40,"key":"halation:PromiseList"},{"floor":40,"key":"hubris:Potato"},{"floor":43,"key":"Iron Hammer"},{"floor":46,"key":"ReplayTheSpireMod:Spearhead"},{"floor":46,"key":"Omamori"}],"event_choices":[{"damage_healed":0,"gold_gain":0,"player_choice":"Donut","damage_taken":0,"max_hp_gain":5,"max_hp_loss":0,"event_name":"Big Fish","floor":10,"gold_loss":0},{"damage_healed":0,"gold_gain":0,"player_choice":"Ignored","damage_taken":0,"max_hp_gain":0,"max_hp_loss":0,"event_name":"betterNote:BetterNote","floor":19,"gold_loss":0,"cards_obtained":["Voices"]},{"damage_healed":0,"gold_gain":0,"player_choice":"Upgrade","damage_taken":0,"max_hp_gain":0,"max_hp_loss":0,"event_name":"Designer","floor":28,"gold_loss":40,"cards_upgraded":["Barricade"]},{"damage_healed":0,"gold_gain":0,"player_choice":"Gave Potion","damage_taken":0,"relics_obtained":["hubris:Spice"],"max_hp_gain":0,"max_hp_loss":0,"event_name":"WeMeetAgain","floor":38,"gold_loss":0}],"is_beta":false,"boss_relics":[{"not_picked":["hubris:CrackedHourglass","energizedSpire:StickyHand"],"picked":"energizedSpire:NeverEndingSparkler"},{"not_picked":["hubris:Stopwatch","aspiration:RunicSpoon"],"picked":"Black Star"}],"items_purged_floors":[12,31],"is_endless":false,"potions_floor_spawned":[5,11,14,16,18,25,29,45,47,48],"killed_by":"infinitespire:MassOfShapes","ascension_level":0}}