{"host":"onk0sru1v5nf4gev","time":1613163861,"event":{"mods":["AchievementEnabler","BaseMod","Downfall","Googly Eyes","Hermit","Minty Spire (QoL Compilation)","Quick Restart","Replay The Spire","StSLib","SuperFastMode","The Cursed"],"gold_per_floor":[115,115,115,115,135,135,170,186,236,236,252,221,245,268,268,268,268],"floor_reached":16,"language":"FRA","playtime":425,"items_purged":[],"score":102,"play_id":"de5c3742-a078-4269-b808-f4ccd142d923","local_time":"20210212220421","is_ascension_mode":false,"campfire_choices":[{"data":"Zap","floor":6,"key":"SMITH"},{"data":"Dualcast","floor":10,"key":"SMITH"},{"data":"Go for the Eyes","floor":15,"key":"SMITH"}],"circlet_count":0,"master_deck":["Strike_B","Strike_B","Strike_B","Defend_B","Defend_B","Defend_B","Defend_B","Zap+1","Dualcast+1","Sunder","Electrodynamics+1","Go for the Eyes+1","Ball Lightning","Conserve Battery","Sweeping Beam","Multi-Cast"],"relics":["bronze:MakeshiftBattery","Golden Idol","Bag of Marbles"],"acts_visited":["Exordium"],"potions_floor_usage":[7,14],"damage_taken":[{"damage":6,"enemies":"Jaw Worm","floor":1,"turns":3},{"damage":0,"enemies":"Small Slimes","floor":5,"turns":2},{"damage":16,"enemies":"Lagavulin","floor":7,"turns":4},{"damage":0,"enemies":"Cultist","floor":8,"turns":1},{"damage":0,"enemies":"Looter","floor":11,"turns":2},{"damage":4,"enemies":"Blue Slaver","floor":13,"turns":2},{"damage":9,"enemies":"2 Fungi Beasts","floor":14,"turns":2},{"damage":42,"enemies":"The Guardian","floor":16,"turns":9}],"seed_played":"-4963606504736304366","potions_obtained":[{"floor":1,"key":"champ:CounterPotion"},{"floor":7,"key":"Strength Potion"}],"is_trial":false,"path_per_floor":["M","?","?","?","M","R","E","M","T","R","M","?","M","M","R","B"],"character_chosen":"DEFECT","items_purchased":[],"campfire_rested":0,"item_purchase_floors":[],"current_hp_per_floor":[69,69,69,69,69,69,53,53,53,53,53,53,49,40,40,0,0],"gold":268,"neow_bonus":"BOSS_RELIC","is_daily":false,"chose_seed":false,"campfire_upgraded":3,"win_rate":0.0,"timestamp":1613163861,"path_taken":["M","?","?","?","M","R","E","M","T","R","?","?","M","M","R","BOSS"],"items_purchased_type":[],"build_version":"2020-12-22","purchased_purges":0,"victory":false,"max_hp_per_floor":[75,69,69,69,69,69,69,69,69,69,69,69,69,69,69,69,69],"card_choices":[{"not_picked":["Loop","Beam Cell"],"picked":"Sunder","floor":1},{"not_picked":["Sweeping Beam","Chaos"],"picked":"Go for the Eyes","floor":5},{"not_picked":["Stack","Skim"],"picked":"Ball Lightning","floor":7},{"not_picked":["Aggregate","Barrage","Rebound"],"picked":"SKIP","floor":8},{"not_picked":["Undo","Barrage"],"picked":"Conserve Battery","floor":11},{"not_picked":["Panic Button","Rebound"],"picked":"Sweeping Beam","floor":13},{"not_picked":["ReplayGash","BasicCrystalCard"],"picked":"Multi-Cast","floor":14}],"player_experience":280059,"relics_obtained":[{"floor":7,"key":"Bag of Marbles"}],"event_choices":[{"damage_healed":0,"gold_gain":0,"player_choice":"Lose Max HP","damage_taken":0,"relics_obtained":["Golden Idol"],"max_hp_gain":0,"max_hp_loss":6,"event_name":"Golden Idol","floor":2,"gold_loss":0},{"damage_healed":0,"gold_gain":0,"player_choice":"Ignored","damage_taken":0,"max_hp_gain":0,"max_hp_loss":0,"event_name":"NoteForYourself","floor":4,"gold_loss":0},{"damage_healed":0,"gold_gain":0,"player_choice":"Left Gold","damage_taken":0,"max_hp_gain":0,"max_hp_loss":0,"event_name":"World of Goop","floor":12,"gold_loss":31}],"is_beta":false,"boss_relics":[],"items_purged_floors":[],"is_endless":false,"potions_floor_spawned":[1,7],"killed_by":"The Guardian","ascension_level":0}}