{"host":"1focbxb2e8qu7ccd","time":1613151727,"event":{"mods":["AchievementEnabler","BaseMod","Bestiary","Highlight Path","Minty Spire (QoL Compilation)","Relic Stats"],"gold_per_floor":[116,128,142,28,41,66,66,93,116,116,116,116,134,59,59,131,131,150,150,162,87,87,87,87,87],"floor_reached":24,"language":"ENG","playtime":1132,"items_purged":[],"score":508,"play_id":"6b565482-bcd7-4ddb-b945-4a6eac76f9bb","local_time":"20210212124207","is_ascension_mode":true,"campfire_choices":[{"data":"Glass Knife","floor":7.0,"key":"SMITH"},{"floor":10.0,"key":"REST"},{"data":"Dagger Spray","floor":12.0,"key":"SMITH"},{"floor":15.0,"key":"REST"},{"data":"Ghostly","floor":23,"key":"SMITH"}],"circlet_count":0,"master_deck":["AscendersBane","Strike_G","Defend_G","Defend_G","Defend_G","Defend_G","Survivor","Neutralize","Glass Knife+1","Noxious Fumes","Dagger Spray+1","Flying Knee","Blade Dance","Accuracy","Backflip","Deadly Poison","Catalyst","Blade Dance","Backflip","A Thousand Cuts","Ghostly+1","Ghostly","Ghostly"],"relics":["Ring of the Snake","Bag of Preparation","Anchor","Happy Flower","Runic Pyramid","Enchiridion"],"acts_visited":["Exordium","TheCity"],"potions_floor_usage":[16],"damage_taken":[{"damage":0.0,"enemies":"2 Louse","floor":1.0,"turns":3.0},{"damage":2.0,"enemies":"Jaw Worm","floor":2.0,"turns":3.0},{"damage":2.0,"enemies":"Small Slimes","floor":3.0,"turns":3.0},{"damage":16.0,"enemies":"Blue Slaver","floor":5.0,"turns":4.0},{"damage":13.0,"enemies":"3 Sentries","floor":6.0,"turns":7.0},{"damage":24.0,"enemies":"Gremlin Nob","floor":8.0,"turns":4.0},{"damage":4.0,"enemies":"Exordium Thugs","floor":13.0,"turns":3.0},{"damage":0,"enemies":"Slime Boss","floor":16,"turns":6},{"damage":0,"enemies":"Chosen","floor":18,"turns":4},{"damage":0,"enemies":"3 Byrds","floor":20,"turns":4},{"damage":36,"enemies":"Book of Stabbing","floor":24,"turns":6}],"seed_played":"-4692171277012986896","potions_obtained":[{"floor":1.0,"key":"Dexterity Potion"},{"floor":5.0,"key":"CultistPotion"},{"floor":13.0,"key":"CunningPotion"}],"is_trial":false,"path_per_floor":["M","M","M","$","M","E","R","E","T","R","?","R","M","?","R","B",null,"M","?","M","?","?","R","E"],"character_chosen":"THE_SILENT","items_purchased":["Accuracy","Backflip"],"campfire_rested":2,"item_purchase_floors":[4,4],"current_hp_per_floor":[59,57,55,55,39,26,26,2,2,20,13,13,9,9,27,27,52,52,31,31,31,30,30,0,0],"gold":87,"neow_bonus":"TRANSFORM_TWO_CARDS","is_daily":false,"chose_seed":false,"campfire_upgraded":3,"win_rate":0.0,"timestamp":1613151727,"path_taken":["M","M","M","$","M","E","R","E","T","R","?","R","M","?","R","BOSS","M","?","M","?","?","R","E"],"items_purchased_type":["Card","Card"],"build_version":"2020-12-22","purchased_purges":0,"victory":false,"max_hp_per_floor":[60,60,60,60,60,60,60,60,60,60,60,60,60,60,60,60,60,60,60,60,60,30,30,30,30],"relic_stats":{"Happy Flower":[7],"counters":[11,47],"Bag of Preparation":[12],"obtain_stats":[{"Anchor":8,"Happy Flower":9,"Enchiridion":19,"Bag of Preparation":6,"Ring of the Snake":0,"Runic Pyramid":17},{"Anchor":6,"Happy Flower":6,"Enchiridion":9,"Bag of Preparation":5,"Ring of the Snake":0,"Runic Pyramid":8},{"Anchor":24,"Happy Flower":24,"Enchiridion":37,"Bag of Preparation":20,"Ring of the Snake":0,"Runic Pyramid":33}],"Ring of the Snake":[22]},"card_choices":[{"not_picked":["Escape Plan","Bane"],"picked":"Dagger Spray","floor":1.0},{"not_picked":["Deflect","Deadly Poison"],"picked":"Flying Knee","floor":2.0},{"not_picked":["Dodge and Roll","Dagger Spray"],"picked":"Blade Dance","floor":3.0},{"not_picked":["Dagger Throw","Predator"],"picked":"Deadly Poison","floor":5.0},{"not_picked":["Noxious Fumes","Blade Dance"],"picked":"Catalyst","floor":6.0},{"not_picked":["Doppelganger","Sucker Punch"],"picked":"Blade Dance","floor":8.0},{"not_picked":["Deadly Poison","Flechettes"],"picked":"Backflip","floor":13.0},{"not_picked":["Malaise","Phantasmal Killer"],"picked":"A Thousand Cuts","floor":16},{"not_picked":["Flying Knee","Underhanded Strike","Bane"],"picked":"SKIP","floor":18},{"not_picked":["Dodge and Roll","Masterful Stab","Acrobatics"],"picked":"SKIP","floor":20}],"player_experience":943797,"relics_obtained":[{"floor":6.0,"key":"Bag of Preparation"},{"floor":8.0,"key":"Anchor"},{"floor":9.0,"key":"Happy Flower"},{"floor":19,"key":"Enchiridion"}],"event_choices":[{"cards_removed":["Strike_G"],"damage_healed":0.0,"max_hp_gain":0.0,"max_hp_loss":0.0,"gold_gain":0.0,"event_name":"Golden Wing","player_choice":"Card Removal","floor":11.0,"gold_loss":0.0,"damage_taken":7.0},{"cards_removed":["Strike_G"],"damage_healed":0.0,"max_hp_gain":0.0,"max_hp_loss":0.0,"gold_gain":0.0,"event_name":"The Cleric","player_choice":"Card Removal","floor":14.0,"gold_loss":75.0,"damage_taken":0.0},{"damage_healed":0,"gold_gain":0,"player_choice":"Obtained Book","damage_taken":21,"max_hp_gain":0,"max_hp_loss":0,"event_name":"Cursed Tome","floor":19,"gold_loss":0},{"cards_removed":["Strike_G"],"damage_healed":0,"gold_gain":0,"player_choice":"Gave Gold","damage_taken":0,"max_hp_gain":0,"max_hp_loss":0,"event_name":"Beggar","floor":21,"gold_loss":75},{"damage_healed":0,"gold_gain":0,"player_choice":"Became a Ghost","damage_taken":0,"max_hp_gain":0,"max_hp_loss":30,"event_name":"Ghosts","floor":22,"gold_loss":0,"cards_obtained":["Ghostly","Ghostly","Ghostly"]}],"is_beta":false,"boss_relics":[{"not_picked":["Tiny House","SlaversCollar"],"picked":"Runic Pyramid"}],"items_purged_floors":[],"is_endless":false,"potions_floor_spawned":[1,5,13],"killed_by":"Book of Stabbing","ascension_level":20}}