{"host":"ywif2ugnepgiw45s","time":1613172339,"event":{"mods":["Act Like it!","BaseMod","Better Skull","Downfall","Elementarium","GifTheSpireLib","Hermit","Lobotomy","Minty Spire (QoL Compilation)","READ ME - Guardian Mod","Shade Mod","Shop Mod","StSLib","The Cursed","The Exalted","The Jungle","The Servant 0.9.4"],"gold_per_floor":[113,127,138,313,313,344,362,362,362,362,44,44,54,86,86,191,191,210,210,61,61,78,78,105,105,153,166,196,215,250,264,264,360,360,377,427,438,37,50,75,75,75,98,98,98,110,110,124,124,124,124,124,24,52,52],"floor_reached":56,"language":"ENG","playtime":3216,"items_purged":["Shade:Strike_Shade","Flash of Steel"],"score":1369,"play_id":"db62d441-3584-4a2c-afd2-fc2ba9b5c940","local_time":"20210212182539","is_ascension_mode":true,"campfire_choices":[{"data":"Shade:AnimateDead","floor":8,"key":"SMITH"},{"data":"Shade:Brains","floor":10,"key":"SMITH"},{"data":"Shade:OneIsEnough","floor":15,"key":"SMITH"},{"data":"Shade:LichForm","floor":23,"key":"SMITH"},{"floor":25,"key":"REST"},{"data":"Shade:Putrefaction","floor":32,"key":"SMITH"},{"data":"1","floor":41,"key":"LIFT"},{"floor":44,"key":"RECALL"},{"data":"2","floor":47,"key":"LIFT"},{"data":"3","floor":49,"key":"LIFT"},{"data":"Shade:OminousRitual","floor":52,"key":"SMITH"}],"circlet_count":0,"master_deck":["Shade:Strike_Shade","Shade:Strike_Shade","Shade:Strike_Shade","Shade:Defend_Shade","Shade:Defend_Shade","Shade:Defend_Shade","Shade:Defend_Shade","Shade:AnimateDead+1","Shade:CarefulCut","Shade:WallOfFlesh","Shade:Brains+1","Shade:OpenGraves","Mayhem","Shade:OneIsEnough+1","Shade:LichForm+1","Shade:Bite_Shade","Shade:Putrefaction+1","Shade:Bite_Shade+1","Shade:Putrefaction","Shade:OpenGraves+1","Shade:SpectralStrikes+1","Shade:AncientSpear","Shade:Bonestorm+1","Shade:OminousRitual+1"],"relics":["Shade:YorickSkull","NeowsBlessing","Nunchaku","HornCleat","Thread and Needle","Sozu","Oddly Smooth Stone","MerchantsRug","Bird Faced Urn","Centennial Puzzle","Du-Vu Doll","Toy Ornithopter","Elementarium:ElementariumTrophy","Velvet Choker","Girya","ClockworkSouvenir","Bromod:ArcaneDeflection","Bromod:ArcanePulse","Akabeko"],"acts_visited":["Exordium","Exordium","TheBeyond","TheEnding"],"potions_floor_usage":[55,55],"damage_taken":[{"damage":0,"enemies":"Cultist","floor":1,"turns":1},{"damage":0,"enemies":"Jaw Worm","floor":2,"turns":1},{"damage":0,"enemies":"Small Slimes","floor":3,"turns":1},{"damage":7,"enemies":"3 Sentries","floor":6,"turns":13},{"damage":2,"enemies":"Looter","floor":7,"turns":4},{"damage":0,"enemies":"Blue Slaver","floor":13,"turns":4},{"damage":0,"enemies":"Lagavulin","floor":14,"turns":8},{"damage":0,"enemies":"Hexaghost","floor":16,"turns":10},{"damage":0,"enemies":"Elementarium:2_ELEMENTALS","floor":18,"turns":4},{"damage":0,"enemies":"Elementarium:MUD_AND_TAR_GOLEMS","floor":22,"turns":5},{"damage":40,"enemies":"Elementarium:FIRE_NOBILITY","floor":24,"turns":10},{"damage":1,"enemies":"Elementarium:VOID_CORRUPTION_AND_ORB_OF_FIRE","floor":27,"turns":6},{"damage":0,"enemies":"Elementarium:ElementalPortal","floor":28,"turns":8},{"damage":5,"enemies":"Elementarium:CYCLONE_AND_LIVING_STORMCLOUD","floor":29,"turns":6},{"damage":16,"enemies":"Elementarium:FIRE_NOBILITY","floor":30,"turns":8},{"damage":0,"enemies":"Elementarium:3_ELEMENTALS","floor":31,"turns":7},{"damage":2,"enemies":"Elementarium:GoldenDragon","floor":33,"turns":9},{"damage":0,"enemies":"3 Darklings","floor":35,"turns":5},{"damage":4,"enemies":"Mind Bloom Boss Battle","floor":36,"turns":6},{"damage":0,"enemies":"Orb Walker","floor":37,"turns":4},{"damage":4,"enemies":"3 Darklings","floor":39,"turns":5},{"damage":0,"enemies":"Giant Head","floor":40,"turns":8},{"damage":5,"enemies":"Transient","floor":46,"turns":5},{"damage":0,"enemies":"Maw","floor":48,"turns":6},{"damage":16,"enemies":"Donu and Deca","floor":50,"turns":8},{"damage":30,"enemies":"Shield and Spear","floor":54,"turns":6},{"damage":30,"enemies":"The Heart","floor":55,"turns":8}],"seed_played":"1728799630963690015","potions_obtained":[{"floor":2,"key":"bronze:BurnAndBuffPotion"},{"floor":16,"key":"SpeedPotion"}],"is_trial":false,"path_per_floor":["M","M","M","?","?","E","M","R","T","R","$","?","M","E","R","B",null,"M","?","$","$","M","R","E","R","T","M","E","M","E","M","R","B",null,"M","?","M","$","M","E","R","$","T","R","?","M","R","M","R","B",null,"R","$","E","B",null],"character_chosen":"SHADE","items_purchased":["Shade:OpenGraves","Mayhem","MerchantsRug","ClockworkSouvenir","Bromod:ArcaneDeflection"],"campfire_rested":1,"item_purchase_floors":[11,11,20,38,38],"current_hp_per_floor":[65,65,65,65,58,51,49,49,49,49,49,65,65,65,65,65,65,65,50,50,50,52,52,18,37,37,46,58,65,56,65,65,65,65,65,65,65,65,65,65,65,65,65,65,65,65,65,65,65,65,65,65,65,51,52],"gold":52,"neow_bonus":"THREE_ENEMY_KILL","is_daily":false,"chose_seed":false,"campfire_upgraded":6,"win_rate":0.0,"timestamp":1613172339,"path_taken":["M","M","?","?","?","E","M","R","T","R","$","?","?","E","R","BOSS","M","?","?","$","M","R","E","R","T","M","E","?","E","M","R","BOSS","M","?","M","$","M","E","R","$","T","R","?","?","R","M","R","BOSS","R","$","E","BOSS"],"items_purchased_type":["Card","Card","Relic","Relic","Relic"],"build_version":"2020-12-22","purchased_purges":2,"victory":true,"max_hp_per_floor":[65,65,65,65,65,65,65,65,65,65,65,65,65,65,65,65,65,65,65,65,65,65,65,65,65,65,65,65,65,65,65,65,65,65,65,65,65,65,65,65,65,65,65,65,65,65,65,65,65,65,65,65,65,65,65],"card_choices":[{"not_picked":["Shade:CoffinDance","Shade:ExtraLimbs","Shade:DangerousRitual"],"picked":"SKIP","floor":1},{"not_picked":["Shade:ScuttlingHand","Shade:FreshBones","Shade:CallOfTheGrave"],"picked":"SKIP","floor":2},{"not_picked":["Shade:GreyBargain","Shade:ExtraLimbs"],"picked":"Shade:WallOfFlesh","floor":3},{"not_picked":["Shade:WallOfFlesh","Shade:CallOfTheGrave","Shade:Consume"],"picked":"SKIP","floor":6},{"not_picked":["Shade:Premonition","Shade:CommandSoldier"],"picked":"Shade:Brains","floor":7},{"not_picked":["Shade:Premonition","Shade:CommandSoldier","Shade:CoffinDance"],"picked":"SKIP","floor":13},{"not_picked":["Shade:CoffinDance","Shade:Frenzy"],"picked":"Shade:OneIsEnough","floor":14},{"not_picked":["Shade:Putrefaction","Shade:LastGasp"],"picked":"Shade:LichForm","floor":16},{"not_picked":["Shade:GraveStillness","Shade:GoDigging"],"picked":"Shade:Bite_Shade","floor":18},{"not_picked":["Shade:SkeletonHug","Shade:ClawBack","Shade:Trample"],"picked":"SKIP","floor":22},{"not_picked":["Shade:FeralStrike","Shade:PressTheAttack","Shade:GraveStillness+1"],"picked":"SKIP","floor":24},{"not_picked":["Shade:Haruspicy+1","Shade:FuneraryArmor"],"picked":"Shade:Putrefaction","floor":27},{"not_picked":["Shade:FuneraryArmor","Shade:Trample"],"picked":"Shade:Bite_Shade+1","floor":28},{"not_picked":["Shade:SkeletonHug","Shade:PoundOfFlesh","Shade:StitchTogether"],"picked":"SKIP","floor":29},{"not_picked":["Shade:Awaken","Shade:FingerOfDeath","Shade:ExtraLimbs"],"picked":"SKIP","floor":30},{"not_picked":["Shade:FingerOfDeath","Shade:Doomsay","Shade:ScuttlingHand+1"],"picked":"SKIP","floor":31},{"not_picked":["Shade:OneIsEnough","Shade:LoseControl"],"picked":"Shade:Putrefaction","floor":33},{"not_picked":["Shade:SanguineRitual+1","Shade:Premonition"],"picked":"Shade:OpenGraves+1","floor":35},{"not_picked":["Shade:WallOfFlesh+1","Shade:Doomsay+1"],"picked":"Shade:SpectralStrikes+1","floor":36},{"not_picked":["Shade:PressTheAttack+1","Shade:Frenzy","Shade:GreyBargain+1"],"picked":"SKIP","floor":37},{"not_picked":["Shade:FreshBones","Shade:Awaken+1","Shade:GreyBargain"],"picked":"SKIP","floor":39},{"not_picked":["Shade:FingerOfDeath","Shade:BoneShards+1","Shade:FeralStrike"],"picked":"SKIP","floor":40},{"not_picked":["Shade:CoffinDance","Shade:GreyBargain+1"],"picked":"Shade:Bonestorm+1","floor":46},{"not_picked":["Shade:FingerOfDeath","Shade:RavenousHorde+1"],"picked":"Shade:OminousRitual","floor":48},{"not_picked":["Shade:SensePrey+1","Shade:AncientSpear+1","Shade:ClawBack"],"picked":"SKIP","floor":54}],"player_experience":1788700,"relics_obtained":[{"floor":6,"key":"Nunchaku"},{"floor":9,"key":"HornCleat"},{"floor":14,"key":"Thread and Needle"},{"floor":24,"key":"Bird Faced Urn"},{"floor":26,"key":"Centennial Puzzle"},{"floor":28,"key":"Du-Vu Doll"},{"floor":30,"key":"Toy Ornithopter"},{"floor":36,"key":"Girya"},{"floor":40,"key":"Bromod:ArcanePulse"},{"floor":54,"key":"Akabeko"}],"event_choices":[{"damage_healed":0,"gold_gain":175,"player_choice":"AGREE","damage_taken":0,"max_hp_gain":0,"max_hp_loss":0,"event_name":"Liars Game","floor":4,"gold_loss":0,"cards_obtained":["Doubt"]},{"cards_removed":["Doubt"],"damage_healed":0,"gold_gain":0,"player_choice":"Card Removal","damage_taken":7,"max_hp_gain":0,"max_hp_loss":0,"event_name":"Golden Wing","floor":5,"gold_loss":0},{"damage_healed":21,"gold_gain":0,"player_choice":"Banana","damage_taken":0,"max_hp_gain":0,"max_hp_loss":0,"event_name":"Big Fish","floor":12,"gold_loss":0},{"damage_healed":0,"gold_gain":0,"player_choice":"RE ","damage_taken":17,"relics_obtained":["Oddly Smooth Stone"],"max_hp_gain":0,"max_hp_loss":0,"event_name":"betterSkull:BetterSkull","floor":19,"gold_loss":0,"cards_upgraded":[]},{"damage_healed":0,"gold_gain":0,"player_choice":"Fight","damage_taken":0,"max_hp_gain":0,"max_hp_loss":0,"event_name":"MindBloom","floor":36,"gold_loss":0},{"damage_healed":0,"gold_gain":0,"player_choice":"2 cards matched","damage_taken":0,"max_hp_gain":0,"max_hp_loss":0,"event_name":"Match and Keep!","floor":45,"gold_loss":0,"cards_obtained":["Shade:AncientSpear","Flash of Steel"]}],"is_beta":false,"boss_relics":[{"not_picked":["Tiny House","Bromod:ArcaneBarrier"],"picked":"Sozu"},{"not_picked":["Snecko Eye","SacredBark"],"picked":"Velvet Choker"}],"items_purged_floors":[11,53],"is_endless":false,"potions_floor_spawned":[2,16,24,27,29,33,39,40,48],"ascension_level":1}}