{"host":"TheHustler","time":1613146669,"event":{"mods":["BaseMod","Block Reminder","Colored Map","Colored Powertips","Minty Spire (QoL Compilation)","Quick Restart","StSLib","SuperFastMode","Unceasing Turn Reminder"],"gold_per_floor":[114,114,1,1,16,16,46,61,136,136,136,151,166,181,181,281,281,296,395,410,425,440,440,440,440],"floor_reached":24,"language":"ENG","playtime":527,"items_purged":["Strike_R"],"score":200,"play_id":"fcbbdb81-a3d1-428c-9185-3876c027086e","local_time":"20210212171749","daily_mods":["Chimera","Purple Cards","DeadlyEvents"],"is_ascension_mode":false,"campfire_choices":[{"data":"Terror","floor":6,"key":"SMITH"},{"data":"Zap","floor":11,"key":"SMITH"},{"data":"Neutralize","floor":15,"key":"SMITH"},{"data":"Venomology","floor":23,"key":"SMITH"}],"circlet_count":0,"master_deck":["Bash","Survivor","Zap+1","Strike_B","Defend_R","Defend_G","Defend_P","Quick Slash","Dark Shackles","Neutralize+1","Bouncing Flask+1","Terror+1","Consecrate","Slice","Reflex","Venomology+1","Underhanded Strike","Dagger Spray"],"relics":["Ring of the Snake","Unceasing Top","Sundial","Empty Cage"],"acts_visited":["Exordium","TheCity"],"potions_floor_usage":[20,21,22,24],"damage_taken":[{"damage":2,"enemies":"Small Slimes","floor":1,"turns":3},{"damage":0,"enemies":"Cultist","floor":5,"turns":3},{"damage":13,"enemies":"Lagavulin","floor":7,"turns":4},{"damage":0,"enemies":"2 Louse","floor":8,"turns":2},{"damage":5,"enemies":"Exordium Wildlife","floor":12,"turns":3},{"damage":0,"enemies":"3 Louse","floor":13,"turns":2},{"damage":3,"enemies":"Blue Slaver","floor":14,"turns":2},{"damage":27,"enemies":"Hexaghost","floor":16,"turns":8},{"damage":8,"enemies":"Shell Parasite","floor":18,"turns":4},{"damage":0,"enemies":"Chosen","floor":20,"turns":4},{"damage":9,"enemies":"Centurion and Healer","floor":21,"turns":7},{"damage":16,"enemies":"Snake Plant","floor":22,"turns":5},{"damage":39,"enemies":"Slavers","floor":24,"turns":5}],"seed_played":"-8399458303924539785","potions_obtained":[{"floor":12,"key":"SpeedPotion"},{"floor":16,"key":"Explosive Potion"},{"floor":20,"key":"CunningPotion"},{"floor":22,"key":"Strength Potion"}],"is_trial":false,"path_per_floor":["M","?","$","?","M","R","E","M","T","$","R","M","M","M","R","B",null,"M","?","M","M","M","R","E"],"character_chosen":"THE_SILENT","items_purchased":["Bouncing Flask"],"campfire_rested":0,"item_purchase_floors":[3],"current_hp_per_floor":[68,68,68,68,68,68,55,55,55,55,55,50,50,47,47,20,70,62,62,62,53,37,37,0,0],"gold":440,"neow_bonus":"","is_daily":true,"chose_seed":false,"campfire_upgraded":4,"win_rate":0.0,"timestamp":1613146669,"path_taken":["M","?","?","?","M","R","E","M","T","$","R","M","M","M","R","BOSS","M","?","M","M","M","R","E"],"items_purchased_type":["Card"],"build_version":"2020-12-18","purchased_purges":1,"victory":false,"max_hp_per_floor":[70,70,70,70,70,70,70,70,70,70,70,70,70,70,70,70,70,70,70,70,70,70,70,70,70],"card_choices":[{"not_picked":["PiercingWail","Outmaneuver"],"picked":"Quick Slash","floor":1},{"not_picked":["Flying Knee","Crescendo"],"picked":"Terror","floor":5},{"not_picked":["Flying Knee","ClearTheMind","Outmaneuver"],"picked":"SKIP","floor":7},{"not_picked":["Evaluate","Deadly Poison"],"picked":"Consecrate","floor":8},{"not_picked":["DeusExMachina","Consecrate"],"picked":"Slice","floor":12},{"not_picked":["CutThroughFate","Halt"],"picked":"Reflex","floor":13},{"not_picked":["Halt","PathToVictory","FlurryOfBlows"],"picked":"SKIP","floor":14},{"not_picked":["Glass Knife","SpiritShield"],"picked":"Venomology","floor":16},{"not_picked":["Distraction","CrushJoints"],"picked":"Underhanded Strike","floor":18},{"not_picked":["ReachHeaven","Quick Slash","EmptyMind"],"picked":"SKIP","floor":20},{"not_picked":["All Out Attack","ThirdEye","SashWhip+1"],"picked":"SKIP","floor":21},{"not_picked":["SashWhip+1","Distraction"],"picked":"Dagger Spray","floor":22}],"player_experience":674603,"relics_obtained":[{"floor":7,"key":"Unceasing Top"},{"floor":9,"key":"Sundial"}],"event_choices":[{"damage_healed":0,"gold_gain":0,"player_choice":"2 cards matched","damage_taken":0,"max_hp_gain":0,"max_hp_loss":0,"event_name":"Match and Keep!","floor":2,"gold_loss":0,"cards_obtained":["Dark Shackles","Neutralize"]},{"damage_healed":0,"gold_gain":0,"player_choice":"Grow","damage_taken":0,"max_hp_gain":0,"max_hp_loss":0,"event_name":"Living Wall","floor":4,"gold_loss":0,"cards_upgraded":["Bouncing Flask"]},{"damage_healed":0,"gold_gain":99,"player_choice":"Stole From Cult","damage_taken":0,"max_hp_gain":0,"max_hp_loss":0,"event_name":"Nest","floor":19,"gold_loss":0}],"is_beta":true,"boss_relics":[{"not_picked":["Philosopher\u0027s Stone","Black Star"],"picked":"Empty Cage"}],"items_purged_floors":[3],"is_endless":false,"potions_floor_spawned":[12,16,20,22],"killed_by":"Slavers","ascension_level":0}}