{"host":"w14xfy17z3c5mpoi","time":1613162294,"event":{"mods":["AchievementEnabler","BaseMod","Minty Spire (QoL Compilation)","Relic Stats"],"gold_per_floor":[117,117,50,50,61,101,101,142,142,15,24,58,110,143,143,282,282,301,322,22,67,82,82,103,103,130,130,30,30,59,73,73,202,202,235,250,628,66,80,116,116,116,116,116,76,76,119,152,152,152],"floor_reached":51,"language":"ENG","playtime":2539,"items_purged":["Strike_R","Strike_R","Defend_R"],"score":1107,"play_id":"f7b48f68-676c-48fb-90ff-b3857a31e08d","local_time":"20210212153814","is_ascension_mode":true,"campfire_choices":[{"data":"Bloodletting","floor":7,"key":"SMITH"},{"data":"Rampage","floor":15,"key":"SMITH"},{"data":"Ghostly","floor":23,"key":"SMITH"},{"data":"Double Tap","floor":25,"key":"SMITH"},{"data":"Ghostly","floor":29,"key":"SMITH"},{"floor":32,"key":"REST"},{"data":"Ghostly","floor":41,"key":"SMITH"},{"data":"Ghostly","floor":42,"key":"SMITH"},{"data":"Ghostly","floor":44,"key":"SMITH"},{"data":"Impervious","floor":46,"key":"SMITH"},{"floor":49,"key":"REST"}],"circlet_count":0,"master_deck":["Strike_R+1","Strike_R","Strike_R+1","Defend_R","Defend_R","Defend_R","Bash","Iron Wave","Iron Wave","Bloodletting+1","Immolate","Injury","Rampage+1","Twin Strike","Thunderclap","Double Tap+1","Pommel Strike","Ghostly+1","Ghostly+1","Ghostly+1","Ghostly+1","Ghostly+1","Heavy Blade+1","Impervious+1","Disarm+1","Cleave+1","Parasite","Iron Wave+1"],"relics":["Black Blood","NeowsBlessing","StoneCalendar","CeramicFish","Shuriken","HornCleat","Golden Idol","Odd Mushroom","Juzu Bracelet","Runic Dome","Du-Vu Doll","Enchiridion","Old Coin","Akabeko","WingedGreaves","Bronze Scales","Letter Opener","Mercury Hourglass"],"acts_visited":["TheCity","TheBeyond"],"potions_floor_usage":[13,13,19,33,37,37,50,50,50],"damage_taken":[{"damage":0,"enemies":"2 Louse","floor":1,"turns":1},{"damage":0,"enemies":"Small Slimes","floor":5,"turns":1},{"damage":0,"enemies":"3 Sentries","floor":6,"turns":1},{"damage":43,"enemies":"Lagavulin","floor":8,"turns":10},{"damage":13,"enemies":"The Mushroom Lair","floor":12,"turns":2},{"damage":0,"enemies":"Gremlin Nob","floor":13,"turns":3},{"damage":0,"enemies":"Cultist","floor":14,"turns":3},{"damage":28,"enemies":"Hexaghost","floor":16,"turns":9},{"damage":17,"enemies":"2 Thieves","floor":18,"turns":2},{"damage":10,"enemies":"Spheric Guardian","floor":19,"turns":4},{"damage":6,"enemies":"Snake Plant","floor":22,"turns":5},{"damage":8,"enemies":"Shelled Parasite and Fungi","floor":24,"turns":6},{"damage":21,"enemies":"Centurion and Healer","floor":30,"turns":4},{"damage":2,"enemies":"Cultist and Chosen","floor":31,"turns":5},{"damage":3,"enemies":"Collector","floor":33,"turns":8},{"damage":3,"enemies":"3 Darklings","floor":35,"turns":3},{"damage":0,"enemies":"Orb Walker","floor":36,"turns":3},{"damage":16,"enemies":"2 Orb Walkers","floor":37,"turns":6},{"damage":10,"enemies":"Sphere and 2 Shapes","floor":39,"turns":6},{"damage":4,"enemies":"Reptomancer","floor":40,"turns":7},{"damage":3,"enemies":"Nemesis","floor":47,"turns":5},{"damage":26,"enemies":"Writhing Mass","floor":48,"turns":6},{"damage":33,"enemies":"Donu and Deca","floor":50,"turns":8}],"seed_played":"-6073713629060463960","potions_obtained":[{"floor":6,"key":"Explosive Potion"},{"floor":16,"key":"Block Potion"},{"floor":24,"key":"EssenceOfSteel"},{"floor":30,"key":"SteroidPotion"},{"floor":36,"key":"EssenceOfSteel"},{"floor":39,"key":"ColorlessPotion"},{"floor":40,"key":"Weak Potion"},{"floor":45,"key":"BlessingOfTheForge"},{"floor":45,"key":"GamblersBrew"}],"is_trial":false,"path_per_floor":["M","?","?","$","M","E","R","E","T","$","?","?","E","M","R","B",null,"M","M","$","?","M","R","M","R","T","?","$","R","M","M","R","B",null,"M","M","?","$","M","E","R","R","T","R","?","R","E","M","R","B",null],"character_chosen":"IRONCLAD","items_purchased":["ColorlessPotion","Du-Vu Doll","Pommel Strike","Akabeko","WingedGreaves"],"campfire_rested":2,"item_purchase_floors":[10,20,20,38,38],"current_hp_per_floor":[78,62,62,62,68,74,74,37,37,37,37,30,36,42,42,20,65,54,50,50,40,40,40,38,38,38,22,22,22,7,11,23,26,37,40,40,36,36,38,40,40,40,40,40,40,40,40,26,38,17],"gold":152,"neow_bonus":"THREE_ENEMY_KILL","is_daily":false,"chose_seed":false,"campfire_upgraded":9,"win_rate":0.0,"timestamp":1613162294,"path_taken":["M","?","?","$","?","E","R","E","T","?","?","?","E","M","R","BOSS","M","M","$","?","M","R","M","R","T","?","?","R","M","M","R","BOSS","M","M","?","$","M","E","R","R","T","R","?","R","E","M","R","BOSS"],"items_purchased_type":["Potion","Relic","Card","Relic","Relic"],"build_version":"2020-12-22","purchased_purges":3,"victory":true,"max_hp_per_floor":[80,80,80,80,80,80,80,80,80,80,80,80,80,80,80,80,80,80,80,80,40,40,40,40,40,40,40,40,40,40,40,40,40,40,40,40,40,40,40,40,40,40,40,40,40,40,40,40,40,40],"relic_stats":{"counters":[23,108],"Shuriken":[48],"Golden Idol":160,"CeramicFish":171,"Bronze Scales":[61],"Black Blood":153,"StoneCalendar":[224],"Juzu Bracelet":0,"Letter Opener":[25],"obtain_stats":[{"NeowsBlessing":0,"Golden Idol":11,"CeramicFish":6,"Enchiridion":27,"Black Blood":34,"StoneCalendar":3,"Juzu Bracelet":13,"Letter Opener":43,"Odd Mushroom":12,"Burning Blood":0,"Akabeko":38,"Old Coin":37,"Mercury Hourglass":47,"Du-Vu Doll":20,"Runic Dome":17,"HornCleat":9,"Shuriken":8,"Bronze Scales":40,"WingedGreaves":38},{"NeowsBlessing":0,"Golden Idol":4,"CeramicFish":3,"Enchiridion":12,"Black Blood":15,"StoneCalendar":1,"Juzu Bracelet":6,"Letter Opener":20,"Odd Mushroom":5,"Burning Blood":0,"Akabeko":18,"Old Coin":18,"Mercury Hourglass":21,"Du-Vu Doll":10,"Runic Dome":8,"HornCleat":4,"Shuriken":4,"Bronze Scales":20,"WingedGreaves":18},{"NeowsBlessing":0,"Golden Idol":13,"CeramicFish":3,"Enchiridion":47,"Black Blood":64,"StoneCalendar":1,"Juzu Bracelet":18,"Letter Opener":89,"Odd Mushroom":15,"Burning Blood":0,"Akabeko":76,"Old Coin":76,"Mercury Hourglass":94,"Du-Vu Doll":36,"Runic Dome":30,"HornCleat":13,"Shuriken":13,"Bronze Scales":89,"WingedGreaves":76}],"Mercury Hourglass":[42]},"card_choices":[{"not_picked":["Armaments","Rage"],"picked":"Iron Wave","floor":1},{"not_picked":["Sword Boomerang","Shrug It Off"],"picked":"Iron Wave","floor":5},{"not_picked":["Searing Blow","True Grit"],"picked":"Bloodletting","floor":6},{"not_picked":["Reckless Charge","Blood for Blood"],"picked":"Immolate","floor":8},{"not_picked":["Iron Wave","Dropkick"],"picked":"Rampage","floor":12},{"not_picked":["Uppercut","Shrug It Off"],"picked":"Twin Strike","floor":13},{"not_picked":["Body Slam","Carnage"],"picked":"Thunderclap","floor":14},{"not_picked":["Reaper","Offering"],"picked":"Double Tap","floor":16},{"not_picked":["Rage","Blood for Blood","Cleave"],"picked":"SKIP","floor":18},{"not_picked":["Perfected Strike","Anger+1","Wild Strike+1"],"picked":"SKIP","floor":19},{"not_picked":["True Grit+1","Pommel Strike","Flex+1"],"picked":"SKIP","floor":22},{"not_picked":["Infernal Blade","Sword Boomerang+1","Evolve"],"picked":"SKIP","floor":24},{"not_picked":["Armaments","Havoc"],"picked":"Heavy Blade+1","floor":30},{"not_picked":["Burning Pact","Flame Barrier","Evolve+1"],"picked":"SKIP","floor":31},{"not_picked":["Berserk","Bludgeon"],"picked":"Impervious","floor":33},{"not_picked":["Sentinel","Hemokinesis"],"picked":"Disarm+1","floor":35},{"not_picked":["Thunderclap","Spot Weakness+1","Ghostly Armor"],"picked":"SKIP","floor":36},{"not_picked":["Feel No Pain+1","Clothesline+1"],"picked":"Cleave+1","floor":37},{"not_picked":["Pommel Strike","True Grit","Clothesline"],"picked":"SKIP","floor":39},{"not_picked":["Flex","Fiend Fire","Rupture"],"picked":"SKIP","floor":40},{"not_picked":["Twin Strike","Thunderclap","Carnage"],"picked":"SKIP","floor":47},{"not_picked":["Warcry","Disarm"],"picked":"Iron Wave+1","floor":48}],"player_experience":640565,"relics_obtained":[{"floor":6,"key":"CeramicFish"},{"floor":8,"key":"Shuriken"},{"floor":9,"key":"HornCleat"},{"floor":12,"key":"Odd Mushroom"},{"floor":13,"key":"Juzu Bracelet"},{"floor":27,"key":"Enchiridion"},{"floor":37,"key":"Old Coin"},{"floor":40,"key":"Bronze Scales"},{"floor":43,"key":"Letter Opener"},{"floor":47,"key":"Mercury Hourglass"}],"event_choices":[{"damage_healed":0,"gold_gain":0,"player_choice":"Entered Light","damage_taken":16,"max_hp_gain":0,"max_hp_loss":0,"event_name":"Shining Light","floor":2,"gold_loss":0,"cards_upgraded":["Strike_R","Strike_R"]},{"damage_healed":0,"gold_gain":0,"player_choice":"Paid Gold","damage_taken":0,"relics_obtained":["StoneCalendar"],"max_hp_gain":0,"max_hp_loss":0,"event_name":"WeMeetAgain","floor":3,"gold_loss":67},{"damage_healed":0,"gold_gain":0,"player_choice":"Take Wound","damage_taken":0,"relics_obtained":["Golden Idol"],"max_hp_gain":0,"max_hp_loss":0,"event_name":"Golden Idol","floor":11,"gold_loss":0,"cards_obtained":["Injury"]},{"damage_healed":0,"gold_gain":0,"player_choice":"Fought Mushrooms","damage_taken":0,"max_hp_gain":0,"max_hp_loss":0,"event_name":"Mushrooms","floor":12,"gold_loss":0},{"damage_healed":0,"gold_gain":0,"player_choice":"Became a Ghost","damage_taken":0,"max_hp_gain":0,"max_hp_loss":40,"event_name":"Ghosts","floor":21,"gold_loss":0,"cards_obtained":["Ghostly","Ghostly","Ghostly","Ghostly","Ghostly"]},{"damage_healed":0,"gold_gain":0,"player_choice":"Obtained Book","damage_taken":16,"max_hp_gain":0,"max_hp_loss":0,"event_name":"Cursed Tome","floor":27,"gold_loss":0},{"damage_healed":0,"gold_gain":0,"player_choice":"Fight","damage_taken":0,"max_hp_gain":0,"max_hp_loss":0,"event_name":"Mysterious Sphere","floor":37,"gold_loss":0},{"damage_healed":0,"gold_gain":0,"player_choice":"Bought 3 Potions","damage_taken":0,"max_hp_gain":0,"max_hp_loss":0,"event_name":"The Woman in Blue","floor":45,"gold_loss":0}],"is_beta":false,"boss_relics":[{"not_picked":["Velvet Choker","Astrolabe"],"picked":"Runic Dome"},{"not_picked":["Tiny House","Sozu"],"picked":"Black Blood"}],"items_purged_floors":[10,28,38],"is_endless":false,"potions_floor_spawned":[6,16,24,30,36,39,40],"ascension_level":7}}