{"host":"s24sb66hw4a4sfft","time":1613120041,"event":{"mods":["AchievementEnabler","BaseMod","Colored Map","Colored Powertips","Googly Eyes","Hermit","Hubris","Minty Spire (QoL Compilation)","Quick Restart","Shop Mod","StSLib"],"gold_per_floor":[111,111,36,52,71,71,105,105,105,105,139,156,170,189,189,289,289,299,176,195,205,120,120,120,120],"floor_reached":24,"language":"ENG","playtime":1074,"items_purged":["hermit:Defend_Hermit","hermit:Strike_Hermit"],"score":208,"play_id":"0f0584fd-97be-4ce4-8c71-42fcbd676619","local_time":"20210212035401","is_ascension_mode":false,"campfire_choices":[{"data":"Apotheosis","floor":6.0,"key":"SMITH"},{"floor":10.0,"key":"REST"},{"floor":15.0,"key":"REST"}],"circlet_count":0,"master_deck":["hermit:Strike_Hermit","hermit:Strike_Hermit","hermit:Strike_Hermit","hermit:Defend_Hermit","hermit:Defend_Hermit","hermit:Defend_Hermit+1","hermit:Snapshot","hermit:Covet+1","Apotheosis+1","hermit:Snipe","hermit:Determination","hermit:Horror","hermit:FromBeyond","hermit:Headshot","hermit:ItchyTrigger","hermit:Grudge","hermit:RoundhouseKick","hermit:Enervate+1","hermit:Coalescence","hermit:EyeOfTheStorm+1","hermit:CursedWeapon+1","Deep Breath","hermit:Strike_Hermit"],"relics":["hermit:Momento","hubris:SphereOfDissonance","hubris:MysteriousPyramids","War Paint","hubris:TerracottaHorce","hubris:BottledRain"],"acts_visited":["Exordium","TheCity"],"potions_floor_usage":[],"damage_taken":[{"damage":12.0,"enemies":"2 Louse","floor":1.0,"turns":3.0},{"damage":0.0,"enemies":"Cultist","floor":4.0,"turns":3.0},{"damage":3.0,"enemies":"Jaw Worm","floor":5.0,"turns":2.0},{"damage":19.0,"enemies":"3 Sentries","floor":7.0,"turns":7.0},{"damage":2.0,"enemies":"Gremlin Nob","floor":11.0,"turns":3.0},{"damage":22.0,"enemies":"Gremlin Gang","floor":12.0,"turns":3.0},{"damage":25.0,"enemies":"3 Louse","floor":13.0,"turns":3.0},{"damage":0.0,"enemies":"2 Fungi Beasts","floor":14.0,"turns":3.0},{"damage":1.0,"enemies":"Slime Boss","floor":16.0,"turns":5.0},{"damage":13.0,"enemies":"Shell Parasite","floor":18.0,"turns":3.0},{"damage":4.0,"enemies":"2 Thieves","floor":20.0,"turns":3.0},{"damage":12.0,"enemies":"Snake Plant","floor":21.0,"turns":2.0},{"damage":30,"enemies":"Gremlin Leader","floor":24,"turns":1}],"seed_played":"-4035184887470259847","potions_obtained":[{"floor":5.0,"key":"AttackPotion"},{"floor":11.0,"key":"AttackPotion"},{"floor":12.0,"key":"Block Potion"},{"floor":14.0,"key":"EntropicBrew"},{"floor":16.0,"key":"Energy Potion"},{"floor":20.0,"key":"Block Potion"},{"floor":21.0,"key":"FearPotion"}],"is_trial":false,"path_per_floor":["M","?","$","M","M","R","E","?","T","R","E","M","M","M","R","B",null,"M","$","M","M","?","?","E"],"character_chosen":"HERMIT","items_purchased":["hermit:Coalescence"],"campfire_rested":2,"item_purchase_floors":[19],"current_hp_per_floor":[56,56,56,56,53,53,34,34,34,54,52,30,5,5,25,24,57,44,44,40,28,28,28,0,0],"gold":120,"neow_bonus":"RANDOM_COLORLESS_2","is_daily":false,"chose_seed":false,"campfire_upgraded":1,"win_rate":0.0,"timestamp":1613120041,"path_taken":["M","?","$","?","M","R","E","?","T","R","E","M","M","?","R","BOSS","M","$","?","M","?","?","E"],"items_purchased_type":["Card"],"build_version":"2020-12-22","purchased_purges":2,"victory":false,"max_hp_per_floor":[68,68,68,68,68,68,68,68,68,68,68,68,68,68,68,68,68,68,68,68,68,68,68,68,68],"card_choices":[{"not_picked":["Thinking Ahead","Violence"],"picked":"Apotheosis","floor":0.0},{"not_picked":["hermit:Dive","hermit:CalledShot","hermit:Snipe"],"picked":"SKIP","floor":1.0},{"not_picked":["hermit:Ricochet","hermit:LowProfile"],"picked":"hermit:Snipe","floor":4.0},{"not_picked":["hermit:BigShot","hermit:Feint"],"picked":"hermit:Determination","floor":5.0},{"not_picked":["hermit:WideOpen","hermit:Adapt"],"picked":"hermit:Horror","floor":7.0},{"not_picked":["hermit:LowProfile","hermit:Virtue"],"picked":"hermit:Headshot","floor":11.0},{"not_picked":["hermit:Dive","hermit:LowProfile"],"picked":"hermit:ItchyTrigger","floor":12.0},{"not_picked":["hermit:Feint","hermit:GhostlyPresence","hermit:BodyArmor"],"picked":"SKIP","floor":13.0},{"not_picked":["hermit:WideOpen","hermit:LuckOfTheDraw"],"picked":"hermit:Grudge","floor":14.0},{"not_picked":["hermit:Dissolve","hermit:Magnum"],"picked":"hermit:RoundhouseKick","floor":16.0},{"not_picked":["hermit:CalledShot","hermit:Spite"],"picked":"hermit:Enervate+1","floor":18.0},{"not_picked":["hermit:Deadeye+1","hermit:Snipe"],"picked":"hermit:EyeOfTheStorm+1","floor":20.0},{"not_picked":["hermit:Cheat","hermit:HoleUp"],"picked":"hermit:CursedWeapon+1","floor":21.0}],"player_experience":632385,"relics_obtained":[{"floor":7.0,"key":"hubris:SphereOfDissonance"},{"floor":9.0,"key":"hubris:MysteriousPyramids"},{"floor":11.0,"key":"War Paint"}],"event_choices":[{"damage_healed":0.0,"max_hp_gain":0.0,"max_hp_loss":0.0,"gold_gain":0.0,"event_name":"The Woman in Blue","player_choice":"Bought 0 Potions","floor":2.0,"gold_loss":0.0,"damage_taken":0.0},{"damage_healed":0.0,"max_hp_gain":0.0,"max_hp_loss":0.0,"gold_gain":0.0,"event_name":"Match and Keep!","player_choice":"1 cards matched","floor":8.0,"gold_loss":0.0,"damage_taken":0.0,"cards_obtained":["hermit:FromBeyond"]},{"damage_healed":0,"gold_gain":0,"player_choice":"Obtained Relic","damage_taken":0,"relics_obtained":["hubris:BottledRain"],"max_hp_gain":0,"max_hp_loss":0,"event_name":"Addict","floor":22,"gold_loss":85},{"damage_healed":0,"gold_gain":0,"player_choice":"2 cards matched","damage_taken":0,"max_hp_gain":0,"max_hp_loss":0,"event_name":"Match and Keep!","floor":23,"gold_loss":0,"cards_obtained":["Deep Breath","hermit:Strike_Hermit"]}],"is_beta":false,"boss_relics":[{"not_picked":["SacredBark","hubris:Stopwatch"],"picked":"hubris:TerracottaHorce"}],"items_purged_floors":[3,19],"is_endless":false,"potions_floor_spawned":[5,11,12,14,16,20,21],"killed_by":"Gremlin Leader","ascension_level":0}}