{"host":"d61fcf2p3sjwe6yo","time":1613119005,"event":{"mods":["Act Like it!","BaseMod","Colored Map","Hallownest","Minty Spire (QoL Compilation)","StSLib","SuperFastMode","The Bug Knight"],"gold_per_floor":[113,126,126,144,157,182,201,231,285,319,319,27,27,44,44,121,121,139,139,39,39,56,88,88,88],"floor_reached":24,"language":"ENG","playtime":2406,"items_purged":["HollowMod:NailStrikeStart","HollowMod:QuickDashStart"],"score":522,"play_id":"226de1eb-7b10-43ab-8c9d-e2b26ed1d1e7","local_time":"20210212113645","is_ascension_mode":true,"campfire_choices":[{"data":"HollowMod:CycloneSlash","floor":11,"key":"SMITH"},{"data":"HollowMod:SoulSplash","floor":13,"key":"SMITH"},{"data":"HollowMod:HerrahsAnger","floor":15,"key":"SMITH"}],"circlet_count":0,"master_deck":["AscendersBane","HollowMod:NailStrikeStart+1","HollowMod:NailStrikeStart","HollowMod:QuickDashStart","HollowMod:QuickDashStart+1","HollowMod:FocusHealStart","HollowMod:PogoStrike","HollowMod:CycloneSlash+1","HollowMod:NewLittleFool+1","HollowMod:DoubleDash","HollowMod:DungDefenderAura+1","HollowMod:HuntersJournal","HollowMod:DoubleDash","HollowMod:SoulSplash+1","HollowMod:HerrahsAnger+1","HollowMod:HerrahsAnger"],"relics":["HollowMod:VesselMask","Potion Belt","Hallownest:DreamNailRelic","Whetstone","HollowMod:KingsBrand","Bag of Marbles","Kunai","War Paint","Empty Cage","Hallownest:WatcherSealRelic","Nunchaku"],"acts_visited":["Hallownest:Greenpath","Hallownest:CityofTears"],"potions_floor_usage":[5,23,24,24],"damage_taken":[{"damage":0,"enemies":"Hallownest:monsterHuskGuard","floor":1,"turns":4},{"damage":3,"enemies":"Hallownest:2_Baldur","floor":2,"turns":5},{"damage":0,"enemies":"Hallownest:monsterHuskWarrior","floor":4,"turns":4},{"damage":2,"enemies":"Hallownest:monsterFoolEater","floor":5,"turns":8},{"damage":9,"enemies":"Hallownest:eliteVengeflyKing","floor":6,"turns":10},{"damage":4,"enemies":"Hallownest:Wandering_and_Horned","floor":7,"turns":5},{"damage":15,"enemies":"Hallownest:eliteMossKnight","floor":8,"turns":16},{"damage":0,"enemies":"Hallownest:eliteVengeflyKing","floor":10,"turns":11},{"damage":7,"enemies":"Hallownest:1_Baldur_1_Crawlid_1_Warrior","floor":14,"turns":6},{"damage":3,"enemies":"Hallownest:BossBrokenVessel","floor":16,"turns":12},{"damage":0,"enemies":"Hallownest:3_Youths","floor":18,"turns":7},{"damage":7,"enemies":"Hallownest:Guard_and_Sentry","floor":22,"turns":5},{"damage":0,"enemies":"Hallownest:Nosk","floor":23,"turns":12},{"damage":50,"enemies":"Hallownest:3_Mistakes","floor":24,"turns":5}],"seed_played":"3080832721496409735","potions_obtained":[{"floor":2,"key":"FearPotion"},{"floor":4,"key":"EssenceOfSteel"},{"floor":8,"key":"Swift Potion"},{"floor":14,"key":"Energy Potion"},{"floor":18,"key":"Fire Potion"}],"is_trial":false,"path_per_floor":["M","M","?","M","M","E","M","?","T","E","R","$","R","M","R","B",null,"M","?","$","?","M","E","M"],"character_chosen":"THE_BUGKNIGHT","items_purchased":["HollowMod:SoulSplash","War Paint"],"campfire_rested":0,"item_purchase_floors":[12,12],"current_hp_per_floor":[68,75,75,75,73,72,74,71,71,75,75,75,75,74,74,75,75,75,75,75,75,74,74,30,30],"gold":88,"neow_bonus":"RANDOM_COMMON_RELIC","is_daily":false,"chose_seed":false,"campfire_upgraded":3,"win_rate":0.0,"timestamp":1613119005,"path_taken":["M","?","?","?","M","E","M","?","T","E","R","$","R","M","R","BOSS","M","?","$","?","M","E","?"],"items_purchased_type":["Card","Relic"],"build_version":"2020-12-22","purchased_purges":2,"victory":false,"max_hp_per_floor":[75,75,75,75,75,75,75,75,75,75,75,75,75,75,75,75,75,75,75,75,75,75,75,75,75],"card_choices":[{"not_picked":["HollowMod:HeavyBlow","HollowMod:VengefulSpirit"],"picked":"HollowMod:CycloneSlash","floor":1},{"not_picked":["HollowMod:SoulVessel","HollowMod:VengefulVoid"],"picked":"HollowMod:NewLittleFool","floor":2},{"not_picked":["HollowMod:FastStrike","HollowMod:VengefulVoid"],"picked":"HollowMod:DoubleDash","floor":4},{"not_picked":["HollowMod:GrimmsGift","HollowMod:TaintedHusks"],"picked":"HollowMod:DungDefenderAura","floor":5},{"not_picked":["HollowMod:NewJinnsSoul","HollowMod:InfectedCysts","HollowMod:CornifersMapStart"],"picked":"SKIP","floor":6},{"not_picked":["HollowMod:MantisMark","HollowMod:InfectedAttack"],"picked":"HollowMod:HuntersJournal","floor":7},{"not_picked":["HollowMod:TaintedHusks","HollowMod:HowlingWraiths"],"picked":"HollowMod:DoubleDash","floor":8},{"not_picked":["HollowMod:CoiledNail","HollowMod:GrimmsGift","HollowMod:TaintedHusks"],"picked":"SKIP","floor":10},{"not_picked":["HollowMod:CoiledNail","HollowMod:GrimmsGift","HollowMod:TaintedHusks"],"picked":"SKIP","floor":10},{"not_picked":["HollowMod:DashSlash","HollowMod:SoulSplash"],"picked":"HollowMod:HerrahsAnger","floor":14},{"not_picked":["HollowMod:Hiveblood","HollowMod:MidwifesHunger"],"picked":"HollowMod:HerrahsAnger","floor":16},{"not_picked":["HollowMod:CoiledNail","HollowMod:InfectedCysts","HollowMod:ChannelNail"],"picked":"SKIP","floor":18},{"not_picked":["HollowMod:CornifersMapStart","HollowMod:ChannelNail","HollowMod:NewJinnsSoul"],"picked":"SKIP","floor":22},{"not_picked":["HollowMod:NewJinnsSoul","HollowMod:NewLittleFool+1","HollowMod:SiblingsSouls"],"picked":"SKIP","floor":23}],"player_experience":268484,"relics_obtained":[{"floor":6,"key":"Whetstone"},{"floor":8,"key":"HollowMod:KingsBrand"},{"floor":9,"key":"Bag of Marbles"},{"floor":10,"key":"Kunai"},{"floor":23,"key":"Nunchaku"}],"event_choices":[],"is_beta":false,"boss_relics":[{"not_picked":["Velvet Choker","Snecko Eye"],"picked":"Empty Cage"}],"items_purged_floors":[12,20],"is_endless":false,"potions_floor_spawned":[2,4,8,14,18],"killed_by":"Hallownest:3_Mistakes","ascension_level":20}}