{"host":"nzc89rt2v0ulh15o","time":1613164156,"event":{"mods":["2.2 Compatiblity","BaseMod","Downfall","Hermit","Hubris","Minty Spire (QoL Compilation)","Replay The Spire","Shop Mod","StSLib","The Bug Knight","The Construct","The Cursed","The Disciple","The Hierophant","The Runesmith","The Servant 0.9.4"],"gold_per_floor":[114,133,133,60,60,60,91,91,91,91,107,107,141,141,141,146,146],"floor_reached":16,"language":"SPA","playtime":685,"items_purged":[],"score":138,"play_id":"748ffd4f-74d1-4e1e-a493-0d13a19e2701","local_time":"20210212150916","is_ascension_mode":true,"campfire_choices":[{"data":"hermit:Dive","floor":6,"key":"SMITH"},{"data":"hermit:Determination","floor":8,"key":"SMITH"},{"data":"hermit:GhostlyPresence","floor":10,"key":"SMITH"},{"data":"hermit:Snapshot","floor":12,"key":"SMITH"},{"floor":15,"key":"REST"}],"circlet_count":0,"master_deck":["hermit:Strike_Hermit","hermit:Strike_Hermit","hermit:Strike_Hermit","hermit:Strike_Hermit","hermit:Defend_Hermit","hermit:Defend_Hermit","hermit:Defend_Hermit+1","hermit:Defend_Hermit","hermit:Snapshot+1","hermit:Covet+1","hermit:ItchyTrigger+1","hermit:Dive+1","hermit:Determination+1","hermit:GhostlyPresence+1","hermit:ItchyTrigger","hermit:Scavenge"],"relics":["hermit:Momento","NeowsBlessing","Boot","Blue Candle","Replay:Bottled Flurry","Gremlin Food"],"acts_visited":["Exordium"],"potions_floor_usage":[16],"damage_taken":[{"damage":0.0,"enemies":"2 Louse","floor":1.0,"turns":1.0},{"damage":0.0,"enemies":"Jaw Worm","floor":2.0,"turns":1.0},{"damage":0,"enemies":"Lagavulin","floor":7,"turns":1},{"damage":11,"enemies":"Cultist","floor":11,"turns":6},{"damage":21,"enemies":"3 Sentries","floor":13,"turns":11},{"damage":48,"enemies":"Hexaghost","floor":16,"turns":14}],"seed_played":"-397322936991457656","potions_obtained":[{"floor":7,"key":"Strength Potion"},{"floor":11,"key":"LiquidMemories"}],"is_trial":false,"path_per_floor":["M","M","?","$","?","R","E","R","T","R","M","R","E","$","R","B"],"character_chosen":"HERMIT","items_purchased":["hermit:Determination"],"campfire_rested":1,"item_purchase_floors":[4],"current_hp_per_floor":[75,75,72,72,57,57,57,57,57,57,46,46,25,25,47,0,0],"gold":146,"neow_bonus":"THREE_ENEMY_KILL","is_daily":false,"chose_seed":false,"campfire_upgraded":4,"win_rate":0.0,"timestamp":1613164156,"path_taken":["M","M","?","$","?","R","E","R","T","R","M","R","E","?","R","BOSS"],"items_purchased_type":["Card"],"build_version":"2020-12-22","purchased_purges":0,"victory":false,"max_hp_per_floor":[75,75,75,75,75,75,75,75,75,75,75,75,75,75,75,75,75],"card_choices":[{"not_picked":["hermit:LowProfile","hermit:WideOpen"],"picked":"hermit:ItchyTrigger","floor":1.0},{"not_picked":["hermit:BodyArmor","hermit:TrackingShot"],"picked":"hermit:Dive","floor":2.0},{"not_picked":["hermit:Glare","hermit:ItchyTrigger"],"picked":"hermit:GhostlyPresence","floor":7},{"not_picked":["hermit:LowProfile","hermit:Headshot"],"picked":"hermit:ItchyTrigger","floor":11},{"not_picked":["hermit:Purgatory","hermit:FullyLoaded"],"picked":"hermit:Scavenge","floor":13}],"player_experience":477985,"relics_obtained":[{"floor":7,"key":"Blue Candle"},{"floor":9,"key":"Replay:Bottled Flurry"},{"floor":13,"key":"Gremlin Food"}],"event_choices":[{"damage_healed":0.0,"max_hp_gain":0.0,"max_hp_loss":0.0,"gold_gain":0.0,"event_name":"Scrap Ooze","player_choice":"Success","floor":3.0,"gold_loss":0.0,"damage_taken":3.0,"relics_obtained":["Boot"]},{"damage_healed":0.0,"max_hp_gain":0.0,"max_hp_loss":0.0,"gold_gain":0.0,"event_name":"Shining Light","player_choice":"Entered Light","floor":5.0,"gold_loss":0.0,"damage_taken":15.0,"cards_upgraded":["hermit:ItchyTrigger","hermit:Covet"]}],"is_beta":false,"boss_relics":[],"items_purged_floors":[],"is_endless":false,"potions_floor_spawned":[7,11],"killed_by":"Hexaghost","ascension_level":1}}