{"host":"czzthkrvfe6r7fjf","time":1613138652,"event":{"mods":["ATMod(∞¢Ë™Mod)","Act Like it!","BaseMod","Downfall","GungeonMod","Marisa£®ÏF”Í°°ƒß¿Ì…≥£©","Minty Spire (QoL Compilation)","Quick Restart","StSLib","The Servant 0.9.4","Waifu the Spire","°æπ¶ƒ‹Mod°øªÏ„Á÷Æª∑–ﬁ∏¥≤π∂°"],"gold_per_floor":[109,109,124,54,4,4,36,36,62,88,119,194,42,53,53,152,152,152,152],"floor_reached":18,"language":"ZHS","playtime":663,"items_purged":["Defend_MRS"],"score":258,"play_id":"12f5903c-90e3-47e6-854e-1b0a2982a21e","local_time":"20210212220412","is_ascension_mode":true,"campfire_choices":[{"data":"GravityBeat","floor":6.0,"key":"SMITH"},{"data":"UpSweep","floor":8.0,"key":"SMITH"},{"data":"MilkyWay","floor":15,"key":"SMITH"}],"circlet_count":0,"master_deck":["Strike_MRS","Strike_MRS","Strike_MRS","Defend_MRS","Defend_MRS","Defend_MRS","MasterSpark","UpSweep+1","AT_ChampionStep","GravityBeat+1","EarthLightRay","MilkyWay+1","Parasite","Parasite","GrandCross","OpenUniverse","DarkMatter","StarDustReverie","CurseOfTheBell"],"relics":["MiniHakkero","AT_ATBox","NeowsBlessing","Ornamental Fan","Tiny Chest","ShroomBag","Dream Catcher","Calling Bell","Strawberry","Kunai","Incense Burner"],"acts_visited":["Exordium","TheCity"],"potions_floor_usage":[16],"damage_taken":[{"damage":0.0,"enemies":"Cultist","floor":1.0,"turns":1.0},{"damage":0.0,"enemies":"Jaw Worm","floor":3.0,"turns":1.0},{"damage":0.0,"enemies":"3 Sentries","floor":7.0,"turns":2.0},{"damage":12.0,"enemies":"The Mushroom Lair","floor":10.0,"turns":4.0},{"damage":24,"enemies":"Lagavulin","floor":11,"turns":4},{"damage":0,"enemies":"2 Louse","floor":14,"turns":1},{"damage":20,"enemies":"The Guardian","floor":16,"turns":12},{"damage":7,"enemies":"Chosen","floor":18,"turns":2}],"seed_played":"-9152497393947593249","potions_obtained":[{"floor":1.0,"key":"champ:CounterPotion"},{"floor":11,"key":"SkillPotion"},{"floor":16,"key":"ShroomBrew"}],"is_trial":false,"path_per_floor":["M","?","M","$","?","R","E","R","T","?","E","?","$","M","R","B",null,"M"],"character_chosen":"MARISA","items_purchased":["EarthLightRay","OpenUniverse"],"campfire_rested":0,"item_purchase_floors":[4,13],"current_hp_per_floor":[68,68,68,68,68,68,72,72,72,64,48,37,37,45,45,33,72,69,69],"gold":152,"neow_bonus":"THREE_ENEMY_KILL","is_daily":false,"chose_seed":false,"campfire_upgraded":3,"win_rate":0.0,"timestamp":1613138652,"path_taken":["M","?","?","$","?","R","E","R","T","?","E","?","$","M","R","BOSS","M"],"items_purchased_type":["Card","Card"],"build_version":"2020-12-22","purchased_purges":1,"victory":false,"max_hp_per_floor":[75,75,75,75,75,75,75,75,75,75,75,75,75,75,75,75,82,82,82],"card_choices":[{"not_picked":["ManaConvection","WitchOfGreed"],"picked":"GravityBeat","floor":1.0},{"not_picked":["LuminesStrike","UnstableBomb","SporeBomb"],"picked":"SKIP","floor":3.0},{"not_picked":["ShootingEcho","EnergyFlow"],"picked":"MilkyWay","floor":7.0},{"not_picked":["EnergyRecoil","OrrerysSun"],"picked":"GrandCross","floor":10.0},{"not_picked":["SprinkleStarSeal","MysteriousBeam","MilkyWay"],"picked":"SKIP","floor":11},{"not_picked":["ShootingEcho","MysteriousBeam"],"picked":"DarkMatter","floor":14},{"not_picked":["CollectingQuirk","JA"],"picked":"StarDustReverie","floor":16}],"player_experience":216669,"relics_obtained":[{"floor":7.0,"key":"Ornamental Fan"},{"floor":9.0,"key":"Tiny Chest"},{"floor":10.0,"key":"ShroomBag"},{"floor":11,"key":"Dream Catcher"},{"floor":17,"key":"Strawberry"},{"floor":17,"key":"Kunai"},{"floor":17,"key":"Incense Burner"}],"event_choices":[{"damage_healed":0.0,"max_hp_gain":0.0,"max_hp_loss":0.0,"gold_gain":0.0,"event_name":"Match and Keep!","player_choice":"0 cards matched","floor":2.0,"gold_loss":0.0,"damage_taken":0.0,"cards_obtained":[]},{"cards_removed":["Strike_MRS"],"damage_healed":0.0,"max_hp_gain":0.0,"max_hp_loss":0.0,"gold_gain":0.0,"event_name":"The Cleric","player_choice":"Card Removal","floor":5.0,"gold_loss":50.0,"damage_taken":0.0},{"damage_healed":0.0,"max_hp_gain":0.0,"max_hp_loss":0.0,"gold_gain":0.0,"event_name":"Mushrooms_MRS","player_choice":"Fought Mushrooms","floor":10.0,"gold_loss":0.0,"damage_taken":0.0},{"damage_healed":0,"gold_gain":75,"player_choice":"Gather Gold","damage_taken":11,"max_hp_gain":0,"max_hp_loss":0,"event_name":"World of Goop","floor":12,"gold_loss":0}],"is_beta":false,"boss_relics":[{"not_picked":["Runic Dome","SacredBark"],"picked":"Calling Bell"}],"items_purged_floors":[13],"is_endless":false,"potions_floor_spawned":[1,11,16],"killed_by":"Chosen","ascension_level":7}}