{"host":"fkig9nrckec4xsh0","time":1613112743,"event":{"mods":["Act Like it!","BaseMod","Colored Map","Gensokyo","Hermit","Marisa????????","Minty Spire (QoL Compilation)","Quick Restart","Replay The Spire","StSLib"],"gold_per_floor":[114,71,88,88,108,138,4,38,89,19,319,319],"floor_reached":11,"language":"ENG","playtime":639,"items_purged":[],"score":192,"play_id":"cd7d333c-d186-4700-a181-692e26fcb9e9","local_time":"20210212015223","is_ascension_mode":true,"campfire_choices":[],"circlet_count":0,"master_deck":["AscendersBane","Strike_R","Strike_R","Strike_R","Strike_R","Strike_R","Defend_R","Defend_R","Defend_R","Defend_R","Bash","Pommel Strike","Shrug It Off+1","Double Tap","Gensokyo:DepletedGenerator","Gensokyo:BlemishedSteel","ReplayTheSpireMod:Stacked"],"relics":["Burning Blood","Vajra","Gensokyo:CelestialsFlawlessClothing","Blue Doll","Orichalcum","Art of War","ReplayTheSpireMod:Spearhead"],"acts_visited":["Exordium"],"potions_floor_usage":[6,6],"damage_taken":[{"damage":4,"enemies":"Gensokyo:2_Kodama","floor":1,"turns":3},{"damage":0,"enemies":"Gensokyo:Gryphon","floor":3,"turns":3},{"damage":2,"enemies":"Gensokyo:3_Fairies","floor":5,"turns":5},{"damage":0,"enemies":"Gensokyo:Mamizou","floor":6,"turns":8},{"damage":40,"enemies":"Gensokyo:Aya","floor":8,"turns":8},{"damage":81,"enemies":"Gensokyo:Mamizou","floor":11,"turns":14}],"seed_played":"-8723291834429776202","potions_obtained":[{"floor":3,"key":"Block Potion"},{"floor":5,"key":"FearPotion"}],"is_trial":false,"path_per_floor":["M","$","M","?","M","E","COS","E","T","?","E"],"character_chosen":"IRONCLAD","items_purchased":["Shrug It Off+1"],"campfire_rested":0,"item_purchase_floors":[2],"current_hp_per_floor":[70,70,75,53,57,63,63,29,29,29,0,0],"gold":319,"neow_bonus":"RANDOM_COMMON_RELIC","is_daily":false,"chose_seed":false,"campfire_upgraded":0,"win_rate":0.0,"timestamp":1613112743,"path_taken":["M","$","M","?","M","E","COS","E","T","?","E"],"items_purchased_type":["Card"],"build_version":"2020-12-22","purchased_purges":0,"victory":false,"max_hp_per_floor":[75,75,75,75,75,75,75,75,75,75,75,75],"card_choices":[{"not_picked":["Body Slam","Clash"],"picked":"Pommel Strike","floor":1},{"not_picked":["Body Slam","Replay:Undeath\u0027s Touch"],"picked":"Double Tap","floor":3},{"not_picked":["Clothesline","Ghostly Armor","Flex"],"picked":"SKIP","floor":5},{"not_picked":["Shrug It Off","Heavy Blade","Second Wind"],"picked":"SKIP","floor":6},{"not_picked":["Twin Strike","Pommel Strike"],"picked":"ReplayTheSpireMod:Stacked","floor":8}],"player_experience":428378,"relics_obtained":[{"floor":6,"key":"Blue Doll"},{"floor":8,"key":"Orichalcum"},{"floor":9,"key":"Art of War"}],"event_choices":[],"is_beta":false,"boss_relics":[],"items_purged_floors":[],"is_endless":false,"potions_floor_spawned":[3,5],"killed_by":"Gensokyo:Mamizou","ascension_level":20}}