{"host":"js2su9tbbk4rmjfl","time":1613174300,"event":{"mods":["AchievementEnabler","BaseMod","Block Reminder","Colored Map","Colored Powertips","Highlight Path","Minty Spire (QoL Compilation)","Relic Stats"],"gold_per_floor":[109,128,142,92,41,41,73,73,73,73,92,58,58,58,58,58,58],"floor_reached":16,"language":"ENG","playtime":798,"items_purged":[],"score":98,"play_id":"f4100372-5daa-4fa1-8bc6-bf25a2d6b8f2","local_time":"20210213005820","is_ascension_mode":false,"campfire_choices":[{"data":"Dagger Spray","floor":6,"key":"SMITH"},{"floor":8,"key":"REST"},{"data":"Dodge and Roll","floor":13,"key":"SMITH"},{"data":"Deflect","floor":15,"key":"SMITH"}],"circlet_count":0,"master_deck":["Strike_G","Strike_G","Strike_G","Strike_G","Strike_G","Defend_G","Defend_G","Defend_G","Defend_G","Survivor","Neutralize+1","Outmaneuver","Flying Knee","Deflect+1","Dagger Spray+1","Escape Plan","Dodge and Roll+1"],"relics":["Ring of the Snake","Mercury Hourglass","Meat on the Bone"],"acts_visited":["Exordium"],"potions_floor_usage":[16],"damage_taken":[{"damage":1,"enemies":"Jaw Worm","floor":1,"turns":7},{"damage":0,"enemies":"2 Louse","floor":2,"turns":4},{"damage":0,"enemies":"Small Slimes","floor":3,"turns":4},{"damage":46,"enemies":"Lagavulin","floor":7,"turns":10},{"damage":0,"enemies":"Looter","floor":11,"turns":4},{"damage":47,"enemies":"Hexaghost","floor":16,"turns":14}],"seed_played":"-429329143633364060","potions_obtained":[{"floor":7,"key":"FearPotion"}],"is_trial":false,"path_per_floor":["M","M","M","?","$","R","E","R","T","?","M","?","R","$","R","B"],"character_chosen":"THE_SILENT","items_purchased":["Dagger Spray"],"campfire_rested":1,"item_purchase_floors":[5],"current_hp_per_floor":[69,69,69,69,69,69,23,44,44,44,44,44,44,44,44,0,0],"gold":58,"neow_bonus":"UPGRADE_CARD","is_daily":false,"chose_seed":false,"campfire_upgraded":3,"win_rate":0.0,"timestamp":1613174300,"path_taken":["M","M","M","?","$","R","E","R","T","?","M","?","R","$","R","BOSS"],"items_purchased_type":["Card"],"build_version":"2020-12-22","purchased_purges":0,"victory":false,"max_hp_per_floor":[70,70,70,70,70,70,70,70,70,70,70,70,70,70,70,70,70],"relic_stats":{"counters":[6,43],"obtain_stats":[{"Ring of the Snake":0,"Mercury Hourglass":7,"Meat on the Bone":9},{"Ring of the Snake":0,"Mercury Hourglass":4,"Meat on the Bone":4},{"Ring of the Snake":0,"Mercury Hourglass":25,"Meat on the Bone":25}],"Ring of the Snake":[12],"Mercury Hourglass":[45],"Meat on the Bone":0},"card_choices":[{"not_picked":["Flying Knee","Deflect"],"picked":"Outmaneuver","floor":1},{"not_picked":["Underhanded Strike","PiercingWail"],"picked":"Flying Knee","floor":2},{"not_picked":["Dagger Throw","Setup"],"picked":"Deflect","floor":3},{"not_picked":["Bouncing Flask","Acrobatics"],"picked":"Escape Plan","floor":7},{"not_picked":["Flying Knee","Slice"],"picked":"Dodge and Roll","floor":11}],"player_experience":805113,"relics_obtained":[{"floor":7,"key":"Mercury Hourglass"},{"floor":9,"key":"Meat on the Bone"}],"event_choices":[{"cards_removed":["Defend_G"],"damage_healed":0,"gold_gain":0,"player_choice":"Card Removal","damage_taken":0,"max_hp_gain":0,"max_hp_loss":0,"event_name":"The Cleric","floor":4,"gold_loss":50},{"damage_healed":0,"gold_gain":0,"player_choice":"Ignored","damage_taken":0,"max_hp_gain":0,"max_hp_loss":0,"event_name":"Golden Wing","floor":10,"gold_loss":0},{"damage_healed":0,"gold_gain":0,"player_choice":"Left Gold","damage_taken":0,"max_hp_gain":0,"max_hp_loss":0,"event_name":"World of Goop","floor":12,"gold_loss":34}],"is_beta":false,"boss_relics":[],"items_purged_floors":[],"is_endless":false,"potions_floor_spawned":[7],"killed_by":"Hexaghost","ascension_level":0}}