{"host":"rtw1tnr74gozsrw1","time":1613102351,"event":{"mods":["BaseMod","Colored Map","Colored Powertips","Highlight Path","Infinite Spire","Minty Spire (QoL Compilation)","StSLib","The Cursed","The Jungle"],"gold_per_floor":[116,41,52,52,66,66,92,11,11,37,37,51,51,61,61,157,157,177,177,177,177,192,223,223,223,223],"floor_reached":25,"language":"ENG","playtime":604,"items_purged":["Strike_B","Strike_B"],"score":286,"play_id":"44366157-3451-4a99-9dc2-1ed4e2c02392","local_time":"20210212045911","is_ascension_mode":true,"campfire_choices":[{"data":"Static Discharge","floor":6,"key":"SMITH"},{"data":"Defragment","floor":11,"key":"SMITH"},{"data":"Biased Cognition","floor":13,"key":"SMITH"},{"floor":15,"key":"REST"},{"data":"Force Field","floor":24,"key":"SMITH"}],"circlet_count":0,"master_deck":["Defend_B","Defend_B","Defend_B","Defend_B","Zap","Dualcast","Static Discharge+1","Leap","Conserve Battery","Force Field+1","Defragment+1","Auto Shields","Biased Cognition+1","Amplify","Capacitor","Ball Lightning"],"relics":["Cracked Core","NeowsBlessing","infinitespire:Joker Card","Mercury Hourglass","InkBottle","Empty Cage","MealTicket"],"acts_visited":["Exordium","TheCity"],"potions_floor_usage":[],"damage_taken":[{"damage":0,"enemies":"Cultist","floor":1,"turns":1},{"damage":0,"enemies":"Jaw Worm","floor":3,"turns":1},{"damage":0,"enemies":"Small Slimes","floor":5,"turns":1},{"damage":25,"enemies":"Gremlin Nob","floor":7,"turns":4},{"damage":14,"enemies":"3 Sentries","floor":10,"turns":5},{"damage":1,"enemies":"3 Louse","floor":12,"turns":3},{"damage":11,"enemies":"Exordium Wildlife","floor":14,"turns":3},{"damage":1,"enemies":"Slime Boss","floor":16,"turns":6},{"damage":5,"enemies":"Spheric Guardian","floor":18,"turns":4},{"damage":0,"enemies":"Shell Parasite","floor":22,"turns":6},{"damage":30,"enemies":"Slavers","floor":23,"turns":4},{"damage":13,"enemies":"Chosen and Byrds","floor":25,"turns":2}],"seed_played":"-6812629874020019171","potions_obtained":[{"floor":3,"key":"PowerPotion"},{"floor":5,"key":"FocusPotion"},{"floor":12,"key":"SpeedPotion"}],"is_trial":false,"path_per_floor":["M","$","M","$","M","R","E","$","T","E","R","M","R","M","R","B",null,"M","?","AVR","?","M","E","R","M"],"character_chosen":"DEFECT","items_purchased":["Defragment"],"campfire_rested":1,"item_purchase_floors":[8],"current_hp_per_floor":[75,75,75,75,75,75,50,50,50,36,36,35,35,24,46,45,68,63,63,63,63,63,33,33,20,20],"gold":223,"neow_bonus":"THREE_ENEMY_KILL","is_daily":false,"chose_seed":false,"campfire_upgraded":4,"win_rate":0.0,"timestamp":1613102351,"path_taken":["M","?","M","$","M","R","E","$","T","E","R","M","R","M","R","BOSS","M","?","AVR","?","M","E","R","?"],"items_purchased_type":["Card"],"build_version":"2020-12-22","purchased_purges":2,"victory":false,"max_hp_per_floor":[75,75,75,75,75,75,75,75,75,75,75,75,75,75,75,75,75,75,75,75,75,75,75,75,75,75],"card_choices":[{"not_picked":["Double Energy","Steam"],"picked":"Static Discharge","floor":1},{"not_picked":["Hologram","Barrage"],"picked":"Leap","floor":3},{"not_picked":["Sweeping Beam","Steam"],"picked":"Conserve Battery","floor":5},{"not_picked":["Steam","Coolheaded"],"picked":"Force Field","floor":7},{"not_picked":["Leap","FTL"],"picked":"Auto Shields","floor":10},{"not_picked":["Compile Driver","Cold Snap"],"picked":"Biased Cognition","floor":12},{"not_picked":["Coolheaded","Compile Driver","Stack"],"picked":"SKIP","floor":14},{"not_picked":["Buffer","Seek"],"picked":"Amplify","floor":16},{"not_picked":["Force Field","Streamline+1"],"picked":"Capacitor","floor":18},{"not_picked":["Compile Driver","Rebound"],"picked":"Ball Lightning","floor":22},{"not_picked":["Go for the Eyes","Genetic Algorithm","Doom and Gloom"],"picked":"SKIP","floor":23}],"player_experience":147264,"relics_obtained":[{"floor":7,"key":"infinitespire:Joker Card"},{"floor":9,"key":"Mercury Hourglass"},{"floor":10,"key":"InkBottle"},{"floor":23,"key":"MealTicket"}],"event_choices":[{"damage_healed":0,"gold_gain":0,"player_choice":"Ignored","damage_taken":0,"max_hp_gain":0,"max_hp_loss":0,"event_name":"Ghosts","floor":19,"gold_loss":0},{"damage_healed":0,"gold_gain":0,"player_choice":"Bought 0 Potions","damage_taken":0,"max_hp_gain":0,"max_hp_loss":0,"event_name":"The Woman in Blue","floor":21,"gold_loss":0}],"is_beta":false,"boss_relics":[{"not_picked":["Black Star","Runic Pyramid"],"picked":"Empty Cage"}],"items_purged_floors":[2,20],"is_endless":false,"potions_floor_spawned":[3,5,12,14],"killed_by":"Chosen and Byrds","ascension_level":5}}