{"host":"sian7qp8a9pc9xwd","time":1613102205,"event":{"mods":["BaseMod","Minty Spire (QoL Compilation)","StSLib","SuperFastMode"],"gold_per_floor":[10,10,85,109,133,133,157,172,172,197,210,210,235,235,235,365,365,378,398,411,411,411],"floor_reached":21,"language":"ENG","playtime":809,"items_purged":[],"score":230,"play_id":"01ac8359-d974-428e-9fc5-a42e29c5d173","local_time":"20210211225645","is_ascension_mode":true,"campfire_choices":[{"data":"Eruption","floor":6.0,"key":"SMITH"},{"data":"Pray","floor":12.0,"key":"SMITH"},{"floor":15.0,"key":"REST"}],"circlet_count":0,"master_deck":["Strike_P","Strike_P","Strike_P","Strike_P","Defend_P","Defend_P","Defend_P","Defend_P","Eruption+1","Vigilance+1","Conclude","Prostrate","FollowUp","Pray+1","WindmillStrike","LessonLearned"],"relics":["PureWater","Gambling Chip","Golden Idol","Question Card","VioletLotus"],"acts_visited":["Exordium","TheCity"],"potions_floor_usage":[18,20],"damage_taken":[{"damage":0.0,"enemies":"2 Louse","floor":1.0,"turns":1.0},{"damage":0.0,"enemies":"Jaw Worm","floor":4.0,"turns":3.0},{"damage":0.0,"enemies":"Cultist","floor":5.0,"turns":2.0},{"damage":0.0,"enemies":"Blue Slaver","floor":7.0,"turns":2.0},{"damage":11.0,"enemies":"Exordium Thugs","floor":8.0,"turns":4.0},{"damage":0.0,"enemies":"2 Fungi Beasts","floor":10.0,"turns":2.0},{"damage":0.0,"enemies":"Exordium Wildlife","floor":11.0,"turns":1.0},{"damage":14.0,"enemies":"Exordium Thugs","floor":13.0,"turns":5.0},{"damage":25.0,"enemies":"The Guardian","floor":16.0,"turns":8.0},{"damage":27,"enemies":"2 Thieves","floor":18,"turns":4},{"damage":3,"enemies":"Chosen","floor":19,"turns":4},{"damage":21,"enemies":"Centurion and Healer","floor":20,"turns":5},{"damage":9,"enemies":"Shelled Parasite and Fungi","floor":21,"turns":2}],"seed_played":"-3930154224325670174","potions_obtained":[{"floor":1.0,"key":"Swift Potion"},{"floor":8.0,"key":"SpeedPotion"},{"floor":10.0,"key":"Fire Potion"},{"floor":13.0,"key":"SneckoOil"},{"floor":14.0,"key":"Strength Potion"},{"floor":14.0,"key":"Block Potion"},{"floor":19,"key":"Fruit Juice"}],"is_trial":false,"path_per_floor":["M","?","?","M","M","R","M","M","T","M","M","R","M","?","R","B",null,"M","M","M","M"],"character_chosen":"WATCHER","items_purchased":[],"campfire_rested":1,"item_purchase_floors":[],"current_hp_per_floor":[65,47,36,36,36,36,36,25,25,25,25,25,11,11,32,7,56,29,26,10,1,1],"gold":411,"neow_bonus":"ONE_RARE_RELIC","is_daily":false,"chose_seed":false,"campfire_upgraded":2,"win_rate":0.0,"timestamp":1613102205,"path_taken":["M","?","?","M","M","R","M","M","T","?","M","R","M","?","R","BOSS","M","?","M","M"],"items_purchased_type":[],"build_version":"2020-12-22","purchased_purges":0,"victory":false,"max_hp_per_floor":[72,72,72,72,72,72,72,72,72,72,72,72,72,72,72,72,72,72,72,77,77,77],"card_choices":[{"not_picked":["WheelKick","LikeWater","JustLucky"],"picked":"SKIP","floor":1.0},{"not_picked":["CrushJoints","Wallop"],"picked":"Conclude","floor":4.0},{"not_picked":["PathToVictory","BattleHymn"],"picked":"Prostrate","floor":5.0},{"not_picked":["ClearTheMind","BowlingBash","Wireheading"],"picked":"SKIP","floor":7.0},{"not_picked":["EmptyBody","Wallop","PathToVictory"],"picked":"SKIP","floor":8.0},{"not_picked":["Evaluate","CrushJoints","FlurryOfBlows"],"picked":"FollowUp","floor":10.0},{"not_picked":["EmptyFist","BattleHymn","Wallop"],"picked":"Pray","floor":11.0},{"not_picked":["BowlingBash","Wireheading","Adaptation"],"picked":"WindmillStrike","floor":13.0},{"not_picked":["Vault","DeusExMachina","Brilliance"],"picked":"LessonLearned","floor":16.0},{"not_picked":["Halt+1","FollowUp","Sanctity","BowlingBash+1"],"picked":"SKIP","floor":18},{"not_picked":["Protect","WheelKick","Tantrum","EmptyFist+1"],"picked":"SKIP","floor":19},{"not_picked":["BowlingBash","JustLucky","TalkToTheHand","Weave"],"picked":"SKIP","floor":20}],"player_experience":964097,"relics_obtained":[{"floor":9.0,"key":"Question Card"}],"event_choices":[{"damage_healed":0.0,"max_hp_gain":0.0,"max_hp_loss":0.0,"gold_gain":0.0,"event_name":"Golden Idol","player_choice":"Take Damage","floor":2.0,"gold_loss":0.0,"damage_taken":18.0,"relics_obtained":["Golden Idol"]},{"damage_healed":0.0,"max_hp_gain":0.0,"max_hp_loss":0.0,"gold_gain":75.0,"event_name":"World of Goop","player_choice":"Gather Gold","floor":3.0,"gold_loss":0.0,"damage_taken":11.0},{"damage_healed":0.0,"max_hp_gain":0.0,"max_hp_loss":0.0,"gold_gain":0.0,"event_name":"Lab","player_choice":"Got Potions","floor":14.0,"gold_loss":0.0,"damage_taken":0.0}],"is_beta":false,"boss_relics":[{"not_picked":["SlaversCollar","Runic Pyramid"],"picked":"VioletLotus"}],"items_purged_floors":[],"is_endless":false,"potions_floor_spawned":[1,8,10,13,19],"killed_by":"Shelled Parasite and Fungi","ascension_level":6}}