{"host":"b1k9tvirjqaexfiq","time":1613099528,"event":{"mods":["AchievementEnabler","BaseMod","Bestiary","Better Third Choice","Colored Powertips","Conspire","Curses Come First","Energized Spire","Filter the Spire","Hubris","Infinite Spire","Marisa????????","Minty Spire (QoL Compilation)","Permanent Neow","Quick Restart","Rare Cards Sparkle","Reliquary","Replay The Spire","Shop Mod","StSLib","The Animator","The Bug Knight","The Marked","The Servant 0.9.4","The Wild Card","Waifu the Spire","??????REMEMod"],"gold_per_floor":[359,0,15,2,24,51,51,66,66,66,66,13,28,47,47,156,156,175,175,193,193,193],"floor_reached":21,"language":"ENG","playtime":1254,"items_purged":["Regret","LessonLearned"],"score":181,"play_id":"2111256a-9fb0-4d3a-b517-c3e376f5693b","local_time":"20210211211208","is_ascension_mode":false,"campfire_choices":[{"floor":7.0,"key":"REST"},{"data":"animator:Chung","floor":7.0,"key":"SMITH"},{"data":"animator:Vanir","floor":11.0,"key":"SMITH"},{"data":"animator:ShinjiMatou","floor":15.0,"key":"PURGE"}],"circlet_count":0,"master_deck":["animator:Strike_Elsword","animator:Defend_Elsword","animator:Strike","animator:Strike","animator:Strike","animator:Defend","animator:Defend","animator:Defend","animator:Chung+1","animator:Raven","animator:Sonic","animator:MisaKurobane","animator:Alexander","animator:Shuna","animator:Vanir+1","animator:Megumin+1","animator:Benimaru","animator:Ara","animator:IrohaTamaki","animator:Hans","animator:Kazuma"],"relics":["theMarked:ArtifactOfAir","animator:TheMissingPiece","REME_ComplimentaryCards","Membership Card","infinitespire:Magic Flask","Onion Ring","infinitespire:Cubic Diamond","energizedSpire:SpiderWeb"],"acts_visited":["Exordium","TheCity"],"potions_floor_usage":[20],"damage_taken":[{"damage":4.0,"enemies":"Cultist","floor":1.0,"turns":4.0},{"damage":2.0,"enemies":"2 Louse","floor":3.0,"turns":3.0},{"damage":0.0,"enemies":"Small Slimes","floor":5.0,"turns":4.0},{"damage":12.0,"enemies":"Lagavulin","floor":6.0,"turns":9.0},{"damage":1.0,"enemies":"Red Slaver","floor":8.0,"turns":5.0},{"damage":2.0,"enemies":"Gremlin Gang","floor":13.0,"turns":3.0},{"damage":12.0,"enemies":"Blue Slaver","floor":14.0,"turns":3.0},{"damage":18.0,"enemies":"Fading Forest","floor":16.0,"turns":11.0},{"damage":7.0,"enemies":"Shell Parasite","floor":18.0,"turns":5.0},{"damage":14,"enemies":"Spheric Guardian","floor":20,"turns":3},{"damage":58,"enemies":"Cultist and Chosen","floor":21,"turns":5}],"seed_played":"-5068788093613938504","potions_obtained":[{"floor":1.0,"key":"Block Potion"},{"floor":3.0,"key":"Death Potion"},{"floor":5.0,"key":"AttackPotion"},{"floor":16.0,"key":"Strength Potion"},{"floor":20,"key":"Adrenaline Potion"}],"is_trial":false,"path_per_floor":["M","$","M","$","M","E","R","M","T","?","R","$","M","M","R","B",null,"M","?","M","M"],"character_chosen":"THE_ANIMATOR","items_purchased":["animator:MisaKurobane","Membership Card","animator:Shuna","animator:Ara","animator:ShinjiMatou"],"campfire_rested":1,"item_purchase_floors":[2,2,4,12,12],"current_hp_per_floor":[62,62,60,60,60,49,67,66,66,66,66,66,64,52,52,44,67,61,61,47,0,0],"gold":193,"neow_bonus":"TWO_FIFTY_GOLD","is_daily":false,"chose_seed":false,"campfire_upgraded":2,"win_rate":0.0,"timestamp":1613099528,"path_taken":["M","?","M","$","M","E","R","M","T","?","R","$","M","M","R","BOSS","M","?","M","M"],"items_purchased_type":["Card","Relic","Card","Card","Card"],"build_version":"2020-12-22","purchased_purges":2,"victory":false,"max_hp_per_floor":[66,66,66,66,66,67,67,67,67,67,67,67,67,67,67,67,67,68,68,68,68,68],"card_choices":[{"not_picked":["animator:LizardPriest","animator:Illya"],"picked":"animator:Sonic","floor":1.0},{"not_picked":["animator:Caster","animator:Raven"],"picked":"animator:Alexander","floor":3.0},{"not_picked":["animator:DwarfShaman","animator:Aisha"],"picked":"animator:Vanir","floor":5.0},{"not_picked":["animator:Vanir","animator:Mitsurugi"],"picked":"animator:Megumin","floor":6.0},{"not_picked":["animator:CowGirl","animator:Lu"],"picked":"animator:Benimaru","floor":8.0},{"not_picked":["animator:Alexander","animator:Assassin"],"picked":"animator:IrohaTamaki","floor":13.0},{"not_picked":["animator:Rena","animator:Vesta","animator:NagisaMomoe"],"picked":"SKIP","floor":14.0},{"not_picked":["animator:Shizu","animator:Elesis"],"picked":"animator:Hans","floor":16.0},{"not_picked":["animator:Mitsurugi","animator:Darkness"],"picked":"animator:Kazuma","floor":18.0},{"not_picked":["animator:Shion","animator:Hakurou","animator:Caster+1"],"picked":"SKIP","floor":20}],"player_experience":56308,"relics_obtained":[{"floor":6.0,"key":"infinitespire:Magic Flask"},{"floor":9.0,"key":"Onion Ring"}],"event_choices":[{"damage_healed":0.0,"max_hp_gain":0.0,"max_hp_loss":0.0,"gold_gain":0.0,"event_name":"NoteForYourself","player_choice":"Ignored","floor":19.0,"gold_loss":0.0,"damage_taken":0.0}],"is_beta":false,"boss_relics":[{"not_picked":["ReplayTheSpireMod:DimensionalGlitch","energizedSpire:RedRose"],"picked":"energizedSpire:SpiderWeb"}],"items_purged_floors":[2,2],"is_endless":false,"potions_floor_spawned":[1,3,5,16,20],"killed_by":"Cultist and Chosen","ascension_level":0}}