{"host":"n7nn89ivkf5vjy11","time":1613105848,"event":{"mods":["BaseMod","Minty Spire (QoL Compilation)","Relic Stats"],"gold_per_floor":[113,113,113,59,73,73,23,50,50,50,64,64,120,120,120,222,222,234,234,251,136,151,151,151,151],"floor_reached":24,"language":"ENG","playtime":1440,"items_purged":["Defend_B"],"score":290,"play_id":"70b24675-e055-4d40-bf40-e105b3c344a1","local_time":"20210211205728","is_ascension_mode":true,"campfire_choices":[{"data":"Genetic Algorithm","floor":6,"key":"SMITH"},{"data":"Gash","floor":10,"key":"SMITH"},{"floor":12,"key":"REST"},{"data":"Gash","floor":15,"key":"SMITH"},{"data":"Go for the Eyes","floor":23,"key":"SMITH"}],"circlet_count":0,"master_deck":["Strike_B","Strike_B","Defend_B","Defend_B","Zap","Dualcast","Reboot","Conserve Battery","Beam Cell","Genetic Algorithm+1","Gash+1","Gash+1","Steam+1","Biased Cognition","Go for the Eyes+1","Capacitor","Leap+1"],"relics":["Cracked Core","Oddly Smooth Stone","MealTicket","Toxic Egg 2","Busted Crown"],"acts_visited":["Exordium","TheCity"],"potions_floor_usage":[16,16,22,24],"damage_taken":[{"damage":1,"enemies":"Cultist","floor":1,"turns":3},{"damage":3,"enemies":"Small Slimes","floor":5,"turns":3},{"damage":40,"enemies":"3 Sentries","floor":8,"turns":9},{"damage":0,"enemies":"Jaw Worm","floor":11,"turns":3},{"damage":2,"enemies":"3 Sentries","floor":13,"turns":6},{"damage":0,"enemies":"Slime Boss","floor":16,"turns":10},{"damage":2,"enemies":"2 Thieves","floor":18,"turns":4},{"damage":4,"enemies":"Chosen","floor":20,"turns":5},{"damage":25,"enemies":"3 Cultists","floor":22,"turns":5},{"damage":70,"enemies":"Slavers","floor":24,"turns":5}],"seed_played":"206386019282846967","potions_obtained":[{"floor":8,"key":"Explosive Potion"},{"floor":11,"key":"Strength Potion"},{"floor":13,"key":"Strength Potion"},{"floor":20,"key":"ColorlessPotion"},{"floor":22,"key":"Ancient Potion"}],"is_trial":false,"path_per_floor":["M","?","?","$","M","R","?","E","T","R","M","R","?","?","R","B",null,"M","?","M","$","M","R","E"],"character_chosen":"DEFECT","items_purchased":["Beam Cell","Capacitor"],"campfire_rested":1,"item_purchase_floors":[4,21],"current_hp_per_floor":[74,67,72,72,69,69,69,29,29,29,29,53,51,51,51,51,80,78,78,74,80,55,55,0,0],"gold":151,"neow_bonus":"ONE_RANDOM_RARE_CARD","is_daily":false,"chose_seed":false,"campfire_upgraded":4,"win_rate":0.0,"timestamp":1613105848,"path_taken":["M","?","?","?","M","R","?","E","T","R","?","R","?","?","R","BOSS","M","?","M","$","M","R","E"],"items_purchased_type":["Card","Card"],"build_version":"2020-12-22","purchased_purges":1,"victory":false,"max_hp_per_floor":[75,75,80,80,80,80,80,80,80,80,80,80,80,80,80,80,80,80,80,80,80,80,80,80,80],"relic_stats":{"Busted Crown":6,"counters":[10,53],"MealTicket":6,"obtain_stats":[{"Busted Crown":17,"Oddly Smooth Stone":8,"MealTicket":9,"Toxic Egg 2":13,"Cracked Core":0},{"Busted Crown":6,"Oddly Smooth Stone":3,"MealTicket":3,"Toxic Egg 2":5,"Cracked Core":0},{"Busted Crown":34,"Oddly Smooth Stone":15,"MealTicket":15,"Toxic Egg 2":24,"Cracked Core":0}]},"card_choices":[{"not_picked":["Storm","Coolheaded"],"picked":"Conserve Battery","floor":1},{"not_picked":["Hologram","Steam"],"picked":"Genetic Algorithm","floor":5},{"not_picked":["Double Energy","Sweeping Beam"],"picked":"Gash","floor":8},{"not_picked":["Barrage","Sunder"],"picked":"Gash","floor":11},{"not_picked":["Cold Snap","Heatsinks"],"picked":"Steam+1","floor":13},{"not_picked":["Amplify+1","Meteor Strike"],"picked":"Biased Cognition","floor":16},{"not_picked":[],"picked":"Go for the Eyes","floor":18},{"not_picked":["Rebound"],"picked":"SKIP","floor":20},{"not_picked":[],"picked":"Leap+1","floor":22}],"player_experience":265992,"relics_obtained":[{"floor":8,"key":"Oddly Smooth Stone"},{"floor":9,"key":"MealTicket"},{"floor":13,"key":"Toxic Egg 2"}],"event_choices":[{"cards_removed":["Strike_B"],"damage_healed":0,"gold_gain":0,"player_choice":"Card Removal","damage_taken":7,"max_hp_gain":0,"max_hp_loss":0,"event_name":"Golden Wing","floor":2,"gold_loss":0},{"damage_healed":0,"gold_gain":0,"player_choice":"Donut","damage_taken":0,"max_hp_gain":5,"max_hp_loss":0,"event_name":"Big Fish","floor":3,"gold_loss":0},{"cards_removed":["Defend_B"],"damage_healed":0,"gold_gain":0,"player_choice":"Card Removal","damage_taken":0,"max_hp_gain":0,"max_hp_loss":0,"event_name":"The Cleric","floor":7,"gold_loss":50},{"damage_healed":0,"gold_gain":0,"player_choice":"Searched \u00271\u0027 times","damage_taken":0,"max_hp_gain":0,"max_hp_loss":0,"event_name":"Dead Adventurer","floor":13,"gold_loss":0},{"cards_removed":["Strike_B"],"damage_healed":0,"gold_gain":0,"player_choice":"Forget","damage_taken":0,"max_hp_gain":0,"max_hp_loss":0,"event_name":"Living Wall","floor":14,"gold_loss":0},{"damage_healed":0,"gold_gain":0,"player_choice":"Ignored","damage_taken":0,"max_hp_gain":0,"max_hp_loss":0,"event_name":"Vampires","floor":19,"gold_loss":0}],"is_beta":false,"boss_relics":[{"not_picked":["Fusion Hammer","Coffee Dripper"],"picked":"Busted Crown"}],"items_purged_floors":[21],"is_endless":false,"potions_floor_spawned":[8,11,13,20,22],"killed_by":"Slavers","ascension_level":4}}