{"host":"p8bnstsjdxjza4jm","time":1613148483,"event":{"mods":["BaseMod","Colored Powertips","Marisa£¨Ùöéë¡¡Øª×âÞÞ£©","Minty Spire (QoL Compilation)","Quick Restart","StSLib"],"gold_per_floor":[115,115,127,77,252,285,285,295,295,220,246,262,262,281,281,281,281],"floor_reached":16,"language":"KOR","playtime":353,"items_purged":["Strike_R"],"score":149,"play_id":"e40c0810-8fa2-402a-b134-4cdde2f72b4f","local_time":"20210213014803","is_ascension_mode":true,"campfire_choices":[{"data":"Rage","floor":7.0,"key":"SMITH"},{"data":"Blood for Blood","floor":13.0,"key":"SMITH"},{"data":"Blood for Blood","floor":15.0,"key":"SMITH"}],"circlet_count":0,"master_deck":["Strike_R","Strike_R","Strike_R","Defend_R","Defend_R","Defend_R","Defend_R","Bash","Doubt","Rage+1","Blood for Blood+1","Blood for Blood+1"],"relics":["Burning Blood","NeowsBlessing","CaptainsWheel","Unceasing Top","Blood Vial"],"acts_visited":["Exordium"],"potions_floor_usage":[],"damage_taken":[{"damage":0.0,"enemies":"Jaw Worm","floor":1.0,"turns":1.0},{"damage":0.0,"enemies":"Cultist","floor":3.0,"turns":1.0},{"damage":0.0,"enemies":"Lagavulin","floor":6.0,"turns":1.0},{"damage":7.0,"enemies":"2 Louse","floor":8.0,"turns":3.0},{"damage":18.0,"enemies":"Gremlin Nob","floor":11.0,"turns":5.0},{"damage":10.0,"enemies":"Large Slime","floor":12.0,"turns":8.0},{"damage":12.0,"enemies":"Looter","floor":14.0,"turns":3.0},{"damage":0,"enemies":"Hexaghost","floor":16,"turns":1}],"seed_played":"8589568114564402664","potions_obtained":[{"floor":11.0,"key":"LiquidMemories"},{"floor":14.0,"key":"Strength Potion"}],"is_trial":false,"path_per_floor":["M","?","M","?","?","E","R","M","T","$","E","M","R","M","R","B"],"character_chosen":"IRONCLAD","items_purchased":[],"campfire_rested":0,"item_purchase_floors":[],"current_hp_per_floor":[80,80,80,80,80,80,80,79,79,79,67,65,65,61,61,61,61],"gold":281,"neow_bonus":"THREE_ENEMY_KILL","is_daily":false,"chose_seed":false,"campfire_upgraded":3,"win_rate":0.0,"timestamp":1613148483,"path_taken":["M","?","?","?","?","E","R","M","T","$","E","M","R","M","R","BOSS"],"items_purchased_type":[],"build_version":"2020-12-22","purchased_purges":1,"victory":false,"max_hp_per_floor":[80,80,80,80,80,80,80,80,80,80,80,80,80,80,80,80,80],"card_choices":[{"not_picked":["Thunderclap","Iron Wave","Pommel Strike"],"picked":"SKIP","floor":1.0},{"not_picked":["Sever Soul","Clash","Dropkick"],"picked":"SKIP","floor":3.0},{"not_picked":["Immolate","Headbutt"],"picked":"Rage","floor":6.0},{"not_picked":["Cleave","Rampage"],"picked":"Blood for Blood","floor":8.0},{"not_picked":["Carnage","Searing Blow","Limit Break"],"picked":"SKIP","floor":11.0},{"not_picked":["Shrug It Off","Iron Wave","Cleave"],"picked":"SKIP","floor":12.0},{"not_picked":["Body Slam","Sever Soul"],"picked":"Blood for Blood","floor":14.0}],"player_experience":99420,"relics_obtained":[{"floor":6.0,"key":"CaptainsWheel"},{"floor":9.0,"key":"Unceasing Top"},{"floor":11.0,"key":"Blood Vial"}],"event_choices":[{"damage_healed":0.0,"max_hp_gain":0.0,"max_hp_loss":0.0,"gold_gain":0.0,"event_name":"The Woman in Blue","player_choice":"Bought 0 Potions","floor":2.0,"gold_loss":0.0,"damage_taken":0.0},{"cards_removed":["Strike_R"],"damage_healed":0.0,"max_hp_gain":0.0,"max_hp_loss":0.0,"gold_gain":0.0,"event_name":"The Cleric","player_choice":"Card Removal","floor":4.0,"gold_loss":50.0,"damage_taken":0.0},{"damage_healed":0.0,"max_hp_gain":0.0,"max_hp_loss":0.0,"gold_gain":175.0,"event_name":"Liars Game","player_choice":"AGREE","floor":5.0,"gold_loss":0.0,"damage_taken":0.0,"cards_obtained":["Doubt"]}],"is_beta":false,"boss_relics":[],"items_purged_floors":[10],"is_endless":false,"potions_floor_spawned":[11,14],"killed_by":"Hexaghost","ascension_level":2}}