{"host":"n2havra2dgtcizuw","time":1613117828,"event":{"mods":["100% Spire Juice","ATMod(阿瑾Mod)","Bard","BaseMod","Downfall","Marisa（F雨　魔理沙）","Minty Spire (QoL Compilation)","Permanent Neow","Reliquary","Remilia（蕾米莉亚）","Replay The Spire","RumiaBox-露米娅的神秘盒子","StSLib","TestMod","The Alterego","The Animator","The Servant 0.9.4","[IsaacMod]以撒尖塔"],"gold_per_floor":[367,255,430,128,145,180,180,225,225,257,257,287,287,16,16,144,144,180,204,204,246,246,246,317,47,47,47,83,120,72,118,118,350,350,378,378,778,514,582,582,442,462,462,462,462,512,549,702,702,734],"floor_reached":51,"language":"ZHS","playtime":2216,"items_purged":["Looming Evil","Doubt"],"score":1136,"play_id":"e2419e11-47ff-4239-984c-074b77a36c6d","local_time":"20210212161708","is_ascension_mode":true,"campfire_choices":[{"data":"AT_EmpoweredMortalDraw","floor":7,"key":"SMITH"},{"data":"Eruption","floor":7,"key":"SMITH"},{"floor":11,"key":"REST"},{"data":"AT_MachinaRedman","floor":13,"key":"SMITH"},{"data":"BowlingBash","floor":13,"key":"SMITH"},{"data":"Tantrum","floor":15,"key":"SMITH"},{"data":"BattleHymn","floor":15,"key":"SMITH"},{"floor":23,"key":"REST"},{"data":"testmod-FightingIntention","floor":27,"key":"SMITH"},{"data":"testmod-Bloodthirsty","floor":27,"key":"SMITH"},{"floor":32,"key":"REST"},{"data":"DoctorFetus","floor":40,"key":"SMITH"},{"data":"AT_ChampionKick","floor":40,"key":"SMITH"},{"data":"Apotheosis","floor":44,"key":"SMITH"},{"data":"AT_OneInchPunch","floor":44,"key":"SMITH"},{"floor":49,"key":"REST"}],"circlet_count":0,"master_deck":["Strike_P","Strike_P","Strike_P","Strike_P","Defend_P","Defend_P","Defend_P","Defend_P","Eruption+1","Vigilance","AT_EmpoweredMortalDraw+1","JustLucky","Consecrate","Trip","AT_MachinaRedman+1","JustLucky","Consecrate","FlurryOfBlows","BowlingBash+1","Tantrum+1","BattleHymn+1","Brilliance","AT_OneInchPunch+1","AT_ChampionKick+1","FlurryOfBlows","Consecrate","FlyingSleeves","EmptyFist","CrushJoints","testmod-Bloodthirsty+1","testmod-FightingIntention+1","Prostrate+1","Crescendo","testmod-LifeRuler","JustLucky+1","Alpha","Crescendo+1","DoctorFetus+1","FlyingSleeves","Wireheading+1","testmod-VirtualReality","Apotheosis+1","Replay:Parry","Establishment","testmod-HeadAttack","ReplayUltimateDefense","BowlingBash+1","FlyingSleeves+1","EmptyFist+1"],"relics":["PureWater","testmod-TestBox","AT_ATBox","testmod-Maize","SteamSale","Baka","Nunchaku","Replay:Arrowhead","Replay:Bandana","reliquary:TridentHead","reliquary:NewFriend","SharpPlug","MoreBug","Blood Vial","EasyGame_NEW","reliquary:BallBearing","Enchiridion","testmod-BouquetWithThorns","reliquary:TuningFork","reliquary:Dhvaja","testmod-InjuryResistance","Strawberry","SoulBox","GoldenEye","Thread and Needle","ReplayTheSpireMod:ShopPack","Anchor","Smiling Mask","Replay:Wax Seal","CatCart"],"acts_visited":["Exordium","TheCity","TheBeyond"],"potions_floor_usage":[46],"damage_taken":[{"damage":4,"enemies":"Jaw Worm","floor":1,"turns":4},{"damage":0,"enemies":"Small Slimes","floor":5,"turns":2},{"damage":20,"enemies":"3 Sentries","floor":6,"turns":2},{"damage":0,"enemies":"Gremlin Nob","floor":8,"turns":2},{"damage":0,"enemies":"Cultist","floor":10,"turns":2},{"damage":0,"enemies":"Blue Slaver","floor":12,"turns":3},{"damage":0,"enemies":"Slime Boss","floor":16,"turns":4},{"damage":3,"enemies":"Chosen","floor":18,"turns":3},{"damage":0,"enemies":"Spheric Guardian","floor":19,"turns":2},{"damage":19,"enemies":"Gremlin Leader","floor":24,"turns":4},{"damage":8,"enemies":"Cultist and Chosen","floor":28,"turns":2},{"damage":9,"enemies":"Sentry and Sphere","floor":29,"turns":3},{"damage":17,"enemies":"Book of Stabbing","floor":31,"turns":3},{"damage":33,"enemies":"Automaton","floor":33,"turns":5},{"damage":1,"enemies":"3 Shapes","floor":35,"turns":2},{"damage":0,"enemies":"Mind Bloom Boss Battle","floor":39,"turns":4},{"damage":0,"enemies":"Orb Walker","floor":42,"turns":2},{"damage":0,"enemies":"Reptomancer","floor":46,"turns":3},{"damage":50,"enemies":"Spire Growth","floor":47,"turns":3},{"damage":0,"enemies":"Orin","floor":48,"turns":4},{"damage":37,"enemies":"Time Eater","floor":50,"turns":7}],"seed_played":"-6819104047278101890","potions_obtained":[{"floor":1,"key":"Strength Potion"},{"floor":10,"key":"DistilledChaos"},{"floor":16,"key":"BlessingOfTheForge"},{"floor":18,"key":"BottledMiracle"},{"floor":48,"key":"BottledMiracle"}],"is_trial":false,"path_per_floor":["M","$","?","$","M","E","R","E","T","M","R","M","R","$","R","B",null,"M","M","?","?","?","R","E","$","T","R","M","M","$","E","R","B",null,"M","?","?","$","?","R","$","M","T","R","?","E","M","?","R","B",null],"character_chosen":"WATCHER","items_purchased":["Nunchaku","Replay:Arrowhead","Consecrate","Trip","Replay:Bandana","MoreBug","Tantrum","BattleHymn","Blood Vial","AT_OneInchPunch","AT_ChampionKick","testmod-Bloodthirsty","reliquary:TuningFork","testmod-FightingIntention","testmod-LifeRuler","DoctorFetus","FlyingSleeves","GoldenEye","ReplayTheSpireMod:ShopPack","Anchor"],"campfire_rested":4,"item_purchase_floors":[2,4,4,4,4,14,14,14,14,17,17,25,25,25,30,38,38,38,41,41],"current_hp_per_floor":[68,68,68,68,68,48,48,48,48,48,78,78,78,78,78,80,96,93,95,95,57,41,69,52,52,52,52,46,43,43,37,65,62,103,102,102,102,102,103,103,103,103,103,103,98,103,56,63,93,103],"gold":734,"neow_bonus":"TWO_FIFTY_GOLD","is_daily":false,"chose_seed":false,"campfire_upgraded":12,"win_rate":0.0,"timestamp":1613117828,"path_taken":["M","$","?","$","M","E","R","E","T","M","R","M","R","$","R","BOSS","M","M","?","?","?","R","E","$","T","R","M","?","$","E","R","BOSS","M","?","?","$","?","R","$","?","T","R","?","E","?","?","R","BOSS"],"items_purchased_type":["Relic","Relic","Card","Card","Relic","Relic","Card","Card","Relic","Card","Card","Card","Relic","Card","Card","Card","Card","Relic","Relic","Relic"],"build_version":"2020-12-22","purchased_purges":2,"victory":true,"max_hp_per_floor":[72,72,72,72,102,102,102,102,102,102,102,102,102,102,102,102,96,96,96,96,96,96,96,96,96,96,96,96,96,96,96,96,103,103,103,103,103,103,103,103,103,103,103,103,103,103,103,103,103,103],"card_choices":[{"not_picked":[],"picked":"Bomb","floor":0},{"not_picked":["Swivel","Halt"],"picked":"JustLucky","floor":1},{"not_picked":["SignatureMove","Meditate"],"picked":"AT_MachinaRedman","floor":5},{"not_picked":["Adaptation","AT_SoftenMuscles"],"picked":"JustLucky","floor":6},{"not_picked":["InnerPeace","AT_ChampionStep"],"picked":"Consecrate","floor":8},{"not_picked":["Bomb","ReachHeaven"],"picked":"FlurryOfBlows","floor":10},{"not_picked":["InnerPeace","Replay:ManipulateFuture"],"picked":"BowlingBash","floor":12},{"not_picked":["Establishment","SpiritShield"],"picked":"Brilliance","floor":16},{"not_picked":["Collect","Halt"],"picked":"FlurryOfBlows","floor":18},{"not_picked":["WheelKick+1","SashWhip"],"picked":"Consecrate","floor":19},{"not_picked":["EmptyBody","Replay:ManipulateFuture"],"picked":"FlyingSleeves","floor":21},{"not_picked":["Replay:AtTheReady","BattleHymn"],"picked":"EmptyFist","floor":21},{"not_picked":["Consecrate","Pray+1"],"picked":"CrushJoints","floor":24},{"not_picked":["Fasting2+1","WindmillStrike"],"picked":"Prostrate+1","floor":28},{"not_picked":["TalkToTheHand","Sanctity"],"picked":"Crescendo","floor":29},{"not_picked":["WheelKick","PathToVictory"],"picked":"JustLucky+1","floor":31},{"not_picked":["MasterReality","DeusExMachina"],"picked":"Alpha","floor":33},{"not_picked":["JustLucky","Replay:Battleflow+1"],"picked":"Crescendo+1","floor":35},{"not_picked":["SashWhip+1","SandsOfTime"],"picked":"Wireheading+1","floor":39},{"not_picked":["testmod-AutoReboundSystem","Violence"],"picked":"testmod-VirtualReality","floor":41},{"not_picked":["Violence","testmod-TreasureHunter"],"picked":"Apotheosis","floor":41},{"not_picked":["Specialist","testmod-RabbitOfFibonacci"],"picked":"Replay:Parry","floor":41},{"not_picked":["Prostrate","Halt+1"],"picked":"Establishment","floor":42},{"not_picked":["testmod-AutoReboundSystem","testmod-Illusory"],"picked":"testmod-HeadAttack","floor":45},{"not_picked":["Replay:Sssssssssshield","Flash of Steel"],"picked":"ReplayUltimateDefense","floor":45},{"not_picked":["FlurryOfBlows","Consecrate+1"],"picked":"BowlingBash+1","floor":46},{"not_picked":["FollowUp","Prostrate"],"picked":"FlyingSleeves+1","floor":47},{"not_picked":["SashWhip+1","CrushJoints+1"],"picked":"EmptyFist+1","floor":48}],"player_experience":747995,"relics_obtained":[{"floor":1,"key":"Baka"},{"floor":6,"key":"reliquary:TridentHead"},{"floor":8,"key":"reliquary:NewFriend"},{"floor":9,"key":"SharpPlug"},{"floor":21,"key":"reliquary:BallBearing"},{"floor":22,"key":"Enchiridion"},{"floor":24,"key":"testmod-BouquetWithThorns"},{"floor":26,"key":"reliquary:Dhvaja"},{"floor":31,"key":"testmod-InjuryResistance"},{"floor":33,"key":"Strawberry"},{"floor":39,"key":"Thread and Needle"},{"floor":43,"key":"Smiling Mask"},{"floor":46,"key":"Replay:Wax Seal"},{"floor":48,"key":"CatCart"}],"event_choices":[{"damage_healed":0,"gold_gain":175,"player_choice":"AGREE","damage_taken":0,"max_hp_gain":0,"max_hp_loss":0,"event_name":"Liars Game","floor":3,"gold_loss":0,"cards_obtained":["Doubt"]},{"damage_healed":0,"gold_gain":0,"player_choice":"Ignored","damage_taken":0,"max_hp_gain":0,"max_hp_loss":0,"event_name":"给自己的盒子","floor":20,"gold_loss":0},{"damage_healed":0,"gold_gain":0,"player_choice":"Obtained Book","damage_taken":16,"max_hp_gain":0,"max_hp_loss":0,"event_name":"Cursed Tome","floor":22,"gold_loss":0},{"damage_healed":0,"gold_gain":400,"player_choice":"Sell","damage_taken":0,"max_hp_gain":0,"max_hp_loss":0,"event_name":"恩洛斯的盘子","floor":37,"relics_lost":["HushsDoor"],"gold_loss":0},{"damage_healed":0,"gold_gain":0,"player_choice":"Fight","damage_taken":0,"max_hp_gain":0,"max_hp_loss":0,"event_name":"MindBloom","floor":39,"gold_loss":0},{"damage_healed":0,"gold_gain":0,"player_choice":"Memory 2","damage_taken":5,"max_hp_gain":0,"max_hp_loss":0,"event_name":"SensoryStone","floor":45,"gold_loss":0},{"damage_healed":0,"gold_gain":0,"player_choice":"Fight","damage_taken":0,"max_hp_gain":0,"max_hp_loss":0,"event_name":"OrinTheCat","floor":48,"gold_loss":0}],"is_beta":false,"boss_relics":[{"not_picked":["testmod-DreamHouse","testmod-Prudence"],"picked":"EasyGame_NEW"},{"not_picked":[]},{"not_picked":["testmod-DeterminationOfClimber","Astrolabe"],"picked":"SoulBox"},{"not_picked":[]}],"items_purged_floors":[2,25],"is_endless":false,"potions_floor_spawned":[1,10,16,18,28,29,35,48],"ascension_level":3}}