{"host":"0kk91h4bq4kgfj0u","time":1613100030,"event":{"mods":["BaseMod","Bestiary","Block Reminder","Colored Map","Colored Powertips","Curses Come First","Downfall","Highlight Path","Minty Spire (QoL Compilation)","Relic Stats","StSLib"],"gold_per_floor":[99,127,127,152,152,181,235,279,305,305,205,225,250,305,338,350,350,350],"floor_reached":16,"language":"ENG","playtime":769,"items_purged":[],"score":104,"play_id":"48e25bf8-ee2b-4164-b763-02cae13c58ac","local_time":"20210211222030","is_ascension_mode":false,"campfire_choices":[{"floor":1,"key":"RECALL"},{"floor":11,"key":"REST"}],"circlet_count":0,"master_deck":["hexamod:Strike","hexamod:Strike","hexamod:Strike","hexamod:Strike","hexamod:Defend","hexamod:Defend","hexamod:Defend","hexamod:Defend","hexamod:Sear","hexamod:Float","hexamod:AdvancingGuard","hexamod:CatchUp","hexamod:ShieldOfDarkness","hexamod:Again","hexamod:PhantomFireball","hexamod:ExtraCrispy","hexamod:FlamesFromBeyond","hexamod:HauntingEcho"],"relics":["hexamod:SpiritBrand","CeramicFish","Smiling Mask","Tiny Chest","downfall:BrokenWingStatue","downfall:HeartBlessingRed","MawBank"],"acts_visited":["Exordium"],"potions_floor_usage":[],"damage_taken":[{"damage":5,"enemies":"Jaw Worm","floor":2,"turns":4},{"damage":0,"enemies":"Cultist","floor":4,"turns":3},{"damage":0,"enemies":"Small Slimes","floor":6,"turns":3},{"damage":11,"enemies":"Lagavulin","floor":8,"turns":9},{"damage":10,"enemies":"3 Louse","floor":9,"turns":5},{"damage":12,"enemies":"Exordium Wildlife","floor":12,"turns":5},{"damage":9,"enemies":"2 Fungi Beasts","floor":13,"turns":4},{"damage":7,"enemies":"Exordium Wildlife","floor":15,"turns":5},{"damage":82,"enemies":"WA_ARCHETYPE_RETAIN","floor":16,"turns":10}],"seed_played":"3776707474170533221","potions_obtained":[{"floor":2,"key":"FairyPotion"},{"floor":4,"key":"Dexterity Potion"},{"floor":8,"key":"SmokeBomb"}],"is_trial":false,"path_per_floor":["R","M","?","M","?","M","T","E","M","?","R","M","M","T","M","B"],"character_chosen":"THE_SPIRIT","items_purchased":[],"campfire_rested":1,"item_purchase_floors":[],"current_hp_per_floor":[70,65,65,65,70,70,70,59,49,49,71,59,50,50,43,0,0,0],"gold":350,"neow_bonus":"RANDOM_COMMON_RELIC","is_daily":false,"chose_seed":false,"campfire_upgraded":0,"win_rate":0.0,"timestamp":1613100030,"path_taken":["R","M","?","?","?","M","T","E","M","?","R","M","M","?","M","BOSS"],"items_purchased_type":[],"build_version":"2020-12-22","purchased_purges":0,"victory":false,"max_hp_per_floor":[70,70,70,70,75,75,75,75,75,75,75,75,75,75,75,75,75,75],"relic_stats":{"counters":[9,48],"CeramicFish":72,"Tiny Chest":0,"Smiling Mask":0,"MawBank":24,"obtain_stats":[{"downfall:BrokenWingStatue":10,"downfall:HeartBlessingRed":11,"CeramicFish":0,"Tiny Chest":8,"Smiling Mask":7,"MawBank":14,"hexamod:SpiritBrand":0},{"downfall:BrokenWingStatue":5,"downfall:HeartBlessingRed":5,"CeramicFish":0,"Tiny Chest":4,"Smiling Mask":3,"MawBank":7,"hexamod:SpiritBrand":0},{"downfall:BrokenWingStatue":24,"downfall:HeartBlessingRed":24,"CeramicFish":0,"Tiny Chest":19,"Smiling Mask":10,"MawBank":33,"hexamod:SpiritBrand":0}]},"card_choices":[{"not_picked":["hexamod:FourthSeal","hexamod:ChargedBarrage"],"picked":"hexamod:AdvancingGuard","floor":2},{"not_picked":["hexamod:HauntingEcho","hexamod:HeatMetal"],"picked":"hexamod:CatchUp","floor":4},{"not_picked":["hexamod:GhostOfSpireFuture","hexamod:SecondSeal"],"picked":"hexamod:ShieldOfDarkness","floor":6},{"not_picked":["hexamod:GhostShield","hexamod:ParanormalForm"],"picked":"hexamod:Again","floor":8},{"not_picked":["hexamod:BurningTouch","hexamod:ThirdSeal"],"picked":"hexamod:PhantomFireball","floor":9},{"not_picked":["hexamod:HeatShield","hexamod:HauntingEcho"],"picked":"hexamod:ExtraCrispy","floor":12},{"not_picked":["hexamod:GhostflameBarrier","hexamod:FastForward"],"picked":"hexamod:FlamesFromBeyond","floor":13},{"not_picked":["hexamod:GhostLash","hexamod:SoulSteal"],"picked":"hexamod:HauntingEcho","floor":15}],"player_experience":926643,"relics_obtained":[{"floor":7,"key":"Smiling Mask"},{"floor":8,"key":"Tiny Chest"},{"floor":14,"key":"MawBank"}],"event_choices":[{"damage_healed":0,"gold_gain":0,"player_choice":"Donut","damage_taken":0,"max_hp_gain":5,"max_hp_loss":0,"event_name":"Big Fish","floor":5,"gold_loss":0}],"is_beta":false,"boss_relics":[],"items_purged_floors":[],"is_endless":false,"potions_floor_spawned":[2,4,8],"killed_by":"WA_ARCHETYPE_RETAIN","ascension_level":0}}