{"host":"rzvepkyh9344fbo1","time":1613134659,"event":{"mods":["AchievementEnabler","Act Like it!","BaseMod","Better Third Choice","Colored Map","Colored Powertips","Curses Come First","Downfall","Evolution","Fox Events","Hermit","Highlight Path","Minty Spire (QoL Compilation)","Replay The Spire","Robot Space Explorer","Shade Mod","Shop Mod","StS++","StSLib","The Cursed","The Marked","The Necromancer"],"gold_per_floor":[114,114,126,159,222,222,0,35,139,139,151,151,180,200,200,300,377,389,424,444,232,232,265,265,326,403,418,418,428,428,26,26,123,200,233,248,248,261,314,340,376,453,530,557,573,573,586,596,596,596,596,596,100,135,135,135],"floor_reached":55,"language":"ENG","playtime":6785,"items_purged":["hermit:Strike_Hermit","hermit:Strike_Hermit","Regret"],"score":1070,"play_id":"58802bf3-f543-45b0-bab3-6865e2c06d2f","local_time":"20210212235739","is_ascension_mode":true,"campfire_choices":[{"data":"hermit:Gestalt","floor":6,"key":"SMITH"},{"data":"hermit:Combo","floor":10,"key":"SMITH"},{"data":"hermit:GhostlyPresence","floor":12,"key":"SMITH"},{"data":"hermit:Strike_Hermit","floor":15,"key":"PURGE"},{"data":"hermit:DeadOrAlive","floor":24,"key":"SMITH"},{"data":"hermit:Coalescence","floor":28,"key":"SMITH"},{"data":"hermit:Covet","floor":30,"key":"SMITH"},{"floor":32,"key":"RECALL"},{"data":"hermit:EternalForm","floor":46,"key":"SMITH"},{"data":"hermit:BlackWind","floor":49,"key":"SMITH"},{"data":"hermit:Determination","floor":52,"key":"SMITH"}],"circlet_count":0,"master_deck":["hermit:Defend_Hermit","hermit:Defend_Hermit+1","hermit:Defend_Hermit","hermit:Defend_Hermit","hermit:Snapshot","hermit:Covet+1","hermit:Gestalt+1","hermit:Quickdraw","hermit:Snipe","hermit:Combo+1","hermit:Deadeye","hermit:GhostlyPresence+1","hermit:EyeOfTheStorm+1","hermit:Determination+1","hermit:DeadOrAlive+1","CurseOfTheBell","hermit:FlashPowder+1","hermit:HeroicBravado","hermit:Magnum+1","hermit:Coalescence+1","hermit:EternalForm+1","hermit:TakeAim+1","ReplayTheSpireMod:Splinters","Parasite","hermit:BlackWind+1"],"relics":["hermit:Momento","EVO:Axolotl","Incense Burner","foxEvents:LuckyCharm","MerchantsRug","Blood Vial","Lantern","Snack Pack","Ginger","Red Mask","White Beast Statue","hermit:Horseshoe","Replay:Towering Pillar of Hats","Tiny Chest","StSpp:SailorCap","Coffee Dripper","Unceasing Top","Replay:Accelerometer","Dream Catcher","Sundial","Art of War","Bottled Tornado","hermit:RedScarf","BargainBundle","ReplayTheSpireMod:Ninjato"],"acts_visited":["Exordium","TheCity","TheBeyond","TheEnding"],"potions_floor_usage":[19,23,25,33,33,39,39,44,44,44,44,44,44,44,44,45,54,55,55,55],"damage_taken":[{"damage":2,"enemies":"Jaw Worm","floor":1,"turns":3},{"damage":1,"enemies":"2 Louse","floor":3,"turns":3},{"damage":15,"enemies":"Colosseum Slavers","floor":4,"turns":4},{"damage":8,"enemies":"Replay:BlueRogue","floor":8,"turns":7},{"damage":1,"enemies":"Small Slimes","floor":11,"turns":3},{"damage":2,"enemies":"Lagavulin","floor":13,"turns":7},{"damage":1,"enemies":"Blue Slaver","floor":14,"turns":3},{"damage":10,"enemies":"The Guardian","floor":16,"turns":7},{"damage":10,"enemies":"3 Byrds","floor":18,"turns":7},{"damage":13,"enemies":"Masked Bandits","floor":19,"turns":6},{"damage":1,"enemies":"Chosen","floor":20,"turns":6},{"damage":25,"enemies":"Gremlin Leader","floor":23,"turns":6},{"damage":8,"enemies":"Replay:Snechameleon","floor":25,"turns":6},{"damage":4,"enemies":"Snake Plant","floor":27,"turns":6},{"damage":3,"enemies":"Cultist and Chosen","floor":29,"turns":7},{"damage":18,"enemies":"Pondfish","floor":33,"turns":9},{"damage":22,"enemies":"3 Shapes","floor":35,"turns":5},{"damage":7,"enemies":"3 Darklings","floor":36,"turns":6},{"damage":28,"enemies":"Transient","floor":38,"turns":5},{"damage":5,"enemies":"2 Orb Walkers","floor":39,"turns":7},{"damage":0,"enemies":"Giant Head","floor":40,"turns":6},{"damage":27,"enemies":"Reptomancer","floor":44,"turns":5},{"damage":0,"enemies":"Writhing Mass","floor":45,"turns":4},{"damage":3,"enemies":"Maw","floor":47,"turns":6},{"damage":1,"enemies":"Transient","floor":48,"turns":5},{"damage":17,"enemies":"Time Eater","floor":50,"turns":9},{"damage":21,"enemies":"Shield and Spear","floor":54,"turns":7},{"damage":100,"enemies":"The Heart","floor":55,"turns":8}],"seed_played":"-7480463763044349472","potions_obtained":[{"floor":4,"key":"SteroidPotion"},{"floor":13,"key":"Energy Potion"},{"floor":16,"key":"SkillPotion"},{"floor":18,"key":"Death Potion"},{"floor":23,"key":"ColorlessPotion"},{"floor":25,"key":"Venom Potion"},{"floor":27,"key":"Adrenaline Potion"},{"floor":33,"key":"Cursed Concoction"},{"floor":35,"key":"SpeedPotion"},{"floor":38,"key":"Energy Potion"},{"floor":39,"key":"SteroidPotion"},{"floor":40,"key":"PowerPotion"},{"floor":41,"key":"EntropicBrew"},{"floor":44,"key":"Reflective Coating"},{"floor":45,"key":"SpeedPotion"},{"floor":47,"key":"Fire Potion"},{"floor":48,"key":"bronze:BurnAndBuffPotion"},{"floor":54,"key":"champ:CounterPotion"}],"is_trial":false,"path_per_floor":["M","?","M","?","?","R","$","E","T","R","M","R","E","M","R_BF","B",null,"M","?","M","$","?","E","R","E","T","M","R","M","R","$","R_BF","B",null,"M","M","?","M","?","E","?","T","T","E","M","R","M","M","R","B",null,"R","$","E","B"],"character_chosen":"HERMIT","items_purchased":["hermit:Combo","MerchantsRug","hermit:Magnum","Tiny Chest","StSpp:SailorCap","hermit:RedScarf","BargainBundle","hermit:Eclipse"],"campfire_rested":0,"item_purchase_floors":[7,7,21,31,31,53,53,53],"current_hp_per_floor":[73,73,72,57,57,57,57,49,49,49,50,50,50,51,51,43,75,67,56,57,57,57,36,36,32,32,32,32,33,33,33,33,25,75,55,56,56,30,31,41,41,41,41,20,28,28,33,40,40,31,75,75,75,60,0,0],"gold":135,"neow_bonus":"TRANSFORM_CARD","is_daily":false,"chose_seed":false,"campfire_upgraded":9,"win_rate":0.0,"timestamp":1613134659,"path_taken":["M","?","M","?","?","R","?","E","T","R","?","R","E","M","R_BF","BOSS","M","?","M","$","?","E","R","E","T","?","R","M","R","$","R_BF","BOSS","M","M","?","M","?","E","?","?","T","E","M","R","?","M","R","BOSS","R","$","E","BOSS"],"items_purchased_type":["Card","Relic","Card","Relic","Relic","Relic","Relic","Potion"],"build_version":"2020-12-22","purchased_purges":3,"victory":false,"max_hp_per_floor":[75,75,75,75,75,75,75,75,75,75,75,75,75,75,75,75,75,75,75,75,75,75,75,75,75,75,75,75,75,75,75,75,75,75,75,75,75,75,75,75,75,75,75,75,75,75,75,75,75,75,75,75,75,75,75,75],"card_choices":[{"not_picked":["hermit:BodyArmor","hermit:Glare"],"picked":"hermit:Quickdraw","floor":1},{"not_picked":["hermit:WideOpen","hermit:Misfire"],"picked":"hermit:Snipe","floor":3},{"not_picked":["hermit:Maintenance","hermit:TrackingShot"],"picked":"hermit:Deadeye","floor":8},{"not_picked":["hermit:GoldenBullet","hermit:Headshot"],"picked":"hermit:GhostlyPresence","floor":11},{"not_picked":["hermit:Ricochet","hermit:RoundhouseKick"],"picked":"hermit:EyeOfTheStorm","floor":13},{"not_picked":["hermit:Ricochet","hermit:Headshot"],"picked":"hermit:Determination","floor":14},{"not_picked":["hermit:FromBeyond","hermit:BlackWind"],"picked":"hermit:DeadOrAlive","floor":16},{"not_picked":["hermit:CalledShot+1","hermit:WideOpen"],"picked":"hermit:FlashPowder+1","floor":18},{"not_picked":["hermit:WideOpen","hermit:Showdown"],"picked":"hermit:HeroicBravado","floor":19},{"not_picked":["hermit:Scavenge","hermit:LowProfile","hermit:Showdown+1"],"picked":"SKIP","floor":20},{"not_picked":["hermit:Malice+1","hermit:Desperado","hermit:FullyLoaded"],"picked":"SKIP","floor":23},{"not_picked":["hermit:LowProfile","hermit:Showdown","hermit:Desperado"],"picked":"SKIP","floor":25},{"not_picked":["hermit:Combo","hermit:LoneWolf+1"],"picked":"hermit:Coalescence","floor":27},{"not_picked":["hermit:LoneWolf+1","hermit:TrackingShot","hermit:Coalescence"],"picked":"SKIP","floor":29},{"not_picked":["hermit:FatalDesire","hermit:Purgatory"],"picked":"hermit:EternalForm","floor":33},{"not_picked":["hermit:PistolWhip+1","hermit:FlashPowder","hermit:Ricochet+1"],"picked":"SKIP","floor":35},{"not_picked":["hermit:BodyArmor","hermit:Gestalt+1"],"picked":"hermit:TakeAim+1","floor":36},{"not_picked":["hermit:ItchyTrigger","hermit:LuckOfTheDraw","hermit:HighCaliber"],"picked":"SKIP","floor":38},{"not_picked":["hermit:Brawl","hermit:ItchyTrigger","hermit:Deadeye"],"picked":"SKIP","floor":40},{"not_picked":["hermit:Combo+1","hermit:Glare+1","hermit:Horror"],"picked":"SKIP","floor":44},{"not_picked":["hermit:BodyArmor+1","hermit:Showdown+1","hermit:Quickdraw+1"],"picked":"SKIP","floor":45},{"not_picked":["hermit:SprayPray+1","hermit:Quickdraw+1","hermit:Vantage"],"picked":"SKIP","floor":47},{"not_picked":["hermit:Manifest","hermit:Shortfuse+1"],"picked":"hermit:BlackWind","floor":48},{"not_picked":["hermit:Dive","hermit:TrackingShot+1","hermit:DeadMansHand+1"],"picked":"SKIP","floor":54}],"player_experience":301780,"relics_obtained":[{"floor":4,"key":"foxEvents:LuckyCharm"},{"floor":8,"key":"StrikeDummy"},{"floor":9,"key":"Blood Vial"},{"floor":13,"key":"Lantern"},{"floor":17,"key":"War Paint"},{"floor":17,"key":"Snack Pack"},{"floor":17,"key":"Ginger"},{"floor":19,"key":"Red Mask"},{"floor":23,"key":"White Beast Statue"},{"floor":25,"key":"hermit:Horseshoe"},{"floor":26,"key":"Replay:Towering Pillar of Hats"},{"floor":39,"key":"Unceasing Top"},{"floor":40,"key":"Replay:Accelerometer"},{"floor":41,"key":"Dream Catcher"},{"floor":42,"key":"Sundial"},{"floor":43,"key":"Art of War"},{"floor":44,"key":"Bottled Tornado"},{"floor":54,"key":"ReplayTheSpireMod:Ninjato"}],"event_choices":[{"damage_healed":0,"gold_gain":0,"player_choice":"Box","damage_taken":0,"relics_obtained":["Incense Burner"],"max_hp_gain":0,"max_hp_loss":0,"event_name":"Big Fish","floor":2,"gold_loss":0,"cards_obtained":["Regret"]},{"damage_healed":0,"gold_gain":63,"player_choice":"Gained Gold","damage_taken":0,"max_hp_gain":0,"max_hp_loss":0,"event_name":"Golden Wing","floor":5,"gold_loss":0},{"damage_healed":0,"gold_gain":0,"player_choice":"Fought Bandits","damage_taken":0,"max_hp_gain":0,"max_hp_loss":0,"event_name":"Masked Bandits","floor":19,"gold_loss":0},{"damage_healed":0,"gold_gain":0,"player_choice":"Upgraded","damage_taken":0,"max_hp_gain":0,"max_hp_loss":0,"event_name":"Upgrade Shrine","floor":22,"gold_loss":0,"cards_upgraded":["hermit:Magnum"]},{"damage_healed":0,"gold_gain":0,"player_choice":"Fight","damage_taken":0,"max_hp_gain":0,"max_hp_loss":0,"event_name":"Mysterious Sphere","floor":39,"gold_loss":0}],"is_beta":false,"boss_relics":[{"not_picked":["ChewingGum","Empty Cage"],"picked":"Calling Bell"},{"not_picked":["Runic Dome","hermit:DentedPlate"],"picked":"Coffee Dripper"}],"items_purged_floors":[21,31,53],"is_endless":false,"potions_floor_spawned":[4,13,16,18,23,25,27,29,33,35,36,38,39,40,44,45,47,48,54],"killed_by":"The Heart","ascension_level":1}}