{"host":"350rh84kbmtekt58","time":1613165753,"event":{"mods":["AchievementEnabler","Act Like it!","BaseMod","Better Synergies","Block Reminder","CapriCore","Challenge The Spire","Colored Map","Colored Powertips","Communication Mod","Downfall","Energized Spire","Friendly Minions","GifTheSpireLib","Highlight Path","Minty Spire (QoL Compilation)","Quick Restart","Replay The Spire","Shop Mod","StSLib","The Animator","The Disciple","The Immortal","The Marked","The Runesmith","The Servant 0.9.4","The Wild Card","Transform Curses","yUi"],"gold_per_floor":[113,113,126,76,92,92,112,112,138,169,194,217,248,267,267,397,397,420,420,219,219,280,280,280,320,346,369,24,24,71,144,144,277,286,316,384,412,451,8,52,52,105,105,174,174,20,20,60,69,69,69,69,19,69,69,69],"floor_reached":55,"language":"ENG","playtime":5224,"items_purged":["Delirium","Parasite","SwitchThreat"],"score":1098,"play_id":"7fc0f9f1-6d9f-4969-a97d-ea3adc0fd689","local_time":"20210212153553","is_ascension_mode":true,"campfire_choices":[{"data":"Whirlwind","floor":6,"key":"SMITH"},{"data":"Uppercut","floor":8,"key":"SMITH"},{"floor":15,"key":"REST"},{"data":"Metallicize","floor":23,"key":"SMITH"},{"data":"Rupture","floor":29,"key":"SMITH"},{"floor":32,"key":"REST"},{"floor":41,"key":"REST"},{"floor":45,"key":"REST"},{"floor":47,"key":"RECALL"},{"floor":49,"key":"REST"},{"data":"Limit Break","floor":52,"key":"SMITH"}],"circlet_count":0,"master_deck":["Strike_R","Strike_R","Strike_R","Strike_R","Strike_R","Defend_R","Defend_R","Defend_R","Defend_R","Bash","Whirlwind+1","ReplayTheSpireMod:Strike From Hell","Uppercut+1","Evolve","Offering","Pommel Strike","Feed","Flex","Juggernaut","Metallicize+1","Warcry+1","Slimebound:CheckThePlaybook","downfall:Icky","Flex","Rage","Rupture+1","Power Through+1","ReplayTheSpireMod:Stacked+1","Blood for Blood","Limit Break+1","CurseOfTheBell","Iron Wave+1","Flex","Iron Wave","Shrug It Off","Metallicize+1","Burning Pact+1","Impervious+1","Rage","Spot Weakness+1","Seeing Red","Spot Weakness"],"relics":["Philosopher\u0027s Stone","Golden Idol","Bag of Preparation","Regal Pillow","Lantern","Ooze Armor","ReplayTheSpireMod:Ring of Exchange","ReplayTheSpireMod:Ring of Challenge","ReplayTheSpireMod:CursedCoin","Bottled Tornado","CeramicFish","Snack Pack","Replay:Wax Seal","Replay:Grab Bag","bronze:MakeshiftBattery","Painkiller Herb","Calling Bell","Potion Belt","Golden Egg","StoneCalendar","Incense Burner","Red Skull","ReplayFunnel","Smiling Mask","Singing Bowl","Dream Catcher","Blue Doll"],"acts_visited":["Exordium","TheCity","TheBeyond","TheEnding"],"potions_floor_usage":[10,13,16,16,16,16,22,22,25,25,30,33,38,40,40,40,50,50,50],"damage_taken":[{"damage":0,"enemies":"Small Slimes","floor":1,"turns":3},{"damage":2,"enemies":"Jaw Worm","floor":3,"turns":3},{"damage":3,"enemies":"2 Louse","floor":5,"turns":2},{"damage":0,"enemies":"Large Slime","floor":7,"turns":3},{"damage":7,"enemies":"Gremlin Nob","floor":10,"turns":3},{"damage":9,"enemies":"Red Slaver","floor":11,"turns":3},{"damage":0,"enemies":"3 Louse","floor":12,"turns":1},{"damage":10,"enemies":"Replay:BlueRogue","floor":13,"turns":2},{"damage":12,"enemies":"Large Slime","floor":14,"turns":4},{"damage":53,"enemies":"Fading Forest","floor":16,"turns":11},{"damage":0,"enemies":"Chosen","floor":18,"turns":4},{"damage":23,"enemies":"Shell Parasite","floor":22,"turns":6},{"damage":24,"enemies":"Gremlin Leader","floor":25,"turns":5},{"damage":6,"enemies":"Centurion and Healer","floor":27,"turns":3},{"damage":25,"enemies":"Book of Stabbing","floor":30,"turns":4},{"damage":14,"enemies":"Snake Plant","floor":31,"turns":4},{"damage":30,"enemies":"Pondfish","floor":33,"turns":9},{"damage":31,"enemies":"Orb Walker","floor":35,"turns":4},{"damage":27,"enemies":"2 Orb Walkers","floor":36,"turns":3},{"damage":11,"enemies":"3 Darklings","floor":37,"turns":3},{"damage":14,"enemies":"Writhing Mass","floor":38,"turns":6},{"damage":14,"enemies":"Giant Head","floor":40,"turns":7},{"damage":45,"enemies":"Nemesis","floor":42,"turns":9},{"damage":14,"enemies":"4 Shapes","floor":44,"turns":7},{"damage":9,"enemies":"Jaw Worm Horde","floor":48,"turns":1},{"damage":62,"enemies":"Donu and Deca","floor":50,"turns":7},{"damage":15,"enemies":"Shield and Spear","floor":54,"turns":7},{"damage":139,"enemies":"The Heart","floor":55,"turns":5}],"seed_played":"7169169719206886693","potions_obtained":[{"floor":3,"key":"ColorlessPotion"},{"floor":5,"key":"EntropicBrew"},{"floor":11,"key":"Elixir"},{"floor":12,"key":"AttackPotion"},{"floor":16,"key":"Energy Potion"},{"floor":18,"key":"FearPotion"},{"floor":22,"key":"sneckomod:MuddlingPotion"},{"floor":25,"key":"champ:CounterPotion"},{"floor":31,"key":"Swift Potion"},{"floor":36,"key":"Block Potion"},{"floor":38,"key":"champ:CounterPotion"},{"floor":42,"key":"Weak Potion"},{"floor":44,"key":"Fire Potion"}],"is_trial":false,"path_per_floor":["M","?","M","?","M","R","M","R","T","E","M","M","E","M","R","B",null,"M","?","$","?","M","R","?","E","T","M","$","R","E","M","R","B",null,"?","?","?","?","T","E","T","E","T","?","T","T","T","?","T","B",null,"T","T","E","B"],"character_chosen":"IRONCLAD","items_purchased":["ReplayTheSpireMod:CursedCoin","Metallicize","Bottled Tornado","Snack Pack","Rupture","Power Through+1","Red Skull","Metallicize","Burning Pact","ColorlessPotion","SkillPotion","Spot Weakness","HeartOfIron"],"campfire_rested":5,"item_purchase_floors":[20,20,20,28,28,28,39,39,39,39,39,46,46],"current_hp_per_floor":[80,80,78,78,75,75,75,75,75,68,59,59,49,37,76,49,80,80,80,80,90,79,79,79,55,55,52,52,52,29,19,61,35,93,64,43,32,20,20,12,54,15,15,9,51,51,51,44,87,29,94,94,94,86,0,0],"gold":69,"neow_bonus":"BOSS_RELIC","is_daily":false,"chose_seed":false,"campfire_upgraded":5,"win_rate":0.0,"timestamp":1613165753,"path_taken":["M","?","M","?","M","R","?","R","T","E","M","M","E","M","R","BOSS","M","?","$","?","?","R","?","E","T","M","$","R","E","M","R","BOSS","?","?","?","?","T","E","T","E","T","?","T","T","T","?","T","BOSS","T","T","E","BOSS"],"items_purchased_type":["Relic","Card","Relic","Relic","Card","Card","Relic","Card","Card","Potion","Potion","Card","Potion"],"build_version":"2020-12-22","purchased_purges":3,"victory":false,"max_hp_per_floor":[80,80,80,80,80,80,80,80,80,80,80,80,80,80,80,80,80,80,80,80,90,90,90,90,90,90,93,93,93,93,93,93,93,93,93,93,93,93,90,90,90,90,90,92,92,92,92,94,94,94,94,94,94,97,97,97],"card_choices":[{"not_picked":["Shrug It Off","Blood for Blood"],"picked":"Whirlwind","floor":1},{"not_picked":["Sword Boomerang","True Grit"],"picked":"ReplayTheSpireMod:Strike From Hell","floor":3},{"not_picked":["Havoc","Massacre"],"picked":"Uppercut","floor":5},{"not_picked":["Havoc","Warcry"],"picked":"Evolve","floor":7},{"not_picked":["Havoc","Evolve"],"picked":"Offering","floor":10},{"not_picked":["Clothesline","Perfected Strike"],"picked":"Pommel Strike","floor":11},{"not_picked":["Havoc","ReplayTheSpireMod:Stacked"],"picked":"Limit Break","floor":12},{"not_picked":["Body Slam","ReplayTheSpireMod:Limb From Limb"],"picked":"Feed","floor":13},{"not_picked":["Heavy Blade","Headbutt"],"picked":"Flex","floor":14},{"not_picked":["Immolate","Bludgeon"],"picked":"Juggernaut","floor":16},{"not_picked":["Body Slam","Anger","Headbutt"],"picked":"SKIP","floor":18},{"not_picked":["Clothesline","Exhume"],"picked":"Warcry+1","floor":22},{"not_picked":["Anger","Whirlwind"],"picked":"Flex","floor":25},{"not_picked":["Warcry","ReplayTheSpireMod:Muscle Training"],"picked":"Rage","floor":27},{"not_picked":["Massacre","Pommel Strike"],"picked":"ReplayTheSpireMod:Stacked+1","floor":30},{"not_picked":["Dark Embrace+1","Sword Boomerang+1"],"picked":"Blood for Blood","floor":31},{"not_picked":["Corruption","Eclipse"],"picked":"Limit Break","floor":33},{"not_picked":["Rampage","Anger"],"picked":"Iron Wave+1","floor":35},{"not_picked":["ReplayTheSpireMod:Strike From Hell+1","Rampage"],"picked":"Flex","floor":36},{"not_picked":["Flex","Clash+1"],"picked":"Iron Wave","floor":37},{"not_picked":["Thunderclap+1","Blood for Blood"],"picked":"Shrug It Off","floor":38},{"not_picked":["Pommel Strike+1","Iron Wave+1"],"picked":"Impervious","floor":40},{"not_picked":["Headbutt","Massacre+1"],"picked":"Rage","floor":42},{"not_picked":["Uppercut","True Grit+1","Clash+1"],"picked":"Singing Bowl","floor":44},{"not_picked":["Clothesline","Pommel Strike+1","Body Slam+1"],"picked":"Singing Bowl","floor":48},{"not_picked":["Warcry","Rupture+1"],"picked":"Seeing Red","floor":49},{"not_picked":["Searing Blow","Sever Soul+1"],"picked":"Spot Weakness","floor":54}],"player_experience":240123,"relics_obtained":[{"floor":9,"key":"Bag of Preparation"},{"floor":10,"key":"Regal Pillow"},{"floor":13,"key":"Lantern"},{"floor":19,"key":"ReplayTheSpireMod:Ring of Exchange"},{"floor":19,"key":"ReplayTheSpireMod:Ring of Challenge"},{"floor":25,"key":"CeramicFish"},{"floor":30,"key":"Replay:Wax Seal"},{"floor":34,"key":"Potion Belt"},{"floor":34,"key":"Golden Egg"},{"floor":34,"key":"StoneCalendar"},{"floor":36,"key":"Incense Burner"},{"floor":40,"key":"ReplayFunnel"},{"floor":42,"key":"Smiling Mask"},{"floor":43,"key":"Singing Bowl"},{"floor":48,"key":"Dream Catcher"},{"floor":54,"key":"Blue Doll"}],"event_choices":[{"damage_healed":0,"gold_gain":0,"player_choice":"Take Wound","damage_taken":0,"relics_obtained":["Golden Idol"],"max_hp_gain":0,"max_hp_loss":0,"event_name":"Golden Idol","floor":2,"gold_loss":0,"cards_obtained":["Injury"]},{"cards_removed":["Injury"],"damage_healed":0,"gold_gain":0,"player_choice":"Card Removal","damage_taken":0,"max_hp_gain":0,"max_hp_loss":0,"event_name":"The Cleric","floor":4,"gold_loss":50},{"cards_removed":["Limit Break"],"damage_healed":0,"gold_gain":0,"player_choice":"Offered Rare","damage_taken":0,"max_hp_gain":10,"max_hp_loss":0,"event_name":"Bonfire Elementals","floor":21,"gold_loss":0},{"damage_healed":0,"gold_gain":0,"player_choice":"Fight","damage_taken":0,"max_hp_gain":0,"max_hp_loss":0,"event_name":"Mysterious Sphere","floor":36,"gold_loss":0}],"is_beta":false,"boss_relics":[{"not_picked":["energizedSpire:RedRose","Sozu"],"picked":"Ooze Armor"},{"not_picked":["Snecko Eye","SlaversCollar"],"picked":"Replay:Grab Bag"},{"not_picked":["energizedSpire:NeverEndingSparkler","energizedSpire:MagnifyingGlass"],"picked":"bronze:MakeshiftBattery"},{"not_picked":["energizedSpire:StickyHand","ReplayTheSpireMod:DimensionalGlitch"],"picked":"Painkiller Herb"},{"not_picked":["Ring of Chaos","Runic Pyramid"],"picked":"Calling Bell"}],"items_purged_floors":[20,39,53],"is_endless":false,"potions_floor_spawned":[3,5,11,12,16,18,22,25,31,36,38,42,44],"killed_by":"The Heart","ascension_level":1}}