{"host":"52lujqhsyicpcskq","time":1613110514,"event":{"mods":["BaseMod","Colored Map","DeckTracker","Minty Spire (QoL Compilation)","Permanent Neow","StSLib","SuperFastMode","everything is the same but u backflip on backflip"],"gold_per_floor":[16,16,30,50,50,83,83,127,150,175,175,175,175,216,216,216,216],"floor_reached":16,"language":"KOR","playtime":368,"items_purged":[],"score":236,"play_id":"3b57b372-4c0e-41a6-bad2-ddfa87c17777","local_time":"20210212151514","is_ascension_mode":true,"campfire_choices":[{"floor":7,"key":"REST"},{"data":"Streamline","floor":11,"key":"SMITH"},{"data":"Streamline","floor":13,"key":"SMITH"},{"data":"Zap","floor":15,"key":"SMITH"}],"circlet_count":0,"master_deck":["AscendersBane","Strike_B","Strike_B","Strike_B","Defend_B","Defend_B","Defend_B","Defend_B","Zap+1","Dualcast","Streamline+1","Barrage","Streamline+1","Electrodynamics","Beam Cell","Genetic Algorithm","Melter","Reboot"],"relics":["Cracked Core","WingedGreaves","Golden Idol","DataDisk","Pen Nib","Strawberry","InkBottle"],"acts_visited":["Exordium"],"potions_floor_usage":[],"damage_taken":[{"damage":9,"enemies":"Jaw Worm","floor":1,"turns":4},{"damage":0,"enemies":"Small Slimes","floor":3,"turns":3},{"damage":6,"enemies":"Cultist","floor":4,"turns":3},{"damage":26,"enemies":"Gremlin Nob","floor":6,"turns":4},{"damage":20,"enemies":"3 Sentries","floor":8,"turns":3},{"damage":8,"enemies":"Large Slime","floor":10,"turns":5},{"damage":0,"enemies":"Gremlin Nob","floor":14,"turns":2},{"damage":21,"enemies":"The Guardian","floor":16,"turns":6}],"seed_played":"-2490677584546040695","potions_obtained":[{"floor":1,"key":"SpeedPotion"},{"floor":3,"key":"PowerPotion"}],"is_trial":false,"path_per_floor":["M","?","M","M","$","E","R","E","T","M","R","?","R","E","R","B"],"character_chosen":"DEFECT","items_purchased":[],"campfire_rested":1,"item_purchase_floors":[],"current_hp_per_floor":[59,59,59,53,53,27,47,27,34,26,26,26,26,26,26,5,5],"gold":216,"neow_bonus":"ONE_RARE_RELIC","is_daily":false,"chose_seed":false,"campfire_upgraded":3,"win_rate":0.0,"timestamp":1613110514,"path_taken":["M","?","M","M","$","E","R","E","T","M","R","?","R","E","R","BOSS"],"items_purchased_type":[],"build_version":"2020-12-22","purchased_purges":0,"victory":false,"max_hp_per_floor":[75,69,69,69,69,69,69,69,76,76,76,76,76,76,76,76,76],"card_choices":[{"not_picked":["White Noise","Scrape"],"picked":"Streamline","floor":1},{"not_picked":["Sweeping Beam","Hologram"],"picked":"Barrage","floor":3},{"not_picked":["Storm","Redo"],"picked":"Streamline","floor":4},{"not_picked":["Scrape","Compile Driver"],"picked":"Electrodynamics","floor":6},{"not_picked":["Chaos","Go for the Eyes"],"picked":"Beam Cell","floor":8},{"not_picked":["Ball Lightning","Gash"],"picked":"Genetic Algorithm","floor":10},{"not_picked":["Genetic Algorithm","Beam Cell"],"picked":"Reboot","floor":14}],"player_experience":789669,"relics_obtained":[{"floor":6,"key":"DataDisk"},{"floor":8,"key":"Pen Nib"},{"floor":9,"key":"Strawberry"},{"floor":14,"key":"InkBottle"}],"event_choices":[{"damage_healed":0,"gold_gain":0,"player_choice":"Lose Max HP","damage_taken":0,"relics_obtained":["Golden Idol"],"max_hp_gain":0,"max_hp_loss":6,"event_name":"Golden Idol","floor":2,"gold_loss":0},{"damage_healed":0,"gold_gain":0,"cards_transformed":["Strike_B"],"player_choice":"Transformed","damage_taken":0,"max_hp_gain":0,"max_hp_loss":0,"event_name":"Transmorgrifier","floor":12,"gold_loss":0,"cards_obtained":["Melter"]}],"is_beta":false,"boss_relics":[],"items_purged_floors":[],"is_endless":false,"potions_floor_spawned":[1,3,8],"killed_by":"The Guardian","ascension_level":13}}