{"host":"6gwm7y0tp7acoxay","time":1613116263,"event":{"mods":["BaseMod","Colored Map","Keyboard Shortcuts","Minty Spire (QoL Compilation)","Quick Restart","StSLib","SuperFastMode","everything is the same but u backflip on backflip"],"gold_per_floor":[119,119,139,139,139,168,168,195,270,303,314,339,339,371,371,446,446,465,519,499,511,278,278,304,333,333,333,359,359,391,391,391,470,470,481,481,113,113,138,168,197,224,224,256,206,206,233,251,251,251,251,251,251,37,66,66],"floor_reached":57,"language":"KOR","playtime":2561,"items_purged":["Flex","Headbutt","Clothesline","Metallicize"],"score":3283,"play_id":"f3b7fac3-ed32-4927-9a43-fa821f1a4a00","local_time":"20210212165103","daily_mods":["SealedDeck","Heirloom","Flight"],"is_ascension_mode":true,"campfire_choices":[{"data":"Demon Form","floor":7.0,"key":"SMITH"},{"data":"Evolve","floor":13.0,"key":"SMITH"},{"data":"Sword Boomerang","floor":15.0,"key":"SMITH"},{"data":"Armaments","floor":23.0,"key":"SMITH"},{"data":"Disarm","floor":27.0,"key":"SMITH"},{"data":"Barricade","floor":32,"key":"SMITH"},{"floor":49,"key":"RECALL"},{"floor":53,"key":"REST"}],"circlet_count":0,"master_deck":["AscendersBane","Sword Boomerang+1","Shockwave","Shrug It Off","Feel No Pain","Seeing Red+1","Demon Form+1","Evolve+1","Reaper","Disarm+1","Second Wind","Double Tap","Power Through","Armaments+1","Feed","Barricade+1","Body Slam","True Grit+1","Limit Break+1"],"relics":["Burning Blood","Prayer Wheel","Nunchaku","Blue Candle","Bottled Lightning","Singing Bowl","Ginger","Toy Ornithopter","Mark of Pain","Smiling Mask","Bronze Scales","Shuriken","Meat on the Bone","PreservedInsect","Fusion Hammer","Membership Card","Thread and Needle","Dead Branch","Toxic Egg 2","HornCleat","Happy Flower","Darkstone Periapt","Orichalcum","Kunai","TungstenRod","Gremlin Horn"],"acts_visited":["Exordium","TheCity","TheBeyond","TheEnding"],"potions_floor_usage":[40,44],"damage_taken":[{"damage":4.0,"enemies":"Jaw Worm","floor":1.0,"turns":3.0},{"damage":1.0,"enemies":"Cultist","floor":3.0,"turns":3.0},{"damage":26.0,"enemies":"Gremlin Nob","floor":6.0,"turns":5.0},{"damage":19.0,"enemies":"3 Sentries","floor":8.0,"turns":7.0},{"damage":39.0,"enemies":"Gremlin Nob","floor":10.0,"turns":5.0},{"damage":1.0,"enemies":"Small Slimes","floor":11.0,"turns":4.0},{"damage":15.0,"enemies":"Lagavulin","floor":12.0,"turns":5.0},{"damage":33.0,"enemies":"Gremlin Nob","floor":14.0,"turns":5.0},{"damage":35.0,"enemies":"Slime Boss","floor":16.0,"turns":7.0},{"damage":41.0,"enemies":"3 Byrds","floor":18.0,"turns":6.0},{"damage":13.0,"enemies":"2 Thieves","floor":21.0,"turns":4.0},{"damage":36.0,"enemies":"Slavers","floor":24.0,"turns":7.0},{"damage":24.0,"enemies":"Gremlin Leader","floor":25.0,"turns":9.0},{"damage":44.0,"enemies":"Slavers","floor":28.0,"turns":5.0},{"damage":39.0,"enemies":"Book of Stabbing","floor":30.0,"turns":7.0},{"damage":13,"enemies":"Automaton","floor":33,"turns":9},{"damage":39,"enemies":"3 Darklings","floor":35,"turns":6},{"damage":0,"enemies":"Mind Bloom Boss Battle","floor":39,"turns":11},{"damage":15,"enemies":"Reptomancer","floor":40,"turns":7},{"damage":18,"enemies":"Nemesis","floor":41,"turns":5},{"damage":5,"enemies":"Giant Head","floor":42,"turns":5},{"damage":88,"enemies":"Reptomancer","floor":44,"turns":11},{"damage":0,"enemies":"Nemesis","floor":47,"turns":5},{"damage":0,"enemies":"Orb Walker","floor":48,"turns":3},{"damage":33,"enemies":"Time Eater","floor":50,"turns":9},{"damage":120,"enemies":"Awakened One","floor":51,"turns":13},{"damage":75,"enemies":"Shield and Spear","floor":55,"turns":10},{"damage":97,"enemies":"The Heart","floor":56,"turns":9}],"seed_played":"5835386669470402116","potions_obtained":[{"floor":8.0,"key":"EssenceOfSteel"},{"floor":10.0,"key":"Weak Potion"},{"floor":11.0,"key":"Strength Potion"},{"floor":20.0,"key":"SkillPotion"},{"floor":24.0,"key":"AttackPotion"},{"floor":25.0,"key":"LiquidMemories"},{"floor":35,"key":"Swift Potion"},{"floor":40,"key":"FairyPotion"},{"floor":47,"key":"Fire Potion"}],"is_trial":true,"path_per_floor":["M","?","M","?","?","E","R","E","T","E","M","E","R","E","R","B",null,"M","T","?","M","$","R","E","E","T","R","E","?","E","?","R","B",null,"M","?","$","?","?","E","E","E","T","E","$","?","E","M","R","B","B",null,"R","$","E","B",null],"character_chosen":"IRONCLAD","items_purchased":["Feed","Membership Card","Thread and Needle","TungstenRod"],"campfire_rested":1,"item_purchase_floors":[22,37,37,54],"current_hp_per_floor":[70,70,75,75,75,55,55,75,75,51,72,81,81,57,57,67,78,70,70,70,76,76,76,90,74,74,74,96,96,94,88,88,86,101,114,114,114,108,114,116,110,125,125,126,126,126,131,135,135,135,77,124,139,139,144,128],"gold":66,"neow_bonus":"","is_daily":false,"chose_seed":false,"campfire_upgraded":6,"win_rate":0.0,"timestamp":1613116263,"path_taken":["M","?","?","?","?","E","R","E","T","E","?","E","R","E","R","BOSS","M","?","?","?","$","R","E","E","T","R","E","?","E","?","R","BOSS","M","?","$","?","?","E","E","E","T","E","?","?","E","?","R","BOSS","BOSS","R","$","E","BOSS"],"items_purchased_type":["Card","Relic","Relic","Relic"],"build_version":"2020-12-22","purchased_purges":4,"victory":true,"max_hp_per_floor":[75,75,75,75,75,75,75,75,75,75,79,81,81,81,81,81,81,85,85,85,85,85,85,90,92,92,92,96,96,101,101,101,106,106,114,114,114,108,114,116,122,126,126,126,126,126,131,135,135,135,139,139,139,139,144,144],"card_choices":[{"not_picked":["True Grit","Wild Strike","Headbutt"],"picked":"SKIP","floor":1.0},{"not_picked":["Flame Barrier","Warcry","Intimidate"],"picked":"SKIP","floor":1.0},{"not_picked":["Body Slam","Sever Soul"],"picked":"Seeing Red","floor":3.0},{"not_picked":["Anger","Wild Strike","Shrug It Off"],"picked":"SKIP","floor":3.0},{"not_picked":["Entrench","Warcry"],"picked":"Reaper","floor":6.0},{"not_picked":["Warcry","Headbutt","Dropkick"],"picked":"SKIP","floor":8.0},{"not_picked":["Thunderclap","Warcry"],"picked":"Disarm","floor":10.0},{"not_picked":["Clash","Perfected Strike","Intimidate"],"picked":"Singing Bowl","floor":11.0},{"not_picked":["Shrug It Off","Perfected Strike","Blood for Blood"],"picked":"Singing Bowl","floor":11.0},{"not_picked":["Perfected Strike","Shockwave","Flex"],"picked":"Singing Bowl","floor":12.0},{"not_picked":["Seeing Red","Flex"],"picked":"Second Wind","floor":14.0},{"not_picked":["Demon Form","Brutality"],"picked":"Double Tap","floor":16.0},{"not_picked":["Feel No Pain","Warcry+1","Pommel Strike"],"picked":"Singing Bowl","floor":18.0},{"not_picked":["Thunderclap","Perfected Strike","Cleave"],"picked":"Singing Bowl","floor":18.0},{"not_picked":["Twin Strike","Wild Strike"],"picked":"Power Through","floor":21.0},{"not_picked":["Havoc+1","Evolve"],"picked":"Armaments","floor":21.0},{"not_picked":["Evolve","True Grit","Sentinel"],"picked":"Singing Bowl","floor":24.0},{"not_picked":["Rampage","Evolve+1","Havoc"],"picked":"Singing Bowl","floor":25.0},{"not_picked":["Iron Wave","Shockwave"],"picked":"Barricade","floor":28.0},{"not_picked":["Sword Boomerang+1","Wild Strike","Clash"],"picked":"Singing Bowl","floor":30.0},{"not_picked":["Immolate","Double Tap","Bludgeon"],"picked":"Singing Bowl","floor":33},{"not_picked":["True Grit","Wild Strike","Metallicize"],"picked":"Singing Bowl","floor":35},{"not_picked":["Evolve","Shockwave+1","Rage+1"],"picked":"Singing Bowl","floor":35},{"not_picked":["Clash+1","Inflame","Armaments"],"picked":"Singing Bowl","floor":39},{"not_picked":["Shrug It Off+1","Berserk","Heavy Blade+1"],"picked":"Singing Bowl","floor":40},{"not_picked":["Power Through+1","Clothesline","Pummel+1"],"picked":"Singing Bowl","floor":41},{"not_picked":["Flex+1","Searing Blow"],"picked":"True Grit+1","floor":42},{"not_picked":["True Grit+1","Brutality"],"picked":"Limit Break+1","floor":44},{"not_picked":["Intimidate+1","Heavy Blade","Clothesline+1"],"picked":"Singing Bowl","floor":47},{"not_picked":["Twin Strike+1","Iron Wave","Clothesline+1"],"picked":"Singing Bowl","floor":48},{"not_picked":["Body Slam","Clash","Twin Strike"],"picked":"Singing Bowl","floor":48},{"not_picked":["Thunderclap","Flex+1","Carnage+1"],"picked":"Singing Bowl","floor":55}],"player_experience":4529209,"relics_obtained":[{"floor":6.0,"key":"Nunchaku"},{"floor":8.0,"key":"Blue Candle"},{"floor":9.0,"key":"Bottled Lightning"},{"floor":10.0,"key":"Singing Bowl"},{"floor":12.0,"key":"Ginger"},{"floor":14.0,"key":"Toy Ornithopter"},{"floor":24.0,"key":"Smiling Mask"},{"floor":25.0,"key":"Bronze Scales"},{"floor":26.0,"key":"Shuriken"},{"floor":28.0,"key":"Meat on the Bone"},{"floor":30.0,"key":"PreservedInsect"},{"floor":39,"key":"Dead Branch"},{"floor":40,"key":"Toxic Egg 2"},{"floor":41,"key":"HornCleat"},{"floor":42,"key":"Happy Flower"},{"floor":43,"key":"Darkstone Periapt"},{"floor":44,"key":"Orichalcum"},{"floor":47,"key":"Kunai"},{"floor":55,"key":"Gremlin Horn"}],"event_choices":[{"cards_removed":["Body Slam"],"damage_healed":0.0,"max_hp_gain":0.0,"max_hp_loss":0.0,"gold_gain":0.0,"event_name":"Purifier","player_choice":"Purged","floor":2.0,"gold_loss":0.0,"damage_taken":0.0},{"damage_healed":0.0,"max_hp_gain":0.0,"max_hp_loss":0.0,"gold_gain":0.0,"event_name":"Living Wall","player_choice":"Grow","floor":4.0,"gold_loss":0.0,"damage_taken":0.0,"cards_upgraded":["Seeing Red"]},{"damage_healed":0.0,"max_hp_gain":0.0,"max_hp_loss":0.0,"gold_gain":0.0,"event_name":"Match and Keep!","player_choice":"2 cards matched","floor":5.0,"gold_loss":0.0,"damage_taken":0.0,"cards_obtained":["Demon Form","Evolve"]},{"damage_healed":0.0,"max_hp_gain":0.0,"max_hp_loss":0.0,"gold_gain":0.0,"event_name":"The Woman in Blue","player_choice":"Bought 1 Potion","floor":20.0,"gold_loss":0.0,"damage_taken":0.0},{"damage_healed":0.0,"max_hp_gain":0.0,"max_hp_loss":0.0,"gold_gain":0.0,"event_name":"The Library","player_choice":"Read","floor":29.0,"gold_loss":0.0,"damage_taken":0.0,"cards_obtained":["Body Slam"]},{"damage_healed":0,"gold_gain":0,"player_choice":"","damage_taken":6,"max_hp_gain":0,"max_hp_loss":0,"event_name":"Knowing Skull","floor":31,"potions_obtained":[],"gold_loss":0,"cards_obtained":[]},{"damage_healed":0,"gold_gain":0,"player_choice":"Ignored","damage_taken":0,"max_hp_gain":0,"max_hp_loss":0,"event_name":"Tomb of Lord Red Mask","floor":36,"gold_loss":0},{"damage_healed":0,"gold_gain":0,"player_choice":"Max HP","damage_taken":0,"max_hp_gain":0,"max_hp_loss":6,"event_name":"Winding Halls","floor":38,"gold_loss":0},{"damage_healed":0,"gold_gain":0,"player_choice":"Fight","damage_taken":0,"max_hp_gain":0,"max_hp_loss":0,"event_name":"MindBloom","floor":39,"gold_loss":0},{"cards_removed":["True Grit"],"damage_healed":5,"gold_gain":0,"player_choice":"Offered Common","damage_taken":0,"max_hp_gain":0,"max_hp_loss":0,"event_name":"Bonfire Elementals","floor":46,"gold_loss":0},{"cards_removed":["True Grit"],"damage_healed":5,"gold_gain":0,"player_choice":"Offered Special","damage_taken":0,"max_hp_gain":0,"max_hp_loss":0,"event_name":"Bonfire Elementals","floor":46,"gold_loss":0}],"is_beta":false,"boss_relics":[{"not_picked":["Calling Bell","Tiny House"],"picked":"Mark of Pain"},{"not_picked":["Philosopher\u0027s Stone","Runic Cube"],"picked":"Fusion Hammer"}],"items_purged_floors":[22,37,45,54],"is_endless":false,"potions_floor_spawned":[8,10,11,14,24,25,35,40,41,47,48],"ascension_level":20}}