{"host":"vyjryxuuuxkt43k4","time":1613139608,"event":{"mods":["AchievementEnabler","BaseMod","Colored Map","DeckTracker","Keyboard Shortcuts","Minty Spire (QoL Compilation)","Permanent Neow","Quick Restart","Rare Cards Sparkle","StSLib","SuperFastMode","everything is the same but u backflip on backflip"],"gold_per_floor":[364,364,74,74,94,94,126,126,126,158,1,33,33,49,49,128,128,139,139,170,170,189,189,216,216,288,302,6,34,34,52,52,126,126,146,164,184,198,223,223,223,223],"floor_reached":41,"language":"KOR","playtime":1771,"items_purged":["Strike_R","Strike_R","Strike_R"],"score":940,"play_id":"2544b35d-1ec2-4e02-a7fe-525895e2a85a","local_time":"20210212232008","is_ascension_mode":true,"campfire_choices":[{"data":"Fire Breathing","floor":6,"key":"SMITH"},{"data":"Wild Strike","floor":8,"key":"SMITH"},{"data":"Second Wind","floor":13,"key":"SMITH"},{"data":"Body Slam","floor":15,"key":"SMITH"},{"data":"Entrench","floor":23,"key":"SMITH"},{"floor":25,"key":"REST"},{"data":"Seeing Red","floor":30,"key":"SMITH"},{"floor":32,"key":"REST"},{"data":"Whirlwind","floor":40,"key":"SMITH"}],"circlet_count":0,"master_deck":["AscendersBane","Defend_R","Defend_R","Defend_R","Defend_R","Bash","Shockwave+1","Fire Breathing+1","Wild Strike+1","Feel No Pain","Second Wind+1","Body Slam+1","Impervious","Entrench+1","Uppercut+1","Reckless Charge","Seeing Red+1","Whirlwind+1","Dropkick","Shrug It Off","Secret Technique","Finesse","Headbutt+1","Pummel+1"],"relics":["Burning Blood","MealTicket","Smiling Mask","Orichalcum","Bronze Scales","Nunchaku","Runic Pyramid","Red Mask","Enchiridion","Regal Pillow","Eternal Feather","Omamori","CeramicFish","Philosopher\u0027s Stone"],"acts_visited":["Exordium","TheCity","TheBeyond"],"potions_floor_usage":[7,10,12,16,16,29,29,39,41],"damage_taken":[{"damage":14,"enemies":"Jaw Worm","floor":1,"turns":4},{"damage":8,"enemies":"2 Louse","floor":5,"turns":4},{"damage":22,"enemies":"Lagavulin","floor":7,"turns":7},{"damage":20,"enemies":"Gremlin Nob","floor":10,"turns":4},{"damage":19,"enemies":"Lagavulin","floor":12,"turns":7},{"damage":2,"enemies":"Cultist","floor":14,"turns":4},{"damage":25,"enemies":"Slime Boss","floor":16,"turns":7},{"damage":13,"enemies":"Spheric Guardian","floor":18,"turns":5},{"damage":22,"enemies":"Masked Bandits","floor":20,"turns":4},{"damage":3,"enemies":"3 Byrds","floor":22,"turns":2},{"damage":14,"enemies":"Book of Stabbing","floor":24,"turns":5},{"damage":23,"enemies":"Shelled Parasite and Fungi","floor":27,"turns":5},{"damage":33,"enemies":"Slavers","floor":29,"turns":5},{"damage":53,"enemies":"Automaton","floor":33,"turns":9},{"damage":10,"enemies":"3 Shapes","floor":35,"turns":5},{"damage":16,"enemies":"3 Darklings","floor":37,"turns":5},{"damage":13,"enemies":"Writhing Mass","floor":38,"turns":4},{"damage":7,"enemies":"Transient","floor":39,"turns":6},{"damage":60,"enemies":"Reptomancer","floor":41,"turns":3}],"seed_played":"-119060019902981144","potions_obtained":[{"floor":1,"key":"BlessingOfTheForge"},{"floor":7,"key":"SneckoOil"},{"floor":12,"key":"GamblersBrew"},{"floor":24,"key":"SkillPotion"},{"floor":27,"key":"AttackPotion"},{"floor":33,"key":"AttackPotion"},{"floor":35,"key":"Ancient Potion"},{"floor":37,"key":"GamblersBrew"},{"floor":39,"key":"Regen Potion"}],"is_trial":false,"path_per_floor":["M","?","$","?","M","R","E","R","T","E","$","E","R","M","R","B",null,"M","?","?","?","M","R","E","R","T","M","$","E","R","?","R","B",null,"M","?","M","M","M","R","E"],"character_chosen":"IRONCLAD","items_purchased":["Fire Breathing","MealTicket","PowerPotion","SteroidPotion","Omamori","Seeing Red"],"campfire_rested":2,"item_purchase_floors":[3,3,11,11,28,28],"current_hp_per_floor":[60,65,65,65,63,63,47,47,47,33,48,35,35,39,39,20,60,53,53,37,16,19,19,11,47,47,30,45,18,27,27,72,25,61,57,47,37,30,29,41,0,0],"gold":223,"neow_bonus":"TWO_FIFTY_GOLD","is_daily":false,"chose_seed":false,"campfire_upgraded":7,"win_rate":0.0,"timestamp":1613139608,"path_taken":["M","?","$","?","M","R","E","R","T","E","$","E","R","M","R","BOSS","M","?","?","?","M","R","E","R","T","M","$","E","R","?","R","BOSS","M","?","M","M","M","R","E"],"items_purchased_type":["Card","Relic","Potion","Potion","Relic","Card"],"build_version":"2020-12-22","purchased_purges":3,"victory":false,"max_hp_per_floor":[68,73,73,73,73,73,73,73,73,73,73,73,73,73,73,73,73,73,73,73,73,73,73,73,73,73,73,73,73,73,73,73,73,73,73,73,73,73,73,73,73,73],"card_choices":[{"not_picked":["Clash","Anger"],"picked":"Shockwave","floor":1},{"not_picked":["Inflame","Intimidate","Fire Breathing"],"picked":"SKIP","floor":5},{"not_picked":["Armaments","Pommel Strike"],"picked":"Wild Strike","floor":7},{"not_picked":["Iron Wave","Seeing Red"],"picked":"Feel No Pain","floor":10},{"not_picked":["Pommel Strike","Reaper"],"picked":"Second Wind","floor":12},{"not_picked":["Sever Soul","True Grit"],"picked":"Body Slam","floor":14},{"not_picked":["Corruption","Exhume"],"picked":"Impervious","floor":16},{"not_picked":["Havoc","Cleave","Sword Boomerang"],"picked":"SKIP","floor":18},{"not_picked":["Pommel Strike","Anger"],"picked":"Uppercut+1","floor":20},{"not_picked":["Searing Blow","Clash"],"picked":"Reckless Charge","floor":22},{"not_picked":["Limit Break","Dropkick","Heavy Blade+1"],"picked":"SKIP","floor":24},{"not_picked":["Perfected Strike","Twin Strike","True Grit"],"picked":"SKIP","floor":27},{"not_picked":["Sword Boomerang","Fiend Fire","Flex"],"picked":"SKIP","floor":29},{"not_picked":["Feel No Pain","Pommel Strike"],"picked":"Shrug It Off","floor":35},{"not_picked":["Metamorphosis","Violence"],"picked":"Secret Technique","floor":36},{"not_picked":["Enlightenment","Chrysalis"],"picked":"Finesse","floor":36},{"not_picked":["Rupture","Thunderclap"],"picked":"Headbutt+1","floor":37},{"not_picked":["Whirlwind","Armaments","Flex+1"],"picked":"SKIP","floor":38},{"not_picked":["Anger+1","Shockwave+1"],"picked":"Pummel+1","floor":39}],"player_experience":963623,"relics_obtained":[{"floor":7,"key":"Smiling Mask"},{"floor":9,"key":"Orichalcum"},{"floor":10,"key":"Bronze Scales"},{"floor":12,"key":"Nunchaku"},{"floor":20,"key":"Red Mask"},{"floor":21,"key":"Enchiridion"},{"floor":24,"key":"Regal Pillow"},{"floor":26,"key":"Eternal Feather"},{"floor":29,"key":"CeramicFish"}],"event_choices":[{"damage_healed":0,"gold_gain":0,"player_choice":"Donut","damage_taken":0,"max_hp_gain":5,"max_hp_loss":0,"event_name":"Big Fish","floor":2,"gold_loss":0},{"damage_healed":0,"gold_gain":0,"player_choice":"Upgraded","damage_taken":0,"max_hp_gain":0,"max_hp_loss":0,"event_name":"Upgrade Shrine","floor":4,"gold_loss":0,"cards_upgraded":["Shockwave"]},{"damage_healed":0,"gold_gain":0,"player_choice":"Read","damage_taken":0,"max_hp_gain":0,"max_hp_loss":0,"event_name":"The Library","floor":19,"gold_loss":0,"cards_obtained":["Entrench"]},{"damage_healed":0,"gold_gain":0,"player_choice":"Fought Bandits","damage_taken":0,"max_hp_gain":0,"max_hp_loss":0,"event_name":"Masked Bandits","floor":20,"gold_loss":0},{"damage_healed":0,"gold_gain":0,"player_choice":"Obtained Book","damage_taken":21,"max_hp_gain":0,"max_hp_loss":0,"event_name":"Cursed Tome","floor":21,"gold_loss":0},{"damage_healed":0,"gold_gain":0,"cards_transformed":["Strike_R","Strike_R"],"player_choice":"Became Test Subject","damage_taken":0,"max_hp_gain":0,"max_hp_loss":0,"event_name":"Drug Dealer","floor":31,"gold_loss":0,"cards_obtained":["Whirlwind","Dropkick"]},{"damage_healed":0,"gold_gain":0,"player_choice":"Memory 3","damage_taken":10,"max_hp_gain":0,"max_hp_loss":0,"event_name":"SensoryStone","floor":36,"gold_loss":0}],"is_beta":false,"boss_relics":[{"not_picked":["Black Star","Tiny House"],"picked":"Runic Pyramid"},{"not_picked":["Runic Dome","Runic Cube"],"picked":"Philosopher\u0027s Stone"}],"items_purged_floors":[3,11,28],"is_endless":false,"potions_floor_spawned":[1,7,12,24,27,33,35,37,39],"killed_by":"Reptomancer","ascension_level":20}}