{"host":"kxz5izodaorfb9am","time":1613147599,"event":{"mods":["BaseMod","GifTheSpireLib","Minty Spire (QoL Compilation)","Shop Mod","StSLib","The Cursed"],"gold_per_floor":[10,26,26,45,65,98,98,29,101,101,101,118,146,163,163,163,163],"floor_reached":16,"language":"ENG","playtime":722,"items_purged":[],"score":157,"play_id":"286d07eb-2445-46fb-875e-59c8825ff26b","local_time":"20210212173319","is_ascension_mode":true,"campfire_choices":[{"data":"Streamline","floor":7,"key":"SMITH"},{"data":"Zap","floor":15,"key":"SMITH"}],"circlet_count":0,"master_deck":["Strike_B+1","Strike_B","Defend_B","Defend_B","Defend_B","Defend_B","Zap+1","Dualcast","Steam Power","FTL+1","Ball Lightning","Streamline+1","Fission","All For One"],"relics":["Cracked Core","Turnip","Pantograph","Whetstone"],"acts_visited":["Exordium"],"potions_floor_usage":[6,6,13,13],"damage_taken":[{"damage":3,"enemies":"2 Louse","floor":1,"turns":2},{"damage":1,"enemies":"Cultist","floor":2,"turns":3},{"damage":4,"enemies":"Jaw Worm","floor":4,"turns":3},{"damage":6,"enemies":"Exordium Wildlife","floor":5,"turns":3},{"damage":29,"enemies":"Lagavulin","floor":6,"turns":4},{"damage":1,"enemies":"Looter","floor":12,"turns":2},{"damage":19,"enemies":"Gremlin Nob","floor":13,"turns":3},{"damage":8,"enemies":"Blue Slaver","floor":14,"turns":3},{"damage":50,"enemies":"The Guardian","floor":16,"turns":7}],"seed_played":"2284836158654296726","potions_obtained":[{"floor":2,"key":"Regen Potion"},{"floor":3,"key":"DistilledChaos"},{"floor":3,"key":"Swift Potion"},{"floor":4,"key":"DistilledChaos"},{"floor":6,"key":"Energy Potion"},{"floor":12,"key":"LiquidBronze"}],"is_trial":false,"path_per_floor":["M","M","?","M","M","E","R","$","T","?","?","M","E","M","R","B"],"character_chosen":"DEFECT","items_purchased":["Fission"],"campfire_rested":0,"item_purchase_floors":[8],"current_hp_per_floor":[65,64,64,60,54,25,25,25,25,50,50,49,30,22,22,0,0],"gold":163,"neow_bonus":"TRANSFORM_TWO_CARDS","is_daily":false,"chose_seed":false,"campfire_upgraded":2,"win_rate":0.0,"timestamp":1613147599,"path_taken":["M","M","?","?","M","E","R","?","T","?","?","?","E","M","R","BOSS"],"items_purchased_type":["Card"],"build_version":"2020-12-22","purchased_purges":0,"victory":false,"max_hp_per_floor":[75,75,75,75,75,75,75,75,75,75,75,75,75,75,75,75,75],"card_choices":[{"not_picked":["Beam Cell","Stack"],"picked":"FTL","floor":1},{"not_picked":["Stack","Chaos"],"picked":"Ball Lightning","floor":2},{"not_picked":["Sweeping Beam","Barrage","Hologram"],"picked":"SKIP","floor":4},{"not_picked":["Beam Cell","Hologram"],"picked":"Streamline","floor":5},{"not_picked":["Stack","Skim","Heatsinks"],"picked":"SKIP","floor":6},{"not_picked":["Lockon","Streamline","Rebound"],"picked":"SKIP","floor":12},{"not_picked":["Barrage","Streamline"],"picked":"All For One","floor":13},{"not_picked":["Steam","Coolheaded","Lockon"],"picked":"SKIP","floor":14}],"player_experience":329899,"relics_obtained":[{"floor":6,"key":"Turnip"},{"floor":9,"key":"Pantograph"},{"floor":13,"key":"Whetstone"}],"event_choices":[{"damage_healed":0,"gold_gain":0,"player_choice":"Got Potions","damage_taken":0,"max_hp_gain":0,"max_hp_loss":0,"event_name":"Lab","floor":3,"gold_loss":0},{"damage_healed":25,"gold_gain":0,"player_choice":"Banana","damage_taken":0,"max_hp_gain":0,"max_hp_loss":0,"event_name":"Big Fish","floor":10,"gold_loss":0},{"cards_removed":["Fusion"],"damage_healed":0,"gold_gain":0,"player_choice":"Purged","damage_taken":0,"max_hp_gain":0,"max_hp_loss":0,"event_name":"Purifier","floor":11,"gold_loss":0}],"is_beta":false,"boss_relics":[],"items_purged_floors":[],"is_endless":false,"potions_floor_spawned":[2,4,6,12],"killed_by":"The Guardian","ascension_level":8}}