{"host":"b6y7xm5pwpiq42ks","time":1613150331,"event":{"mods":["AchievementEnabler","BaseMod","Highlight Path","Minty Spire (QoL Compilation)","Permanent Neow","Quick Restart"],"gold_per_floor":[114,68,88,99,109,109,136,146,146,146,146,165,176,196,196,196,196],"floor_reached":16,"language":"ENG","playtime":520,"items_purged":[],"score":131,"play_id":"29f056fc-52a9-41e8-89b5-2ad711cb29a2","local_time":"20210212091851","is_ascension_mode":false,"campfire_choices":[{"data":"Prostrate","floor":6.0,"key":"SMITH"},{"floor":15.0,"key":"REST"}],"circlet_count":0,"master_deck":["Strike_P","Strike_P","Strike_P","Strike_P","Defend_P","Defend_P","Defend_P","Defend_P","Eruption","Vigilance","Prostrate+1","FlurryOfBlows","Prostrate","FlyingSleeves","ConjureBlade","Judgement","Prostrate","Regret","Evaluate","FlurryOfBlows","Prostrate"],"relics":["PureWater","Gremlin Horn","Question Card","Bronze Scales","Gambling Chip"],"acts_visited":["Exordium"],"potions_floor_usage":[16],"damage_taken":[{"damage":0.0,"enemies":"Cultist","floor":1.0,"turns":2.0},{"damage":0.0,"enemies":"Small Slimes","floor":3.0,"turns":3.0},{"damage":0.0,"enemies":"Jaw Worm","floor":4.0,"turns":1.0},{"damage":11.0,"enemies":"2 Fungi Beasts","floor":5.0,"turns":2.0},{"damage":28.0,"enemies":"Gremlin Nob","floor":7.0,"turns":4.0},{"damage":15.0,"enemies":"Looter","floor":8.0,"turns":3.0},{"damage":12.0,"enemies":"Exordium Wildlife","floor":12.0,"turns":2.0},{"damage":2.0,"enemies":"Blue Slaver","floor":13.0,"turns":3.0},{"damage":0.0,"enemies":"Large Slime","floor":14.0,"turns":2.0},{"damage":25,"enemies":"Hexaghost","floor":16,"turns":5}],"seed_played":"-188676122953720787","potions_obtained":[{"floor":0.0,"key":"Energy Potion"},{"floor":0.0,"key":"Weak Potion"},{"floor":0.0,"key":"AttackPotion"},{"floor":1.0,"key":"LiquidBronze"},{"floor":7.0,"key":"BottledMiracle"},{"floor":8.0,"key":"Ancient Potion"}],"is_trial":false,"path_per_floor":["M","$","M","M","M","R","E","M","T","?","?","M","M","M","R","B"],"character_chosen":"WATCHER","items_purchased":["FlurryOfBlows"],"campfire_rested":1,"item_purchase_floors":[2],"current_hp_per_floor":[72,72,72,72,61,61,33,18,18,18,18,6,4,4,25,0,0],"gold":196,"neow_bonus":"THREE_SMALL_POTIONS","is_daily":false,"chose_seed":false,"campfire_upgraded":1,"win_rate":0.0,"timestamp":1613150331,"path_taken":["M","?","?","M","M","R","E","M","T","?","?","M","M","M","R","BOSS"],"items_purchased_type":["Card"],"build_version":"2020-12-22","purchased_purges":0,"victory":false,"max_hp_per_floor":[72,72,72,72,72,72,72,72,72,72,72,72,72,72,72,72,72],"card_choices":[{"not_picked":["WindmillStrike","EmptyFist"],"picked":"Prostrate","floor":1.0},{"not_picked":["FlyingSleeves","Crescendo"],"picked":"Prostrate","floor":3.0},{"not_picked":["Evaluate","Crescendo"],"picked":"FlyingSleeves","floor":4.0},{"not_picked":["WindmillStrike","Vengeance"],"picked":"ConjureBlade","floor":5.0},{"not_picked":["Nirvana","FollowUp"],"picked":"Judgement","floor":7.0},{"not_picked":["FlyingSleeves","DeceiveReality"],"picked":"Prostrate","floor":8.0},{"not_picked":["PathToVictory","Protect","FollowUp"],"picked":"Evaluate","floor":12.0},{"not_picked":["BowlingBash","EmptyBody","ClearTheMind"],"picked":"FlurryOfBlows","floor":13.0},{"not_picked":["Study","ClearTheMind","Establishment"],"picked":"Prostrate","floor":14.0}],"player_experience":165526,"relics_obtained":[{"floor":7.0,"key":"Gremlin Horn"},{"floor":9.0,"key":"Question Card"}],"event_choices":[{"damage_healed":0.0,"max_hp_gain":0.0,"max_hp_loss":0.0,"gold_gain":0.0,"event_name":"Dead Adventurer","player_choice":"Searched \u00272\u0027 times","floor":10.0,"gold_loss":0.0,"damage_taken":0.0,"relics_obtained":["Bronze Scales"]},{"damage_healed":0.0,"max_hp_gain":0.0,"max_hp_loss":0.0,"gold_gain":0.0,"event_name":"Big Fish","player_choice":"Box","floor":11.0,"gold_loss":0.0,"damage_taken":0.0,"relics_obtained":["Gambling Chip"],"cards_obtained":["Regret"]}],"is_beta":false,"boss_relics":[],"items_purged_floors":[],"is_endless":false,"potions_floor_spawned":[1,7,8],"killed_by":"Hexaghost","ascension_level":0}}