{"host":"b6y7xm5pwpiq42ks","time":1613160175,"event":{"mods":["AchievementEnabler","BaseMod","Highlight Path","Minty Spire (QoL Compilation)","Permanent Neow","Quick Restart"],"gold_per_floor":[109,63,63,138,158,183,183,209,209,223,234,234,246,266,266,266,266],"floor_reached":16,"language":"ENG","playtime":576,"items_purged":[],"score":134,"play_id":"53d5cf08-3409-4c8b-9db1-43361616d521","local_time":"20210212120255","is_ascension_mode":true,"campfire_choices":[{"floor":7,"key":"REST"},{"floor":12,"key":"REST"},{"floor":15,"key":"REST"}],"circlet_count":0,"master_deck":["Strike_R","Strike_R","Strike_R","Strike_R","Strike_R","Defend_R","Defend_R","Defend_R","Defend_R","Bash","Finesse","Sword Boomerang","Body Slam","Dual Wield","Seeing Red","Shrug It Off","Thunderclap","Cleave","Offering","Searing Blow"],"relics":["Burning Blood","Mercury Hourglass","Smiling Mask","Oddly Smooth Stone"],"acts_visited":["Exordium"],"potions_floor_usage":[6,11,14,16],"damage_taken":[{"damage":18,"enemies":"Cultist","floor":1,"turns":5},{"damage":1,"enemies":"Small Slimes","floor":5,"turns":3},{"damage":45,"enemies":"Gremlin Nob","floor":6,"turns":5},{"damage":46,"enemies":"Lagavulin","floor":8,"turns":7},{"damage":0,"enemies":"Jaw Worm","floor":10,"turns":3},{"damage":0,"enemies":"Gremlin Gang","floor":11,"turns":3},{"damage":2,"enemies":"Red Slaver","floor":13,"turns":2},{"damage":9,"enemies":"Large Slime","floor":14,"turns":4},{"damage":72,"enemies":"Hexaghost","floor":16,"turns":9}],"seed_played":"5645795602768668838","potions_obtained":[{"floor":5,"key":"SneckoOil"},{"floor":8,"key":"Fire Potion"},{"floor":11,"key":"Energy Potion"},{"floor":14,"key":"Energy Potion"}],"is_trial":false,"path_per_floor":["M","$","?","?","M","E","R","E","T","M","M","R","M","M","R","B"],"character_chosen":"IRONCLAD","items_purchased":["Body Slam"],"campfire_rested":3,"item_purchase_floors":[2],"current_hp_per_floor":[68,68,68,57,62,23,47,7,7,13,19,43,47,44,68,0,0],"gold":266,"neow_bonus":"RANDOM_COLORLESS","is_daily":false,"chose_seed":false,"campfire_upgraded":0,"win_rate":0.0,"timestamp":1613160175,"path_taken":["M","?","?","?","M","E","R","E","T","M","M","R","M","M","R","BOSS"],"items_purchased_type":["Card"],"build_version":"2020-12-22","purchased_purges":0,"victory":false,"max_hp_per_floor":[80,80,80,80,80,80,80,80,80,80,80,80,80,80,80,80,80],"card_choices":[{"not_picked":["Trip","Bandage Up"],"picked":"Finesse","floor":0},{"not_picked":["Shrug It Off","Clash"],"picked":"Sword Boomerang","floor":1},{"not_picked":["Body Slam","Fire Breathing"],"picked":"Dual Wield","floor":5},{"not_picked":["Sentinel","Headbutt"],"picked":"Seeing Red","floor":6},{"not_picked":["Hemokinesis","Rupture"],"picked":"Shrug It Off","floor":8},{"not_picked":["Bludgeon","Cleave"],"picked":"Thunderclap","floor":10},{"not_picked":["Clash","Clothesline"],"picked":"Cleave","floor":11},{"not_picked":["Feel No Pain","Headbutt"],"picked":"Offering","floor":13},{"not_picked":["Headbutt","Warcry"],"picked":"Searing Blow","floor":14}],"player_experience":167950,"relics_obtained":[{"floor":6,"key":"Mercury Hourglass"},{"floor":8,"key":"Smiling Mask"},{"floor":9,"key":"Oddly Smooth Stone"}],"event_choices":[{"damage_healed":0,"gold_gain":0,"player_choice":"Leave","damage_taken":0,"max_hp_gain":0,"max_hp_loss":0,"event_name":"The Cleric","floor":3,"gold_loss":0},{"damage_healed":0,"gold_gain":75,"player_choice":"Gather Gold","damage_taken":11,"max_hp_gain":0,"max_hp_loss":0,"event_name":"World of Goop","floor":4,"gold_loss":0}],"is_beta":false,"boss_relics":[],"items_purged_floors":[],"is_endless":false,"potions_floor_spawned":[5,8,11,14],"killed_by":"Hexaghost","ascension_level":4}}