{"host":"8rwnpls8n88jrgbg","time":1613132273,"event":{"mods":["BaseMod","Colored Map","Colored Powertips","DeckTracker","Keyboard Shortcuts","Minty Spire (QoL Compilation)","Relic Stats","StSLib","SuperFastMode"],"gold_per_floor":[113,130,130,146,146,146,174,174,174,185,197,208,236,254,254,355,355,375,375,395,410,335,335,189,216,241,241,275,295,16,42,42,141,141,161,161,8,22,322,352,92,92,163,178,194,221,221,70,70,70,70,70,17,52,52],"floor_reached":56,"language":"KOR","playtime":3893,"items_purged":["Heel Hook","Accuracy"],"score":1581,"play_id":"969b1c01-d640-45a3-a15d-b46148e81ff7","local_time":"20210212211753","is_ascension_mode":true,"campfire_choices":[{"data":"Blade Dance","floor":6.0,"key":"SMITH"},{"data":"Footwork","floor":15.0,"key":"SMITH"},{"floor":23.0,"key":"RECALL"},{"data":"Adrenaline","floor":27.0,"key":"SMITH"},{"data":"Tactician","floor":32.0,"key":"SMITH"},{"data":"Wraith Form v2","floor":42.0,"key":"SMITH"},{"data":"Acrobatics","floor":49.0,"key":"SMITH"},{"data":"PiercingWail","floor":52.0,"key":"SMITH"}],"circlet_count":0,"master_deck":["Survivor","Neutralize","Blade Dance+1","Eviscerate","Predator","Footwork+1","Backflip","Malaise","Adrenaline+1","Cloak And Dagger","Underhanded Strike","All Out Attack","Deflect","Underhanded Strike","Eviscerate","Dagger Throw","Reflex+1","PiercingWail+1","Unload","Dodge and Roll+1","Crippling Poison","Tactician+1","Wraith Form v2+1","Acrobatics+1","Reflex+1","Apotheosis+1","Storm of Steel+1","Backflip+1","Terror+1"],"relics":["Ring of the Snake","Singing Bowl","CaptainsWheel","Ice Cream","White Beast Statue","Pandora\u0027s Box","Orichalcum","Vajra","Blue Candle","Happy Flower","Ornamental Fan","WristBlade","OrangePellets","Toxic Egg 2","Kunai","Toy Ornithopter","Oddly Smooth Stone"],"acts_visited":["TheCity","TheBeyond","TheEnding"],"potions_floor_usage":[55,55],"damage_taken":[{"damage":2.0,"enemies":"Cultist","floor":1.0,"turns":5.0},{"damage":3.0,"enemies":"2 Louse","floor":2.0,"turns":4.0},{"damage":0.0,"enemies":"Small Slimes","floor":4.0,"turns":3.0},{"damage":13.0,"enemies":"Gremlin Nob","floor":7.0,"turns":3.0},{"damage":1.0,"enemies":"Blue Slaver","floor":10.0,"turns":4.0},{"damage":1.0,"enemies":"Red Slaver","floor":11.0,"turns":4.0},{"damage":2.0,"enemies":"Looter","floor":12.0,"turns":3.0},{"damage":2.0,"enemies":"Lagavulin","floor":13.0,"turns":6.0},{"damage":4.0,"enemies":"Lots of Slimes","floor":14.0,"turns":3.0},{"damage":11.0,"enemies":"Hexaghost","floor":16.0,"turns":13.0},{"damage":0.0,"enemies":"Chosen","floor":18.0,"turns":4.0},{"damage":7.0,"enemies":"Shell Parasite","floor":20.0,"turns":3.0},{"damage":12.0,"enemies":"3 Cultists","floor":21.0,"turns":3.0},{"damage":8.0,"enemies":"Slavers","floor":25.0,"turns":4.0},{"damage":0.0,"enemies":"Book of Stabbing","floor":28.0,"turns":4.0},{"damage":7.0,"enemies":"Centurion and Healer","floor":29.0,"turns":4.0},{"damage":2.0,"enemies":"Gremlin Leader","floor":31.0,"turns":6.0},{"damage":16.0,"enemies":"Automaton","floor":33.0,"turns":9.0},{"damage":3.0,"enemies":"3 Darklings","floor":35.0,"turns":5.0},{"damage":0.0,"enemies":"3 Shapes","floor":38.0,"turns":5.0},{"damage":0.0,"enemies":"Reptomancer","floor":40.0,"turns":6.0},{"damage":0.0,"enemies":"Maw","floor":44.0,"turns":5.0},{"damage":0.0,"enemies":"Jaw Worm Horde","floor":45.0,"turns":1.0},{"damage":0.0,"enemies":"Giant Head","floor":46.0,"turns":5.0},{"damage":17.0,"enemies":"Time Eater","floor":50.0,"turns":8.0},{"damage":16,"enemies":"Shield and Spear","floor":54,"turns":7},{"damage":86,"enemies":"The Heart","floor":55,"turns":8}],"seed_played":"-6883246100598902741","potions_obtained":[{"floor":4.0,"key":"CunningPotion"},{"floor":11.0,"key":"Weak Potion"},{"floor":12.0,"key":"SkillPotion"},{"floor":13.0,"key":"AttackPotion"},{"floor":14.0,"key":"Poison Potion"},{"floor":16.0,"key":"SteroidPotion"},{"floor":18.0,"key":"Regen Potion"},{"floor":20.0,"key":"DistilledChaos"},{"floor":21.0,"key":"Poison Potion"},{"floor":25.0,"key":"Poison Potion"},{"floor":28.0,"key":"Swift Potion"},{"floor":29.0,"key":"PowerPotion"},{"floor":33.0,"key":"Weak Potion"},{"floor":35.0,"key":"Regen Potion"},{"floor":38.0,"key":"DistilledChaos"},{"floor":45.0,"key":"EssenceOfSteel"},{"floor":54,"key":"Ancient Potion"}],"is_trial":false,"path_per_floor":["M","M","T","M","?","R","E","?","T","M","M","M","E","M","R","B",null,"M","?","M","M","$","R","$","E","T","R","E","M","$","E","R","B",null,"M","?","$","M","?","E","$","R","T","M","M","E","?","$","R","B",null,"R","$","E","B",null],"character_chosen":"THE_SILENT","items_purchased":["Unload","Tactician","Happy Flower","OrangePellets","Reflex+1","Apotheosis+1","Storm of Steel+1","Backflip+1"],"campfire_rested":0,"item_purchase_floors":[24,30,30,37,41,41,48,53],"current_hp_per_floor":[47,44,44,44,49,49,36,24,24,25,24,24,22,18,18,7,61,61,61,56,44,44,44,44,48,48,48,50,43,43,43,43,27,71,68,68,68,70,70,72,72,72,72,74,76,78,78,78,78,71,89,89,89,73,12],"gold":52,"neow_bonus":"REMOVE_TWO","is_daily":false,"chose_seed":false,"campfire_upgraded":7,"win_rate":0.0,"timestamp":1613132273,"path_taken":["M","?","?","M","?","R","E","?","T","M","M","M","E","M","R","BOSS","M","?","M","M","$","R","$","E","T","R","E","?","$","E","R","BOSS","M","?","$","M","?","E","$","R","T","M","?","E","?","?","R","BOSS","R","$","E","BOSS"],"items_purchased_type":["Card","Card","Relic","Relic","Card","Card","Card","Card"],"build_version":"2020-12-22","purchased_purges":2,"victory":true,"max_hp_per_floor":[70,70,70,70,75,75,75,75,75,77,77,79,79,79,79,79,79,79,79,81,81,81,81,81,81,81,81,83,83,83,85,85,85,85,85,85,85,87,87,89,89,89,89,91,93,95,95,95,95,95,95,95,95,95,95],"relic_stats":{"OrangePellets":[5],"Singing Bowl":20,"Happy Flower":[21],"counters":[27,135],"Ornamental Fan":[252],"Blue Candle":[0],"Pandora\u0027s Box":["Cloak And Dagger","Underhanded Strike","Poisoned Stab","All Out Attack","Deflect","Underhanded Strike","Eviscerate","Dagger Throw"],"Kunai":[43],"Orichalcum":[36],"obtain_stats":[{"Ice Cream":8,"Singing Bowl":3,"Happy Flower":30,"Blue Candle":28,"Vajra":26,"Oddly Smooth Stone":54,"Orichalcum":25,"White Beast Statue":13,"OrangePellets":37,"CaptainsWheel":7,"WristBlade":34,"Ornamental Fan":31,"Pandora\u0027s Box":17,"Kunai":43,"Toxic Egg 2":40,"Toy Ornithopter":46,"Ring of the Snake":0},{"Ice Cream":4,"Singing Bowl":2,"Happy Flower":16,"Blue Candle":15,"Vajra":14,"Oddly Smooth Stone":26,"Orichalcum":14,"White Beast Statue":8,"OrangePellets":19,"CaptainsWheel":4,"WristBlade":18,"Ornamental Fan":17,"Pandora\u0027s Box":10,"Kunai":21,"Toxic Egg 2":21,"Toy Ornithopter":24,"Ring of the Snake":0},{"Ice Cream":15,"Singing Bowl":9,"Happy Flower":70,"Blue Candle":66,"Vajra":62,"Oddly Smooth Stone":127,"Orichalcum":62,"White Beast Statue":32,"OrangePellets":90,"CaptainsWheel":15,"WristBlade":85,"Ornamental Fan":76,"Pandora\u0027s Box":48,"Kunai":101,"Toxic Egg 2":101,"Toy Ornithopter":112,"Ring of the Snake":0}],"Toy Ornithopter":20,"Ring of the Snake":[54]},"card_choices":[{"not_picked":["Sucker Punch","Poisoned Stab"],"picked":"Blade Dance","floor":1.0},{"not_picked":["Bane","Sucker Punch"],"picked":"Eviscerate","floor":2.0},{"not_picked":["Escape Plan","Eviscerate"],"picked":"Predator","floor":4.0},{"not_picked":["Corpse Explosion","Dodge and Roll"],"picked":"Accuracy","floor":7.0},{"not_picked":["Bane","Prepared","Concentrate"],"picked":"Singing Bowl","floor":10.0},{"not_picked":["Expertise","Slice"],"picked":"Footwork","floor":11.0},{"not_picked":["Bouncing Flask","Deflect","Dagger Spray"],"picked":"Singing Bowl","floor":12.0},{"not_picked":["All Out Attack","Flying Knee"],"picked":"Backflip","floor":13.0},{"not_picked":["Expertise","Endless Agony"],"picked":"Malaise","floor":14.0},{"not_picked":["Doppelganger","Phantasmal Killer"],"picked":"Adrenaline","floor":16.0},{"not_picked":["Accuracy+1","Noxious Fumes"],"picked":"Reflex+1","floor":18.0},{"not_picked":["Dodge and Roll","Deflect","Underhanded Strike"],"picked":"Singing Bowl","floor":20.0},{"not_picked":["Slice","Deflect"],"picked":"PiercingWail","floor":21.0},{"not_picked":["After Image","Dagger Throw+1"],"picked":"Dodge and Roll+1","floor":25.0},{"not_picked":["Cloak And Dagger","Dodge and Roll","Setup"],"picked":"Singing Bowl","floor":28.0},{"not_picked":["All Out Attack+1","Poisoned Stab"],"picked":"Crippling Poison","floor":29.0},{"not_picked":["Underhanded Strike","Expertise","PiercingWail"],"picked":"Singing Bowl","floor":31.0},{"not_picked":["Malaise","Tools of the Trade"],"picked":"Wraith Form v2","floor":33.0},{"not_picked":["Underhanded Strike+1","Deflect+1"],"picked":"Acrobatics","floor":35.0},{"not_picked":["Flying Knee+1","Riddle With Holes+1","PiercingWail"],"picked":"Singing Bowl","floor":38.0},{"not_picked":["Escape Plan+1","Slice","Concentrate+1"],"picked":"Singing Bowl","floor":40.0},{"not_picked":["Infinite Blades","Catalyst+1","Predator"],"picked":"Singing Bowl","floor":44.0},{"not_picked":["Backflip+1","Masterful Stab","Choke"],"picked":"Singing Bowl","floor":45.0},{"not_picked":["Poisoned Stab","Sucker Punch+1","Infinite Blades+1"],"picked":"Singing Bowl","floor":46.0},{"not_picked":["Backflip+1","Malaise+1"],"picked":"Terror+1","floor":54}],"player_experience":1519791,"relics_obtained":[{"floor":3.0,"key":"Singing Bowl"},{"floor":7.0,"key":"CaptainsWheel"},{"floor":13.0,"key":"White Beast Statue"},{"floor":25.0,"key":"Orichalcum"},{"floor":26.0,"key":"Vajra"},{"floor":28.0,"key":"Blue Candle"},{"floor":31.0,"key":"Ornamental Fan"},{"floor":40.0,"key":"Toxic Egg 2"},{"floor":43.0,"key":"Kunai"},{"floor":46.0,"key":"Toy Ornithopter"},{"floor":54,"key":"Oddly Smooth Stone"}],"event_choices":[{"damage_healed":0.0,"max_hp_gain":5.0,"max_hp_loss":0.0,"gold_gain":0.0,"event_name":"Big Fish","player_choice":"Donut","floor":5.0,"gold_loss":0.0,"damage_taken":0.0},{"damage_healed":0.0,"max_hp_gain":0.0,"max_hp_loss":0.0,"gold_gain":0.0,"event_name":"Scrap Ooze","player_choice":"Success","floor":8.0,"gold_loss":0.0,"damage_taken":12.0,"relics_obtained":["Ice Cream"]},{"damage_healed":0.0,"max_hp_gain":0.0,"max_hp_loss":0.0,"gold_gain":0.0,"cards_transformed":["Poisoned Stab"],"event_name":"Transmorgrifier","player_choice":"Transformed","floor":19.0,"gold_loss":0.0,"damage_taken":0.0,"cards_obtained":["Heel Hook"]},{"damage_healed":0.0,"max_hp_gain":0.0,"max_hp_loss":0.0,"gold_gain":0.0,"event_name":"Tomb of Lord Red Mask","player_choice":"Ignored","floor":36.0,"gold_loss":0.0,"damage_taken":0.0},{"damage_healed":0.0,"max_hp_gain":0.0,"max_hp_loss":0.0,"gold_gain":300.0,"event_name":"Wheel of Change","player_choice":"Gold","floor":39.0,"gold_loss":0.0,"damage_taken":0.0},{"damage_healed":0.0,"max_hp_gain":0.0,"max_hp_loss":0.0,"gold_gain":0.0,"event_name":"SecretPortal","player_choice":"Ignored","floor":47.0,"gold_loss":0.0,"damage_taken":0.0}],"is_beta":false,"boss_relics":[{"not_picked":["Fusion Hammer","Sozu"],"picked":"Pandora\u0027s Box"},{"not_picked":["Tiny House","SlaversCollar"],"picked":"WristBlade"}],"items_purged_floors":[22,30],"is_endless":false,"potions_floor_spawned":[4,11,12,13,14,16,18,20,21,25,28,29,31,33,35,38,40,44,45,46,54],"ascension_level":5}}