{"host":"06h77atpgiec8kbk","time":1613113684,"event":{"mods":["Act Like it!","Arknights","Aspiration","Bard","BaseMod","Bossed Relics","Colored Powertips","Downfall","Energized Spire","Hermit","Marisa£®ÏF”Í°°ƒß¿Ì…≥£©","Minty Spire (QoL Compilation)","Quick Restart","Reimu£®≤©¿ˆ¡È√Œ£©","Relic Stats","Reliquary","Replay The Spire","StSLib","The Construct","The Cursed","The Gatherer","The Hierophant","The Runesmith","[GremlinLeader]The Maniac"],"gold_per_floor":[366,383,402,402,21,21,55,55,82,112,112,112,18,33,33,134,134,154,171,188,40,40,59,59,93,146,176,176,205,205,230,230,230,230],"floor_reached":33,"language":"ZHS","playtime":2830,"items_purged":["Shame","maniac:Guilty"],"score":389,"play_id":"97b12a83-8a36-4a2b-9b0d-1e4134310635","local_time":"20210212150804","is_ascension_mode":true,"campfire_choices":[{"data":"CrushJoints","floor":6,"key":"SMITH"},{"floor":11,"key":"RECALL"},{"data":"Defend_P","floor":15,"key":"PURGE"},{"floor":28,"key":"REST"},{"data":"Crescendo","floor":30,"key":"SMITH"},{"data":"Tantrum","floor":32,"key":"SMITH"}],"circlet_count":0,"master_deck":["Strike_P","Strike_P","Strike_P","Strike_P","Defend_P","Defend_P","Defend_P","Eruption+1","Vigilance+1","CrushJoints+1","BattleHymn","DeusExMachina","Tantrum+1","Crescendo+1","DeusExMachina","CurseOfTheBell","FollowUp","Tantrum+1"],"relics":["PureWater","BargainBundle","Bag of Marbles","Orichalcum","reliquary:TuningFork","ReplayTheSpireMod:CursedCoin","PreservedInsect","Calling Bell","Oddly Smooth Stone","Onion Ring","Runesmith:Locket","reliquary:BrokenClock","Sundial","CeramicFish","Replay:Kaleidoscope","Blue Candle"],"acts_visited":["Exordium","TheCity"],"potions_floor_usage":[7,7,27,33],"damage_taken":[{"damage":3,"enemies":"Jaw Worm","floor":1,"turns":5},{"damage":0,"enemies":"2 Louse","floor":2,"turns":2},{"damage":9,"enemies":"ats:Genji","floor":3,"turns":6},{"damage":5,"enemies":"3 Sentries","floor":7,"turns":3},{"damage":1,"enemies":"Replay:BlueRogue","floor":10,"turns":3},{"damage":0,"enemies":"Blue Slaver","floor":14,"turns":1},{"damage":14,"enemies":"Hexaghost","floor":16,"turns":5},{"damage":0,"enemies":"Spheric Guardian","floor":18,"turns":2},{"damage":0,"enemies":"Chosen","floor":19,"turns":3},{"damage":25,"enemies":"3 Cultists","floor":20,"turns":4},{"damage":0,"enemies":"Centurion and Healer","floor":23,"turns":2},{"damage":0,"enemies":"Gremlin Leader","floor":25,"turns":2},{"damage":10,"enemies":"Book of Stabbing","floor":27,"turns":3},{"damage":16,"enemies":"Slavers","floor":29,"turns":3},{"damage":1,"enemies":"Cultist and Chosen","floor":31,"turns":3},{"damage":46,"enemies":"Champ","floor":33,"turns":3}],"seed_played":"3245858085210982561","potions_obtained":[{"floor":1,"key":"Ancient Potion"},{"floor":3,"key":"EssenceOfSteel"},{"floor":7,"key":"Fire Potion"},{"floor":16,"key":"BottledMiracle"},{"floor":22,"key":"Fire Potion"},{"floor":22,"key":"Adrenaline Potion"},{"floor":29,"key":"Dexterity Potion"}],"is_trial":false,"path_per_floor":["M","M","M","?","$","R","E","?","T","E","R","?","$","M","R","B",null,"M","M","M","$","?","M","$","E","T","E","R","E","R","M","R","B"],"character_chosen":"WATCHER","items_purchased":["BargainBundle","LessonLearned","Explosive Potion","BottledMiracle","Languid Potion","BattleHymn","Bag of Marbles","ReplayTheSpireMod:CursedCoin","PreservedInsect","reliquary:BrokenClock"],"campfire_rested":1,"item_purchase_floors":[5,5,5,5,5,5,5,13,13,21],"current_hp_per_floor":[69,69,60,60,60,60,55,55,55,54,54,54,54,54,54,40,72,72,72,47,47,47,47,47,47,47,37,58,42,42,41,41,0,0],"gold":230,"neow_bonus":"TWO_FIFTY_GOLD","is_daily":false,"chose_seed":false,"campfire_upgraded":3,"win_rate":0.0,"timestamp":1613113684,"path_taken":["M","M","M","?","$","R","E","?","T","E","R","?","?","M","R","BOSS","M","M","M","$","?","M","?","E","T","E","R","E","R","M","R","BOSS"],"items_purchased_type":["Relic","Card","Potion","Potion","Potion","Card","Relic","Relic","Relic","Relic"],"build_version":"2020-12-22","purchased_purges":2,"victory":false,"max_hp_per_floor":[72,72,72,72,72,72,72,72,72,72,72,72,72,72,72,72,72,72,72,72,72,72,72,72,72,72,72,72,72,72,72,72,72,72],"relic_stats":{"counters":[16,50],"Sundial":[0],"CeramicFish":9,"Blue Candle":[1],"PreservedInsect":126,"Orichalcum":[66],"obtain_stats":[{"BargainBundle":5,"ReplayTheSpireMod:CursedCoin":13,"CeramicFish":26,"Blue Candle":29,"Oddly Smooth Stone":17,"Runesmith:Locket":17,"PreservedInsect":13,"Replay:Kaleidoscope":27,"Orichalcum":7,"Calling Bell":17,"Sundial":25,"Onion Ring":17,"Bag of Marbles":5,"reliquary:TuningFork":10,"reliquary:BrokenClock":21,"PureWater":0},{"BargainBundle":3,"ReplayTheSpireMod:CursedCoin":5,"CeramicFish":12,"Blue Candle":14,"Oddly Smooth Stone":7,"Runesmith:Locket":7,"PreservedInsect":5,"Replay:Kaleidoscope":13,"Orichalcum":4,"Calling Bell":7,"Sundial":12,"Onion Ring":7,"Bag of Marbles":3,"reliquary:TuningFork":5,"reliquary:BrokenClock":10,"PureWater":0},{"BargainBundle":13,"ReplayTheSpireMod:CursedCoin":19,"CeramicFish":38,"Blue Candle":44,"Oddly Smooth Stone":25,"Runesmith:Locket":25,"PreservedInsect":19,"Replay:Kaleidoscope":41,"Orichalcum":16,"Calling Bell":25,"Sundial":38,"Onion Ring":25,"Bag of Marbles":13,"reliquary:TuningFork":19,"reliquary:BrokenClock":34,"PureWater":0}]},"card_choices":[{"not_picked":["ThirdEye","JustLucky","Halt"],"picked":"SKIP","floor":1},{"not_picked":["InnerPeace","JustLucky","LikeWater"],"picked":"SKIP","floor":2},{"not_picked":["Prostrate","Replay:Anticipation"],"picked":"CrushJoints","floor":3},{"not_picked":["InnerPeace","ConjureBlade"],"picked":"DeusExMachina","floor":7},{"not_picked":["Replay:Cycle","Study","ReachHeaven"],"picked":"SKIP","floor":10},{"not_picked":["Protect","Replay:Cycle"],"picked":"Crescendo","floor":14},{"not_picked":["MasterReality","Devotion"],"picked":"DeusExMachina","floor":16},{"not_picked":["PathToVictory","InnerPeace"],"picked":"FollowUp","floor":18},{"not_picked":["Perseverance","Replay:ManipulateFuture+1","Prostrate"],"picked":"SKIP","floor":19},{"not_picked":["SashWhip+1","Replay:BluntJabs","WaveOfTheHand+1"],"picked":"SKIP","floor":20},{"not_picked":["Replay:BluntJabs","Pray+1","Collect"],"picked":"SKIP","floor":23},{"not_picked":["Evaluate","Vengeance+1","ThirdEye"],"picked":"SKIP","floor":25},{"not_picked":["BowlingBash+1","Replay:DivineShield","CutThroughFate"],"picked":"SKIP","floor":27},{"not_picked":["Replay:Hum+1","Weave","EmptyBody+1"],"picked":"SKIP","floor":29},{"not_picked":["Crescendo","CarveReality"],"picked":"Tantrum","floor":31}],"player_experience":852979,"relics_obtained":[{"floor":7,"key":"Orichalcum"},{"floor":10,"key":"reliquary:TuningFork"},{"floor":17,"key":"Oddly Smooth Stone"},{"floor":17,"key":"Onion Ring"},{"floor":17,"key":"Runesmith:Locket"},{"floor":25,"key":"Sundial"},{"floor":26,"key":"CeramicFish"},{"floor":27,"key":"Replay:Kaleidoscope"},{"floor":29,"key":"Blue Candle"}],"event_choices":[{"damage_healed":0,"gold_gain":0,"player_choice":"Got Potions","damage_taken":0,"max_hp_gain":0,"max_hp_loss":0,"event_name":"Lab","floor":22,"gold_loss":0}],"is_beta":false,"boss_relics":[{"not_picked":["energizedSpire:SpiderWeb","reliquary:RedCape"],"picked":"Calling Bell"}],"items_purged_floors":[5,13],"is_endless":false,"potions_floor_spawned":[1,3,7,16,19,29,31],"killed_by":"Champ","ascension_level":3}}