{"host":"niv6bi8ufjzyofbf","time":1613146715,"event":{"mods":["ATMod(∞¢Ë™Mod)","Act Like it!","BaseMod","Colored Powertips","Conspire","Gensokyo","Hermit","Mad Scientist","Marisa£®ÏF”Í°°ƒß¿Ì…≥£©","Minty Spire (QoL Compilation)","Quick Restart","Rare Cards Sparkle","Reimu£®≤©¿ˆ¡È√Œ£©","Relic Filter Mod","Reliquary","Replay The Spire","Shop Mod","Spicy Shops","StSLib","SuperFastMode","The Cursed","The Servant 0.9.4","Youmu£®ªÍ∆«—˝√Œ£©","°æ“≈ŒÔø®≈∆°øREMEMod","≤–¡Ù÷ÆŒÔ"],"gold_per_floor":[23344,23344,23362,23362,23372,23404,23404,22099,22148,22148,22148,22148,22218,20826,20872,21007,21007,21039,19811,19842,19802,19752,19752,19799,19799,19799,19834,19834,18233,18091,18177,18177,18346,18346,18390,18479,16862,16913,15923,16034,16034,16157,16157,16157,15528,15596,15654,15703,15703,15728],"floor_reached":51,"language":"ZHS","playtime":2852,"items_purged":["Defend_MRS","Defend_MRS","Defend_MRS","Strike_MRS","Strike_MRS","Strike_MRS","Strike_MRS","TreasureHunter","REME_MawOfCthun"],"score":1111,"play_id":"ac4e783e-972e-498e-a6b1-49611fc85583","local_time":"20210213001835","is_ascension_mode":true,"campfire_choices":[{"data":"FloweringNight","floor":7,"key":"SMITH"},{"data":"Acceleration","floor":12,"key":"SMITH"},{"data":"ZunPunch:ReiMu","floor":23,"key":"SMITH"},{"data":"StarDustReverie","floor":25,"key":"SMITH"},{"floor":32,"key":"DIG"},{"data":"CollectingQuirk","floor":41,"key":"SMITH"},{"data":"Survey Options","floor":49,"key":"SMITH"}],"circlet_count":0,"master_deck":["MasterSpark","UpSweep+1","FloweringNight+1","Acceleration+1","Singularity","GrandCross","MagicChant","LuminesStrike+1","Secret Technique+1","ShootingEcho","Sadistic Nature+1","WitchLeyline+2","UltimateShortwave","WitchLeyline","StarDustReverie+1","ShootingEcho+1","Midas Touch","Bandage Up","ZunPunch:ReiMu+1","Violence+1","CollectingQuirk+1","EventHorizon+1","Survey Options+1","Panache","Panache"],"relics":["MiniHakkero","REME_ComplimentaryCards","AT_ATBox","Gremlin Food","Blue Doll","Replay:PocketPolymizer","REME_ArchaeologicalTools","Orrery","MerchantsRug","conspire:InfiniteJournal","Happy Flower","Replay:Baseball","Golden Idol","Blood Vial","AT_ChloranthyRing","ReplayFunnel","Sling","Mirror","Iron Hammer","Guide Book","reliquary:RoseTintedGlasses","REME_LowDesire","reliquary:WeakTea","reliquary:PorcupineQuills","White Beast Statue","Lee\u0027s Waffle","Whetstone","PlaceholderMod:DeVermisMysteriis","PlaceholderMod:DaolothFragment","Replay:Bottled Steam","MutagenicStrength","AT_MibuBalloonWealth","Medical Kit","Thread and Needle","reliquary:Bookmark","conspire:Boomerang","Potion Belt","Lantern","AT_TrinityForce","StoneCalendar","REME_HandOfSuture","HandDrill","reliquary:Firecrackers","reliquary:BrokenClock","Bottled Flame","conspire:TreasureMap","Mastiff:ReiMu","AT_RedTearstoneRing","OrangePellets","reliquary:Boomerang","reliquary:PrincelyHelmet","Blue Candle","Counterbalance","Membership Card","Ice Cream","Vajra","AT_Kusabimaru","reliquary:SilkGlove","reliquary:Buckler","Durian"],"acts_visited":["Exordium","TheCity","TheBeyond"],"potions_floor_usage":[6,15,18,18,24,40,40,40],"damage_taken":[{"damage":0,"enemies":"Small Slimes","floor":1,"turns":3},{"damage":7,"enemies":"Jaw Worm","floor":3,"turns":3},{"damage":10,"enemies":"2 Louse","floor":5,"turns":2},{"damage":40,"enemies":"3 Sentries","floor":6,"turns":8},{"damage":20,"enemies":"Lagavulin","floor":13,"turns":3},{"damage":0,"enemies":"conspire:MimicChest","floor":15,"turns":1},{"damage":0,"enemies":"Slime Boss","floor":16,"turns":2},{"damage":14,"enemies":"3 Byrds","floor":18,"turns":3},{"damage":0,"enemies":"Spheric Guardian","floor":20,"turns":1},{"damage":0,"enemies":"Slavers","floor":24,"turns":1},{"damage":5,"enemies":"Snake Plant","floor":27,"turns":2},{"damage":1,"enemies":"Cultist and Chosen","floor":31,"turns":2},{"damage":9,"enemies":"Champ","floor":33,"turns":3},{"damage":0,"enemies":"Orb Walker","floor":35,"turns":2},{"damage":12,"enemies":"3 Shapes","floor":36,"turns":1},{"damage":30,"enemies":"Transient","floor":38,"turns":3},{"damage":0,"enemies":"Reptomancer","floor":40,"turns":2},{"damage":20,"enemies":"4 Shapes","floor":42,"turns":1},{"damage":0,"enemies":"Nemesis","floor":46,"turns":1},{"damage":0,"enemies":"conspire:MimicChest","floor":47,"turns":1},{"damage":0,"enemies":"Writhing Mass","floor":48,"turns":1},{"damage":0,"enemies":"conspire:OrnateMirror","floor":50,"turns":1}],"seed_played":"-7148202142481687538","potions_obtained":[{"floor":1,"key":"Weak Potion"},{"floor":5,"key":"Swift Potion"},{"floor":6,"key":"DistilledChaos"},{"floor":15,"key":"Block Potion"},{"floor":20,"key":"Venom Potion"},{"floor":24,"key":"Fruit Juice"},{"floor":31,"key":"Explosive Potion"},{"floor":36,"key":"ColorlessPotion"},{"floor":40,"key":"Explosive Potion"},{"floor":47,"key":"Swift Potion"}],"is_trial":false,"path_per_floor":["M","?","M","?","M","E","R","$","T","?","?","R","E","$","R","B",null,"M","$","M","?","?","R","E","R","T","M","?","$","?","M","R","B",null,"M","M","$","M","$","E","R","M","T","T","$","E","?","M","R","B",null],"character_chosen":"MARISA","items_purchased":["Replay:PocketPolymizer","REME_ArchaeologicalTools","Orrery","LuminesStrike+1","MerchantsRug","Secret Technique","conspire:InfiniteJournal","Happy Flower","AT_ChloranthyRing","ReplayFunnel","Sling","Mirror","Iron Hammer","Sadistic Nature","WitchLeyline+1","Guide Book","White Beast Statue","Lee\u0027s Waffle","StarDustReverie","ShootingEcho+1","Midas Touch","Whetstone","PlaceholderMod:DeVermisMysteriis","AT_MibuBalloonWealth","Medical Kit","Thread and Needle","reliquary:Bookmark","conspire:Boomerang","EventHorizon+1","Survey Options","Energy Potion","StoneCalendar","REME_HandOfSuture","HandDrill","reliquary:Firecrackers","reliquary:BrokenClock","Bottled Flame","StarNLove","conspire:TreasureMap","Mastiff:ReiMu","AT_RedTearstoneRing","OrangePellets","reliquary:Boomerang","Membership Card","Ice Cream","Vajra","AT_Kusabimaru","reliquary:SilkGlove"],"campfire_rested":0,"item_purchase_floors":[8,8,8,8,8,8,8,8,14,14,14,14,14,14,14,14,19,19,19,19,19,19,19,29,29,29,29,29,29,29,29,37,37,37,37,37,37,37,39,39,39,39,39,45,45,45,45,45],"current_hp_per_floor":[68,68,61,49,39,94,94,94,94,87,70,70,50,50,52,54,68,54,75,75,75,75,75,80,80,80,75,75,75,75,76,76,71,80,80,72,72,48,48,56,56,38,38,38,38,40,47,49,49,51],"gold":15728,"neow_bonus":"TWO_FIFTY_GOLD","is_daily":false,"chose_seed":false,"campfire_upgraded":6,"win_rate":0.0,"timestamp":1613146715,"path_taken":["M","?","M","?","?","E","R","$","T","?","?","R","E","$","R","BOSS","M","$","M","?","?","R","E","R","T","?","?","$","?","M","R","BOSS","M","M","$","M","?","E","R","?","T","?","$","E","?","M","R","BOSS"],"items_purchased_type":["Relic","Relic","Relic","Card","Relic","Card","Relic","Relic","Relic","Relic","Relic","Relic","Relic","Card","Card","Relic","Relic","Relic","Card","Card","Card","Relic","Relic","Relic","Relic","Relic","Relic","Relic","Card","Card","Potion","Relic","Relic","Relic","Relic","Relic","Relic","Potion","Relic","Relic","Relic","Relic","Relic","Relic","Relic","Relic","Relic","Relic"],"build_version":"2020-12-22","purchased_purges":9,"victory":true,"max_hp_per_floor":[68,68,68,68,68,68,68,68,68,68,68,68,68,68,68,68,68,68,75,75,75,75,75,80,80,80,80,80,80,80,80,80,80,80,80,80,80,80,80,80,80,80,80,80,80,80,85,85,85,85],"card_choices":[{"not_picked":["SprinkleStarSeal","StarBarrage","UnstableBomb"],"picked":"SKIP","floor":1},{"not_picked":["DoubleSpark","OortCloud","WitchOfGreed"],"picked":"SKIP","floor":3},{"not_picked":["PowerUp","PropBag","GalacticHalo"],"picked":"SKIP","floor":5},{"not_picked":["LuminesStrike","UnstableBomb"],"picked":"Acceleration","floor":6},{"not_picked":["JA","6A"],"picked":"Singularity","floor":8},{"not_picked":["Occultation","DC"],"picked":"GrandCross","floor":8},{"not_picked":["ShootingEcho","PowerUp"],"picked":"MagicChant","floor":8},{"not_picked":["IllusionStar","6A"],"picked":"ShootingEcho","floor":13},{"not_picked":["CasketOfStar","JA"],"picked":"UltimateShortwave","floor":16},{"not_picked":["WitchOfGreed","ShootingEcho","REME_AllRoundStrike"],"picked":"WitchLeyline","floor":18},{"not_picked":["NonDirectionalLaser+1","EnergyRecoil","6A"],"picked":"Bandage Up","floor":20},{"not_picked":["WitchLeyline","OortCloud+1","Acceleration"],"picked":"Violence","floor":24},{"not_picked":["EnergyRecoil+1","EarthLightRay","Dramatic Entrance"],"picked":"CollectingQuirk","floor":27},{"not_picked":["OneTimeOff","Robbery","SuperPerseids"],"picked":"REME_MawOfCthun","floor":31},{"not_picked":["EscapeVelocity","SatelliteIllusion","Dramatic Entrance+1"],"picked":"TreasureHunter","floor":33},{"not_picked":["DC","LuminesStrike","6A+1","The Bomb"],"picked":"SKIP","floor":35},{"not_picked":["DoubleSpark+1","MysteriousBeam","Acceleration+1","Replay:Sssssssssshield"],"picked":"SKIP","floor":36},{"not_picked":["DoubleSpark","DragonMeteor","WitchOfGreed"],"picked":"Panache","floor":38},{"not_picked":["IllusionStar+1","PowerUp","OrrerysSun+1","The Bomb"],"picked":"SKIP","floor":40},{"not_picked":["OpenUniverse","PowerUp","ShootingEcho"],"picked":"Panache","floor":42},{"not_picked":["SuperNova","MachineGunSpark","DeepEcoloBomb","ReplayTheSpireMod:Brewmster"],"picked":"SKIP","floor":46},{"not_picked":["SuperPerseids","6A+1","ChargeUpSpray","Mind Blast+1"],"picked":"SKIP","floor":48}],"player_experience":627105,"relics_obtained":[{"floor":6,"key":"Blue Doll"},{"floor":9,"key":"Replay:Baseball"},{"floor":13,"key":"Blood Vial"},{"floor":15,"key":"reliquary:RoseTintedGlasses"},{"floor":17,"key":"reliquary:WeakTea"},{"floor":17,"key":"reliquary:PorcupineQuills"},{"floor":24,"key":"PlaceholderMod:DaolothFragment"},{"floor":26,"key":"Replay:Bottled Steam"},{"floor":32,"key":"Lantern"},{"floor":40,"key":"reliquary:PrincelyHelmet"},{"floor":43,"key":"Blue Candle"},{"floor":44,"key":"Counterbalance"},{"floor":46,"key":"reliquary:Buckler"},{"floor":47,"key":"Durian"}],"event_choices":[{"damage_healed":0,"gold_gain":0,"player_choice":"Success","damage_taken":12,"relics_obtained":["Gremlin Food"],"max_hp_gain":0,"max_hp_loss":0,"event_name":"Scrap Ooze","floor":4,"gold_loss":0},{"cards_removed":["Defend_MRS"],"damage_healed":0,"gold_gain":0,"player_choice":"Card Removal","damage_taken":7,"max_hp_gain":0,"max_hp_loss":0,"event_name":"Golden Wing","floor":10,"gold_loss":0},{"damage_healed":0,"gold_gain":0,"player_choice":"Take Damage","damage_taken":17,"relics_obtained":["Golden Idol"],"max_hp_gain":0,"max_hp_loss":0,"event_name":"Golden Idol","floor":11,"gold_loss":0},{"damage_healed":0,"gold_gain":0,"player_choice":"Ωª≥ˆ…Òæ∆","damage_taken":0,"max_hp_gain":0,"max_hp_loss":0,"event_name":"ZunEvent","floor":21,"relics_lost":["ZunR:ReiMu"],"gold_loss":0,"cards_obtained":["ZunPunch:ReiMu"]},{"damage_healed":0,"gold_gain":0,"player_choice":"Bet on Owner","damage_taken":0,"max_hp_gain":0,"max_hp_loss":0,"event_name":"The Joust","floor":22,"gold_loss":50},{"damage_healed":0,"gold_gain":0,"player_choice":"Inject Mutagens","damage_taken":0,"relics_obtained":["MutagenicStrength"],"max_hp_gain":0,"max_hp_loss":0,"event_name":"Drug Dealer","floor":28,"gold_loss":0},{"damage_healed":0,"gold_gain":0,"player_choice":"Paid Gold","damage_taken":0,"relics_obtained":["Potion Belt"],"max_hp_gain":0,"max_hp_loss":0,"event_name":"WeMeetAgain","floor":30,"gold_loss":142}],"is_beta":false,"boss_relics":[{"not_picked":["Coffee Dripper","Snecko Heart"],"picked":"REME_LowDesire"},{"not_picked":["Honey Jar","REME_DemonsWealth"],"picked":"AT_TrinityForce"}],"items_purged_floors":[8,14,19,19,29,29,37,39,45],"is_endless":false,"potions_floor_spawned":[1,5,6,15,16,20,24,27,31,33,35,36,38,40,42,46,47,48],"ascension_level":3}}