{"host":"xw7092rw7wabncmm","time":1613100903,"event":{"mods":["AchievementEnabler","BaseMod","Bestiary","Block Reminder","Minty Spire (QoL Compilation)","Quick Restart","Relic Stats","Slay-I","Weighted Paths"],"gold_per_floor":[114,124,135,154,165,165,197,197,197,222,234,244,13,13,13,113,113,123,134,147,163,163,163,197,197,221,48,63,97,112,112,112,215,215,225,275,291,311,311,311,344,344,344,357,407,437,180,180,180,180,180,180,23,23,23],"floor_reached":54,"language":"ENG","playtime":5182,"items_purged":["Strike_B","Parasite"],"score":1002,"play_id":"934ce20d-43cc-4c5e-88e1-7ac68d0ddd93","local_time":"20210211223503","is_ascension_mode":true,"campfire_choices":[{"data":"Zap","floor":6,"key":"SMITH"},{"data":"Dualcast","floor":8,"key":"SMITH"},{"floor":15,"key":"RECALL"},{"data":"Seek","floor":23,"key":"SMITH"},{"data":"Panacea","floor":25,"key":"SMITH"},{"data":"Biased Cognition","floor":32,"key":"SMITH"},{"floor":40,"key":"REST"},{"floor":42,"key":"REST"},{"data":"Madness","floor":49,"key":"PURGE"},{"data":"Strike_B","floor":52,"key":"PURGE"}],"circlet_count":0,"master_deck":["Strike_B","Defend_B","Defend_B","Defend_B","Defend_B","Zap+1","Dualcast+1","Panacea+1","Glacier","Ball Lightning","Glacier","Self Repair","Cold Snap","FTL","Conserve Battery","Ball Lightning","Conserve Battery","Self Repair","Seek+1","Biased Cognition+1","All For One","Leap+1","Defragment+1","Hologram","Consume","Storm","Ball Lightning","Cold Snap","Go for the Eyes","Hologram","Go for the Eyes+1","FTL+1","Streamline+1","Madness","Melter","Echo Form","Loop+1","Self Repair+1","Panache","Panacea+1","Biased Cognition+1"],"relics":["Cracked Core","Meat on the Bone","Eternal Feather","Bottled Flame","SlaversCollar","Regal Pillow","Pantograph","Fusion Hammer","Unceasing Top","Toxic Egg 2","Torii","Peace Pipe","Bag of Marbles","ClockworkSouvenir","DollysMirror"],"acts_visited":["Exordium","TheCity","TheBeyond","TheEnding"],"potions_floor_usage":[10,16,16,24,24,24,27,28,29,33,36,41,46,50,50],"damage_taken":[{"damage":0,"enemies":"Cultist","floor":1,"turns":4},{"damage":3,"enemies":"Jaw Worm","floor":2,"turns":5},{"damage":8,"enemies":"Small Slimes","floor":3,"turns":2},{"damage":4,"enemies":"3 Louse","floor":4,"turns":3},{"damage":4,"enemies":"2 Fungi Beasts","floor":5,"turns":4},{"damage":12,"enemies":"3 Sentries","floor":7,"turns":9},{"damage":18,"enemies":"Gremlin Nob","floor":10,"turns":3},{"damage":0,"enemies":"Looter","floor":11,"turns":3},{"damage":0,"enemies":"Large Slime","floor":12,"turns":5},{"damage":24,"enemies":"Hexaghost","floor":16,"turns":11},{"damage":0,"enemies":"3 Byrds","floor":18,"turns":5},{"damage":4,"enemies":"Chosen","floor":19,"turns":7},{"damage":4,"enemies":"Centurion and Healer","floor":20,"turns":8},{"damage":15,"enemies":"Sentry and Sphere","floor":21,"turns":7},{"damage":39,"enemies":"Slavers","floor":24,"turns":4},{"damage":18,"enemies":"3 Cultists","floor":28,"turns":5},{"damage":23,"enemies":"Book of Stabbing","floor":29,"turns":6},{"damage":8,"enemies":"Cultist and Chosen","floor":30,"turns":5},{"damage":24,"enemies":"Automaton","floor":33,"turns":9},{"damage":6,"enemies":"Orb Walker","floor":35,"turns":3},{"damage":38,"enemies":"2 Orb Walkers","floor":36,"turns":8},{"damage":8,"enemies":"3 Shapes","floor":37,"turns":5},{"damage":50,"enemies":"Writhing Mass","floor":38,"turns":9},{"damage":31,"enemies":"Reptomancer","floor":41,"turns":5},{"damage":1,"enemies":"Maw","floor":44,"turns":6},{"damage":46,"enemies":"Mind Bloom Boss Battle","floor":45,"turns":6},{"damage":14,"enemies":"Giant Head","floor":46,"turns":9},{"damage":50,"enemies":"Donu and Deca","floor":50,"turns":8},{"damage":97,"enemies":"Shield and Spear","floor":54,"turns":6}],"seed_played":"-6022352179422750728","potions_obtained":[{"floor":1,"key":"EssenceOfDarkness"},{"floor":5,"key":"SpeedPotion"},{"floor":7,"key":"Energy Potion"},{"floor":10,"key":"FocusPotion"},{"floor":20,"key":"FearPotion"},{"floor":21,"key":"Strength Potion"},{"floor":29,"key":"AttackPotion"},{"floor":33,"key":"CultistPotion"},{"floor":36,"key":"Strength Potion"},{"floor":37,"key":"Fruit Juice"},{"floor":45,"key":"AttackPotion"},{"floor":46,"key":"Block Potion"}],"is_trial":false,"path_per_floor":["M","M","M","M","M","R","E","R","T","E","M","M","$","?","R","B",null,"M","M","M","M","?","R","E","R","T","$","M","E","M","?","R","B",null,"M","?","M","M","?","R","E","R","T","M","?","E","$","?","R","B",null,"R","$","E"],"character_chosen":"DEFECT","items_purchased":["Self Repair","Seek","EntropicBrew","Storm","ClockworkSouvenir","DollysMirror"],"campfire_rested":2,"item_purchase_floors":[13,13,27,27,47,53],"current_hp_per_floor":[68,65,57,53,56,56,51,51,51,52,59,66,66,66,75,65,73,73,75,75,74,60,75,62,77,77,77,66,43,61,61,79,70,78,79,55,61,37,27,80,68,85,85,85,65,65,65,55,79,75,80,82,82,0,0],"gold":23,"neow_bonus":"RANDOM_COLORLESS","is_daily":false,"chose_seed":false,"campfire_upgraded":5,"win_rate":0.0,"timestamp":1613100903,"path_taken":["M","M","M","M","M","R","E","R","T","E","M","M","?","?","R","BOSS","M","M","M","M","?","R","E","R","T","$","M","E","M","?","R","BOSS","M","?","M","M","?","R","E","R","T","M","?","E","$","?","R","BOSS","R","$","E"],"items_purchased_type":["Card","Card","Potion","Card","Relic","Relic"],"build_version":"2020-12-22","purchased_purges":2,"victory":false,"max_hp_per_floor":[75,75,75,75,75,75,75,75,75,75,75,75,75,75,75,75,75,75,75,75,75,80,80,80,80,80,80,80,80,80,80,80,80,80,80,80,80,80,80,80,85,85,85,85,85,85,82,82,82,82,82,82,82,82,82],"relic_stats":{"Peace Pipe":2,"Regal Pillow":8,"Torii":8,"counters":[29,170],"Pantograph":4,"Eternal Feather":121,"obtain_stats":[{"Regal Pillow":24,"Torii":43,"Eternal Feather":9,"ClockworkSouvenir":47,"Peace Pipe":45,"SlaversCollar":17,"Bottled Flame":10,"DollysMirror":53,"Pantograph":29,"Fusion Hammer":34,"Bag of Marbles":46,"Toxic Egg 2":41,"Cracked Core":0,"Unceasing Top":36,"Meat on the Bone":7},{"Regal Pillow":15,"Torii":24,"Eternal Feather":6,"ClockworkSouvenir":27,"Peace Pipe":26,"SlaversCollar":10,"Bottled Flame":7,"DollysMirror":28,"Pantograph":17,"Fusion Hammer":19,"Bag of Marbles":27,"Toxic Egg 2":24,"Cracked Core":0,"Unceasing Top":21,"Meat on the Bone":6},{"Regal Pillow":80,"Torii":135,"Eternal Feather":27,"ClockworkSouvenir":156,"Peace Pipe":147,"SlaversCollar":49,"Bottled Flame":30,"DollysMirror":164,"Pantograph":91,"Fusion Hammer":105,"Bag of Marbles":156,"Toxic Egg 2":135,"Cracked Core":0,"Unceasing Top":116,"Meat on the Bone":27}],"Unceasing Top":[28],"Meat on the Bone":72},"card_choices":[{"not_picked":["Forethought","Purity"],"picked":"Panacea","floor":0},{"not_picked":["Beam Cell","Leap"],"picked":"Glacier","floor":1},{"not_picked":["Compile Driver","Streamline"],"picked":"Ball Lightning","floor":2},{"not_picked":["Storm","Beam Cell"],"picked":"Glacier","floor":3},{"not_picked":["Hologram","Conserve Battery"],"picked":"Self Repair","floor":4},{"not_picked":["Scrape","Streamline"],"picked":"Cold Snap","floor":5},{"not_picked":["Amplify","Coolheaded"],"picked":"FTL","floor":7},{"not_picked":["Skim","Compile Driver"],"picked":"Conserve Battery","floor":10},{"not_picked":["Coolheaded","Chaos"],"picked":"Ball Lightning","floor":11},{"not_picked":["Chill","Stack"],"picked":"Conserve Battery","floor":12},{"not_picked":["Machine Learning","Hyperbeam"],"picked":"All For One","floor":16},{"not_picked":["Streamline","Storm"],"picked":"Leap+1","floor":18},{"not_picked":["Rebound","Fusion+1","Tempest"],"picked":"SKIP","floor":19},{"not_picked":["Fusion","Reprogram"],"picked":"Defragment+1","floor":20},{"not_picked":["Ball Lightning","Steam Power"],"picked":"Hologram","floor":21},{"not_picked":["BootSequence","Reboot"],"picked":"Consume","floor":24},{"not_picked":["Steam+1","Recycle"],"picked":"Ball Lightning","floor":28},{"not_picked":["Conserve Battery","Hologram+1"],"picked":"Cold Snap","floor":29},{"not_picked":["Ball Lightning","Auto Shields+1"],"picked":"Go for the Eyes","floor":30},{"not_picked":["Auto Shields+1","Gash"],"picked":"Hologram","floor":35},{"not_picked":["Cold Snap","Blizzard+1"],"picked":"Go for the Eyes+1","floor":36},{"not_picked":["Aggregate+1","Streamline+1"],"picked":"FTL+1","floor":37},{"not_picked":["Tempest+1","Ball Lightning"],"picked":"Streamline+1","floor":38},{"not_picked":["Leap+1","Ball Lightning"],"picked":"Melter","floor":41},{"not_picked":["Ball Lightning+1","Conserve Battery+1"],"picked":"Echo Form","floor":44},{"not_picked":["Beam Cell","Compile Driver"],"picked":"Loop+1","floor":45},{"not_picked":["Hello World","Double Energy+1"],"picked":"Self Repair+1","floor":46},{"not_picked":["Finesse+1","Trip+1"],"picked":"Panache","floor":48},{"not_picked":["PanicButton+1","Forethought+1"],"picked":"Panacea+1","floor":48}],"player_experience":1625016,"relics_obtained":[{"floor":7,"key":"Meat on the Bone"},{"floor":9,"key":"Eternal Feather"},{"floor":10,"key":"Bottled Flame"},{"floor":24,"key":"Regal Pillow"},{"floor":29,"key":"Pantograph"},{"floor":36,"key":"Unceasing Top"},{"floor":41,"key":"Toxic Egg 2"},{"floor":43,"key":"Torii"},{"floor":45,"key":"Peace Pipe"},{"floor":46,"key":"Bag of Marbles"}],"event_choices":[{"damage_healed":0,"gold_gain":0,"cards_transformed":["Strike_B"],"player_choice":"Change","damage_taken":0,"max_hp_gain":0,"max_hp_loss":0,"event_name":"Living Wall","floor":14,"gold_loss":0,"cards_obtained":["Biased Cognition"]},{"damage_healed":0,"gold_gain":0,"player_choice":"Shed Blood","damage_taken":19,"max_hp_gain":5,"max_hp_loss":0,"event_name":"Forgotten Altar","floor":22,"gold_loss":0},{"damage_healed":0,"gold_gain":0,"player_choice":"Ignored","damage_taken":0,"max_hp_gain":0,"max_hp_loss":0,"event_name":"Ghosts","floor":31,"gold_loss":0},{"damage_healed":0,"gold_gain":0,"player_choice":"Fight","damage_taken":0,"max_hp_gain":0,"max_hp_loss":0,"event_name":"Mysterious Sphere","floor":36,"gold_loss":0},{"damage_healed":0,"gold_gain":0,"player_choice":"Embrace Madness","damage_taken":10,"max_hp_gain":0,"max_hp_loss":0,"event_name":"Winding Halls","floor":39,"gold_loss":0,"cards_obtained":["Madness","Madness"]},{"damage_healed":0,"gold_gain":0,"player_choice":"Fight","damage_taken":0,"max_hp_gain":0,"max_hp_loss":0,"event_name":"MindBloom","floor":45,"gold_loss":0},{"damage_healed":0,"gold_gain":0,"player_choice":"Memory 3","damage_taken":10,"max_hp_gain":0,"max_hp_loss":0,"event_name":"SensoryStone","floor":48,"gold_loss":0}],"is_beta":false,"boss_relics":[{"not_picked":["Cursed Key","FrozenCore"],"picked":"SlaversCollar"},{"not_picked":["Busted Crown","Sozu"],"picked":"Fusion Hammer"}],"items_purged_floors":[13,47],"is_endless":false,"potions_floor_spawned":[1,5,7,10,12,20,21,29,33,36,37,38,45,46],"killed_by":"Shield and Spear","ascension_level":7}}