{"host":"gobyjzz6xbwq9f9i","time":1613100938,"event":{"mods":["AchievementEnabler","BaseMod","Bestiary","Colored Map","Minty Spire (QoL Compilation)","Relic Stats"],"gold_per_floor":[112,127,146,163,175,175,205,139,164,178,193,193,222,237,237,333,333,345,39,53,16,26,51,51,51,132,161,161,161,192,192,192,287,287,304,304,320,345,35,61,77,103,128,128,142,142,142,171,171,171,171,171,25,60,60],"floor_reached":56,"language":"ENG","playtime":2580,"items_purged":["Strike_B"],"score":1945,"play_id":"8abc461e-94e1-472a-a5b4-83ff41b647dd","local_time":"20210211193538","is_ascension_mode":true,"campfire_choices":[{"floor":6.0,"key":"REST"},{"floor":12.0,"key":"REST"},{"floor":15.0,"key":"RECALL"},{"floor":29.0,"key":"REST"},{"floor":32.0,"key":"REST"},{"floor":44.0,"key":"REST"},{"floor":47.0,"key":"REST"},{"floor":49.0,"key":"REST"},{"floor":52.0,"key":"REST"}],"circlet_count":0,"master_deck":["AscendersBane","Defend_B","Defend_B","Defend_B","Defend_B","Zap","Dualcast","Ball Lightning","Rip and Tear","Genetic Algorithm","Sunder","Sweeping Beam","Glacier","Ball Lightning","Buffer","Seek","Skim","Echo Form","Barrage+1","Cold Snap","White Noise","Compile Driver","Consume","BootSequence","Coolheaded","Capacitor","Fission","Hologram+1","Conserve Battery+1","Capacitor+1","Loop+1","Turbo","Reinforced Body+1","Coolheaded+1","Consume","Darkness","Steam Power+1","Machine Learning+1","Undo","Recycle","Aggregate"],"relics":["Fusion Hammer","Du-Vu Doll","Orichalcum","DataDisk","PreservedInsect","Inserter","OrangePellets","Dream Catcher","Toy Ornithopter","Bottled Tornado","Tiny Chest","Ice Cream","Blue Candle","SacredBark","Anchor","Frozen Egg 2","Gambling Chip","Meat on the Bone","Omamori","InkBottle"],"acts_visited":["Exordium","TheCity","TheBeyond","TheEnding"],"potions_floor_usage":[55,55],"damage_taken":[{"damage":0.0,"enemies":"Cultist","floor":1.0,"turns":3.0},{"damage":7.0,"enemies":"Jaw Worm","floor":2.0,"turns":3.0},{"damage":3.0,"enemies":"Small Slimes","floor":3.0,"turns":3.0},{"damage":0.0,"enemies":"2 Fungi Beasts","floor":4.0,"turns":2.0},{"damage":13.0,"enemies":"Blue Slaver","floor":5.0,"turns":3.0},{"damage":13.0,"enemies":"Lagavulin","floor":7.0,"turns":6.0},{"damage":0.0,"enemies":"3 Louse","floor":10.0,"turns":2.0},{"damage":4.0,"enemies":"Lots of Slimes","floor":11.0,"turns":2.0},{"damage":0.0,"enemies":"Gremlin Nob","floor":13.0,"turns":2.0},{"damage":0.0,"enemies":"2 Fungi Beasts","floor":14.0,"turns":2.0},{"damage":15.0,"enemies":"Slime Boss","floor":16.0,"turns":8.0},{"damage":0.0,"enemies":"Chosen","floor":18.0,"turns":5.0},{"damage":0.0,"enemies":"3 Byrds","floor":20.0,"turns":4.0},{"damage":16.0,"enemies":"Snake Plant","floor":22.0,"turns":4.0},{"damage":12.0,"enemies":"Gremlin Leader","floor":23.0,"turns":3.0},{"damage":12.0,"enemies":"Book of Stabbing","floor":27.0,"turns":5.0},{"damage":42.0,"enemies":"Slavers","floor":30.0,"turns":5.0},{"damage":8.0,"enemies":"Automaton","floor":33.0,"turns":9.0},{"damage":14.0,"enemies":"3 Darklings","floor":35.0,"turns":7.0},{"damage":10.0,"enemies":"3 Shapes","floor":37.0,"turns":8.0},{"damage":0.0,"enemies":"Giant Head","floor":40.0,"turns":9.0},{"damage":13.0,"enemies":"3 Darklings","floor":41.0,"turns":8.0},{"damage":0.0,"enemies":"Nemesis","floor":42.0,"turns":9.0},{"damage":1.0,"enemies":"4 Shapes","floor":45.0,"turns":9.0},{"damage":31.0,"enemies":"Reptomancer","floor":48.0,"turns":7.0},{"damage":10.0,"enemies":"Donu and Deca","floor":50.0,"turns":10.0},{"damage":29.0,"enemies":"Shield and Spear","floor":54.0,"turns":11.0},{"damage":20,"enemies":"The Heart","floor":55,"turns":10}],"seed_played":"-6188040472443847179","potions_obtained":[{"floor":3.0,"key":"CultistPotion"},{"floor":4.0,"key":"Dexterity Potion"},{"floor":10.0,"key":"Dexterity Potion"},{"floor":11.0,"key":"Fire Potion"},{"floor":13.0,"key":"Dexterity Potion"},{"floor":20.0,"key":"AttackPotion"},{"floor":23.0,"key":"Strength Potion"},{"floor":27.0,"key":"Swift Potion"},{"floor":30.0,"key":"FocusPotion"},{"floor":35.0,"key":"Fire Potion"},{"floor":40.0,"key":"Fruit Juice"},{"floor":48.0,"key":"BlessingOfTheForge"}],"is_trial":false,"path_per_floor":["M","M","M","M","M","R","E","?","T","M","M","R","E","M","R","B",null,"M","$","M","$","M","E","?","?","T","E","T","R","E","?","R","B",null,"M","?","M","T","$","E","M","E","T","R","M","?","R","E","R","B",null,"R","$","E","B",null],"character_chosen":"DEFECT","items_purchased":["OrangePellets","Dream Catcher","White Noise","Frozen Egg 2","Capacitor+1","Recycle"],"campfire_rested":8,"item_purchase_floors":[19,19,21,39,39,53],"current_hp_per_floor":[68,61,58,58,45,67,54,54,54,54,50,72,72,72,72,57,71,71,71,71,71,55,43,43,43,43,36,36,58,21,21,43,40,66,52,52,47,47,47,62,49,49,49,74,73,73,85,54,79,74,82,85,85,56,46],"gold":60,"neow_bonus":"BOSS_RELIC","is_daily":false,"chose_seed":false,"campfire_upgraded":0,"win_rate":0.0,"timestamp":1613100938,"path_taken":["M","M","M","M","?","R","E","?","T","M","M","R","E","M","R","BOSS","M","?","M","$","?","E","?","?","T","E","?","R","E","?","R","BOSS","M","?","M","?","$","E","M","E","T","R","M","?","R","E","R","BOSS","R","$","E","BOSS"],"items_purchased_type":["Relic","Relic","Card","Relic","Card","Card"],"build_version":"2020-12-22","purchased_purges":1,"victory":true,"max_hp_per_floor":[75,75,75,75,75,75,75,75,75,75,75,75,75,75,75,75,75,75,75,75,75,75,75,75,75,75,75,75,75,75,75,75,75,75,75,75,75,75,75,85,85,85,85,85,85,85,85,85,85,85,85,85,85,85,85],"relic_stats":{"Inserter":[57],"counters":[28,158],"Blue Candle":[0],"PreservedInsect":444,"Orichalcum":[192],"OrangePellets":[9],"Dream Catcher":6,"Gambling Chip":[16],"Tiny Chest":1,"obtain_stats":[{"Ice Cream":28,"Inserter":17,"Blue Candle":30,"SacredBark":34,"PreservedInsect":13,"Omamori":48,"Orichalcum":8,"Bottled Tornado":26,"Frozen Egg 2":39,"Du-Vu Doll":7,"OrangePellets":19,"DataDisk":9,"Dream Catcher":19,"Anchor":38,"Gambling Chip":40,"Tiny Chest":27,"Fusion Hammer":0,"Cracked Core":0,"Toy Ornithopter":23,"InkBottle":54,"Meat on the Bone":42},{"Ice Cream":16,"Inserter":11,"Blue Candle":17,"SacredBark":18,"PreservedInsect":9,"Omamori":25,"Orichalcum":6,"Bottled Tornado":15,"Frozen Egg 2":20,"Du-Vu Doll":6,"OrangePellets":12,"DataDisk":6,"Dream Catcher":12,"Anchor":20,"Gambling Chip":21,"Tiny Chest":16,"Fusion Hammer":0,"Cracked Core":0,"Toy Ornithopter":15,"InkBottle":27,"Meat on the Bone":23},{"Ice Cream":57,"Inserter":36,"Blue Candle":62,"SacredBark":71,"PreservedInsect":26,"Omamori":128,"Orichalcum":20,"Bottled Tornado":52,"Frozen Egg 2":86,"Du-Vu Doll":20,"OrangePellets":41,"DataDisk":20,"Dream Catcher":41,"Anchor":86,"Gambling Chip":95,"Tiny Chest":57,"Fusion Hammer":0,"Cracked Core":0,"Toy Ornithopter":52,"InkBottle":148,"Meat on the Bone":112}],"Toy Ornithopter":40,"InkBottle":[6],"Meat on the Bone":0},"card_choices":[{"not_picked":["Genetic Algorithm","Blizzard"],"picked":"Ball Lightning","floor":1.0},{"not_picked":["Leap","Skim"],"picked":"Rip and Tear","floor":2.0},{"not_picked":["BootSequence","Redo"],"picked":"Genetic Algorithm","floor":3.0},{"not_picked":["Beam Cell","Gash"],"picked":"Sunder","floor":4.0},{"not_picked":["Force Field","FTL"],"picked":"Sweeping Beam","floor":5.0},{"not_picked":["Lockon","Leap"],"picked":"Glacier","floor":7.0},{"not_picked":["Streamline","Gash"],"picked":"Ball Lightning","floor":10.0},{"not_picked":["Gash","Genetic Algorithm"],"picked":"Buffer","floor":11.0},{"not_picked":["Aggregate","Compile Driver"],"picked":"Seek","floor":13.0},{"not_picked":["Barrage","Leap"],"picked":"Skim","floor":14.0},{"not_picked":["Rainbow","Meteor Strike"],"picked":"Echo Form","floor":16.0},{"not_picked":["FTL+1","Gash"],"picked":"Barrage+1","floor":18.0},{"not_picked":["Leap","Reprogram+1"],"picked":"Cold Snap","floor":20.0},{"not_picked":["Steam","Rebound"],"picked":"Compile Driver","floor":22.0},{"not_picked":["Beam Cell","Coolheaded+1"],"picked":"Consume","floor":23.0},{"not_picked":["Scrape","Cold Snap"],"picked":"Capacitor","floor":27.0},{"not_picked":["Lockon","Steam","Scrape"],"picked":"SKIP","floor":30.0},{"not_picked":["Creative AI","Multi-Cast"],"picked":"Fission","floor":33.0},{"not_picked":["Redo","Go for the Eyes"],"picked":"Hologram+1","floor":35.0},{"not_picked":["Consume","Steam Power"],"picked":"Conserve Battery+1","floor":37.0},{"not_picked":["Hologram","Double Energy+1"],"picked":"Loop+1","floor":40.0},{"not_picked":["Streamline","Ball Lightning+1"],"picked":"Turbo","floor":41.0},{"not_picked":["Hologram","Beam Cell"],"picked":"Reinforced Body+1","floor":42.0},{"not_picked":["Go for the Eyes","Leap"],"picked":"Coolheaded+1","floor":44.0},{"not_picked":["Cold Snap","Reprogram"],"picked":"Consume","floor":45.0},{"not_picked":["Sunder+1","Leap"],"picked":"Steam Power+1","floor":47.0},{"not_picked":["Ball Lightning+1","Sweeping Beam"],"picked":"Machine Learning+1","floor":48.0},{"not_picked":["BootSequence+1","Chaos"],"picked":"Undo","floor":49.0},{"not_picked":["Steam Power+1","Hologram"],"picked":"Aggregate","floor":54.0}],"player_experience":1334848,"relics_obtained":[{"floor":7.0,"key":"Du-Vu Doll"},{"floor":9.0,"key":"DataDisk"},{"floor":13.0,"key":"PreservedInsect"},{"floor":23.0,"key":"Toy Ornithopter"},{"floor":26.0,"key":"Bottled Tornado"},{"floor":27.0,"key":"Tiny Chest"},{"floor":28.0,"key":"Ice Cream"},{"floor":30.0,"key":"Blue Candle"},{"floor":38.0,"key":"Anchor"},{"floor":40.0,"key":"Gambling Chip"},{"floor":42.0,"key":"Meat on the Bone"},{"floor":48.0,"key":"Omamori"},{"floor":54.0,"key":"InkBottle"}],"event_choices":[{"damage_healed":0.0,"max_hp_gain":0.0,"max_hp_loss":0.0,"gold_gain":0.0,"event_name":"WeMeetAgain","player_choice":"Paid Gold","floor":8.0,"gold_loss":66.0,"damage_taken":0.0,"relics_obtained":["Orichalcum"]},{"damage_healed":0.0,"max_hp_gain":0.0,"max_hp_loss":0.0,"gold_gain":0.0,"event_name":"Ghosts","player_choice":"Ignored","floor":24.0,"gold_loss":0.0,"damage_taken":0.0},{"damage_healed":0.0,"max_hp_gain":0.0,"max_hp_loss":0.0,"gold_gain":0.0,"cards_transformed":["Strike_B","Strike_B"],"event_name":"Drug Dealer","player_choice":"Became Test Subject","floor":25.0,"gold_loss":0.0,"damage_taken":0.0,"cards_obtained":["BootSequence","Coolheaded"]},{"damage_healed":0.0,"max_hp_gain":0.0,"max_hp_loss":0.0,"gold_gain":0.0,"event_name":"Cursed Tome","player_choice":"Ignored","floor":31.0,"gold_loss":0.0,"damage_taken":0.0},{"damage_healed":0.0,"max_hp_gain":0.0,"max_hp_loss":0.0,"gold_gain":0.0,"event_name":"Tomb of Lord Red Mask","player_choice":"Ignored","floor":36.0,"gold_loss":0.0,"damage_taken":0.0},{"damage_healed":0.0,"max_hp_gain":0.0,"max_hp_loss":0.0,"gold_gain":0.0,"cards_transformed":["Strike_B"],"event_name":"Transmorgrifier","player_choice":"Transformed","floor":46.0,"gold_loss":0.0,"damage_taken":0.0,"cards_obtained":["Darkness"]}],"is_beta":false,"boss_relics":[{"not_picked":["Velvet Choker","SlaversCollar"],"picked":"Inserter"},{"not_picked":["Sozu","Tiny House"],"picked":"SacredBark"}],"items_purged_floors":[53],"is_endless":false,"potions_floor_spawned":[3,4,10,11,13,20,23,27,30,35,40,48],"ascension_level":10}}