{"host":"farxtl2u8hmkbdo2","time":1613091777,"event":{"mods":["A Magickal Journey","BaseMod","Better Altar","Better Note","Better Sensory Stone","Better Skull","Better Third Choice","Challenge The Spire","Colored Map","Colored Powertips","Current Relic Mod","Downfall","Energized Spire","Fox Events","Gremlin Mod","Hermit","Hubris","Mimic Mod","Minty Spire (QoL Compilation)","Quick Restart","READ ME - Guardian Mod","Rare Cards Sparkle","StSLib","The Bladedancer","The Bug Knight","The Cursed","The Disciple","The Hierophant","The Marked","The Necromancer","The Runesmith","Transform Curses"],"gold_per_floor":[99,118,137,170,620,720,797,797,824,824,824,838,865,865,881,881,881,881],"floor_reached":16,"language":"SPA","playtime":1066,"items_purged":[],"score":108,"play_id":"e7ece70b-021f-4d4a-aef3-284e433ab47a","local_time":"20210211220257","is_ascension_mode":false,"campfire_choices":[{"data":"bronze:DarkDash","floor":1,"key":"SMITH"},{"floor":8,"key":"REST"},{"data":"bronze:Goto","floor":10,"key":"SMITH"}],"circlet_count":0,"master_deck":["bronze:Strike","bronze:Strike","bronze:Strike+1","bronze:Defend","bronze:Defend","bronze:Defend+1","bronze:Replicate","bronze:Goto+1","bronze:DarkDash+1","bronze:Separator","bronze:ForceShield+1","downfall:Icky","downfall:Icky","bronze:Backtrace","bronze:DelayedGuard","bronze:GetLatest+1","downfall:Malfunctioning","bronze:Iterate","bronze:Optimize","bronze:BurnOut"],"relics":["bronze:BronzeCore","foxEvents:LuckyCharm","hubris:SlimyHat","Tiny Chest","Toy Ornithopter","downfall:ShatteredFragment"],"acts_visited":["Exordium"],"potions_floor_usage":[6,6,15,16,16,16,16],"damage_taken":[{"damage":1,"enemies":"Jaw Worm","floor":2,"turns":3},{"damage":0,"enemies":"Small Slimes","floor":3,"turns":2},{"damage":9,"enemies":"Colosseum Slavers","floor":4,"turns":3},{"damage":68,"enemies":"downfall:Heads","floor":6,"turns":8},{"damage":4,"enemies":"3 Sentries","floor":9,"turns":9},{"damage":0,"enemies":"2 Louse","floor":12,"turns":2},{"damage":1,"enemies":"Lagavulin","floor":13,"turns":6},{"damage":2,"enemies":"Large Slime","floor":15,"turns":5},{"damage":31,"enemies":"IC_STATUS_ARCHETYPE","floor":16,"turns":8}],"seed_played":"8728243424990401675","potions_obtained":[{"floor":3,"key":"SteroidPotion"},{"floor":4,"key":"Regen Potion"},{"floor":9,"key":"EntropicBrew"},{"floor":13,"key":"bronze:FreeFunctionsPotion"}],"is_trial":false,"path_per_floor":["R","M","M","?","?","?","T","R","E","R","?","M","E","?","M","B"],"character_chosen":"THE_AUTOMATON","items_purchased":[],"campfire_rested":1,"item_purchase_floors":[],"current_hp_per_floor":[70,69,69,60,60,7,7,28,24,24,24,24,23,2,5,0,0,0],"gold":881,"neow_bonus":"TRANSFORM_CARD","is_daily":false,"chose_seed":false,"campfire_upgraded":2,"win_rate":0.0,"timestamp":1613091777,"path_taken":["R","M","M","?","?","?","T","R","E","R","?","M","E","?","M","BOSS"],"items_purchased_type":[],"build_version":"2020-12-22","purchased_purges":0,"victory":false,"max_hp_per_floor":[70,70,70,70,70,70,70,70,70,70,70,70,70,70,70,70,70,70],"card_choices":[{"not_picked":["bronze:CutThrough","bronze:DelayedGuard"],"picked":"bronze:Separator","floor":2},{"not_picked":["bronze:BuggyMess","bronze:NullPointer"],"picked":"bronze:ForceShield","floor":3},{"not_picked":["bronze:Overheat","bronze:BugBarrage"],"picked":"bronze:DelayedGuard","floor":6},{"not_picked":["bronze:MaxOutput","bronze:Constructor"],"picked":"bronze:GetLatest","floor":9},{"not_picked":["bronze:BugBarrage","bronze:ForceShield"],"picked":"bronze:Iterate","floor":12},{"not_picked":["bronze:NullPointer","bronze:CutThrough"],"picked":"bronze:Optimize","floor":13},{"not_picked":["bronze:Safeguard","bronze:CutThrough"],"picked":"bronze:BurnOut","floor":15}],"player_experience":2119123,"relics_obtained":[{"floor":4,"key":"foxEvents:LuckyCharm"},{"floor":7,"key":"hubris:SlimyHat"},{"floor":9,"key":"Tiny Chest"},{"floor":13,"key":"Toy Ornithopter"}],"event_choices":[],"is_beta":false,"boss_relics":[],"items_purged_floors":[],"is_endless":false,"potions_floor_spawned":[3,4,9,13],"killed_by":"IC_STATUS_ARCHETYPE","ascension_level":0}}