{"host":"a20qfyjn5xm2mdxh","time":1613150087,"event":{"mods":["BaseMod","Downfall","Minty Spire (QoL Compilation)","Relic Stats","Reliquary","Replay The Spire","StSLib"],"gold_per_floor":[99,113,127,302,322,54,103,122,122,22,47,47,65,80,96,198,198,98,113,113,127,127,27,27,12,12,45,60,60,60,77,91,188,188,188,188,201,86,431,451,477,490,490,347,347,31,64,80,99,99,99,99,99,99],"floor_reached":52,"language":"ZHS","playtime":3841,"items_purged":["Doubt","Slimebound:SplitAcid"],"score":804,"play_id":"65a903b9-72cc-4cbc-9200-7086a05d2a9c","local_time":"20210213011447","is_ascension_mode":false,"campfire_choices":[{"floor":1,"key":"RECALL"},{"data":"expansioncontent:QuickStudy","floor":10,"key":"SMITH"},{"data":"Regret","floor":18,"key":"PURGE"},{"data":"Slimebound:Defend_Slimebound","floor":23,"key":"PURGE"},{"data":"Slimebound:OneTwoCombo","floor":26,"key":"PURGE"},{"floor":29,"key":"REST"},{"data":"Slimebound:AcidTongue","floor":35,"key":"PURGE"},{"data":"Slimebound:Chomp","floor":45,"key":"PURGE"}],"circlet_count":0,"master_deck":["Slimebound:Strike_Slimebound","Slimebound:Strike_Slimebound","Slimebound:Strike_Slimebound","Slimebound:Tackle","Slimebound:Defend_Slimebound+1","Slimebound:Defend_Slimebound","Slimebound:Defend_Slimebound","Slimebound:Split","Slimebound:CorrosiveSpit","Slimebound:SamplingLick+1","Slimebound:MassFeed","Slimebound:LivingWall","Slimebound:Nibble","expansioncontent:QuickStudy+1","Slimebound:FinishingTackle","Slimebound:GrowthPunch","Slimebound:MassFeed","RitualDagger","Slimebound:FormOfPuddle+1","Slimebound:SlimeSlap","Slimebound:CheckThePlaybook","Slimebound:ServeAndProtect","Slimebound:Grow+1","Slimebound:MassRepurpose","Slimebound:AcidTongue+1","Pot Of Greed","Pot Of Greed","Pot Of Greed","Slimebound:FlameTackle","expansioncontent:Chronoboost","expansioncontent:HyperBeam","expansioncontent:YouAreMine","expansioncontent:QuickStudy+1","Slimebound:AcidTongue+1","Slimebound:FormOfPuddle","Slimebound:RejuvenatingLick+1"],"relics":["Slimebound:AbsorbEndCombat","Replay:Towering Pillar of Hats","downfall:HeartBlessingRed","White Beast Statue","Slimebound:ScrapOozeRelic","Runic Pyramid","downfall:HeartBlessingGreen","downfall:HeartBlessingBlue","reliquary:Buckler","reliquary:WritOfMandamus","Red Mask","downfall:RedIOUUpgrade","Grinning Jar","Vajra","Bronze Scales","Replay:Mystery Machine"],"acts_visited":["Exordium","TheCity","TheBeyond","TheEnding"],"potions_floor_usage":[32,33,33,50,50,50],"damage_taken":[{"damage":3,"enemies":"2 Louse","floor":2,"turns":3},{"damage":7,"enemies":"Jaw Worm","floor":3,"turns":3},{"damage":10,"enemies":"Small Slimes","floor":5,"turns":3},{"damage":1,"enemies":"downfall:FleeingMerchant","floor":6,"turns":4},{"damage":0,"enemies":"Blue Slaver","floor":8,"turns":4},{"damage":0,"enemies":"3 Sentries","floor":11,"turns":2},{"damage":0,"enemies":"Exordium Wildlife","floor":13,"turns":1},{"damage":12,"enemies":"Large Slime","floor":14,"turns":4},{"damage":12,"enemies":"2 Fungi Beasts","floor":15,"turns":3},{"damage":68,"enemies":"DF_ARCHETYPE_STREAMLINE","floor":16,"turns":8},{"damage":7,"enemies":"Chosen","floor":19,"turns":4},{"damage":17,"enemies":"Spheric Guardian","floor":21,"turns":5},{"damage":6,"enemies":"downfall:FleeingMerchant","floor":25,"turns":4},{"damage":64,"enemies":"Slavers","floor":27,"turns":5},{"damage":4,"enemies":"Snake Plant","floor":28,"turns":3},{"damage":9,"enemies":"Sentry and Sphere","floor":31,"turns":5},{"damage":35,"enemies":"Centurion and Healer","floor":32,"turns":8},{"damage":27,"enemies":"IC_MUSHROOM_ARCHETYPE","floor":33,"turns":6},{"damage":11,"enemies":"Orb Walker","floor":37,"turns":2},{"damage":17,"enemies":"downfall:FleeingMerchant","floor":38,"turns":4},{"damage":3,"enemies":"downfall:FleeingMerchant","floor":39,"turns":1},{"damage":17,"enemies":"3 Shapes","floor":40,"turns":3},{"damage":19,"enemies":"Jaw Worm Horde","floor":42,"turns":5},{"damage":51,"enemies":"Reptomancer","floor":47,"turns":5},{"damage":10,"enemies":"4 Shapes","floor":48,"turns":2},{"damage":35,"enemies":"Spire Growth","floor":49,"turns":4},{"damage":43,"enemies":"WA_ARCHETYPE_DIVINITY","floor":50,"turns":10},{"damage":195,"enemies":"downfall:CharBossMerchant","floor":52,"turns":8}],"seed_played":"-753079851236688049","potions_obtained":[{"floor":8,"key":"PowerPotion"},{"floor":11,"key":"Explosive Potion"},{"floor":13,"key":"Block Potion"},{"floor":15,"key":"Fire Potion"},{"floor":16,"key":"Slimebound:ThreeZeroPotion"},{"floor":25,"key":"BlessingOfTheForge"},{"floor":28,"key":"Elixir"},{"floor":31,"key":"DuplicationPotion"},{"floor":32,"key":"Explosive Potion"},{"floor":33,"key":"Elixir"},{"floor":37,"key":"Weak Potion"},{"floor":40,"key":"Toxic Potion"},{"floor":42,"key":"Energy Potion"},{"floor":49,"key":"Doom Potion"}],"is_trial":false,"path_per_floor":["R","M","M","?","M","$","T","M","?","R","E","?","M","M","M","B",null,"R","M","?","M","?","R","T","$","R","E","M","R","?","M","M","B",null,"R","?","M","$","?","M","T","M","?","$","R","$","E","M","M","B",null,"E"],"character_chosen":"SLIMEBOUND","items_purchased":["expansioncontent:QuickStudy","Vajra","expansioncontent:QuickStudy+1","Bronze Scales"],"campfire_rested":1,"item_purchase_floors":[6,44,46,46],"current_hp_per_floor":[65,64,61,61,58,61,61,65,65,65,71,71,71,67,64,12,80,80,78,72,62,45,55,55,61,61,21,24,57,57,51,27,19,119,119,119,110,97,97,93,93,91,81,81,81,81,41,36,8,4,149,0,0,0],"gold":99,"neow_bonus":"RANDOM_COMMON_RELIC","is_daily":false,"chose_seed":false,"campfire_upgraded":1,"win_rate":0.0,"timestamp":1613150087,"path_taken":["R","M","M","?","M","$","T","M","?","R","E","?","M","M","M","BOSS","R","M","?","M","?","R","T","?","R","E","M","R","?","?","M","BOSS","R","?","M","$","?","?","T","M","?","$","R","$","E","M","M","BOSS","E"],"items_purchased_type":["Card","Relic","Card","Relic"],"build_version":"2020-12-22","purchased_purges":2,"victory":false,"max_hp_per_floor":[65,65,65,65,68,68,68,68,68,68,74,74,74,77,80,80,80,80,83,83,86,91,101,101,101,101,107,110,110,110,113,116,119,119,119,119,119,119,122,131,131,140,140,140,140,140,143,146,149,149,149,149,149,149],"relic_stats":{"counters":[28,118],"Bronze Scales":[54],"obtain_stats":[{"downfall:RedIOUUpgrade":36,"Regal Pillow":0,"Replay:Towering Pillar of Hats":9,"downfall:HeartBlessingRed":10,"Slimebound:ScrapOozeRelic":12,"Vajra":44,"downfall:HeartBlessingGreen":18,"Bag of Preparation":24,"Replay:Mystery Machine":47,"White Beast Statue":11,"downfall:HeartBlessingBlue":23,"Bronze Scales":46,"reliquary:Buckler":27,"downfall:RedIOU":30,"Slimebound:AbsorbEndCombat":0,"Red Mask":36,"reliquary:WritOfMandamus":34,"Grinning Jar":41,"Runic Pyramid":17},{"downfall:RedIOUUpgrade":18,"Regal Pillow":0,"Replay:Towering Pillar of Hats":5,"downfall:HeartBlessingRed":5,"Slimebound:ScrapOozeRelic":6,"Vajra":23,"downfall:HeartBlessingGreen":10,"Bag of Preparation":12,"Replay:Mystery Machine":24,"White Beast Statue":6,"downfall:HeartBlessingBlue":12,"Bronze Scales":23,"reliquary:Buckler":14,"downfall:RedIOU":15,"Slimebound:AbsorbEndCombat":0,"Red Mask":18,"reliquary:WritOfMandamus":18,"Grinning Jar":22,"Runic Pyramid":10},{"downfall:RedIOUUpgrade":74,"Regal Pillow":0,"Replay:Towering Pillar of Hats":17,"downfall:HeartBlessingRed":17,"Slimebound:ScrapOozeRelic":19,"Vajra":89,"downfall:HeartBlessingGreen":34,"Bag of Preparation":43,"Replay:Mystery Machine":94,"White Beast Statue":19,"downfall:HeartBlessingBlue":43,"Bronze Scales":89,"reliquary:Buckler":52,"downfall:RedIOU":55,"Slimebound:AbsorbEndCombat":0,"Red Mask":74,"reliquary:WritOfMandamus":74,"Grinning Jar":84,"Runic Pyramid":34}]},"card_choices":[{"not_picked":["Slimebound:SlimeSpikes","Slimebound:ViciousTackle"],"picked":"Slimebound:SamplingLick","floor":2},{"not_picked":["Slimebound:ComboTackle","Slimebound:SplitBruiser"],"picked":"Slimebound:MassFeed","floor":3},{"not_picked":["Slimebound:Prepare","Slimebound:SlimeBrawl"],"picked":"Slimebound:LivingWall","floor":5},{"not_picked":["Slimebound:ComboTackle","Slimebound:ItLooksTasty"],"picked":"Slimebound:Nibble","floor":6},{"not_picked":["Slimebound:GoopSpray","Slimebound:SlimeBarrage"],"picked":"Slimebound:OneTwoCombo","floor":8},{"not_picked":["Slimebound:RollThrough","Slimebound:SlimeSpikes"],"picked":"Slimebound:SplitAcid","floor":11},{"not_picked":["Slimebound:LivingWall","Slimebound:Prepare"],"picked":"Slimebound:Equalize","floor":13},{"not_picked":["Slimebound:SplitAcid","Slimebound:SplitBruiser"],"picked":"Slimebound:FinishingTackle","floor":14},{"not_picked":["Slimebound:FinishingTackle","Slimebound:SplitMire"],"picked":"Slimebound:GrowthPunch","floor":15},{"not_picked":["Slimebound:PrepareCrush","Slimebound:MinionMaster"],"picked":"Slimebound:MassFeed","floor":16},{"not_picked":["Slimebound:LivingWall","Slimebound:SlimeSpikes+1","Slimebound:ComboTackle"],"picked":"SKIP","floor":19},{"not_picked":["Slimebound:RollThrough","Slimebound:Schlurp","Slimebound:SplitAcid"],"picked":"SKIP","floor":21},{"not_picked":["Slimebound:LeechEnergy+1","Slimebound:AcidTongue"],"picked":"Slimebound:FormOfPuddle+1","floor":25},{"not_picked":["Slimebound:SlimeBrawl+1","Slimebound:HauntingLick"],"picked":"Slimebound:Chomp","floor":27},{"not_picked":["Slimebound:LeechEnergy","Slimebound:LeechingTouch+1"],"picked":"Slimebound:SlimeSlap","floor":28},{"not_picked":["Slimebound:GoopSpray+1","Slimebound:SlimeSpikes+1"],"picked":"Slimebound:AcidTongue","floor":31},{"not_picked":["Slimebound:FinishingTackle","Slimebound:LivingWall+1","Slimebound:RollThrough+1"],"picked":"SKIP","floor":32},{"not_picked":["Slimebound:OneTwoCombo","Slimebound:MassRepurpose"],"picked":"Slimebound:CheckThePlaybook","floor":33},{"not_picked":["Slimebound:SamplingLick+1","Slimebound:LeechEnergy+1"],"picked":"Slimebound:ServeAndProtect","floor":37},{"not_picked":["Slimebound:SplitBruiser+1","Slimebound:Prepare+1"],"picked":"Slimebound:Grow+1","floor":38},{"not_picked":["Slimebound:SplitAcid+1","Slimebound:AcidTongue+1"],"picked":"Slimebound:MassRepurpose","floor":39},{"not_picked":["Slimebound:RollThrough","Slimebound:SlimeSpikes+1"],"picked":"Slimebound:AcidTongue+1","floor":40},{"not_picked":["Slimebound:PressTheAttack+1","Slimebound:LeechEnergy+1"],"picked":"Slimebound:FlameTackle","floor":42},{"not_picked":["Replay:SS_forest_2","expansioncontent:GuardianWhirl"],"picked":"expansioncontent:Chronoboost","floor":43},{"not_picked":["Replay:SS_fish_1","expansioncontent:Hexaburn"],"picked":"expansioncontent:HyperBeam","floor":43},{"not_picked":["expansioncontent:LastStand","Replay:SS_hec_1"],"picked":"expansioncontent:YouAreMine","floor":43},{"not_picked":["Slimebound:BestDefense+1","Slimebound:ComboTackle+1"],"picked":"Slimebound:AcidTongue+1","floor":47},{"not_picked":["Slimebound:SpikyOuterGoop+1","Slimebound:LeechingTouch"],"picked":"Slimebound:FormOfPuddle","floor":48},{"not_picked":["Slimebound:RainOfGoop+1","Slimebound:SplitBruiser+1"],"picked":"Slimebound:RejuvenatingLick+1","floor":49}],"player_experience":251807,"relics_obtained":[{"floor":11,"key":"White Beast Statue"},{"floor":24,"key":"Bag of Preparation"},{"floor":27,"key":"reliquary:Buckler"},{"floor":41,"key":"Grinning Jar"},{"floor":47,"key":"Replay:Mystery Machine"}],"event_choices":[{"damage_healed":0,"gold_gain":0,"player_choice":"Box","damage_taken":0,"relics_obtained":["Replay:Towering Pillar of Hats"],"max_hp_gain":0,"max_hp_loss":0,"event_name":"Big Fish","floor":9,"gold_loss":0,"cards_obtained":["Regret"]}],"is_beta":false,"boss_relics":[{"not_picked":["Honey Jar","Tiny House"],"picked":"Runic Pyramid"},{"not_picked":["Runic Dome","ChewingGum"],"picked":"reliquary:WritOfMandamus"}],"items_purged_floors":[6,38],"is_endless":false,"potions_floor_spawned":[8,11,13,14,15,16,19,21,25,27,28,31,32,33,37,38,39,40,42,47,48,49],"killed_by":"downfall:CharBossMerchant","ascension_level":0}}