{"host":"u7bb6mvzuirwfcqo","time":1613174242,"event":{"mods":["2.2 Compatiblity","AchievementEnabler","BaseMod","Card Forge","Downfall","Hermit","Minty Spire (QoL Compilation)","Relic Stats","Replay The Spire","StSLib"],"gold_per_floor":[117,136,136,154,170,204,204,234,303,2,26,26,26,26,26,131,131,143,242,242,267,291,314,326,348,383,413,452,222,239,257,257,360,410,424,424,444,444,70,103,103,138,138,149,167,167,181,193,193,193,193,193,9,40,40],"floor_reached":56,"language":"ENG","playtime":3339,"items_purged":[],"score":1221,"play_id":"b233ebff-8632-4530-b715-ef00c3fb0563","local_time":"20210212185722","is_ascension_mode":false,"campfire_choices":[{"floor":15.0,"key":"REST"},{"floor":24.0,"key":"REST"},{"floor":32.0,"key":"REST"},{"floor":41.0,"key":"RECALL"},{"floor":49.0,"key":"REST"},{"floor":52.0,"key":"REST"}],"circlet_count":0,"master_deck":["bronze:InfiniteLoop+1","bronze:Flail+1","bronze:AlphaBuild+1","bronze:ClassDefault+1","bronze:Assembly+1","bronze:ChosenStrike+1","bronze:FineTuning+1","bronze:Library+1","bronze:Terminator+1","bronze:Mutator+1","bronze:GetLatest+1","bronze:Constructor+1","bronze:BronzeOrb+1","bronze:Boost+1","bronze:ChildClass+1","bronze:Verify+1","bronze:HardenedForm+1","bronze:Overload+1","bronze:Terminator+1","bronze:Fortify+1","bronze:CutThrough+1","m_BronzeAgony+1","bronze:SpaghettiCode+1","bronze:Spike+1","bronze:Explode+1","bronze:BronzeOrb+1","bronze:FineTuning+1","bronze:Overheat+1","bronze:Allocate+1","bronze:InfiniteBeams+1","bronze:CloningBeam+1","bronze:ForLoop"],"relics":["bronze:BronzeCore","Hammer of Thor","Seething Fire","Anvil of the Gods","Replay:Bottled Eggs","Durian","ReplayTheSpireMod:Shallot","Pen Nib","Odd Mushroom","Replay:Grab Bag","Replay:Bronze Core","Painkiller Herb","Snecko Heart","MawBank","ReplayFunnel","Red Mask","Bottled Tornado","Tiny House","bronze:BottledCode","Juzu Bracelet","Nunchaku","Vajra","CaptainsWheel","Chemical X","Bag of Preparation"],"acts_visited":["Exordium","TheCity","TheBeyond","TheEnding"],"potions_floor_usage":[],"damage_taken":[{"damage":0.0,"enemies":"Small Slimes","floor":1.0,"turns":1.0},{"damage":0.0,"enemies":"Jaw Worm","floor":2.0,"turns":1.0},{"damage":0.0,"enemies":"2 Louse","floor":4.0,"turns":1.0},{"damage":0.0,"enemies":"Exordium Wildlife","floor":5.0,"turns":2.0},{"damage":1.0,"enemies":"Lagavulin","floor":6.0,"turns":3.0},{"damage":21.0,"enemies":"3 Sentries","floor":8.0,"turns":4.0},{"damage":0.0,"enemies":"The Mushroom Lair","floor":11.0,"turns":3.0},{"damage":15.0,"enemies":"The Mushroom Lair","floor":14.0,"turns":2.0},{"damage":45.0,"enemies":"The Guardian","floor":16.0,"turns":7.0},{"damage":0.0,"enemies":"Shell Parasite","floor":18.0,"turns":1.0},{"damage":7.0,"enemies":"2 Thieves","floor":21.0,"turns":3.0},{"damage":0.0,"enemies":"Centurion and Healer","floor":22.0,"turns":2.0},{"damage":15.0,"enemies":"3 Cultists","floor":23.0,"turns":3.0},{"damage":0.0,"enemies":"Sentry and Sphere","floor":25.0,"turns":3.0},{"damage":0.0,"enemies":"Snake Plant","floor":27.0,"turns":1.0},{"damage":0.0,"enemies":"Masked Bandits","floor":28.0,"turns":3.0},{"damage":0.0,"enemies":"Centurion and Healer","floor":30.0,"turns":2.0},{"damage":0.0,"enemies":"Chosen and Byrds","floor":31.0,"turns":3.0},{"damage":0.0,"enemies":"Champ","floor":33.0,"turns":4.0},{"damage":0.0,"enemies":"Orb Walker","floor":35.0,"turns":2.0},{"damage":5.0,"enemies":"3 Darklings","floor":37.0,"turns":3.0},{"damage":0.0,"enemies":"Giant Head","floor":40.0,"turns":4.0},{"damage":0.0,"enemies":"R_Hoarder","floor":42.0,"turns":3.0},{"damage":3.0,"enemies":"Maw","floor":44.0,"turns":6.0},{"damage":0.0,"enemies":"Writhing Mass","floor":45.0,"turns":4.0},{"damage":0.0,"enemies":"Spire Growth","floor":47.0,"turns":2.0},{"damage":0.0,"enemies":"Jaw Worm Horde","floor":48.0,"turns":2.0},{"damage":11.0,"enemies":"Replay:Hell Engine","floor":50.0,"turns":4.0},{"damage":0.0,"enemies":"Shield and Spear","floor":54.0,"turns":5.0},{"damage":80,"enemies":"The Heart","floor":55,"turns":8}],"seed_played":"3688598069776273730","potions_obtained":[{"floor":2.0,"key":"Weak Potion"},{"floor":14.0,"key":"Regen Potion"},{"floor":16.0,"key":"champ:CounterPotion"},{"floor":18.0,"key":"Energy Potion"},{"floor":22.0,"key":"Elixir"},{"floor":27.0,"key":"Explosive Potion"}],"is_trial":false,"path_per_floor":["M","M","$","M","M","E","?","E","T","$","?","?","$","?","R","B",null,"?","?","?","?","?","?","T","?","T","?","?","T","?","?","T","B",null,"?","?","?","?","T","E","T","E","T","?","?","T","?","?","T","B",null,"T","T","E","B",null],"character_chosen":"THE_AUTOMATON","items_purchased":["bronze:SpaghettiCode","Pen Nib","Bottled Tornado","bronze:InfiniteBeams","Juzu Bracelet","Nunchaku","Chemical X","bronze:ForLoop"],"campfire_rested":5,"item_purchase_floors":[10,10,29,39,39,39,53,53],"current_hp_per_floor":[77,77,77,77,77,76,76,60,60,60,60,65,65,50,76,45,87,87,87,87,80,80,65,87,87,87,87,87,87,87,87,87,87,92,92,82,77,92,92,92,92,92,92,89,89,89,89,89,92,81,92,92,92,92,12],"gold":40,"neow_bonus":"TEN_PERCENT_HP_BONUS","is_daily":false,"chose_seed":false,"campfire_upgraded":0,"win_rate":0.0,"timestamp":1613174242,"path_taken":["M","M","$","M","M","E","?","E","T","$","?","?","$","?","R","BOSS","?","?","?","?","?","?","T","?","T","?","?","?","?","?","T","BOSS","?","?","?","?","T","E","T","E","T","?","?","?","?","?","T","BOSS","T","T","E","BOSS"],"items_purchased_type":["Card","Relic","Relic","Card","Relic","Relic","Relic","Card"],"build_version":"2020-12-22","purchased_purges":0,"victory":true,"max_hp_per_floor":[77,77,77,77,77,77,77,82,82,82,82,87,87,87,87,87,87,87,87,87,87,87,87,87,87,87,87,87,87,87,87,87,87,92,92,82,82,92,92,92,92,92,92,92,92,92,92,92,92,92,92,92,92,92,92],"relic_stats":{"Nunchaku":[12],"counters":[30,92],"Pen Nib":[25],"Juzu Bracelet":0,"Bag of Preparation":[2],"Chemical X":[2],"MawBank":108,"obtain_stats":[{"ReplayFunnel":26,"bronze:BronzeCore":0,"Snecko Heart":17,"Tiny House":34,"Vajra":40,"Painkiller Herb":17,"Hammer of Thor":0,"Juzu Bracelet":39,"Bag of Preparation":54,"Bottled Tornado":29,"Nunchaku":39,"Replay:Bronze Core":17,"Red Mask":28,"Chemical X":53,"Replay:Bottled Eggs":6,"Replay:Grab Bag":17,"Pen Nib":10,"Seething Fire":0,"Odd Mushroom":11,"MawBank":20,"bronze:BottledCode":36,"CaptainsWheel":42,"ReplayTheSpireMod:Shallot":9,"Anvil of the Gods":0,"Durian":8},{"ReplayFunnel":14,"bronze:BronzeCore":0,"Snecko Heart":9,"Tiny House":19,"Vajra":22,"Painkiller Herb":9,"Hammer of Thor":0,"Juzu Bracelet":21,"Bag of Preparation":29,"Bottled Tornado":16,"Nunchaku":21,"Replay:Bronze Core":9,"Red Mask":16,"Chemical X":28,"Replay:Bottled Eggs":5,"Replay:Grab Bag":9,"Pen Nib":6,"Seething Fire":0,"Odd Mushroom":7,"MawBank":10,"bronze:BottledCode":20,"CaptainsWheel":23,"ReplayTheSpireMod:Shallot":6,"Anvil of the Gods":0,"Durian":6},{"ReplayFunnel":36,"bronze:BronzeCore":0,"Snecko Heart":24,"Tiny House":49,"Vajra":58,"Painkiller Herb":24,"Hammer of Thor":0,"Juzu Bracelet":54,"Bag of Preparation":84,"Bottled Tornado":40,"Nunchaku":54,"Replay:Bronze Core":24,"Red Mask":40,"Chemical X":79,"Replay:Bottled Eggs":8,"Replay:Grab Bag":24,"Pen Nib":12,"Seething Fire":0,"Odd Mushroom":15,"MawBank":25,"bronze:BottledCode":51,"CaptainsWheel":61,"ReplayTheSpireMod:Shallot":12,"Anvil of the Gods":0,"Durian":12}]},"card_choices":[{"not_picked":["bronze:Branch","bronze:Turbo"],"picked":"bronze:Overload","floor":1.0},{"not_picked":["bronze:ForLoop","bronze:Separator"],"picked":"bronze:Terminator","floor":2.0},{"not_picked":["bronze:ItsAFeature","bronze:CloningBeam","bronze:WhirlingStrike"],"picked":"SKIP","floor":4.0},{"not_picked":["bronze:BuggyMess","bronze:Deprecate"],"picked":"bronze:Fortify","floor":5.0},{"not_picked":["bronze:OilSpill","bronze:Branch"],"picked":"bronze:CutThrough","floor":6.0},{"not_picked":["bronze:DelayedSlice","bronze:BuggyMess","bronze:WildBeam"],"picked":"SKIP","floor":8.0},{"not_picked":[],"picked":"bronze:Spike","floor":14.0},{"not_picked":[],"picked":"bronze:Explode","floor":14.0},{"not_picked":["bronze:Flail+1","bronze:Shield","bronze:Optimize"],"picked":"SKIP","floor":18.0},{"not_picked":["bronze:Shield","bronze:Deprecate","bronze:Invalidate"],"picked":"SKIP","floor":21.0},{"not_picked":["bronze:Deprecate","bronze:Invalidate"],"picked":"bronze:BronzeOrb","floor":22.0},{"not_picked":["bronze:BugBarrage","bronze:WhirlingStrike","bronze:Iterate"],"picked":"SKIP","floor":23.0},{"not_picked":["bronze:OilSpill","bronze:Repair","bronze:BuggyMess"],"picked":"SKIP","floor":25.0},{"not_picked":["bronze:CutThrough","bronze:DelayedGuard+1","bronze:Invalidate+1"],"picked":"SKIP","floor":27.0},{"not_picked":["bronze:ThunderWave","bronze:Turbo"],"picked":"bronze:FineTuning+1","floor":28.0},{"not_picked":["bronze:WhirlingStrike+1","bronze:BugBarrage","bronze:Turbo"],"picked":"SKIP","floor":30.0},{"not_picked":["bronze:WhirlingStrike","bronze:WildBeam","bronze:Optimize"],"picked":"SKIP","floor":31.0},{"not_picked":["bronze:DelayedGuard","bronze:Deprecate"],"picked":"bronze:Overheat","floor":34.0},{"not_picked":["bronze:CutThrough","bronze:Fortify+1","bronze:OilSpill"],"picked":"SKIP","floor":35.0},{"not_picked":["bronze:RecursiveStrike","bronze:Invalidate+1"],"picked":"bronze:Allocate+1","floor":37.0},{"not_picked":["bronze:WildBeam+1","bronze:Separator+1","bronze:Shield"],"picked":"SKIP","floor":40.0},{"not_picked":["bronze:DarkDash","bronze:DelayedSlice+1"],"picked":"bronze:CloningBeam+1","floor":42.0},{"not_picked":["bronze:Constructor+1","bronze:BuggyMess","bronze:Flail"],"picked":"SKIP","floor":44.0},{"not_picked":["bronze:Frontload+1","bronze:DelayedGuard+1","bronze:Overheat"],"picked":"SKIP","floor":45.0},{"not_picked":["bronze:DelayedGuard+1","bronze:Safeguard+1","bronze:BitShift"],"picked":"SKIP","floor":47.0},{"not_picked":["bronze:FineTuning","bronze:ChosenStrike+1","bronze:RecursiveStrike"],"picked":"SKIP","floor":48.0},{"not_picked":["bronze:OilSpill","bronze:Branch","bronze:WildBeam+1"],"picked":"SKIP","floor":54.0}],"player_experience":41010,"relics_obtained":[{"floor":6.0,"key":"Replay:Bottled Eggs"},{"floor":8.0,"key":"Durian"},{"floor":9.0,"key":"ReplayTheSpireMod:Shallot"},{"floor":11.0,"key":"Odd Mushroom"},{"floor":26.0,"key":"ReplayFunnel"},{"floor":28.0,"key":"Red Mask"},{"floor":40.0,"key":"Vajra"},{"floor":42.0,"key":"CaptainsWheel"},{"floor":54.0,"key":"Bag of Preparation"}],"event_choices":[{"damage_healed":0.0,"max_hp_gain":0.0,"max_hp_loss":0.0,"gold_gain":0.0,"event_name":"Mushrooms","player_choice":"Fought Mushrooms","floor":11.0,"gold_loss":0.0,"damage_taken":0.0},{"damage_healed":0.0,"max_hp_gain":5.0,"max_hp_loss":0.0,"gold_gain":0.0,"event_name":"Big Fish","player_choice":"Donut","floor":12.0,"gold_loss":0.0,"damage_taken":0.0},{"damage_healed":0.0,"max_hp_gain":0.0,"max_hp_loss":0.0,"gold_gain":99.0,"event_name":"Nest","player_choice":"Stole From Cult","floor":19.0,"gold_loss":0.0,"damage_taken":0.0},{"damage_healed":0.0,"max_hp_gain":0.0,"max_hp_loss":0.0,"gold_gain":0.0,"event_name":"WeMeetAgain","player_choice":"Gave Potion","floor":20.0,"gold_loss":0.0,"damage_taken":0.0,"relics_obtained":["MawBank"]},{"damage_healed":0.0,"max_hp_gain":0.0,"max_hp_loss":0.0,"gold_gain":0.0,"event_name":"Masked Bandits","player_choice":"Fought Bandits","floor":28.0,"gold_loss":0.0,"damage_taken":0.0},{"cards_removed":["bronze:Format"],"damage_healed":5.0,"max_hp_gain":10.0,"max_hp_loss":0.0,"gold_gain":0.0,"event_name":"Bonfire Elementals","player_choice":"Offered Rare","floor":38.0,"gold_loss":0.0,"damage_taken":0.0}],"is_beta":false,"boss_relics":[{"not_picked":["Abe\u0027s Treasure","Velvet Choker"],"picked":"Replay:Grab Bag"},{"not_picked":["ChewingGum","ReplayTheSpireMod:DimensionalGlitch"],"picked":"Replay:Bronze Core"},{"not_picked":["Ectoplasm","Runic Dome"],"picked":"Painkiller Herb"},{"not_picked":["SacredBark","Astrolabe"],"picked":"Snecko Heart"},{"not_picked":["Replay:Ancient Bell","Kintsugi"],"picked":"Tiny House"}],"items_purged_floors":[],"is_endless":false,"potions_floor_spawned":[2,6,14,16,18,22,27,31,35,37,42,47,48],"ascension_level":0}}