{"host":"3c8x8j1h2jyrixpf","time":1613155524,"event":{"mods":["BaseMod","Colored Powertips","Highlight Path","Minty Spire (QoL Compilation)","StSLib"],"gold_per_floor":[115,133,147,97,97,97,132,132,156,231,261,261,261,277,277,379,379,394,394,412,263,283,283,208,174,174,184,196,215,215,215,215],"floor_reached":31,"language":"ENG","playtime":1139,"items_purged":["Strike_G"],"score":405,"play_id":"49cd66db-a4ea-415b-9130-1bfeef9e702e","local_time":"20210212124524","is_ascension_mode":true,"campfire_choices":[{"data":"Bouncing Flask","floor":6,"key":"SMITH"},{"data":"Envenom","floor":8,"key":"SMITH"},{"floor":12,"key":"REST"},{"data":"Noxious Fumes","floor":15,"key":"SMITH"},{"data":"Neutralize","floor":23,"key":"SMITH"}],"circlet_count":0,"master_deck":["AscendersBane","Strike_G+1","Defend_G+1","Defend_G+1","Defend_G+1","Defend_G+1","Defend_G+1","Survivor","Neutralize+1","Deflect","Terror","Bouncing Flask+1","Envenom+1","Venomology","Crippling Poison+1","Noxious Fumes+1","Corpse Explosion+1","Blur+1","Leg Sweep+1","Noxious Fumes+1","Caltrops","Riddle With Holes+1"],"relics":["Ring of the Snake","Bronze Scales","Strawberry","Letter Opener","Toxic Egg 2","FaceOfCleric","Snecko Eye"],"acts_visited":["Exordium","TheCity"],"potions_floor_usage":[7,16,16,18,18,22,28,31],"damage_taken":[{"damage":0,"enemies":"Cultist","floor":1,"turns":6},{"damage":0,"enemies":"2 Louse","floor":2,"turns":5},{"damage":0,"enemies":"Jaw Worm","floor":3,"turns":5},{"damage":25,"enemies":"Gremlin Nob","floor":7,"turns":4},{"damage":17,"enemies":"Lagavulin","floor":11,"turns":5},{"damage":0,"enemies":"Blue Slaver","floor":14,"turns":3},{"damage":26,"enemies":"Slime Boss","floor":16,"turns":9},{"damage":11,"enemies":"2 Thieves","floor":18,"turns":4},{"damage":5,"enemies":"Shell Parasite","floor":20,"turns":4},{"damage":2,"enemies":"Centurion and Healer","floor":22,"turns":5},{"damage":17,"enemies":"Shelled Parasite and Fungi","floor":27,"turns":3},{"damage":0,"enemies":"Cultist and Chosen","floor":28,"turns":5},{"damage":0,"enemies":"3 Cultists","floor":29,"turns":3},{"damage":39,"enemies":"Gremlin Leader","floor":31,"turns":4}],"seed_played":"4740153680083691969","potions_obtained":[{"floor":1,"key":"Weak Potion"},{"floor":2,"key":"Strength Potion"},{"floor":16,"key":"Fire Potion"},{"floor":18,"key":"BlessingOfTheForge"},{"floor":29,"key":"PowerPotion"}],"is_trial":false,"path_per_floor":["M","M","M","?","?","R","E","R","T","T","E","R","?","M","R","B",null,"M","?","M","$","M","R","?","$","T","M","M","M","?","E"],"character_chosen":"THE_SILENT","items_purchased":["Leg Sweep+1","Caltrops"],"campfire_rested":1,"item_purchase_floors":[21,25],"current_hp_per_floor":[70,70,70,70,70,70,45,45,52,52,35,60,60,61,61,36,74,64,58,54,54,53,53,53,53,53,37,38,39,39,0,0],"gold":215,"neow_bonus":"TEN_PERCENT_HP_BONUS","is_daily":false,"chose_seed":false,"campfire_upgraded":4,"win_rate":0.0,"timestamp":1613155524,"path_taken":["M","M","?","?","?","R","E","R","T","?","E","R","?","?","R","BOSS","M","?","?","$","M","R","?","$","T","M","M","M","?","E"],"items_purchased_type":["Card","Card"],"build_version":"2020-12-22","purchased_purges":1,"victory":false,"max_hp_per_floor":[77,77,77,77,77,77,77,77,84,84,84,84,84,85,85,86,86,87,87,88,88,89,89,89,89,89,90,91,92,92,92,92],"card_choices":[{"not_picked":["Setup","Escape Plan"],"picked":"Deflect","floor":1},{"not_picked":["Quick Slash","Acrobatics"],"picked":"Terror","floor":2},{"not_picked":["All Out Attack","Dagger Spray"],"picked":"Bouncing Flask","floor":3},{"not_picked":["Escape Plan","Slice"],"picked":"Venomology","floor":7},{"not_picked":["Concentrate+1","All Out Attack"],"picked":"Crippling Poison+1","floor":11},{"not_picked":["Infinite Blades","Quick Slash"],"picked":"Noxious Fumes","floor":14},{"not_picked":["Doppelganger+1","Bullet Time+1"],"picked":"Corpse Explosion+1","floor":16},{"not_picked":["Quick Slash","Underhanded Strike+1","Endless Agony"],"picked":"SKIP","floor":18},{"not_picked":["Bane","Backflip+1"],"picked":"Blur+1","floor":20},{"not_picked":["Dash","Choke"],"picked":"Noxious Fumes+1","floor":22},{"not_picked":["Slice","Prepared+1"],"picked":"Riddle With Holes+1","floor":27},{"not_picked":["Expertise+1","Setup+1","Cloak And Dagger+1"],"picked":"SKIP","floor":28},{"not_picked":["Dagger Spray","Heel Hook","Cloak And Dagger+1"],"picked":"SKIP","floor":29}],"player_experience":235821,"relics_obtained":[{"floor":7,"key":"Bronze Scales"},{"floor":9,"key":"Strawberry"},{"floor":10,"key":"Letter Opener"},{"floor":11,"key":"Toxic Egg 2"}],"event_choices":[{"cards_removed":["Strike_G"],"damage_healed":0,"gold_gain":0,"player_choice":"Card Removal","damage_taken":0,"max_hp_gain":0,"max_hp_loss":0,"event_name":"The Cleric","floor":4,"gold_loss":50},{"damage_healed":0,"gold_gain":0,"cards_transformed":["Strike_G"],"player_choice":"Change","damage_taken":0,"max_hp_gain":0,"max_hp_loss":0,"event_name":"Living Wall","floor":5,"gold_loss":0,"cards_obtained":["Envenom"]},{"damage_healed":0,"gold_gain":0,"player_choice":"Trade","damage_taken":0,"relics_obtained":["FaceOfCleric"],"max_hp_gain":0,"max_hp_loss":0,"event_name":"FaceTrader","floor":13,"gold_loss":0},{"damage_healed":0,"gold_gain":0,"player_choice":"","damage_taken":6,"max_hp_gain":0,"max_hp_loss":0,"event_name":"Knowing Skull","floor":19,"potions_obtained":[],"gold_loss":0,"cards_obtained":[]},{"cards_removed":["Strike_G"],"damage_healed":0,"gold_gain":0,"player_choice":"Gave Gold","damage_taken":0,"max_hp_gain":0,"max_hp_loss":0,"event_name":"Beggar","floor":24,"gold_loss":75},{"damage_healed":0,"gold_gain":0,"player_choice":"Simplicity","damage_taken":0,"max_hp_gain":0,"max_hp_loss":0,"event_name":"Back to Basics","floor":30,"gold_loss":0,"cards_upgraded":["Strike_G","Defend_G","Defend_G","Defend_G","Defend_G","Defend_G"]}],"is_beta":false,"boss_relics":[{"not_picked":["Runic Dome","Busted Crown"],"picked":"Snecko Eye"}],"items_purged_floors":[21],"is_endless":false,"potions_floor_spawned":[1,2,16,18,20,27,29],"killed_by":"Gremlin Leader","ascension_level":11}}