{"host":"4w0ph6h4vm9bom6o","time":1613153706,"event":{"mods":["BaseMod","Bestiary","Minty Spire (QoL Compilation)","Relic Stats","ojb\u0027s Better Paths Mod","ojb\u0027s Info Mod"],"gold_per_floor":[109,126,201,45,45,45,72,72,72,98,108,138,148,180,180,279,279,299,299,224,174,193,193,219,219,219,232,263,102,120,134,134,239,239,250,250,250,250],"floor_reached":37,"language":"ENG","playtime":3460,"items_purged":["Strike_R+1"],"score":506,"play_id":"7e52c86f-9a6d-414a-bde3-a0d26e900e79","local_time":"20210212201506","is_ascension_mode":true,"campfire_choices":[{"data":"Hemokinesis","floor":6,"key":"SMITH"},{"data":"Bash","floor":8,"key":"SMITH"},{"data":"Corruption","floor":15,"key":"SMITH"},{"data":"Juggernaut","floor":23,"key":"SMITH"},{"floor":25,"key":"REST"},{"floor":32,"key":"REST"}],"circlet_count":0,"master_deck":["Strike_R+1","Strike_R+1","Defend_R+1","Defend_R+1","Defend_R+1","Defend_R+1","Bash+1","Hemokinesis+1","Twin Strike","Wild Strike","Whirlwind","Rage","Corruption+1","Shrug It Off+1","Pommel Strike","Juggernaut+1","True Grit+1","Battle Trance","Shrug It Off","Inflame","Flame Barrier","True Grit+1","Disarm","Reaper"],"relics":["Burning Blood","NeowsBlessing","OrangePellets","Red Skull","Smiling Mask","Question Card","Bag of Preparation","War Paint","Snecko Eye","Eternal Feather","Bottled Lightning","Anchor","Fusion Hammer"],"acts_visited":["Exordium","TheCity","TheBeyond"],"potions_floor_usage":[10,14,16,16,24,33,37,37,37],"damage_taken":[{"damage":0,"enemies":"2 Louse","floor":1,"turns":1},{"damage":0,"enemies":"Jaw Worm","floor":2,"turns":1},{"damage":2,"enemies":"Lagavulin","floor":7,"turns":1},{"damage":29,"enemies":"3 Sentries","floor":10,"turns":7},{"damage":2,"enemies":"Cultist","floor":11,"turns":2},{"damage":16,"enemies":"Gremlin Nob","floor":12,"turns":3},{"damage":5,"enemies":"Blue Slaver","floor":13,"turns":4},{"damage":23,"enemies":"3 Sentries","floor":14,"turns":5},{"damage":23,"enemies":"Hexaghost","floor":16,"turns":7},{"damage":32,"enemies":"Spheric Guardian","floor":18,"turns":5},{"damage":7,"enemies":"2 Thieves","floor":22,"turns":3},{"damage":57,"enemies":"Slavers","floor":24,"turns":6},{"damage":0,"enemies":"Snecko","floor":27,"turns":5},{"damage":30,"enemies":"Gremlin Leader","floor":28,"turns":8},{"damage":1,"enemies":"Snake Plant","floor":30,"turns":4},{"damage":2,"enemies":"3 Cultists","floor":31,"turns":4},{"damage":30,"enemies":"Automaton","floor":33,"turns":8},{"damage":0,"enemies":"3 Shapes","floor":35,"turns":3},{"damage":153,"enemies":"Donu and Deca","floor":37,"turns":10}],"seed_played":"-2080118028641470309","potions_obtained":[{"floor":2,"key":"BlessingOfTheForge"},{"floor":11,"key":"Fire Potion"},{"floor":13,"key":"Fruit Juice"},{"floor":14,"key":"Strength Potion"},{"floor":22,"key":"PowerPotion"},{"floor":28,"key":"BloodPotion"},{"floor":30,"key":"SteroidPotion"},{"floor":31,"key":"BloodPotion"},{"floor":35,"key":"FearPotion"}],"is_trial":false,"path_per_floor":["M","M","?","$","?","R","E","R","T","E","M","E","M","E","R","B",null,"M","?","?","?","M","R","E","R","T","M","E","$","M","M","R","B",null,"M","?","B"],"character_chosen":"IRONCLAD","items_purchased":["OrangePellets","Inflame","Flame Barrier"],"campfire_rested":2,"item_purchase_floors":[4,29,29],"current_hp_per_floor":[80,80,69,69,69,69,73,73,73,50,54,44,45,28,28,16,85,59,59,59,59,58,58,7,41,41,47,23,23,28,32,69,45,85,85,85,0,0],"gold":250,"neow_bonus":"THREE_ENEMY_KILL","is_daily":false,"chose_seed":false,"campfire_upgraded":4,"win_rate":0.0,"timestamp":1613153706,"path_taken":["M","M","?","$","?","R","E","R","T","E","M","E","M","E","R","BOSS","M","?","?","?","?","R","E","R","T","M","E","$","M","M","R","BOSS","M","?","BOSS"],"items_purchased_type":["Relic","Card","Card"],"build_version":"2020-12-22","purchased_purges":1,"victory":false,"max_hp_per_floor":[80,80,80,80,80,80,80,80,80,80,80,80,80,80,80,85,85,85,85,85,85,85,85,85,85,85,85,85,85,85,85,85,85,85,85,85,85,85],"relic_stats":{"OrangePellets":[11],"counters":[19,87],"Snecko Eye":[42,38,50,45],"Eternal Feather":21,"Bag of Preparation":[26],"War Paint":["Shrug It Off","Defend_R"],"Smiling Mask":25,"Question Card":14,"obtain_stats":[{"NeowsBlessing":0,"Eternal Feather":24,"Bag of Preparation":12,"War Paint":14,"Smiling Mask":9,"Question Card":10,"Burning Blood":0,"OrangePellets":4,"Anchor":28,"Snecko Eye":17,"Fusion Hammer":34,"Bottled Lightning":26,"Red Skull":7},{"NeowsBlessing":0,"Eternal Feather":12,"Bag of Preparation":6,"War Paint":8,"Smiling Mask":3,"Question Card":4,"Burning Blood":0,"OrangePellets":2,"Anchor":14,"Snecko Eye":9,"Fusion Hammer":17,"Bottled Lightning":12,"Red Skull":3},{"NeowsBlessing":0,"Eternal Feather":45,"Bag of Preparation":15,"War Paint":24,"Smiling Mask":3,"Question Card":10,"Burning Blood":0,"OrangePellets":2,"Anchor":58,"Snecko Eye":31,"Fusion Hammer":74,"Bottled Lightning":45,"Red Skull":3}],"Burning Blood":90},"card_choices":[{"not_picked":["Armaments","Anger"],"picked":"Hemokinesis","floor":1},{"not_picked":["Pommel Strike","Shockwave"],"picked":"Twin Strike","floor":2},{"not_picked":["Blood for Blood","Double Tap"],"picked":"Wild Strike","floor":7},{"not_picked":["Metallicize","True Grit"],"picked":"Whirlwind","floor":10},{"not_picked":["Shrug It Off","Bloodletting","Clothesline"],"picked":"Rage","floor":11},{"not_picked":["Flex","Dropkick","Pommel Strike"],"picked":"Corruption","floor":12},{"not_picked":["Inflame","Shockwave","Reckless Charge"],"picked":"Shrug It Off","floor":13},{"not_picked":["Pummel","Rampage","Perfected Strike"],"picked":"Pommel Strike","floor":14},{"not_picked":["Corruption","Offering","Barricade"],"picked":"Juggernaut","floor":16},{"not_picked":["Rampage","Clothesline","Iron Wave","Perfected Strike"],"picked":"SKIP","floor":18},{"not_picked":["Cleave","Warcry+1","Pommel Strike+1"],"picked":"True Grit+1","floor":22},{"not_picked":["Pommel Strike","Evolve","True Grit"],"picked":"Battle Trance","floor":24},{"not_picked":["Offering","Anger","Dropkick+1","Sword Boomerang+1"],"picked":"SKIP","floor":27},{"not_picked":["Armaments","Wild Strike+1","Rupture"],"picked":"Shrug It Off","floor":28},{"not_picked":["Seeing Red","Warcry","Clothesline"],"picked":"True Grit+1","floor":30},{"not_picked":["Intimidate","Heavy Blade+1","True Grit"],"picked":"Disarm","floor":31},{"not_picked":["Bludgeon","Feed","Berserk"],"picked":"Reaper","floor":33},{"not_picked":["Iron Wave+1","Wild Strike+1","Thunderclap+1","Anger"],"picked":"SKIP","floor":35}],"player_experience":27850,"relics_obtained":[{"floor":7,"key":"Red Skull"},{"floor":9,"key":"Smiling Mask"},{"floor":10,"key":"Question Card"},{"floor":12,"key":"Bag of Preparation"},{"floor":14,"key":"War Paint"},{"floor":24,"key":"Eternal Feather"},{"floor":26,"key":"Bottled Lightning"},{"floor":28,"key":"Anchor"}],"event_choices":[{"damage_healed":0,"gold_gain":75,"player_choice":"Gather Gold","damage_taken":11,"max_hp_gain":0,"max_hp_loss":0,"event_name":"World of Goop","floor":3,"gold_loss":0},{"cards_removed":["Strike_R"],"damage_healed":0,"gold_gain":0,"player_choice":"Offered Basic","damage_taken":0,"max_hp_gain":0,"max_hp_loss":0,"event_name":"Bonfire Elementals","floor":5,"gold_loss":0},{"damage_healed":0,"gold_gain":0,"player_choice":"Simplicity","damage_taken":0,"max_hp_gain":0,"max_hp_loss":0,"event_name":"Back to Basics","floor":19,"gold_loss":0,"cards_upgraded":["Strike_R","Strike_R","Strike_R","Strike_R","Defend_R","Defend_R","Defend_R"]},{"cards_removed":["Strike_R"],"damage_healed":0,"gold_gain":0,"player_choice":"Gave Gold","damage_taken":0,"max_hp_gain":0,"max_hp_loss":0,"event_name":"Beggar","floor":20,"gold_loss":75},{"damage_healed":0,"gold_gain":0,"player_choice":"Bet on Murderer","damage_taken":0,"max_hp_gain":0,"max_hp_loss":0,"event_name":"The Joust","floor":21,"gold_loss":50},{"damage_healed":0,"gold_gain":0,"player_choice":"Took Portal","damage_taken":0,"max_hp_gain":0,"max_hp_loss":0,"event_name":"SecretPortal","floor":36,"gold_loss":0}],"is_beta":false,"boss_relics":[{"not_picked":["Cursed Key","Black Star"],"picked":"Snecko Eye"},{"not_picked":["Velvet Choker","Mark of Pain"],"picked":"Fusion Hammer"}],"items_purged_floors":[29],"is_endless":false,"potions_floor_spawned":[2,11,13,14,22,28,30,31,35],"killed_by":"Donu and Deca","ascension_level":2}}