{"host":"xi9hztp74zq5zdao","time":1613089192,"event":{"mods":["2.2 Compatiblity","BaseMod","Colored Map","Googly Eyes","Minty Spire (QoL Compilation)","Relic Sorter","StSLib","The Gatherer","everything is the same but u backflip on backflip"],"gold_per_floor":[32,72,109,109,139,139,193,193,193,193,244,334,334,367,367,508,508,542,542,572,585,30,30,62,62,134,149,149,184,109,136,136,258,258,291,271,284,342,342,342,37,88,139,139,173,204,204,217,217,257],"floor_reached":51,"language":"ENG","playtime":3861,"items_purged":["Gatherer:Strike_Gatherer+1"],"score":837,"play_id":"1032ec58-dfa9-4e25-8f03-37dc93d03d19","local_time":"20210211191952","is_ascension_mode":false,"metric_token":593,"campfire_choices":[{"data":"Gatherer:FlowerBeam","floor":6,"key":"SMITH"},{"data":"Gatherer:FlowerBeam+1","floor":8,"key":"SMITH"},{"data":"Gatherer:Centralize","floor":13,"key":"SMITH"},{"data":"Gatherer:Snatch","floor":15,"key":"SMITH"},{"data":"Gatherer:FlowerBeam+2","floor":23,"key":"SMITH"},{"data":"Gatherer:Liquidism","floor":28,"key":"SMITH"},{"data":"Gatherer:FlowerShield","floor":32,"key":"SMITH"},{"data":"Gatherer:FlowerShield+1","floor":40,"key":"SMITH"},{"data":"Gatherer:FlowerWhip","floor":44,"key":"SMITH"},{"data":"Gatherer:FlowerWhip+1","floor":47,"key":"SMITH"},{"data":"Gatherer:FlowerWhip+2","floor":49,"key":"SMITH"}],"circlet_count":0,"master_deck":["Gatherer:Defend_Gatherer","Gatherer:Defend_Gatherer","Gatherer:Defend_Gatherer","Gatherer:Defend_Gatherer","Gatherer:Defend_Gatherer","Gatherer:Centralize+1","Gatherer:FlowerWhip+3","HandOfGreed","Gatherer:Snatch+1","Gatherer:FlowerBeam+3","Gatherer:FlowerShield+2","Gatherer:FlamingBottle","Gatherer:FruitForce","Gatherer:Bulldoze+1","Gatherer:WitheringStrike+1","Gatherer:MindSearch+1","Gatherer:BalancedGrowth+1","Gatherer:Snatch+1","Gatherer:MindSearch","Panache","Panache","Gatherer:Liquidism+1","Gatherer:BigPouch+1","Gatherer:EchoOfNature+1","Gatherer:Overflowing+1","Gatherer:Uplift+1","Gatherer:EnergyBasket+1","Gatherer:Duplicator+1","Gatherer:GrowBook+1","Gatherer:Photoscythe","Gatherer:FlamingBottle","Parasite","Gatherer:QuickSynthesis+1","Gatherer:EnergyBasket+1"],"relics":["Gatherer:AlchemyBag","Gatherer:MistGenerator","Art of War","Pear","HornCleat","The Courier","Astrolabe","Happy Flower","Vajra","Boot","Toxic Egg 2","Torii","Coffee Dripper","PreservedInsect","Calipers"],"acts_visited":["Exordium","TheCity","TheBeyond"],"potions_floor_usage":[20,46,49,50,50],"damage_taken":[{"damage":0,"enemies":"2 Louse","floor":1,"turns":2},{"damage":0,"enemies":"Small Slimes","floor":2,"turns":2},{"damage":1,"enemies":"Cultist","floor":3,"turns":3},{"damage":8,"enemies":"Red Slaver","floor":5,"turns":3},{"damage":13,"enemies":"3 Sentries","floor":7,"turns":6},{"damage":8,"enemies":"Lagavulin","floor":11,"turns":5},{"damage":5,"enemies":"Lots of Slimes","floor":12,"turns":10},{"damage":0,"enemies":"Gremlin Nob","floor":14,"turns":3},{"damage":0,"enemies":"Slime Boss","floor":16,"turns":8},{"damage":0,"enemies":"Chosen","floor":18,"turns":4},{"damage":0,"enemies":"2 Thieves","floor":20,"turns":3},{"damage":0,"enemies":"3 Cultists","floor":21,"turns":4},{"damage":0,"enemies":"Gremlin Leader","floor":24,"turns":6},{"damage":0,"enemies":"Sentry and Sphere","floor":27,"turns":3},{"damage":1,"enemies":"Centurion and Healer","floor":29,"turns":9},{"damage":17,"enemies":"Book of Stabbing","floor":31,"turns":6},{"damage":40,"enemies":"Automaton","floor":33,"turns":9},{"damage":1,"enemies":"3 Shapes","floor":35,"turns":3},{"damage":1,"enemies":"Orb Walker","floor":37,"turns":2},{"damage":10,"enemies":"4 Shapes","floor":38,"turns":6},{"damage":0,"enemies":"Jaw Worm Horde","floor":42,"turns":6},{"damage":1,"enemies":"Giant Head","floor":45,"turns":7},{"damage":0,"enemies":"Writhing Mass","floor":46,"turns":5},{"damage":0,"enemies":"Maw","floor":48,"turns":6},{"damage":40,"enemies":"Awakened One","floor":50,"turns":9}],"seed_played":"-8848007144383407202","potions_obtained":[{"floor":3,"key":"FearPotion"},{"floor":11,"key":"Fruit Juice"},{"floor":16,"key":"SneckoOil"},{"floor":18,"key":"Fire Potion"},{"floor":27,"key":"Fire Potion"},{"floor":36,"key":"EntropicBrew"},{"floor":42,"key":"LiquidBronze"},{"floor":48,"key":"Poison Potion"}],"is_trial":false,"path_per_floor":["M","M","M","?","M","R","E","R","T","?","E","M","R","E","R","B",null,"M","?","M","M","$","R","E","$","T","M","R","M","?","E","R","B",null,"M","?","M","M","?","R","$","M","T","R","E","M","R","M","R","B",null],"character_chosen":"THE_GATHERER","items_purchased":["Gatherer:MindSearch","Happy Flower","Vajra","Panache","Gatherer:Duplicator+1","Gatherer:GrowBook+1","Gatherer:Photoscythe"],"campfire_rested":0,"item_purchase_floors":[22,22,22,22,41,41,41],"current_hp_per_floor":[72,72,71,57,49,49,36,36,46,46,42,37,37,37,37,37,86,86,86,86,86,86,86,86,86,86,86,86,85,85,68,68,28,86,85,85,84,74,74,74,74,74,74,74,73,73,73,73,78,38],"gold":257,"neow_bonus":"RANDOM_COLORLESS_2","is_daily":false,"chose_seed":false,"campfire_upgraded":11,"win_rate":0.0,"timestamp":1613089192,"path_taken":["M","M","M","?","M","R","E","R","T","?","E","M","R","E","R","BOSS","M","?","?","M","$","R","E","?","T","M","R","?","?","E","R","BOSS","M","?","?","M","?","R","$","M","T","R","E","M","R","M","R","BOSS"],"items_purchased_type":["Card","Relic","Relic","Card","Card","Card","Card"],"build_version":"2020-12-22","purchased_purges":1,"victory":true,"max_hp_per_floor":[72,72,72,72,72,72,72,72,82,82,86,86,86,86,86,86,86,86,86,86,86,86,86,86,86,86,86,86,86,86,86,86,86,86,86,86,86,86,86,86,86,86,86,86,86,86,86,86,91,91],"card_choices":[{"not_picked":["The Bomb","Panache"],"picked":"HandOfGreed","floor":0},{"not_picked":["Gatherer:Nutrients","Gatherer:SaveValuables"],"picked":"Gatherer:Snatch","floor":1},{"not_picked":["Gatherer:TreeGrowth","Gatherer:EnergyBasket","Gatherer:TacticalStrike"],"picked":"SKIP","floor":2},{"not_picked":["Gatherer:SmartManeuver","Gatherer:CursedBlade"],"picked":"Gatherer:FlowerBeam","floor":3},{"not_picked":["Gatherer:Snatch","Gatherer:TacticalStrike"],"picked":"Gatherer:FlowerShield","floor":5},{"not_picked":["Gatherer:AcidicSpray","Gatherer:SaveValuables","Gatherer:SmartManeuver"],"picked":"SKIP","floor":7},{"not_picked":["Gatherer:GatherMaterial","Gatherer:FinishingStrike"],"picked":"Gatherer:FruitForce","floor":11},{"not_picked":["Gatherer:Polymorphism","Gatherer:Duplicator","Gatherer:SmartManeuver"],"picked":"SKIP","floor":12},{"not_picked":["Gatherer:ScherryThrow","Gatherer:AromaProtection","Gatherer:Pollute"],"picked":"SKIP","floor":14},{"not_picked":["Gatherer:Bulldoze","Gatherer:Examine"],"picked":"Gatherer:GrowBook","floor":16},{"not_picked":["Gatherer:Uplift","Gatherer:SmartManeuver"],"picked":"Gatherer:BalancedGrowth+1","floor":18},{"not_picked":["Gatherer:Pollute","Gatherer:FlowerShield","Gatherer:EnergyBasket"],"picked":"SKIP","floor":20},{"not_picked":["Gatherer:ScentOfRosmari+1","Gatherer:WoolGloves"],"picked":"Gatherer:Snatch+1","floor":21},{"not_picked":["Gatherer:SmartManeuver","Gatherer:RottenStipe","Gatherer:Convert+1"],"picked":"SKIP","floor":24},{"not_picked":["Gatherer:FlowerFalling+1","Gatherer:UpgradeBag"],"picked":"Gatherer:Liquidism","floor":27},{"not_picked":["Gatherer:TreeGrowth+1","Gatherer:Frenzy"],"picked":"Gatherer:BigPouch+1","floor":29},{"not_picked":["Gatherer:DrugPower+1","Gatherer:AromaProtection+1"],"picked":"Gatherer:EchoOfNature+1","floor":31},{"not_picked":["Gatherer:BomberForm","Gatherer:LuckyClover"],"picked":"Gatherer:Overflowing+1","floor":33},{"not_picked":["Gatherer:ScentOfRosmari+1","Gatherer:DrugPower"],"picked":"Gatherer:Uplift+1","floor":35},{"not_picked":["Gatherer:SaveValuables+1","Gatherer:ScherryThrow","Gatherer:FragileHammer+1"],"picked":"SKIP","floor":37},{"not_picked":["Gatherer:PotentialSlash","Gatherer:Snatch"],"picked":"Gatherer:EnergyBasket+1","floor":38},{"not_picked":["Gatherer:DrugPower","Gatherer:TreeGrowth+1","Gatherer:FeelingFine"],"picked":"SKIP","floor":42},{"not_picked":["Gatherer:Herbalism+1","Gatherer:GatherMaterial+1"],"picked":"Gatherer:FlamingBottle","floor":45},{"not_picked":["Gatherer:MiningStrike","Gatherer:DrugPower"],"picked":"Gatherer:QuickSynthesis+1","floor":46},{"not_picked":["Gatherer:GlowingPlant+1","Gatherer:AromaProtection+1"],"picked":"Gatherer:EnergyBasket+1","floor":48}],"player_experience":1242643,"relics_obtained":[{"floor":7,"key":"Art of War"},{"floor":9,"key":"Pear"},{"floor":11,"key":"HornCleat"},{"floor":14,"key":"The Courier"},{"floor":24,"key":"Boot"},{"floor":26,"key":"Toxic Egg 2"},{"floor":31,"key":"Torii"},{"floor":43,"key":"PreservedInsect"},{"floor":45,"key":"Calipers"}],"event_choices":[{"damage_healed":0,"gold_gain":0,"player_choice":"Entered Light","damage_taken":14,"max_hp_gain":0,"max_hp_loss":0,"event_name":"Shining Light","floor":4,"gold_loss":0,"cards_upgraded":["Gatherer:Strike_Gatherer","Gatherer:Strike_Gatherer"]},{"damage_healed":0,"gold_gain":0,"player_choice":"1 cards matched","damage_taken":0,"max_hp_gain":0,"max_hp_loss":0,"event_name":"Match and Keep!","floor":10,"gold_loss":0,"cards_obtained":["Gatherer:FlamingBottle"]},{"damage_healed":0,"gold_gain":0,"player_choice":"Ignored","damage_taken":0,"max_hp_gain":0,"max_hp_loss":0,"event_name":"NoteForYourself","floor":19,"gold_loss":0},{"cards_removed":["Gatherer:Strike_Gatherer"],"damage_healed":0,"gold_gain":0,"player_choice":"Gave Gold","damage_taken":0,"max_hp_gain":0,"max_hp_loss":0,"event_name":"Beggar","floor":30,"gold_loss":75},{"damage_healed":0,"gold_gain":0,"player_choice":"Bought 1 Potion","damage_taken":0,"max_hp_gain":0,"max_hp_loss":0,"event_name":"The Woman in Blue","floor":36,"gold_loss":0},{"damage_healed":0,"gold_gain":0,"player_choice":"Gave Potion","damage_taken":0,"relics_obtained":["Gatherer:MistGenerator"],"max_hp_gain":0,"max_hp_loss":0,"event_name":"WeMeetAgain","floor":39,"gold_loss":0}],"is_beta":false,"boss_relics":[{"not_picked":["Gatherer:ExplorersPath","Sozu"],"picked":"Astrolabe"},{"not_picked":["Runic Pyramid","Calling Bell"],"picked":"Coffee Dripper"}],"items_purged_floors":[22],"is_endless":false,"potions_floor_spawned":[3,11,16,18,27,29,38,42,48],"ascension_level":0}}