{"host":"v0xbo920qxoewo3e","time":1613147068,"event":{"mods":["Act Like it!","Aspiration","Astrologer","BaseMod","Conspire","Downfall","Friendly Minions","GifTheSpireLib","Halation","Hermit","Hubris","Infinite Spire","Jedi Mod","Jorbs\u0027s Wanderer Trilogy","Koishi","Marisa????????","Minty Spire (QoL Compilation)","Potionbrewer","Rare Cards Sparkle","Reimu??????","Remilia??????","Replay The Spire","StSLib","Stuff the Spire","The Animator","The Blackbeard","The Bladedancer","The Bug Knight","The Construct","The Cursed","The Disciple","The Gatherer","The Jungle","The Problem Sleuth","The Runesmith","The Servant 0.9.4","TheBandit","Unceasing Turn Reminder"],"gold_per_floor":[19,39,39,39,50,50,76,76,76,87,187,205,205,216,287,362,362,379,379,395,283,293,293,147,147,147,147,147,147,164,179,179,256,256,270,316,326,276,276,276,276,276,346,395,395,403,403,439,439,443],"floor_reached":51,"language":"ENG","playtime":2877,"items_purged":["ReplayTheSpireMod:Restless Dread"],"score":1320,"play_id":"7db87f0f-85f4-43a3-8350-7edd3bcbf1ed","local_time":"20210212182428","is_ascension_mode":true,"campfire_choices":[{"data":"The Bomb","floor":6,"key":"SMITH"},{"data":"Iron Wave","floor":8,"key":"SMITH"},{"data":"StuffTheSpire:Slingshot","floor":13,"key":"SMITH"},{"data":"True Grit","floor":23,"key":"SMITH"},{"data":"True Grit","floor":25,"key":"SMITH"},{"data":"Dark Embrace","floor":27,"key":"SMITH"},{"data":"ReplayTheSpireMod:Strike From Hell","floor":29,"key":"SMITH"},{"floor":32,"key":"REST"},{"floor":40,"key":"REST"},{"data":"Demon Form","floor":42,"key":"SMITH"},{"floor":45,"key":"REST"},{"floor":47,"key":"REST"},{"floor":49,"key":"REST"}],"circlet_count":0,"master_deck":["AscendersBane","Strike_R","Strike_R","Strike_R","Strike_R","Defend_R","Defend_R","Defend_R","Defend_R","Bash","The Bomb+1","Iron Wave+1","StuffTheSpire:Slingshot+1","Feel No Pain","Clash","Writhe","Offering","StuffTheSpire:Incineration","Exhume","Dark Embrace+1","Burning Pact","True Grit+1","True Grit+1","ReplayTheSpireMod:Strike From Hell+1","StuffTheSpire:Innocence","Replay:Hysterical Blindness","conspire:Blindness","Demon Form+1","Juggernaut","Shockwave+1","ReplayTheSpireMod:Stacked","conspire:SpireCoStock","theSleuth:MortholDryax","hubris:Disease","Armaments+1"],"relics":["Burning Blood","infinitespire:Lucky Rock","Mirror","downfall:ExtraCursedKey","conspire:SlowCooker","Pocketwatch","halation:PinkSoulGem","halation:ForbiddenBikini","CatCart","hubris:Towel","infinitespire:Bottled Soul","Bottled Lightning"],"acts_visited":["Exordium","TheCity","TheBeyond"],"potions_floor_usage":[10,12,30,33,36,46,50],"damage_taken":[{"damage":14,"enemies":"2 Louse","floor":1,"turns":4},{"damage":0,"enemies":"Small Slimes","floor":2,"turns":3},{"damage":3,"enemies":"conspire:RoseBush","floor":5,"turns":5},{"damage":24,"enemies":"Replay:BlueRogue","floor":7,"turns":6},{"damage":6,"enemies":"2 Fungi Beasts","floor":10,"turns":4},{"damage":0,"enemies":"3 Louse","floor":12,"turns":2},{"damage":1,"enemies":"Looter","floor":14,"turns":2},{"damage":47,"enemies":"Hexaghost","floor":16,"turns":9},{"damage":6,"enemies":"Chosen","floor":18,"turns":4},{"damage":17,"enemies":"Centurion and Healer","floor":20,"turns":3},{"damage":32,"enemies":"Snake Plant","floor":22,"turns":5},{"damage":9,"enemies":"Shelled Parasite and Fungi","floor":30,"turns":6},{"damage":20,"enemies":"Chosen and Byrds","floor":31,"turns":5},{"damage":15,"enemies":"Champ","floor":33,"turns":8},{"damage":8,"enemies":"Orb Walker","floor":35,"turns":4},{"damage":30,"enemies":"Orin","floor":36,"turns":8},{"damage":11,"enemies":"3 Darklings","floor":37,"turns":4},{"damage":36,"enemies":"Nemesis","floor":44,"turns":7},{"damage":23,"enemies":"Jaw Worm Horde","floor":46,"turns":6},{"damage":32,"enemies":"Spire Growth","floor":48,"turns":5},{"damage":57,"enemies":"Donu and Deca","floor":50,"turns":8}],"seed_played":"1548465781246097509","potions_obtained":[{"floor":1,"key":"DistilledChaos"},{"floor":10,"key":"AttackPotion"},{"floor":12,"key":"sneckomod:MuddlingPotion"},{"floor":18,"key":"potionbrewer:BoundlessPotion"},{"floor":20,"key":"Swift Potion"},{"floor":33,"key":"potionbrewer:NoxiousPotion"},{"floor":35,"key":"potionbrewer:AcidPotion"},{"floor":37,"key":"potionbrewer:FreezingPotion"}],"is_trial":false,"path_per_floor":["M","M","?","?","M","R","E","R","T","M","?","M","R","M","R","B",null,"M","?","M","$","M","R","?","R","T","R","?","R","M","M","R","B",null,"M","?","M","?","?","R","$","R","T","E","R","M","R","M","R","B",null],"character_chosen":"IRONCLAD","items_purchased":["True Grit"],"campfire_rested":5,"item_purchase_floors":[21],"current_hp_per_floor":[60,66,66,66,69,69,51,51,51,51,51,57,57,62,62,21,62,62,62,51,51,25,25,25,25,25,25,25,25,22,8,30,21,62,60,36,31,31,31,53,53,53,53,23,45,28,50,24,46,54],"gold":443,"neow_bonus":"RANDOM_COLORLESS_2","is_daily":false,"chose_seed":false,"campfire_upgraded":8,"win_rate":0.0,"timestamp":1613147068,"path_taken":["M","M","?","?","M","R","E","R","T","M","?","M","R","M","R","BOSS","M","?","M","$","M","R","?","R","T","R","?","R","M","M","R","BOSS","M","?","M","?","?","R","?","R","T","E","R","M","R","M","R","BOSS"],"items_purchased_type":["Card"],"build_version":"2020-12-22","purchased_purges":1,"victory":true,"max_hp_per_floor":[75,75,75,75,75,75,75,75,75,75,75,75,75,75,75,75,75,75,75,75,75,75,75,75,75,75,75,75,75,75,75,75,75,75,75,75,75,75,75,75,75,75,75,75,75,75,75,75,75,75],"card_choices":[{"not_picked":["StuffTheSpire:Recharge","Chrysalis"],"picked":"The Bomb","floor":0},{"not_picked":["Body Slam","Infernal Blade"],"picked":"Iron Wave","floor":1},{"not_picked":["Perfected Strike","Clothesline"],"picked":"StuffTheSpire:Slingshot","floor":2},{"not_picked":["Havoc","Carnage"],"picked":"Feel No Pain","floor":5},{"not_picked":["Heavy Blade","Warcry","Searing Blow"],"picked":"SKIP","floor":7},{"not_picked":["conspire:HitWhereItHurts","Infernal Blade"],"picked":"Clash","floor":10},{"not_picked":["Thunderclap","Iron Wave"],"picked":"StuffTheSpire:Incineration","floor":12},{"not_picked":["Replay:Undeath\u0027s Touch","Twin Strike","Run Through"],"picked":"SKIP","floor":14},{"not_picked":["Demonic Infusion","jedi:strikingstrike"],"picked":"Exhume","floor":16},{"not_picked":["Anger","Pommel Strike"],"picked":"Dark Embrace","floor":18},{"not_picked":["Havoc","StuffTheSpire:RockThrow"],"picked":"Burning Pact","floor":20},{"not_picked":["Evolve","StuffTheSpire:Pyroclast"],"picked":"ReplayTheSpireMod:Strike From Hell","floor":22},{"not_picked":["Wild Strike","Metallicize"],"picked":"Demon Form","floor":30},{"not_picked":["jedi:fear","Cleave+1","Seeing Red"],"picked":"SKIP","floor":31},{"not_picked":["Demonic Infusion","hubris:StunningStrike"],"picked":"Juggernaut","floor":33},{"not_picked":["StuffTheSpire:Slingshot","Bloodletting"],"picked":"Shockwave+1","floor":35},{"not_picked":["Clash","Ghostly Armor"],"picked":"ReplayTheSpireMod:Stacked","floor":36},{"not_picked":["True Grit","Body Slam+1","Thunderclap"],"picked":"SKIP","floor":37},{"not_picked":["StuffTheSpire:BloodClot","Sword Boomerang","Warcry"],"picked":"SKIP","floor":44},{"not_picked":["Replay:Undeath\u0027s Touch","Thunderclap","jedi:fear"],"picked":"SKIP","floor":46},{"not_picked":["jedi:fear","Clash+1"],"picked":"Armaments+1","floor":48}],"player_experience":1474057,"relics_obtained":[{"floor":7,"key":"infinitespire:Lucky Rock"},{"floor":9,"key":"Mirror"},{"floor":26,"key":"Pocketwatch"},{"floor":36,"key":"CatCart"},{"floor":43,"key":"infinitespire:Bottled Soul"},{"floor":44,"key":"Bottled Lightning"}],"event_choices":[{"cards_removed":["Strike_R"],"damage_healed":0,"gold_gain":0,"player_choice":"Forget","damage_taken":0,"max_hp_gain":0,"max_hp_loss":0,"event_name":"Living Wall","floor":4,"gold_loss":0},{"damage_healed":0,"gold_gain":0,"player_choice":"Fight","damage_taken":0,"max_hp_gain":0,"max_hp_loss":0,"event_name":"OrinTheCat","floor":36,"gold_loss":0},{"damage_healed":0,"gold_gain":0,"player_choice":"Invest 1","damage_taken":0,"max_hp_gain":0,"max_hp_loss":0,"event_name":"conspire:Investor","floor":38,"gold_loss":0}],"is_beta":false,"boss_relics":[{"not_picked":["bronze:MakeshiftBattery","Busted Crown"],"picked":"conspire:SlowCooker"},{"not_picked":["Abe\u0027s Treasure","hubris:HollowSoul"],"picked":"halation:ForbiddenBikini"}],"items_purged_floors":[21],"is_endless":false,"potions_floor_spawned":[1,10,12,18,20,33,35,37,44],"ascension_level":16}}