{"host":"lxu17chzujqn8whl","time":1613099435,"event":{"mods":["BaseMod","Minty Spire (QoL Compilation)","Relic Stats","StSLib"],"gold_per_floor":[110,110,122,134,159,171,216,228,263,275,275],"floor_reached":10,"language":"ENG","playtime":279,"items_purged":[],"score":64,"play_id":"9856fc47-2343-4476-be8a-d9d9731b0f2d","local_time":"20210211191035","is_ascension_mode":false,"campfire_choices":[{"data":"Streamline","floor":6,"key":"SMITH"},{"data":"Zap","floor":8,"key":"SMITH"}],"circlet_count":0,"master_deck":["Strike_B","Strike_B","Strike_B","Strike_B","Defend_B","Defend_B","Defend_B","Defend_B","Zap+1","Dualcast","Turbo","Streamline+1","Coolheaded"],"relics":["Cracked Core","MawBank","Strawberry","Question Card","Nunchaku"],"acts_visited":["Exordium"],"potions_floor_usage":[],"damage_taken":[{"damage":1,"enemies":"Cultist","floor":1,"turns":3},{"damage":0,"enemies":"2 Louse","floor":5,"turns":3},{"damage":26,"enemies":"Lagavulin","floor":7,"turns":6},{"damage":7,"enemies":"3 Sentries","floor":10,"turns":2}],"seed_played":"-7919256670162654527","potions_obtained":[{"floor":1,"key":"SpeedPotion"},{"floor":7,"key":"Dexterity Potion"}],"is_trial":false,"path_per_floor":["M","?","?","?","M","R","E","R","T","E"],"character_chosen":"DEFECT","items_purchased":[],"campfire_rested":0,"item_purchase_floors":[],"current_hp_per_floor":[81,74,81,81,81,81,55,55,55,48,48],"gold":275,"neow_bonus":"TEN_PERCENT_HP_BONUS","is_daily":false,"chose_seed":false,"campfire_upgraded":2,"win_rate":0.0,"timestamp":1613099435,"path_taken":["M","?","?","?","M","R","E","R","T","E"],"items_purchased_type":[],"build_version":"2020-12-22","purchased_purges":0,"victory":false,"max_hp_per_floor":[82,82,89,89,89,89,89,89,89,89,89],"relic_stats":{"Nunchaku":[0],"counters":[4,14],"MawBank":96,"Question Card":0,"obtain_stats":[{"Nunchaku":9,"Strawberry":3,"Cracked Core":0,"MawBank":2,"Question Card":7},{"Nunchaku":3,"Strawberry":1,"Cracked Core":0,"MawBank":1,"Question Card":3},{"Nunchaku":12,"Strawberry":3,"Cracked Core":0,"MawBank":3,"Question Card":12}]},"card_choices":[{"not_picked":["Recycle","White Noise"],"picked":"Turbo","floor":1},{"not_picked":["Conserve Battery","Sunder"],"picked":"Streamline","floor":5},{"not_picked":["Beam Cell","Undo"],"picked":"Coolheaded","floor":7}],"player_experience":668485,"relics_obtained":[{"floor":7,"key":"Question Card"},{"floor":9,"key":"Nunchaku"}],"event_choices":[{"damage_healed":0,"gold_gain":0,"player_choice":"Success","damage_taken":7,"relics_obtained":["MawBank"],"max_hp_gain":0,"max_hp_loss":0,"event_name":"Scrap Ooze","floor":2,"gold_loss":0},{"damage_healed":0,"gold_gain":0,"player_choice":"Box","damage_taken":0,"relics_obtained":["Strawberry"],"max_hp_gain":0,"max_hp_loss":0,"event_name":"Big Fish","floor":3,"gold_loss":0,"cards_obtained":["Regret"]},{"cards_removed":["Regret"],"damage_healed":0,"gold_gain":0,"player_choice":"Purged","damage_taken":0,"max_hp_gain":0,"max_hp_loss":0,"event_name":"Purifier","floor":4,"gold_loss":0}],"is_beta":false,"boss_relics":[],"items_purged_floors":[],"is_endless":false,"potions_floor_spawned":[1,7],"killed_by":"3 Sentries","ascension_level":0}}