{"host":"m9osufisr3agwk96","time":1613153584,"event":{"mods":["AchievementEnabler","Aspiration","BaseMod","Colored Map","Colored Powertips","Downfall","Friendly Minions","Hermit","Highlight Path","Hubris","Minty Spire (QoL Compilation)","Rare Cards Sparkle","Reliquary","Replay The Spire","Shop Mod","StSLib"],"gold_per_floor":[113,113,113,38,57,90,90,124,124,137,137,187,85,115,115,312,312,332,332,359,374,393,393,406,406,429,429,429,440,85,85,85,85,85],"floor_reached":33,"language":"ENG","playtime":1110,"items_purged":["Regret","Amnesia"],"score":301,"play_id":"586dcb1a-855a-44d0-aab9-5e6c2746d67e","local_time":"20210212101304","is_ascension_mode":false,"campfire_choices":[{"floor":7,"key":"REST"},{"floor":11,"key":"REST"},{"floor":15,"key":"REST"},{"floor":23,"key":"REST"},{"floor":25,"key":"REST"},{"floor":28,"key":"REST"},{"floor":32,"key":"DIG"}],"circlet_count":0,"master_deck":["Strike_P","Strike_P","Strike_P","Strike_P","Defend_P","Defend_P","Defend_P","Defend_P","Eruption","Vigilance","Study","Predator","Acrobatics","DeusExMachina","WreathOfFlame","Bullet Time","Protect+1","Necronomicurse","Prostrate","WreathOfFlame","hubris:NaturalOne","Prostrate+1","Replay:LoomingThreat"],"relics":["PureWater","aspiration:Nostalgia","Replay:M_StaffOfTheSnake","aspiration:Lifesprig","hubris:Icosahedron","Art of War","reliquary:TatteredRug","reliquary:TridentHead","Counterbalance","Replay:Bronze Core","Necronomicon","ReplayTheSpireMod:Lightbulb","ReplayTheSpireMod:Ring of Collecting","Eternal Feather","Ring of Misfortune","aspiration:FetidBarrel","reliquary:TridentHead"],"acts_visited":["Exordium","TheCity"],"potions_floor_usage":[6,16,16,16,33],"damage_taken":[{"damage":0,"enemies":"Cultist","floor":1,"turns":2},{"damage":0,"enemies":"Jaw Worm","floor":5,"turns":3},{"damage":52,"enemies":"3 Sentries","floor":6,"turns":7},{"damage":23,"enemies":"Lagavulin","floor":8,"turns":5},{"damage":0,"enemies":"2 Louse","floor":10,"turns":1},{"damage":0,"enemies":"Slime Boss","floor":16,"turns":5},{"damage":27,"enemies":"3 Byrds","floor":18,"turns":5},{"damage":11,"enemies":"Spheric Guardian","floor":21,"turns":4},{"damage":1,"enemies":"Chosen and Byrds","floor":22,"turns":6},{"damage":27,"enemies":"Snake Plant","floor":24,"turns":5},{"damage":29,"enemies":"Centurion and Healer","floor":29,"turns":4},{"damage":63,"enemies":"Automaton","floor":33,"turns":6}],"seed_played":"6001888957295128838","potions_obtained":[{"floor":5,"key":"Energy Potion"},{"floor":8,"key":"Cursed Concoction"},{"floor":29,"key":"LiquidMemories"}],"is_trial":false,"path_per_floor":["M","?","?","$","M","E","R","E","T","M","R","?","$","?","R","B",null,"M","?","T","M","M","R","M","R","T","?","R","M","$","T","R_BF","B"],"character_chosen":"WATCHER","items_purchased":["Strength Potion","BlessingOfTheForge","Eternal Feather"],"campfire_rested":6,"item_purchase_floors":[13,13,30],"current_hp_per_floor":[72,72,72,72,72,20,41,18,18,18,39,39,39,39,60,60,72,45,29,29,18,17,38,11,32,32,32,53,24,24,24,36,0,0],"gold":85,"neow_bonus":"NOSTALGIA","is_daily":false,"chose_seed":false,"campfire_upgraded":0,"win_rate":0.0,"timestamp":1613153584,"path_taken":["M","?","?","$","M","E","R","E","T","M","R","?","$","?","R","BOSS","M","?","?","M","M","R","M","R","T","?","R","?","$","?","R_BF","BOSS"],"items_purchased_type":["Potion","Potion","Relic"],"build_version":"2020-12-22","purchased_purges":2,"victory":false,"max_hp_per_floor":[72,72,72,72,72,72,72,72,72,72,72,72,72,72,72,72,72,72,72,72,72,72,72,72,72,72,72,72,72,72,72,72,72,72],"card_choices":[{"not_picked":["EmptyBody","Well Laid Plans"],"picked":"Study","floor":1},{"not_picked":["Crescendo","Well Laid Plans"],"picked":"Predator","floor":5},{"not_picked":["Replay:BluntJabs","CutThroughFate"],"picked":"Acrobatics","floor":6},{"not_picked":["CrushJoints","EmptyBody"],"picked":"DeusExMachina","floor":8},{"not_picked":["PathToVictory","Replay:BluntJabs"],"picked":"WreathOfFlame","floor":10},{"not_picked":["Devotion","Brilliance"],"picked":"Bullet Time","floor":16},{"not_picked":["Replay:AtTheReady","JustLucky"],"picked":"Protect+1","floor":18},{"not_picked":["FlyingSleeves","JustLucky"],"picked":"Prostrate","floor":21},{"not_picked":["ThirdEye","Consecrate"],"picked":"WreathOfFlame","floor":22},{"not_picked":["FearNoEvil","Protect"],"picked":"Prostrate+1","floor":24},{"not_picked":["Protect","EmptyFist"],"picked":"Replay:LoomingThreat","floor":29}],"player_experience":468778,"relics_obtained":[{"floor":6,"key":"Art of War"},{"floor":8,"key":"reliquary:TatteredRug"},{"floor":9,"key":"reliquary:TridentHead"},{"floor":19,"key":"Necronomicon"},{"floor":20,"key":"ReplayTheSpireMod:Lightbulb"},{"floor":27,"key":"ReplayTheSpireMod:Ring of Collecting"},{"floor":31,"key":"Ring of Misfortune"},{"floor":31,"key":"aspiration:FetidBarrel"},{"floor":32,"key":"reliquary:SculptingSteel"}],"event_choices":[{"damage_healed":0,"gold_gain":0,"player_choice":"Box","damage_taken":0,"relics_obtained":["aspiration:Lifesprig"],"max_hp_gain":0,"max_hp_loss":0,"event_name":"Big Fish","floor":2,"gold_loss":0,"cards_obtained":["Regret"]},{"damage_healed":0,"gold_gain":50,"player_choice":"Gained Gold","damage_taken":0,"max_hp_gain":0,"max_hp_loss":0,"event_name":"Golden Wing","floor":12,"gold_loss":0},{"damage_healed":0,"gold_gain":30,"player_choice":"Searched \u00272\u0027 times","damage_taken":0,"relics_obtained":["Counterbalance"],"max_hp_gain":0,"max_hp_loss":0,"event_name":"Dead Adventurer","floor":14,"gold_loss":0},{"damage_healed":0,"gold_gain":0,"player_choice":"Obtained Book","damage_taken":16,"max_hp_gain":0,"max_hp_loss":0,"event_name":"Cursed Tome","floor":19,"gold_loss":0}],"is_beta":false,"boss_relics":[{"not_picked":["ReplayTheSpireMod:DimensionalGlitch","Calling Bell"],"picked":"Replay:Bronze Core"}],"items_purged_floors":[4,30],"is_endless":false,"potions_floor_spawned":[5,8,29],"killed_by":"Automaton","ascension_level":0}}