{"host":"3j24k6gtmfx6ynrk","time":1613098762,"event":{"mods":["AchievementEnabler","BaseMod","Block Reminder","Colored Powertips","Hermit","Highlight Path","Marisa????????","Minty Spire (QoL Compilation)","Quick Restart","Rare Cards Sparkle","StSLib","The Cursed","The Hierophant","The Servant 0.9.4"],"gold_per_floor":[116,116,135,135,152,152,152,152,152,152,166,116,140,152,152,248,248,258,208,219,38,48,48,48,63,137,137,137,137,137,148,148,251,301,319,337,337,337,28,54,54,89,89,89,101,55,55,55,55,55,55],"floor_reached":50,"language":"DEU","playtime":4779,"items_purged":["Writhe"],"score":536,"play_id":"9bfbee1e-6546-4659-b0d0-6cd4d02cb806","local_time":"20210212035922","is_ascension_mode":false,"campfire_choices":[{"data":"OortCloud","floor":6,"key":"SMITH"},{"data":"MasterSpark","floor":8,"key":"SMITH"},{"data":"EnergyFlow","floor":10,"key":"SMITH"},{"floor":15,"key":"REST"},{"data":"AsteroidBelt","floor":24,"key":"SMITH"},{"data":"EarthLightRay","floor":27,"key":"SMITH"},{"data":"CasketOfStar","floor":29,"key":"SMITH"},{"data":"StarBarrage","floor":32,"key":"SMITH"},{"floor":41,"key":"RECALL"},{"data":"6A","floor":44,"key":"SMITH"},{"floor":47,"key":"REST"},{"data":"AsteroidBelt","floor":49,"key":"SMITH"}],"circlet_count":0,"master_deck":["Strike_MRS+1","Strike_MRS+1","Strike_MRS+1","Defend_MRS+1","Defend_MRS+1","Defend_MRS+1","MasterSpark+1","UpSweep","PulseMagic+1","EnergyFlow+1","OortCloud+1","StarBarrage+1","EarthLightRay+1","CasketOfStar+1","SuperPerseids","SprinkleStarSeal+1","SporeBomb","AsteroidBelt+1","MilkyWay+1","MilkyWay+1","NonDirectionalLaser+1","6A+1","AlicesGift","6A+1","AsteroidBelt+1"],"relics":["MiniHakkero","Letter Opener","BreadOfAWashokuLover","Juzu Bracelet","SlaversCollar","PreservedInsect","Eternal Feather","Enchiridion","Tiny House","Sling","Bronze Scales","Blood Vial"],"acts_visited":["Exordium","TheCity","TheBeyond"],"potions_floor_usage":[16,40,50,50,50],"damage_taken":[{"damage":1,"enemies":"Jaw Worm","floor":1,"turns":3},{"damage":4,"enemies":"2 Louse","floor":3,"turns":3},{"damage":0,"enemies":"Cultist","floor":5,"turns":3},{"damage":3,"enemies":"3 Louse","floor":11,"turns":3},{"damage":8,"enemies":"Exordium Wildlife","floor":14,"turns":3},{"damage":33,"enemies":"Hexaghost","floor":16,"turns":9},{"damage":18,"enemies":"Chosen","floor":18,"turns":6},{"damage":12,"enemies":"2 Thieves","floor":20,"turns":4},{"damage":13,"enemies":"Snake Plant","floor":22,"turns":5},{"damage":2,"enemies":"Shelled Parasite and Fungi","floor":25,"turns":6},{"damage":9,"enemies":"Snecko","floor":31,"turns":8},{"damage":16,"enemies":"Automaton","floor":33,"turns":10},{"damage":15,"enemies":"Orb Walker","floor":35,"turns":5},{"damage":2,"enemies":"3 Shapes","floor":36,"turns":5},{"damage":2,"enemies":"Reptomancer","floor":40,"turns":5},{"damage":52,"enemies":"Nemesis","floor":42,"turns":7},{"damage":44,"enemies":"Writhing Mass","floor":45,"turns":6},{"damage":117,"enemies":"Donu and Deca","floor":50,"turns":11}],"seed_played":"7583468365991407839","potions_obtained":[{"floor":1,"key":"Weak Potion"},{"floor":14,"key":"Dexterity Potion"},{"floor":16,"key":"SkillPotion"},{"floor":20,"key":"BottledSpark"},{"floor":45,"key":"LiquidBronze"}],"is_trial":false,"path_per_floor":["M","?","M","?","M","R","?","R","T","R","M","?","T","M","R","B",null,"M","?","M","$","M","?","R","M","T","R","$","R","?","M","R","B",null,"M","M","?","?","$","E","R","E","T","R","M","$","R","?","R","B"],"character_chosen":"MARISA","items_purchased":["PreservedInsect","SporeBomb","Sling","AlicesGift","AsteroidBelt"],"campfire_rested":2,"item_purchase_floors":[21,21,39,39,46],"current_hp_per_floor":[81,69,65,58,58,58,63,63,63,63,60,60,60,52,78,49,87,77,77,69,69,60,60,60,62,62,71,71,80,64,61,70,60,92,77,86,86,92,92,92,92,46,46,58,22,22,64,64,79,0,0],"gold":55,"neow_bonus":"TEN_PERCENT_HP_BONUS","is_daily":false,"chose_seed":false,"campfire_upgraded":9,"win_rate":0.0,"timestamp":1613098762,"path_taken":["M","?","M","?","M","R","?","R","T","R","M","?","?","M","R","BOSS","M","?","M","$","M","?","R","M","T","R","$","R","?","M","R","BOSS","M","M","?","?","$","E","R","E","T","R","M","$","R","?","R","BOSS"],"items_purchased_type":["Relic","Card","Relic","Card","Card"],"build_version":"2020-12-22","purchased_purges":1,"victory":false,"max_hp_per_floor":[82,82,82,82,82,82,87,87,87,87,87,87,87,87,87,87,87,87,87,87,87,87,87,87,87,87,87,87,87,87,87,87,87,92,92,92,92,92,92,92,92,92,92,92,92,92,92,92,92,105,105],"card_choices":[{"not_picked":["UnstableBomb","SporeBomb"],"picked":"PulseMagic","floor":1},{"not_picked":["SuperPerseids","DragonMeteor"],"picked":"EnergyFlow","floor":3},{"not_picked":["LuminesStrike","ShootTheMoon"],"picked":"OortCloud","floor":5},{"not_picked":["PowerUp","MachineGunSpark"],"picked":"StarBarrage","floor":11},{"not_picked":["GrandCross","IllusionStar"],"picked":"EarthLightRay","floor":14},{"not_picked":["EscapeVelocity","TreasureHunter"],"picked":"CasketOfStar","floor":16},{"not_picked":["GravityBeat","MysteriousBeam"],"picked":"SuperPerseids","floor":18},{"not_picked":["IllusionStar","WitchLeyline"],"picked":"SprinkleStarSeal+1","floor":20},{"not_picked":["SuperPerseids","WitchOfGreed"],"picked":"AsteroidBelt","floor":22},{"not_picked":["NonDirectionalLaser","StarlightTyphoon+1","UnstableBomb"],"picked":"SKIP","floor":25},{"not_picked":["PropBag","6A+1"],"picked":"MilkyWay+1","floor":31},{"not_picked":["WitchLeyline","MysteriousBeam"],"picked":"MilkyWay+1","floor":34},{"not_picked":["PropBag+1","Acceleration+1"],"picked":"NonDirectionalLaser+1","floor":35},{"not_picked":["DoubleSpark+1","Acceleration"],"picked":"6A","floor":36},{"not_picked":["SuperPerseids","GravityBeat","PulseMagic+1"],"picked":"SKIP","floor":40},{"not_picked":["DC","LuminesStrike","NonDirectionalLaser+1"],"picked":"SKIP","floor":42},{"not_picked":["MilkyWay+1","MagicAbsorber"],"picked":"6A+1","floor":45}],"player_experience":74164,"relics_obtained":[{"floor":9,"key":"BreadOfAWashokuLover"},{"floor":13,"key":"Juzu Bracelet"},{"floor":26,"key":"Eternal Feather"},{"floor":30,"key":"Enchiridion"},{"floor":40,"key":"Bronze Scales"},{"floor":42,"key":"Blood Vial"}],"event_choices":[{"damage_healed":0,"gold_gain":0,"player_choice":"Success","damage_taken":12,"relics_obtained":["Letter Opener"],"max_hp_gain":0,"max_hp_loss":0,"event_name":"Scrap Ooze","floor":2,"gold_loss":0},{"cards_removed":["Strike_MRS"],"damage_healed":0,"gold_gain":0,"player_choice":"Card Removal","damage_taken":7,"max_hp_gain":0,"max_hp_loss":0,"event_name":"Golden Wing","floor":4,"gold_loss":0},{"damage_healed":0,"gold_gain":0,"player_choice":"Donut","damage_taken":0,"max_hp_gain":5,"max_hp_loss":0,"event_name":"Big Fish","floor":7,"gold_loss":0},{"cards_removed":["Defend_MRS"],"damage_healed":0,"gold_gain":0,"player_choice":"Card Removal","damage_taken":0,"max_hp_gain":0,"max_hp_loss":0,"event_name":"The Cleric","floor":12,"gold_loss":50},{"damage_healed":0,"gold_gain":0,"player_choice":"Bet on Owner","damage_taken":0,"max_hp_gain":0,"max_hp_loss":0,"event_name":"The Joust","floor":19,"gold_loss":50},{"damage_healed":0,"gold_gain":0,"player_choice":"Simplicity","damage_taken":0,"max_hp_gain":0,"max_hp_loss":0,"event_name":"Back to Basics","floor":23,"gold_loss":0,"cards_upgraded":["Strike_MRS","Strike_MRS","Strike_MRS","Defend_MRS","Defend_MRS","Defend_MRS"]},{"damage_healed":0,"gold_gain":0,"player_choice":"Obtained Book","damage_taken":16,"max_hp_gain":0,"max_hp_loss":0,"event_name":"Cursed Tome","floor":30,"gold_loss":0},{"damage_healed":0,"gold_gain":0,"player_choice":"Ignored","damage_taken":0,"max_hp_gain":0,"max_hp_loss":0,"event_name":"Tomb of Lord Red Mask","floor":37,"gold_loss":0},{"damage_healed":23,"gold_gain":0,"player_choice":"Writhe","damage_taken":0,"max_hp_gain":0,"max_hp_loss":0,"event_name":"Winding Halls","floor":38,"gold_loss":0,"cards_obtained":["Writhe"]},{"damage_healed":0,"gold_gain":0,"player_choice":"Ignored","damage_taken":0,"max_hp_gain":0,"max_hp_loss":0,"event_name":"NoteForYourself","floor":48,"gold_loss":0}],"is_beta":false,"boss_relics":[{"not_picked":["Astrolabe","Sozu"],"picked":"SlaversCollar"},{"not_picked":["Empty Cage","Busted Crown"],"picked":"Tiny House"}],"items_purged_floors":[39],"is_endless":false,"potions_floor_spawned":[1,14,16,20,22,35,45],"killed_by":"Donu and Deca","ascension_level":0}}