{"host":"Code","time":1613114203,"event":{"mods":["AchievementEnabler","Act Like it!","BaseMod","BetterRewards","Colored Map","Colored Powertips","Downfall","Highlight Path","Marisa£®ÏF”Í°°ƒß¿Ì…≥£©","Minty Spire (QoL Compilation)","Quick Restart","Rare Cards Sparkle","Relic Stats","Reliquary","Replay The Spire","Shop Mod","StSLib","The Disciple","UnlockEverythingMod"],"gold_per_floor":[112,123,143,155,155,155,200,200,276,289,44,63,10,75,75,189,189,206,229,82,102,102,102],"floor_reached":22,"language":"ZHS","playtime":933,"items_purged":[],"score":248,"play_id":"ba4d7dae-462b-40e8-a607-f51bd5bcfff1","local_time":"20210212151643","is_ascension_mode":false,"campfire_choices":[{"data":"MilkyWay","floor":6.0,"key":"SMITH"},{"data":"1","floor":8.0,"key":"LIFT"},{"data":"2","floor":15.0,"key":"LIFT"}],"circlet_count":0,"master_deck":["Strike_MRS","Strike_MRS","Strike_MRS","Strike_MRS","Defend_MRS","Defend_MRS","Defend_MRS","Defend_MRS","MasterSpark","UpSweep","MysteriousBeam+1","MilkyWay+1","IllusionStar","Robbery","CasketOfStar","GalacticHalo","Acceleration","WitchOfGreed","SporeBomb","UltimateShortwave","DC+1","PowerUp+1","MysteriousBeam+1"],"relics":["MiniHakkero","NeowsBlessing","Girya","reliquary:PurpleTingedLeaf","Question Card","reliquary:RosewoodLute","Black Star","Orichalcum"],"acts_visited":["Exordium","TheCity"],"potions_floor_usage":[],"damage_taken":[{"damage":0.0,"enemies":"Cultist","floor":1.0,"turns":1.0},{"damage":0.0,"enemies":"Jaw Worm","floor":2.0,"turns":1.0},{"damage":0.0,"enemies":"2 Louse","floor":3.0,"turns":1.0},{"damage":6.0,"enemies":"Exordium Thugs","floor":4.0,"turns":3.0},{"damage":22.0,"enemies":"Lagavulin","floor":7.0,"turns":4.0},{"damage":5.0,"enemies":"Looter","floor":10.0,"turns":2.0},{"damage":0.0,"enemies":"Exordium Wildlife","floor":12.0,"turns":2.0},{"damage":22.0,"enemies":"Gremlin Nob","floor":14.0,"turns":4.0},{"damage":0.0,"enemies":"Slime Boss","floor":16.0,"turns":4.0},{"damage":13.0,"enemies":"3 Byrds","floor":18.0,"turns":5.0},{"damage":0.0,"enemies":"Spheric Guardian","floor":19.0,"turns":2.0},{"damage":26,"enemies":"Centurion and Healer","floor":21,"turns":5},{"damage":0,"enemies":"3 Cultists","floor":22,"turns":1}],"seed_played":"-134412251195310653","potions_obtained":[{"floor":3.0,"key":"bronze:BurnAndBuffPotion"},{"floor":4.0,"key":"FearPotion"},{"floor":7.0,"key":"FearPotion"},{"floor":14.0,"key":"Swift Potion"},{"floor":14.0,"key":"Milkshake"},{"floor":21,"key":"LiquidMemories"}],"is_trial":false,"path_per_floor":["M","M","M","M","?","R","E","R","T","M","$","M","$","E","R","B",null,"M","M","$","M","M"],"character_chosen":"MARISA","items_purchased":["Question Card","WitchOfGreed","Orichalcum"],"campfire_rested":0,"item_purchase_floors":[11,13,20],"current_hp_per_floor":[75,75,75,69,69,69,47,47,47,43,43,44,44,23,23,25,75,63,64,64,39,39,39],"gold":102,"neow_bonus":"THREE_ENEMY_KILL","is_daily":false,"chose_seed":false,"campfire_upgraded":1,"win_rate":0.0,"timestamp":1613114203,"path_taken":["M","M","M","?","?","R","E","R","T","M","$","M","?","E","R","BOSS","M","M","$","M","M"],"items_purchased_type":["Relic","Card","Relic"],"build_version":"2020-12-18","purchased_purges":0,"victory":false,"max_hp_per_floor":[75,75,75,75,75,75,75,75,75,75,75,75,75,75,75,75,75,75,75,75,75,75,75],"relic_stats":{"counters":[13,35],"Black Star":0,"Orichalcum":[18],"Question Card":6,"obtain_stats":[{"Girya":7,"NeowsBlessing":0,"Black Star":17,"MiniHakkero":0,"reliquary:RosewoodLute":14,"Orichalcum":20,"Question Card":11,"reliquary:PurpleTingedLeaf":9},{"Girya":5,"NeowsBlessing":0,"Black Star":9,"MiniHakkero":0,"reliquary:RosewoodLute":8,"Orichalcum":11,"Question Card":6,"reliquary:PurpleTingedLeaf":5},{"Girya":10,"NeowsBlessing":0,"Black Star":22,"MiniHakkero":0,"reliquary:RosewoodLute":18,"Orichalcum":29,"Question Card":12,"reliquary:PurpleTingedLeaf":10}]},"card_choices":[{"not_picked":["UnstableBomb","6A"],"picked":"MysteriousBeam","floor":1.0},{"not_picked":["ShootTheMoon","ChargingUp"],"picked":"MilkyWay","floor":2.0},{"not_picked":["UnstableBomb","MysteriousBeam"],"picked":"IllusionStar","floor":3.0},{"not_picked":["GrandCross","MilkyWay"],"picked":"Robbery","floor":4.0},{"not_picked":["DarkSpark","PulseMagic"],"picked":"CasketOfStar","floor":7.0},{"not_picked":["OortCloud","MysteriousBeam"],"picked":"GalacticHalo","floor":10.0},{"not_picked":["BlazeAway","WitchLeyline","SuperPerseids"],"picked":"Acceleration","floor":12.0},{"not_picked":["ShootTheMoon","UnstableBomb","WitchLeyline"],"picked":"SporeBomb","floor":14.0},{"not_picked":["EscapeVelocity","BinaryStars","SuperNova"],"picked":"UltimateShortwave","floor":16.0},{"not_picked":["WitchLeyline","AlicesGift","GalacticHalo"],"picked":"DC+1","floor":18.0},{"not_picked":["IllusionStar","GrandCross","ManaConvection"],"picked":"PowerUp+1","floor":19.0},{"not_picked":["GravityBeat","DC","AsteroidBelt"],"picked":"MysteriousBeam+1","floor":21}],"player_experience":274830,"relics_obtained":[{"floor":7.0,"key":"Girya"},{"floor":9.0,"key":"reliquary:PurpleTingedLeaf"},{"floor":14.0,"key":"reliquary:RosewoodLute"}],"event_choices":[{"damage_healed":0.0,"max_hp_gain":0.0,"max_hp_loss":0.0,"gold_gain":0.0,"event_name":"Upgrade Shrine","player_choice":"Upgraded","floor":5.0,"gold_loss":0.0,"damage_taken":0.0,"cards_upgraded":["MysteriousBeam"]}],"is_beta":true,"boss_relics":[{"not_picked":["Replay:Wanted Poster","ExperimentalFamiliar"],"picked":"Black Star"}],"items_purged_floors":[],"is_endless":false,"potions_floor_spawned":[3,4,7,14,21],"killed_by":"3 Cultists","ascension_level":0}}