{"host":"5m2js577gj4e7pak","time":1613135894,"event":{"mods":["AchievementEnabler","BaseMod","Better Match","Better Note","Better Third Choice","BetterRewards","Colored Map","Colored Powertips","Highlight Path","Lobotomy","LobotomyExtend","Minty Spire (QoL Compilation)","Quick Restart","Relic Filter","Spicy Shops","StSLib"],"gold_per_floor":[369,369,431,431,442,442,442,474,497,497,497,529,529,529,529,529,529],"floor_reached":16,"language":"ENG","playtime":381,"items_purged":[],"score":135,"play_id":"ecf8d23b-c03c-496e-af7b-0ab4467f5b86","local_time":"20210212141814","is_ascension_mode":true,"campfire_choices":[],"circlet_count":0,"master_deck":["BigBird","SpecialBullet","SpecialBullet","SpecialBullet","SpecialBullet","SpecialBullet","SpecialBullet","SpecialBullet","SpecialBullet","ControlCode","InformationCode","SecurityCode","Decay","Mercenary","Noise","Die Die Die+1","Regret","RedEyes","Diffraction","Woodsman","Harvest"],"relics":["CogitoBucket","LetterFromLob","FossilizedHelix","Peace Pipe","PreservedInsect","Ancient Tea Set","Ginger","Torii","Lamp_r"],"acts_visited":["Exordium"],"potions_floor_usage":[12],"damage_taken":[{"damage":11,"enemies":"Jaw Worm","floor":1,"turns":2},{"damage":7,"enemies":"Small Slimes","floor":5,"turns":2},{"damage":42,"enemies":"3 Sentries","floor":8,"turns":6},{"damage":0,"enemies":"Gremlin Nob","floor":12,"turns":2},{"damage":54,"enemies":"Hexaghost","floor":16,"turns":9}],"seed_played":"-6112826189617704928","potions_obtained":[{"floor":8,"key":"AttackPotion"}],"is_trial":false,"path_per_floor":["M","?","?","?","M","R","?","E","T","R","T","E","M","?","R","B"],"character_chosen":"Angela","items_purchased":[],"campfire_rested":0,"item_purchase_floors":[],"current_hp_per_floor":[67,58,58,58,59,59,67,33,33,33,33,48,48,48,48,0,0],"gold":529,"neow_bonus":"TWO_FIFTY_GOLD","is_daily":false,"chose_seed":false,"campfire_upgraded":0,"win_rate":0.0,"timestamp":1613135894,"path_taken":["M","?","?","?","M","R","?","E","T","R","?","E","M","?","R","BOSS"],"items_purchased_type":[],"build_version":"2020-12-22","purchased_purges":0,"victory":false,"max_hp_per_floor":[70,70,70,70,70,70,70,70,70,70,70,70,70,70,70,70,70],"card_choices":[{"not_picked":["SpiderBud","PunishingBird"],"picked":"Mercenary","floor":1},{"not_picked":["Heaven"],"picked":"Noise","floor":1},{"not_picked":["FourthMatchFlame"],"picked":"RedEyes","floor":5},{"not_picked":["Variant","OSAHOGD"],"picked":"BigBird","floor":8},{"not_picked":["Lantern"],"picked":"Diffraction","floor":8},{"not_picked":["Yin","CrumblingArmor"],"picked":"Woodsman","floor":12},{"not_picked":["LifeForTheDareDevil"],"picked":"Harvest","floor":12}],"player_experience":70665,"relics_obtained":[{"floor":1,"key":"LetterFromLob"},{"floor":8,"key":"PreservedInsect"},{"floor":9,"key":"Ancient Tea Set"},{"floor":11,"key":"Ginger"},{"floor":12,"key":"Torii"}],"event_choices":[{"damage_healed":0,"gold_gain":62,"player_choice":"Gained Gold","damage_taken":0,"max_hp_gain":0,"max_hp_loss":0,"event_name":"Golden Wing","floor":3,"gold_loss":0},{"damage_healed":0,"gold_gain":0,"player_choice":"Box","damage_taken":0,"relics_obtained":["Peace Pipe"],"max_hp_gain":0,"max_hp_loss":0,"event_name":"Big Fish","floor":4,"gold_loss":0,"cards_obtained":["Regret"]}],"is_beta":false,"boss_relics":[],"items_purged_floors":[],"is_endless":false,"potions_floor_spawned":[8],"killed_by":"Hexaghost","ascension_level":1}}