{"host":"d52brwsy6af8zvaq","time":1613151349,"event":{"mods":["AchievementEnabler","BaseMod","Bestiary","Highlight Path","Minty Spire (QoL Compilation)","Quick Restart","Relic Stats","ojb\u0027s Better Paths Mod"],"gold_per_floor":[113,113,127,71,71,71,101,115,115,145,162,162,37,81,81,81,81],"floor_reached":16,"language":"ENG","playtime":799,"items_purged":["Strike_B"],"score":236,"play_id":"de09c35a-b731-4296-ae1a-7bacf223abf4","local_time":"20210212103549","is_ascension_mode":true,"campfire_choices":[{"data":"Streamline","floor":6.0,"key":"SMITH"},{"floor":15,"key":"REST"}],"circlet_count":0,"master_deck":["AscendersBane","Strike_B","Strike_B","Strike_B","Defend_B","Defend_B","Defend_B","Defend_B","Zap","Dualcast","Panacea","Sweeping Beam","Rebound","Streamline+1","Chill","Cold Snap","Static Discharge","Loop","Hologram","Lockon"],"relics":["Cracked Core","Mummified Hand","Anchor","Golden Idol","Boot"],"acts_visited":["Exordium"],"potions_floor_usage":[],"damage_taken":[{"damage":2.0,"enemies":"2 Louse","floor":1.0,"turns":4.0},{"damage":7.0,"enemies":"Jaw Worm","floor":3.0,"turns":3.0},{"damage":8.0,"enemies":"Gremlin Nob","floor":7.0,"turns":3.0},{"damage":0.0,"enemies":"Small Slimes","floor":8.0,"turns":2.0},{"damage":3.0,"enemies":"3 Sentries","floor":10.0,"turns":3.0},{"damage":4.0,"enemies":"Gremlin Gang","floor":11.0,"turns":4.0},{"damage":26,"enemies":"Gremlin Nob","floor":14,"turns":4},{"damage":36,"enemies":"The Guardian","floor":16,"turns":6}],"seed_played":"8666810051120704824","potions_obtained":[{"floor":1.0,"key":"LiquidMemories"},{"floor":7.0,"key":"PowerPotion"},{"floor":14,"key":"Ancient Potion"}],"is_trial":false,"path_per_floor":["M","?","M","$","?","R","E","M","T","E","M","?","$","E","R","B"],"character_chosen":"DEFECT","items_purchased":["Streamline","Hologram"],"campfire_rested":1,"item_purchase_floors":[4,13],"current_hp_per_floor":[62,62,55,55,55,55,47,47,47,44,40,40,40,14,33,0,0],"gold":81,"neow_bonus":"RANDOM_COLORLESS","is_daily":false,"chose_seed":false,"campfire_upgraded":1,"win_rate":0.0,"timestamp":1613151349,"path_taken":["M","?","M","$","?","R","E","M","T","E","M","?","?","E","R","BOSS"],"items_purchased_type":["Card","Card"],"build_version":"2020-12-22","purchased_purges":1,"victory":false,"max_hp_per_floor":[71,71,71,71,71,71,71,71,71,71,71,64,64,64,64,64,64],"relic_stats":{"counters":[8,29],"Mummified Hand":[6],"Golden Idol":9,"Boot":[0],"obtain_stats":[{"Anchor":10,"Mummified Hand":7,"Golden Idol":12,"Cracked Core":0,"Boot":14},{"Anchor":5,"Mummified Hand":3,"Golden Idol":6,"Cracked Core":0,"Boot":7},{"Anchor":15,"Mummified Hand":10,"Golden Idol":19,"Cracked Core":0,"Boot":23}]},"card_choices":[{"not_picked":["Flash of Steel","PanicButton"],"picked":"Panacea","floor":0.0},{"not_picked":["Rebound","Lockon"],"picked":"Sweeping Beam","floor":1.0},{"not_picked":["Gash","Hello World"],"picked":"Rebound","floor":3.0},{"not_picked":["Genetic Algorithm","Compile Driver"],"picked":"Chill","floor":7.0},{"not_picked":["Turbo","Go for the Eyes"],"picked":"Cold Snap","floor":8.0},{"not_picked":["Turbo","Sweeping Beam"],"picked":"Static Discharge","floor":10.0},{"not_picked":["Heatsinks","Rainbow"],"picked":"Loop","floor":11},{"not_picked":["Turbo","Stack"],"picked":"Lockon","floor":14}],"player_experience":2239811,"relics_obtained":[{"floor":7.0,"key":"Mummified Hand"},{"floor":10.0,"key":"Anchor"},{"floor":14,"key":"Boot"}],"event_choices":[{"damage_healed":0.0,"max_hp_gain":0.0,"max_hp_loss":0.0,"gold_gain":0.0,"event_name":"The Cleric","player_choice":"Leave","floor":2.0,"gold_loss":0.0,"damage_taken":0.0},{"damage_healed":0.0,"max_hp_gain":0.0,"max_hp_loss":0.0,"gold_gain":0.0,"event_name":"Liars Game","player_choice":"Ignored","floor":5.0,"gold_loss":0.0,"damage_taken":0.0},{"damage_healed":0,"gold_gain":0,"player_choice":"Lose Max HP","damage_taken":0,"relics_obtained":["Golden Idol"],"max_hp_gain":0,"max_hp_loss":7,"event_name":"Golden Idol","floor":12,"gold_loss":0}],"is_beta":false,"boss_relics":[],"items_purged_floors":[13],"is_endless":false,"potions_floor_spawned":[1,7,14],"killed_by":"The Guardian","ascension_level":20}}