{"host":"7qmclr78zvlntuh5","time":1613090004,"event":{"mods":["BaseMod","Minty Spire (QoL Compilation)","Replay The Spire","StSLib"],"gold_per_floor":[124,136,148,179,205,245,257,302,314,326,338,350,400,425,437,570,582,607,639,316,316,335,335,676,690,743,781,802,802,802],"floor_reached":29,"language":"ENG","playtime":2020,"items_purged":["Injury"],"score":365,"play_id":"979589b5-06ba-4269-bb87-9af6ef7ddd34","local_time":"20210211193324","is_ascension_mode":true,"campfire_choices":[{"data":"Genetic Algorithm","floor":7,"key":"SMITH"},{"floor":11,"key":"REST"},{"data":"Mirror Shield","floor":23,"key":"SMITH"}],"circlet_count":0,"master_deck":["Strike_B","Strike_B","Strike_B","Strike_B","Defend_B","Defend_B","Defend_B","Defend_B","Zap+1","Dualcast","Sweeping Beam","Genetic Algorithm+1","Doom and Gloom","Ball Lightning","Capacitor+1","Undo","Mirror Shield+1","Core Surge","Leap","Leap","BootSequence"],"relics":["Cracked Core","MawBank","Omamori","Calipers","Quantum Egg","Golden Idol","ReplayTheSpireMod:TigerMarble","Replay:Ancient Bell","DataDisk","Replay:Bottled Snecko","WingedGreaves","White Beast Statue","Old Coin","Prayer Wheel","Matryoshka"],"acts_visited":["Exordium","TheCity"],"potions_floor_usage":[6,22,24,25,25,27,28],"damage_taken":[{"damage":2,"enemies":"Jaw Worm","floor":1,"turns":3},{"damage":0,"enemies":"2 Louse","floor":4,"turns":2},{"damage":1,"enemies":"Cultist","floor":5,"turns":3},{"damage":20,"enemies":"Lagavulin","floor":6,"turns":7},{"damage":27,"enemies":"3 Sentries","floor":8,"turns":6},{"damage":27,"enemies":"Gremlin Nob","floor":13,"turns":4},{"damage":0,"enemies":"Exordium Wildlife","floor":14,"turns":4},{"damage":33,"enemies":"The Guardian","floor":16,"turns":8},{"damage":26,"enemies":"Shell Parasite","floor":18,"turns":5},{"damage":0,"enemies":"Spheric Guardian","floor":19,"turns":3},{"damage":12,"enemies":"3 Cultists","floor":22,"turns":4},{"damage":7,"enemies":"Book of Stabbing","floor":24,"turns":5},{"damage":8,"enemies":"Sentry and Sphere","floor":25,"turns":5},{"damage":14,"enemies":"Replay:Snechameleon","floor":27,"turns":6},{"damage":1,"enemies":"Cultist and Chosen","floor":28,"turns":5},{"damage":1,"enemies":"Masked Bandits","floor":29,"turns":3}],"seed_played":"1158098518854579135","potions_obtained":[{"floor":5,"key":"Adrenaline Potion"},{"floor":8,"key":"SpeedPotion"},{"floor":13,"key":"Milkshake"},{"floor":14,"key":"SteroidPotion"},{"floor":19,"key":"Swift Potion"},{"floor":22,"key":"Languid Potion"},{"floor":24,"key":"Elixir"},{"floor":25,"key":"FocusPotion"},{"floor":27,"key":"Fire Potion"},{"floor":28,"key":"Dexterity Potion"}],"is_trial":false,"path_per_floor":["M","?","$","M","M","E","R","E","T","?","R","$","E","M","R","B",null,"M","M","$","?","M","R","E","M","T","E","M","?"],"character_chosen":"DEFECT","items_purchased":["White Beast Statue"],"campfire_rested":1,"item_purchase_floors":[20],"current_hp_per_floor":[73,73,73,73,72,52,52,25,25,25,45,45,18,18,38,5,69,43,43,43,43,31,31,24,16,16,2,1,0,0],"gold":802,"neow_bonus":"RANDOM_COMMON_RELIC","is_daily":false,"chose_seed":false,"campfire_upgraded":2,"win_rate":0.0,"timestamp":1613090004,"path_taken":["M","?","$","M","M","E","R","E","T","?","R","?","E","M","R","BOSS","M","M","$","?","M","R","E","M","T","E","?","?"],"items_purchased_type":["Relic"],"build_version":"2020-12-22","purchased_purges":1,"victory":false,"max_hp_per_floor":[75,75,75,75,75,75,75,75,75,69,69,69,69,69,69,69,69,69,69,69,69,69,69,69,69,69,69,69,69,69],"card_choices":[{"not_picked":["Force Field","ReplaySolidLightProjector"],"picked":"Sweeping Beam","floor":1},{"not_picked":["Hologram","Sweeping Beam","BasicCrystalCard"],"picked":"SKIP","floor":4},{"not_picked":["ReplaySort","Cold Snap"],"picked":"Genetic Algorithm","floor":5},{"not_picked":["Sweeping Beam","Aggregate"],"picked":"Doom and Gloom","floor":6},{"not_picked":["Fusion","Turbo"],"picked":"Ball Lightning","floor":8},{"not_picked":["Compile Driver","Barrage"],"picked":"Capacitor","floor":13},{"not_picked":["Chill","Sunder"],"picked":"Undo","floor":14},{"not_picked":["Buffer","Machine Learning"],"picked":"Mirror Shield","floor":16},{"not_picked":["Looming Evil","Languid"],"picked":"Doubt","floor":17},{"not_picked":["Regret","Replay:Hysterical Blindness"],"picked":"Doubt","floor":17},{"not_picked":["Amnesia","AbeCurse"],"picked":"Injury","floor":17},{"not_picked":["Panic Button","Conserve Battery"],"picked":"Core Surge","floor":18},{"not_picked":["Ball Lightning+1","Gash"],"picked":"Leap","floor":19},{"not_picked":["Gash","Steam","Chaos"],"picked":"SKIP","floor":22},{"not_picked":["Rip and Tear","Hyperbeam","Barrage"],"picked":"SKIP","floor":24},{"not_picked":["Barrage","Ball Lightning","Crystallizer"],"picked":"SKIP","floor":25},{"not_picked":["Thunder Strike","Lockon+1"],"picked":"Leap","floor":27},{"not_picked":["Steam","Beam Cell"],"picked":"BootSequence","floor":28},{"not_picked":["Streamline","Barrage+1","Sweeping Beam"],"picked":"SKIP","floor":28}],"player_experience":124394,"relics_obtained":[{"floor":6,"key":"Omamori"},{"floor":8,"key":"Calipers"},{"floor":9,"key":"Quantum Egg"},{"floor":13,"key":"ReplayTheSpireMod:TigerMarble"},{"floor":24,"key":"Old Coin"},{"floor":27,"key":"Matryoshka"}],"event_choices":[{"damage_healed":0,"gold_gain":0,"player_choice":"Lose Max HP","damage_taken":0,"relics_obtained":["Golden Idol"],"max_hp_gain":0,"max_hp_loss":6,"event_name":"Golden Idol","floor":10,"gold_loss":0},{"damage_healed":0,"gold_gain":0,"player_choice":"Bought 0 Potions","damage_taken":0,"max_hp_gain":0,"max_hp_loss":0,"event_name":"The Woman in Blue","floor":21,"gold_loss":0},{"damage_healed":0,"gold_gain":0,"player_choice":"Fought Bandits","damage_taken":0,"max_hp_gain":0,"max_hp_loss":0,"event_name":"Masked Bandits","floor":29,"gold_loss":0}],"is_beta":false,"boss_relics":[{"not_picked":["Cursed Key","ChewingGum"],"picked":"Replay:Ancient Bell"},{"not_picked":["Simple Rune","Bronze Scales"],"picked":"DataDisk"},{"not_picked":["Darkstone Periapt","Shuriken"],"picked":"Replay:Bottled Snecko"},{"not_picked":["Emotion Chip","Peace Pipe"],"picked":"WingedGreaves"}],"items_purged_floors":[20],"is_endless":false,"potions_floor_spawned":[5,8,13,14,19,22,24,25,27,28],"killed_by":"Masked Bandits","ascension_level":4}}