{"host":"88sw61cmk1203zgj","time":1613173967,"event":{"mods":["BaseMod","Minty Spire (QoL Compilation)"],"gold_per_floor":[110,35,55,55,71,71,105,105,105,119,134,152,180,28,28,101,101,121,139,139,139,139,139],"floor_reached":22,"language":"ENG","playtime":874,"items_purged":["Writhe"],"score":343,"play_id":"fc721646-842a-449e-beb6-4c27c2194b18","local_time":"20210212185247","is_ascension_mode":true,"campfire_choices":[{"data":"Uppercut","floor":6.0,"key":"SMITH"},{"data":"Twin Strike","floor":8.0,"key":"SMITH"},{"data":"Immolate","floor":15.0,"key":"SMITH"}],"circlet_count":0,"master_deck":["AscendersBane","Strike_R","Strike_R","Strike_R","Strike_R","Defend_R","Defend_R","Defend_R","Defend_R","Bash","Uppercut+1","Twin Strike+1","Exhume","Evolve","Dropkick","Pommel Strike","Anger","Immolate+1","Impervious","Decay"],"relics":["Burning Blood","Unceasing Top","Kunai","PreservedInsect","Mango","Red Skull","Runic Cube","Nilry\u0027s Codex"],"acts_visited":["Exordium","TheCity"],"potions_floor_usage":[22],"damage_taken":[{"damage":7.0,"enemies":"2 Louse","floor":1.0,"turns":3.0},{"damage":6.0,"enemies":"Cultist","floor":3.0,"turns":3.0},{"damage":2.0,"enemies":"Small Slimes","floor":5.0,"turns":4.0},{"damage":20.0,"enemies":"Gremlin Nob","floor":7.0,"turns":4.0},{"damage":9.0,"enemies":"Looter","floor":10.0,"turns":3.0},{"damage":6.0,"enemies":"Exordium Wildlife","floor":11.0,"turns":4.0},{"damage":10.0,"enemies":"Gremlin Gang","floor":12.0,"turns":3.0},{"damage":19.0,"enemies":"3 Sentries","floor":13.0,"turns":7.0},{"damage":36.0,"enemies":"Slime Boss","floor":16.0,"turns":9.0},{"damage":17.0,"enemies":"Spheric Guardian","floor":18.0,"turns":4.0},{"damage":31.0,"enemies":"Chosen","floor":19.0,"turns":5.0},{"damage":20,"enemies":"Snake Plant","floor":22,"turns":2}],"seed_played":"-2778605862133732413","potions_obtained":[{"floor":3.0,"key":"Swift Potion"},{"floor":11.0,"key":"PowerPotion"},{"floor":13.0,"key":"Block Potion"},{"floor":19.0,"key":"Strength Potion"}],"is_trial":false,"path_per_floor":["M","$","M","?","M","R","E","R","T","M","M","M","E","$","R","B",null,"M","M","?","?","M"],"character_chosen":"IRONCLAD","items_purchased":["Red Skull"],"campfire_rested":0,"item_purchase_floors":[14],"current_hp_per_floor":[67,67,67,67,71,71,57,57,57,54,54,50,51,51,51,21,72,61,36,15,15,0,0],"gold":139,"neow_bonus":"ONE_RARE_RELIC","is_daily":false,"chose_seed":false,"campfire_upgraded":3,"win_rate":0.0,"timestamp":1613173967,"path_taken":["M","$","M","?","M","R","E","R","T","M","?","M","E","?","R","BOSS","M","M","?","?","M"],"items_purchased_type":["Relic"],"build_version":"2020-12-22","purchased_purges":1,"victory":false,"max_hp_per_floor":[75,75,75,75,75,75,75,75,75,75,75,75,89,89,89,89,89,89,89,89,89,89,89],"card_choices":[{"not_picked":["Searing Blow","Body Slam"],"picked":"Uppercut","floor":1.0},{"not_picked":["Wild Strike","Pummel"],"picked":"Twin Strike","floor":3.0},{"not_picked":["Whirlwind","Clash"],"picked":"Evolve","floor":5.0},{"not_picked":["Headbutt","Brutality"],"picked":"Dropkick","floor":7.0},{"not_picked":["Uppercut","Heavy Blade"],"picked":"Pommel Strike","floor":10.0},{"not_picked":["Armaments","Rage"],"picked":"Anger","floor":11.0},{"not_picked":["Headbutt","Body Slam","Pommel Strike"],"picked":"SKIP","floor":12.0},{"not_picked":["Anger","Wild Strike"],"picked":"Immolate","floor":13.0},{"not_picked":["Barricade","Corruption"],"picked":"Impervious","floor":16.0},{"not_picked":["Sword Boomerang+1","Perfected Strike+1","Blood for Blood"],"picked":"SKIP","floor":18.0},{"not_picked":["Warcry","Whirlwind","Perfected Strike"],"picked":"SKIP","floor":19.0}],"player_experience":1593267,"relics_obtained":[{"floor":7.0,"key":"Kunai"},{"floor":9.0,"key":"PreservedInsect"},{"floor":13.0,"key":"Mango"},{"floor":20.0,"key":"Nilry\u0027s Codex"}],"event_choices":[{"damage_healed":0.0,"max_hp_gain":0.0,"max_hp_loss":0.0,"gold_gain":0.0,"cards_transformed":["Strike_R"],"event_name":"Transmorgrifier","player_choice":"Transformed","floor":4.0,"gold_loss":0.0,"damage_taken":0.0,"cards_obtained":["Exhume"]},{"damage_healed":0.0,"max_hp_gain":0.0,"max_hp_loss":0.0,"gold_gain":0.0,"event_name":"Cursed Tome","player_choice":"Obtained Book","floor":20.0,"gold_loss":0.0,"damage_taken":21.0},{"damage_healed":0.0,"max_hp_gain":0.0,"max_hp_loss":0.0,"gold_gain":0.0,"event_name":"Forgotten Altar","player_choice":"Smashed Altar","floor":21.0,"gold_loss":0.0,"damage_taken":0.0,"cards_obtained":["Decay"]}],"is_beta":false,"boss_relics":[{"not_picked":["Busted Crown","Fusion Hammer"],"picked":"Runic Cube"}],"items_purged_floors":[2],"is_endless":false,"potions_floor_spawned":[3,11,13,19],"killed_by":"Snake Plant","ascension_level":15}}