{"host":"znvnxllcillb3rtw","time":1613107348,"event":{"mods":["BaseMod","DeckTracker","Minty Spire (QoL Compilation)","Relic Stats","StSLib","SuperFastMode","everything is the same but u backflip on backflip"],"gold_per_floor":[114,389,402,419,435,435,447,447,447],"floor_reached":8,"language":"KOR","playtime":303,"items_purged":[],"score":100,"play_id":"0264ac87-e49e-4449-b4c4-55403de277cc","local_time":"20210212142228","is_ascension_mode":true,"campfire_choices":[{"data":"Setup","floor":6.0,"key":"SMITH"}],"circlet_count":0,"master_deck":["AscendersBane","Strike_G","Strike_G","Strike_G","Strike_G","Strike_G","Defend_G","Defend_G","Defend_G","Defend_G","Defend_G","Survivor","Neutralize","Poisoned Stab","Regret","Calculated Gamble","Masterful Stab","Setup+1","Footwork"],"relics":["Ring of the Snake","NeowsBlessing"],"acts_visited":["Exordium"],"potions_floor_usage":[8],"damage_taken":[{"damage":0.0,"enemies":"Jaw Worm","floor":1.0,"turns":1.0},{"damage":0.0,"enemies":"Cultist","floor":3.0,"turns":1.0},{"damage":0.0,"enemies":"2 Louse","floor":4.0,"turns":1.0},{"damage":11.0,"enemies":"Blue Slaver","floor":5.0,"turns":4.0},{"damage":14.0,"enemies":"Gremlin Gang","floor":7.0,"turns":5.0},{"damage":41,"enemies":"Lagavulin","floor":8,"turns":11}],"seed_played":"-5571355745133242089","potions_obtained":[{"floor":1.0,"key":"GhostInAJar"},{"floor":3.0,"key":"LiquidMemories"}],"is_trial":false,"path_per_floor":["M","?","M","M","M","R","M","E"],"character_chosen":"THE_SILENT","items_purchased":[],"campfire_rested":0,"item_purchase_floors":[],"current_hp_per_floor":[59,59,59,59,48,48,34,0,0],"gold":447,"neow_bonus":"THREE_ENEMY_KILL","is_daily":false,"chose_seed":false,"campfire_upgraded":1,"win_rate":0.0,"timestamp":1613107348,"path_taken":["M","?","M","M","M","R","M","E"],"items_purchased_type":[],"build_version":"2020-12-22","purchased_purges":0,"victory":false,"max_hp_per_floor":[66,66,66,66,66,66,66,66,66],"relic_stats":{"counters":[6,23],"obtain_stats":[{"NeowsBlessing":0,"Ring of the Snake":0},{"NeowsBlessing":0,"Ring of the Snake":0},{"NeowsBlessing":0,"Ring of the Snake":0}],"Ring of the Snake":[12]},"card_choices":[{"not_picked":["Concentrate","Caltrops"],"picked":"Poisoned Stab","floor":1.0},{"not_picked":["Outmaneuver","Prepared"],"picked":"Calculated Gamble","floor":3.0},{"not_picked":["Infinite Blades","Dash"],"picked":"Masterful Stab","floor":4.0},{"not_picked":["Backflip","Dash"],"picked":"Setup","floor":5.0},{"not_picked":["Flying Knee","Bane"],"picked":"Footwork","floor":7.0}],"player_experience":2895468,"relics_obtained":[],"event_choices":[{"damage_healed":0.0,"max_hp_gain":0.0,"max_hp_loss":0.0,"gold_gain":275.0,"event_name":"Golden Shrine","player_choice":"Desecrate","floor":2.0,"gold_loss":0.0,"damage_taken":0.0,"cards_obtained":["Regret"]}],"is_beta":false,"boss_relics":[],"items_purged_floors":[],"is_endless":false,"potions_floor_spawned":[1,3,5],"killed_by":"Lagavulin","ascension_level":20}}