{"host":"neeznpvpgo0qgfkd","time":1613169003,"event":{"mods":["AchievementEnabler","BaseMod","BetterRewards","Colored Map","Colored Powertips","Exacting","Minty Spire (QoL Compilation)","Permanent Neow","Quick Restart","Shop Mod"],"gold_per_floor":[115,115,115,126,136,162,9,34,34,81,81,116,116,136,136,234,234,246,246,96,96,96,108,108],"floor_reached":23,"language":"ENG","playtime":1312,"items_purged":[],"score":302,"play_id":"84d8b580-3394-4945-b076-c27edee52856","local_time":"20210212173003","is_ascension_mode":true,"campfire_choices":[{"floor":13.0,"key":"REST"},{"floor":15.0,"key":"REST"}],"circlet_count":0,"master_deck":["Strike_R","Strike_R","Strike_R","Strike_R","Strike_R","Defend_R","Defend_R","Defend_R","Defend_R","Bash","Inflame+1","Whirlwind","Pommel Strike","Cleave","Flex","Bloodletting","Barricade","Cleave","Mind Blast","Clash","Juggernaut","Entrench"],"relics":["Burning Blood","OrangePellets","Juzu Bracelet","Charon\u0027s Ashes","Omamori","WarpedTongs","Ginger","Membership Card","Unceasing Top","Calipers","Thread and Needle","Busted Crown","Ice Cream","MawBank"],"acts_visited":["Exordium","TheCity"],"potions_floor_usage":[16,16],"damage_taken":[{"damage":6.0,"enemies":"Cultist","floor":1.0,"turns":3.0},{"damage":6.0,"enemies":"2 Louse","floor":4.0,"turns":3.0},{"damage":19.0,"enemies":"Jaw Worm","floor":5.0,"turns":3.0},{"damage":30.0,"enemies":"3 Sentries","floor":6.0,"turns":5.0},{"damage":24.0,"enemies":"Gremlin Nob","floor":8.0,"turns":4.0},{"damage":3.0,"enemies":"3 Sentries","floor":10.0,"turns":4.0},{"damage":9.0,"enemies":"Lots of Slimes","floor":12.0,"turns":2.0},{"damage":7.0,"enemies":"Looter","floor":14.0,"turns":2.0},{"damage":48,"enemies":"Hexaghost","floor":16,"turns":7},{"damage":0,"enemies":"Spheric Guardian","floor":18,"turns":3},{"damage":60,"enemies":"Book of Stabbing","floor":23,"turns":5}],"seed_played":"-1120021912086138011","potions_obtained":[{"floor":1.0,"key":"Dexterity Potion"},{"floor":4.0,"key":"Ancient Potion"},{"floor":5.0,"key":"SpeedPotion"},{"floor":10.0,"key":"GamblersBrew"}],"is_trial":false,"path_per_floor":["M","?","?","M","M","E","$","E","T","E","?","M","R","M","R","B",null,"M","?","$","?","?","E"],"character_chosen":"IRONCLAD","items_purchased":["OrangePellets","Juzu Bracelet","Omamori","Inflame","Whirlwind","Membership Card","Ice Cream"],"campfire_rested":2,"item_purchase_floors":[0,0,0,0,0,7,20],"current_hp_per_floor":[72,72,72,72,59,35,35,17,17,20,20,17,41,40,64,22,66,72,72,72,57,57,0,0],"gold":108,"neow_bonus":"","is_daily":false,"chose_seed":false,"campfire_upgraded":0,"win_rate":0.0,"timestamp":1613169003,"path_taken":["M","?","?","M","M","E","$","E","T","E","?","M","R","M","R","BOSS","M","?","$","?","?","E"],"items_purchased_type":["Relic","Relic","Relic","Card","Card","Relic","Relic"],"build_version":"2020-12-22","purchased_purges":0,"victory":false,"max_hp_per_floor":[80,80,80,80,80,80,80,80,80,80,80,80,80,80,80,80,80,80,80,80,85,85,85,85],"card_choices":[{"not_picked":["Intimidate","Burning Pact","Body Slam"],"picked":"SKIP","floor":1.0},{"not_picked":["Body Slam","Searing Blow"],"picked":"Pommel Strike","floor":4.0},{"not_picked":["Burning Pact","Blood for Blood"],"picked":"Cleave","floor":5.0},{"not_picked":["Combust","Twin Strike"],"picked":"Flex","floor":6.0},{"not_picked":["Twin Strike","True Grit"],"picked":"Bloodletting","floor":6.0},{"not_picked":["Twin Strike","Havoc"],"picked":"Barricade","floor":8.0},{"not_picked":["Feel No Pain","Seeing Red"],"picked":"Cleave","floor":10.0},{"not_picked":["Entrench","Burning Pact","Heavy Blade"],"picked":"SKIP","floor":12.0},{"not_picked":["Searing Blow","Immolate"],"picked":"Clash","floor":14.0},{"not_picked":["Brutality","Double Tap"],"picked":"Juggernaut","floor":16},{"not_picked":[],"picked":"Entrench","floor":18}],"player_experience":1405336,"relics_obtained":[{"floor":6.0,"key":"Ginger"},{"floor":8.0,"key":"Unceasing Top"},{"floor":9.0,"key":"Calipers"},{"floor":10.0,"key":"Thread and Needle"}],"event_choices":[{"damage_healed":0.0,"max_hp_gain":0.0,"max_hp_loss":0.0,"gold_gain":0.0,"event_name":"Living Wall","player_choice":"Grow","floor":2.0,"gold_loss":0.0,"damage_taken":0.0,"cards_upgraded":["Inflame"]},{"damage_healed":0.0,"max_hp_gain":0.0,"max_hp_loss":0.0,"gold_gain":0.0,"event_name":"Accursed Blacksmith","player_choice":"Rummage","floor":3.0,"gold_loss":0.0,"damage_taken":0.0,"relics_obtained":["WarpedTongs"],"cards_obtained":["Pain"]},{"damage_healed":0.0,"max_hp_gain":0.0,"max_hp_loss":0.0,"gold_gain":0.0,"event_name":"Match and Keep!","player_choice":"1 cards matched","floor":11.0,"gold_loss":0.0,"damage_taken":0.0,"cards_obtained":["Mind Blast"]},{"damage_healed":0,"gold_gain":0,"player_choice":"Ignored","damage_taken":0,"max_hp_gain":0,"max_hp_loss":0,"event_name":"Ghosts","floor":19,"gold_loss":0},{"damage_healed":0,"gold_gain":0,"player_choice":"Shed Blood","damage_taken":20,"max_hp_gain":5,"max_hp_loss":0,"event_name":"Forgotten Altar","floor":21,"gold_loss":0},{"damage_healed":0,"gold_gain":0,"player_choice":"Gave Potion","damage_taken":0,"relics_obtained":["MawBank"],"max_hp_gain":0,"max_hp_loss":0,"event_name":"WeMeetAgain","floor":22,"gold_loss":0}],"is_beta":false,"boss_relics":[{"not_picked":["Fusion Hammer","Philosopher\u0027s Stone"],"picked":"Busted Crown"}],"items_purged_floors":[],"is_endless":false,"potions_floor_spawned":[1,4,5,10],"killed_by":"Book of Stabbing","ascension_level":6}}