{"host":"juvwyqk4ifq614bf","time":1613164529,"event":{"mods":["2.2 Compatiblity","Act Like it!","BaseMod","Better Altar","Better Match","Better Note","Better Sensory Stone","Better Third Choice","ChefMod","Conspire","Ekko","Friendly Minions","GifTheSpireLib","Hubris","Infinite Spire","Minty Spire (QoL Compilation)","Mirrors Mod","Replay The Spire","StSLib","Stuff the Spire","The Alterego","TheVelvet"],"gold_per_floor":[112,36,36,36,46,46,81,81,81,95,112,212,239,250,250,250,250],"floor_reached":16,"language":"ENG","playtime":945,"items_purged":["CommonCold"],"score":168,"play_id":"29055fc7-22f5-4fd5-963d-fb5677b2bdf4","local_time":"20210212221529","is_ascension_mode":true,"campfire_choices":[{"data":"MentalFortress","floor":6,"key":"SMITH"},{"data":"Weave","floor":8,"key":"SMITH"},{"data":"EmptyFist","floor":15,"key":"SMITH"}],"circlet_count":0,"master_deck":["Strike_P+1","Strike_P","Strike_P","Strike_P+1","Defend_P","Defend_P","Defend_P","Defend_P","Eruption","Vigilance","MentalFortress+1","Adaptation","Weave+1","InnerPeace","Scrawl","Indignation","EmptyFist+1"],"relics":["PureWater","NeowsBlessing","ReplayTheSpireMod:CursedCoin","StuffTheSpire:Experiment12","hubris:Towel","infinitespire:EmpoweringShard","Anchor","Pear"],"acts_visited":["Exordium"],"potions_floor_usage":[11,13],"damage_taken":[{"damage":0,"enemies":"2 Louse","floor":1,"turns":1},{"damage":0,"enemies":"Small Slimes","floor":5,"turns":1},{"damage":0,"enemies":"3 Sentries","floor":7,"turns":1},{"damage":0,"enemies":"Cultist","floor":10,"turns":3},{"damage":0,"enemies":"3 Louse","floor":11,"turns":1},{"damage":0,"enemies":"Lagavulin","floor":13,"turns":6},{"damage":13,"enemies":"Red Slaver","floor":14,"turns":4},{"damage":55,"enemies":"Slime Boss","floor":16,"turns":8}],"seed_played":"-8088451163615132471","potions_obtained":[{"floor":7,"key":"Toxic Potion"},{"floor":10,"key":"ColorlessPotion"},{"floor":11,"key":"BottledMiracle"}],"is_trial":false,"path_per_floor":["M","$","?","?","M","R","E","R","T","M","M","?","E","M","R","B"],"character_chosen":"WATCHER","items_purchased":["ReplayTheSpireMod:CursedCoin","StuffTheSpire:Experiment12"],"campfire_rested":0,"item_purchase_floors":[2,2],"current_hp_per_floor":[72,72,58,58,58,58,58,58,58,58,58,58,68,55,55,0,0],"gold":250,"neow_bonus":"THREE_ENEMY_KILL","is_daily":false,"chose_seed":false,"campfire_upgraded":3,"win_rate":0.0,"timestamp":1613164529,"path_taken":["M","$","?","?","M","R","E","R","T","M","M","?","E","?","R","BOSS"],"items_purchased_type":["Relic","Relic"],"build_version":"2020-12-22","purchased_purges":1,"victory":false,"max_hp_per_floor":[72,72,72,72,72,72,72,72,72,72,72,72,82,82,82,82,82],"card_choices":[{"not_picked":["Replay:BluntJabs","EmptyFist"],"picked":"MentalFortress","floor":1},{"not_picked":["Replay:AtTheReady","Replay:Hum"],"picked":"Adaptation","floor":5},{"not_picked":["PathToVictory","Protect"],"picked":"Weave","floor":7},{"not_picked":["Evaluate","Replay:BluntJabs"],"picked":"InnerPeace","floor":10},{"not_picked":["EmptyFist","ThirdEye"],"picked":"Scrawl","floor":11},{"not_picked":["Evaluate","Protect"],"picked":"Indignation","floor":13},{"not_picked":["Evaluate","WheelKick"],"picked":"EmptyFist","floor":14}],"player_experience":248168,"relics_obtained":[{"floor":7,"key":"infinitespire:EmpoweringShard"},{"floor":9,"key":"Anchor"},{"floor":13,"key":"Pear"}],"event_choices":[{"damage_healed":72,"gold_gain":0,"player_choice":"Upgrade","damage_taken":14,"max_hp_gain":0,"max_hp_loss":72,"event_name":"betterThird:BetterShining","floor":3,"gold_loss":0,"cards_upgraded":["Strike_P","Strike_P"]},{"damage_healed":0,"gold_gain":100,"player_choice":"Pray","damage_taken":0,"max_hp_gain":0,"max_hp_loss":0,"event_name":"Golden Shrine","floor":12,"gold_loss":0}],"is_beta":false,"boss_relics":[],"items_purged_floors":[2],"is_endless":false,"potions_floor_spawned":[7,10,11],"killed_by":"Slime Boss","ascension_level":1}}