{"host":"jruzzdd1waq9u00d","time":1613134812,"event":{"mods":["BaseMod","Colored Map","Colored Powertips","DeckTracker","Downfall","Minty Spire (QoL Compilation)","Quick Restart","Relic Stats","StSLib","SuperFastMode"],"gold_per_floor":[199,216,229,244,244,263,315,347,447,447,307,333,351,83,102,102,102,102],"floor_reached":16,"language":"ENG","playtime":782,"items_purged":["Slimebound:Strike_Slimebound","Slimebound:Strike_Slimebound"],"score":140,"play_id":"073bd5e0-72f0-432f-821c-e79919324a17","local_time":"20210212220012","is_ascension_mode":true,"campfire_choices":[{"data":"Slimebound:Split","floor":1,"key":"SMITH"}],"circlet_count":0,"master_deck":["Slimebound:Strike_Slimebound","Slimebound:Tackle","Slimebound:Defend_Slimebound","Slimebound:Defend_Slimebound","Slimebound:Defend_Slimebound","Slimebound:Defend_Slimebound","Slimebound:Split+1","Slimebound:CorrosiveSpit","Slimebound:RejuvenatingLick","Slimebound:ViciousTackle","Slimebound:SplitSpecialist","Slimebound:ForwardTackle","Slimebound:ForwardTackle","Slimebound:RejuvenatingLick","Slimebound:GoopSpray","Slimebound:Repurpose","Slimebound:LevelUp","expansioncontent:StudyTheSpire","Slimebound:Overexert"],"relics":["Slimebound:AbsorbEndCombat","Orichalcum","MealTicket","Smiling Mask","Ginger"],"acts_visited":["Exordium"],"potions_floor_usage":[8,8,16],"damage_taken":[{"damage":1,"enemies":"Cultist","floor":2,"turns":3},{"damage":4,"enemies":"Small Slimes","floor":3,"turns":4},{"damage":10,"enemies":"2 Louse","floor":4,"turns":3},{"damage":12,"enemies":"Large Slime","floor":6,"turns":6},{"damage":25,"enemies":"Lagavulin","floor":8,"turns":7},{"damage":3,"enemies":"downfall:FleeingMerchant","floor":11,"turns":4},{"damage":32,"enemies":"Gremlin Nob","floor":12,"turns":4},{"damage":12,"enemies":"3 Louse","floor":13,"turns":3},{"damage":6,"enemies":"downfall:FleeingMerchant","floor":14,"turns":4},{"damage":9,"enemies":"Exordium Wildlife","floor":15,"turns":4},{"damage":36,"enemies":"DF_ARCHETYPE_STREAMLINE","floor":16,"turns":6}],"seed_played":"-5635198240191196339","potions_obtained":[{"floor":4,"key":"AttackPotion"},{"floor":6,"key":"sneckomod:MuddlingPotion"},{"floor":12,"key":"FearPotion"},{"floor":15,"key":"Slimebound:ThreeZeroPotion"}],"is_trial":false,"path_per_floor":["R","M","M","M","?","M","T","E","?","?","$","E","M","$","M","B"],"character_chosen":"SLIMEBOUND","items_purchased":["Slimebound:ForwardTackle","Slimebound:LevelUp","expansioncontent:StudyTheSpire"],"campfire_rested":0,"item_purchase_floors":[11,14,14],"current_hp_per_floor":[65,65,63,57,57,53,53,34,34,34,52,26,18,33,30,0,0,0],"gold":102,"neow_bonus":"HUNDRED_GOLD","is_daily":false,"chose_seed":false,"campfire_upgraded":1,"win_rate":0.0,"timestamp":1613134812,"path_taken":["R","M","?","M","?","M","T","E","?","?","?","E","M","$","M","BOSS"],"items_purchased_type":["Card","Card","Card"],"build_version":"2020-12-22","purchased_purges":2,"victory":false,"max_hp_per_floor":[65,65,65,65,65,65,65,65,65,65,65,65,65,65,65,65,65,65],"relic_stats":{"counters":[11,48],"MealTicket":30,"Ginger":[6],"Orichalcum":[66],"Smiling Mask":75,"obtain_stats":[{"MealTicket":8,"Slimebound:AbsorbEndCombat":0,"Ginger":12,"Orichalcum":7,"Smiling Mask":10},{"MealTicket":5,"Slimebound:AbsorbEndCombat":0,"Ginger":7,"Orichalcum":4,"Smiling Mask":5},{"MealTicket":23,"Slimebound:AbsorbEndCombat":0,"Ginger":31,"Orichalcum":16,"Smiling Mask":23}]},"card_choices":[{"not_picked":["Slimebound:RollThrough","Slimebound:FormOfPuddle","Slimebound:LeechEnergy"],"picked":"SKIP","floor":2},{"not_picked":["Slimebound:GoopTackle","Slimebound:GoopSpray","Slimebound:SplitLeeching"],"picked":"SKIP","floor":3},{"not_picked":["Slimebound:HauntingLick","Slimebound:LeechingTouch"],"picked":"Slimebound:RejuvenatingLick","floor":4},{"not_picked":["Slimebound:FinishingTackle","Slimebound:LeechEnergy"],"picked":"Slimebound:ViciousTackle","floor":6},{"not_picked":["Slimebound:ForwardTackle","Slimebound:PressTheAttack"],"picked":"Slimebound:SplitSpecialist","floor":8},{"not_picked":["Slimebound:Gluttony","Slimebound:SplitLeeching"],"picked":"Slimebound:ForwardTackle","floor":11},{"not_picked":["Slimebound:BestDefense","Slimebound:ComboTackle"],"picked":"Slimebound:RejuvenatingLick","floor":12},{"not_picked":["Slimebound:LeechingTouch","Slimebound:ItLooksTasty"],"picked":"Slimebound:GoopSpray","floor":13},{"not_picked":["Slimebound:SplitBruiser","Slimebound:SplitLeeching"],"picked":"Slimebound:Repurpose","floor":14},{"not_picked":["Slimebound:HauntingLick","Slimebound:LeechingTouch"],"picked":"Slimebound:Overexert","floor":15}],"player_experience":436732,"relics_obtained":[{"floor":7,"key":"Orichalcum"},{"floor":8,"key":"MealTicket"},{"floor":12,"key":"Ginger"}],"event_choices":[],"is_beta":false,"boss_relics":[],"items_purged_floors":[11,14],"is_endless":false,"potions_floor_spawned":[4,6,12,15],"killed_by":"DF_ARCHETYPE_STREAMLINE","ascension_level":5}}