{"host":"5zhjtp2pgwgfdund","time":1613102715,"event":{"mods":["2.2 Compatiblity","AchievementEnabler","Act Like it!","BaseMod","Colored Map","Colored Powertips","Downfall","Gensokyo","Infinite Spire","Minty Spire (QoL Compilation)","Replay The Spire","Shop Mod","StSLib","The Bug Knight","The Jungle"],"gold_per_floor":[99,112,131,142,213,247,328,343,361,392,411,422,322,332,344,445,445,445,461,474,574,674,691,691,703,703,703,718,215,292,307,320,320,320,320],"floor_reached":33,"language":"ENG","playtime":3306,"items_purged":[],"score":317,"play_id":"c762eb3b-5e2f-4b64-87d3-24e130f93d71","local_time":"20210211230515","is_ascension_mode":false,"campfire_choices":[{"floor":13.0,"key":"REST"},{"floor":18.0,"key":"RECALL"}],"circlet_count":0,"master_deck":["sneckomod:Strike","sneckomod:Strike","sneckomod:Strike","sneckomod:Defend","sneckomod:Defend","sneckomod:Defend","sneckomod:TailWhip","sneckomod:SnekBite","sneckomod:Unknown","Beam Cell","sneckomod:RainOfDice","sneckomod:TrashToTreasure","sneckomod:SlitherStrike","sneckomod:SnakeSap","sneckomod:DefensiveFlair","sneckomod:SnekBeam","sneckomod:UnendingSupply","sneckomod:Nope","sneckomod:IronFang","sneckomod:SnakeSap","sneckomod:UnknownUncommonAttack","sneckomod:UnknownBoss","sneckomod:QuickMove","sneckomod:UnknownExhaust","sneckomod:QuickBite+1","sneckomod:WideSting","sneckomod:UnknownBlock","sneckomod:Unknown2Cost+1","sneckomod:UnknownClassBLUE","expansioncontent:Hexaburn","sneckomod:IronFang","sneckomod:UnknownStrike","sneckomod:UnknownUncommonAttack","sneckomod:Unknown1Cost+1"],"relics":["sneckomod:SuperSneckoSoul","Meat on the Bone","infinitespire:WardingShard","Pen Nib","downfall:HeartBlessingBlue","Art of War","Regal Pillow","Juzu Bracelet","Pet Ghost","Replay:Baseball"],"acts_visited":["Exordium","TheCity"],"potions_floor_usage":[23,31,33,33],"damage_taken":[{"damage":0.0,"enemies":"Cultist","floor":2.0,"turns":3.0},{"damage":0.0,"enemies":"Small Slimes","floor":3.0,"turns":2.0},{"damage":0.0,"enemies":"Jaw Worm","floor":4.0,"turns":2.0},{"damage":26.0,"enemies":"Lagavulin","floor":6.0,"turns":5.0},{"damage":7.0,"enemies":"Blue Slaver","floor":8.0,"turns":3.0},{"damage":9.0,"enemies":"Exordium Thugs","floor":9.0,"turns":3.0},{"damage":0.0,"enemies":"Gremlin Nob","floor":10.0,"turns":3.0},{"damage":0.0,"enemies":"2 Fungi Beasts","floor":11.0,"turns":3.0},{"damage":12.0,"enemies":"Blue Slaver","floor":12.0,"turns":2.0},{"damage":5.0,"enemies":"Exordium Wildlife","floor":14.0,"turns":4.0},{"damage":13.0,"enemies":"2 Fungi Beasts","floor":15.0,"turns":3.0},{"damage":68.0,"enemies":"WA_ARCHETYPE_RETAIN","floor":16.0,"turns":8.0},{"damage":2.0,"enemies":"Shell Parasite","floor":19.0,"turns":4.0},{"damage":30.0,"enemies":"Spheric Guardian","floor":20.0,"turns":7.0},{"damage":33,"enemies":"3 Cultists","floor":23,"turns":7},{"damage":40,"enemies":"Shelled Parasite and Fungi","floor":25,"turns":10},{"damage":37,"enemies":"Snecko","floor":28,"turns":5},{"damage":5,"enemies":"downfall:FleeingMerchant","floor":29,"turns":4},{"damage":34,"enemies":"Centurion and Healer","floor":31,"turns":8},{"damage":16,"enemies":"Snake Plant","floor":32,"turns":2},{"damage":43,"enemies":"SI_MIRROR_ARCHETYPE","floor":33,"turns":8}],"seed_played":"-5809638833388661729","potions_obtained":[{"floor":4.0,"key":"LifebloodPotion"},{"floor":8.0,"key":"SpeedPotion"},{"floor":11.0,"key":"LiquidMemories"},{"floor":12.0,"key":"PowerPotion"},{"floor":20.0,"key":"LifebloodPotion"},{"floor":25,"key":"Death Potion"},{"floor":32,"key":"Milkshake"}],"is_trial":false,"path_per_floor":["R_BF","M","M","M","T","E","T","M","M","E","M","M","R","M","M","B",null,"R_BF","M","M","?","?","M","T","M","T","?","M","$","?","M","M","B"],"character_chosen":"THE_SNECKO","items_purchased":["sneckomod:Unknown2Cost+1","sneckomod:UnknownClassBLUE","Juzu Bracelet","Pet Ghost","expansioncontent:Hexaburn"],"campfire_rested":1,"item_purchase_floors":[29,29,29,29,29],"current_hp_per_floor":[99,99,99,99,99,73,73,66,57,57,57,57,99,94,81,25,109,109,107,77,77,77,56,56,28,28,109,72,67,67,45,41,0,0,0],"gold":320,"neow_bonus":"TEN_PERCENT_HP_BONUS","is_daily":false,"chose_seed":false,"campfire_upgraded":0,"win_rate":0.0,"timestamp":1613102715,"path_taken":["R_BF","M","M","M","?","E","T","M","M","E","M","?","R","M","M","BOSS","R_BF","M","M","?","?","M","T","?","?","?","?","?","?","M","M","BOSS"],"items_purchased_type":["Card","Card","Relic","Relic","Card"],"build_version":"2020-12-22","purchased_purges":0,"victory":false,"max_hp_per_floor":[99,99,99,99,99,99,99,99,99,99,99,99,109,109,109,109,109,109,109,109,109,109,109,109,109,109,109,109,109,109,109,109,109,109,109],"card_choices":[{"not_picked":["sneckomod:DiceCrush","sneckomod:UnknownDraw"],"picked":"sneckomod:RainOfDice","floor":2.0},{"not_picked":["sneckomod:SoulCleanse","sneckomod:Unknown1Cost"],"picked":"sneckomod:TrashToTreasure","floor":3.0},{"not_picked":["sneckomod:UnknownUncommonPower","sneckomod:UnknownBlock"],"picked":"sneckomod:SlitherStrike","floor":4.0},{"not_picked":["sneckomod:UnknownCommonSkill","sneckomod:Nope"],"picked":"sneckomod:SnakeSap","floor":6.0},{"not_picked":["sneckomod:DangerNoodle","sneckomod:Unknown1Cost"],"picked":"sneckomod:DefensiveFlair","floor":8.0},{"not_picked":["sneckomod:UnknownCommonSkill","sneckomod:SoulRoll"],"picked":"sneckomod:SnekBeam","floor":9.0},{"not_picked":["sneckomod:DiceCrush","sneckomod:UnknownDraw"],"picked":"sneckomod:UnendingSupply","floor":10.0},{"not_picked":["sneckomod:DangerNoodle","sneckomod:MasterEye"],"picked":"sneckomod:Nope","floor":11.0},{"not_picked":["sneckomod:UnknownCommonSkill","sneckomod:SoulRoll"],"picked":"sneckomod:IronFang","floor":12.0},{"not_picked":["sneckomod:UnendingSupply","sneckomod:Nope"],"picked":"sneckomod:SnakeSap","floor":14.0},{"not_picked":["sneckomod:SoulRoll","sneckomod:DiceBlock"],"picked":"sneckomod:UnknownUncommonAttack","floor":15.0},{"not_picked":["sneckomod:Restock","sneckomod:SoulExchange"],"picked":"sneckomod:UnknownBoss","floor":16.0},{"not_picked":["sneckomod:UnknownCommonSkill","sneckomod:UnknownClassINFINITE_BLACK"],"picked":"sneckomod:QuickMove","floor":19.0},{"not_picked":["sneckomod:DiceCrush","sneckomod:QuickMove"],"picked":"sneckomod:UnknownExhaust","floor":20.0},{"not_picked":["sneckomod:UnknownCommonSkill","sneckomod:SoulDraw+1"],"picked":"sneckomod:UnknownStrike+1","floor":23},{"not_picked":["sneckomod:Unknown0Cost","sneckomod:DiceBlock+1"],"picked":"sneckomod:QuickBite+1","floor":25},{"not_picked":["sneckomod:QuickMove+1","sneckomod:MasterEye"],"picked":"sneckomod:WideSting","floor":28},{"not_picked":["sneckomod:SnakeSap","sneckomod:UnknownExhaust"],"picked":"sneckomod:UnknownBlock","floor":29},{"not_picked":["sneckomod:Mudshield","sneckomod:QuickMove"],"picked":"sneckomod:IronFang","floor":30},{"not_picked":["sneckomod:MasterEye","sneckomod:SnekBeam+1"],"picked":"sneckomod:UnknownStrike","floor":30},{"not_picked":["sneckomod:UnknownCommonSkill","sneckomod:SoulRoll"],"picked":"sneckomod:UnknownUncommonAttack","floor":31},{"not_picked":["sneckomod:SerpentIdol","sneckomod:SoulCleanse"],"picked":"sneckomod:Unknown1Cost+1","floor":32}],"player_experience":144284,"relics_obtained":[{"floor":5.0,"key":"Meat on the Bone"},{"floor":6.0,"key":"infinitespire:WardingShard"},{"floor":10.0,"key":"Pen Nib"},{"floor":24,"key":"Art of War"},{"floor":26,"key":"Regal Pillow"},{"floor":30,"key":"Replay:Baseball"}],"event_choices":[{"cards_removed":["sneckomod:UnknownStrike"],"damage_healed":81,"gold_gain":0,"player_choice":"Offered Uncommon","damage_taken":0,"max_hp_gain":0,"max_hp_loss":0,"event_name":"Bonfire Elementals","floor":27,"gold_loss":0}],"is_beta":false,"boss_relics":[{"not_picked":["Empty Cage","ChewingGum"],"picked":"sneckomod:SuperSneckoSoul"}],"items_purged_floors":[],"is_endless":false,"potions_floor_spawned":[4,8,11,12,14,20,25,32],"killed_by":"SI_MIRROR_ARCHETYPE","ascension_level":0}}