{"host":"g76rhe4j5kh9hdf9","time":1613100304,"event":{"mods":["Act Like it!","BaseMod","Bestiary","Better Third Choice","Downfall","GifTheSpireLib","Minty Spire (QoL Compilation)","Relic Stats","Spicy Shops","StSLib"],"gold_per_floor":[99,114,130,305,315,315,366,397,416,435,447,458,484,484,502,601,601,401,411,427,527,727,739,762,798,821,771,771,123,152,161,186,299,299,299,326,393,412,437,462,462,493,393,423,90,145,145,145,172,172,172,199,28,28,28,28],"floor_reached":57,"language":"ENG","playtime":7965,"items_purged":["Doubt","bronze:Replicate+1","Writhe"],"score":1721,"play_id":"3b1cb250-16f0-4b97-aa0c-38671485cb6b","local_time":"20210211192504","is_ascension_mode":true,"campfire_choices":[{"data":"bronze:Replicate","floor":1,"key":"SMITH"},{"data":"bronze:Goto","floor":6,"key":"SMITH"},{"data":"bronze:Mutator","floor":18,"key":"SMITH"},{"data":"bronze:Shell","floor":28,"key":"SMITH"},{"floor":35,"key":"RECALL"},{"data":"expansioncontent:StudyTheSpire","floor":43,"key":"SMITH"},{"data":"bronze:DecaBeam","floor":47,"key":"SMITH"},{"data":"bronze:Goto","floor":54,"key":"SMITH"}],"circlet_count":0,"master_deck":["bronze:Strike","bronze:Strike","bronze:Strike+1","bronze:Strike","bronze:Defend","bronze:Defend","bronze:Defend","bronze:Defend","bronze:Goto+1","bronze:DelayedGuard","bronze:MaxOutput","bronze:OilSpill+1","bronze:OilSpill","bronze:FollowUp","bronze:FindAndReplace","bronze:Shell+1","bronze:ChildClass","bronze:Goto+1","bronze:Mutator+1","bronze:Fortify+1","bronze:Frontload+1","bronze:AlphaBuild+1","bronze:DonuBeam+1","bronze:DecaBeam+1","bronze:Frontload","bronze:Frontload","bronze:Repulsor","bronze:Overheat+1","expansioncontent:StudyTheSpire+1","Clumsy","bronze:ChildClass","bronze:Format","bronze:ForLoop+1","bronze:Shell+1","bronze:Overheat+1","bronze:Flail+1","bronze:ThunderWave+1","bronze:MaxOutput"],"relics":["Coffee Dripper","Prayer Wheel","Molten Egg 2","Snecko Eye","downfall:HeartBlessingGreen","downfall:HeartBlessingBlue","CeramicFish","Whetstone","sneckomod:SuperSneckoEye","Oddly Smooth Stone","Mummified Hand","Ice Cream","Runic Dome","ClockworkSouvenir","Bottled Lightning","The Courier","Bag of Marbles","downfall:HeartBlessingRed","Gambling Chip","Toy Ornithopter","Orichalcum"],"acts_visited":["Exordium","TheCity","TheBeyond","TheEnding"],"potions_floor_usage":[9,10,13,16,19,21,21,26,50,55,56,56],"damage_taken":[{"damage":3,"enemies":"2 Louse","floor":2,"turns":3},{"damage":0,"enemies":"Cultist","floor":3,"turns":3},{"damage":0,"enemies":"Small Slimes","floor":5,"turns":3},{"damage":1,"enemies":"Gremlin Nob","floor":8,"turns":4},{"damage":5,"enemies":"Gremlin Gang","floor":9,"turns":3},{"damage":7,"enemies":"3 Louse","floor":10,"turns":3},{"damage":5,"enemies":"Large Slime","floor":11,"turns":4},{"damage":8,"enemies":"Blue Slaver","floor":12,"turns":2},{"damage":4,"enemies":"Lagavulin","floor":13,"turns":4},{"damage":6,"enemies":"Exordium Wildlife","floor":15,"turns":4},{"damage":24,"enemies":"WA_ARCHETYPE_RETAIN","floor":16,"turns":5},{"damage":8,"enemies":"Shell Parasite","floor":19,"turns":6},{"damage":28,"enemies":"Shelled Parasite and Fungi","floor":20,"turns":5},{"damage":15,"enemies":"Shelled Parasite and Fungi","floor":21,"turns":11},{"damage":3,"enemies":"Snecko","floor":23,"turns":4},{"damage":5,"enemies":"Slavers","floor":25,"turns":7},{"damage":2,"enemies":"3 Cultists","floor":26,"turns":4},{"damage":0,"enemies":"downfall:FleeingMerchant","floor":29,"turns":4},{"damage":15,"enemies":"Gremlin Leader","floor":30,"turns":5},{"damage":23,"enemies":"Centurion and Healer","floor":32,"turns":2},{"damage":0,"enemies":"DF_ARCHETYPE_CLAW","floor":33,"turns":8},{"damage":0,"enemies":"Orb Walker","floor":36,"turns":2},{"damage":0,"enemies":"downfall:FleeingMerchant","floor":37,"turns":4},{"damage":0,"enemies":"3 Darklings","floor":38,"turns":5},{"damage":0,"enemies":"Jaw Worm Horde","floor":39,"turns":2},{"damage":0,"enemies":"Nemesis","floor":40,"turns":5},{"damage":0,"enemies":"Giant Head","floor":42,"turns":4},{"damage":16,"enemies":"Nemesis","floor":44,"turns":5},{"damage":0,"enemies":"Sphere and 2 Shapes","floor":49,"turns":2},{"damage":0,"enemies":"IC_BLOCK_ARCHETYPE","floor":50,"turns":5},{"damage":0,"enemies":"downfall:CharBossMerchant","floor":52,"turns":5},{"damage":0,"enemies":"downfall:NeowBoss","floor":55,"turns":5},{"damage":0,"enemies":"downfall:NeowBossFinal","floor":56,"turns":5}],"seed_played":"4149618917472358337","potions_obtained":[{"floor":3,"key":"Explosive Potion"},{"floor":5,"key":"Regen Potion"},{"floor":10,"key":"SneckoOil"},{"floor":11,"key":"Regen Potion"},{"floor":15,"key":"bronze:CleanCodePotion"},{"floor":16,"key":"bronze:FreeFunctionsPotion"},{"floor":19,"key":"Energy Potion"},{"floor":20,"key":"DistilledChaos"},{"floor":30,"key":"SpeedPotion"},{"floor":32,"key":"sneckomod:MuddlingPotion"},{"floor":33,"key":"Strength Potion"},{"floor":38,"key":"PowerPotion"},{"floor":39,"key":"Strength Potion"},{"floor":52,"key":"SkillPotion"}],"is_trial":false,"path_per_floor":["R","M","M","?","M","R","T","E","M","M","M","M","E","?","M","B",null,"R","M","M","?","?","M","T","E","M","?","R","$","E","?","M","B",null,"R","M","$","M","M","E","T","E","R","E","?","?","R","?","M","B",null,"E","$","R","B","B",null],"character_chosen":"THE_AUTOMATON","items_purchased":["sneckomod:SuperSneckoEye","expansioncontent:StudyTheSpire","Oddly Smooth Stone","ClockworkSouvenir","bronze:MaxOutput"],"campfire_rested":0,"item_purchase_floors":[29,29,29,37,53],"current_hp_per_floor":[70,67,67,67,67,67,67,66,61,63,58,50,60,60,54,30,70,80,72,44,29,29,26,26,21,19,49,49,49,34,34,11,11,80,80,80,80,80,80,80,80,80,80,64,90,90,90,90,90,90,90,90,90,90,90,90],"gold":28,"neow_bonus":"BOSS_RELIC","is_daily":false,"chose_seed":false,"campfire_upgraded":7,"win_rate":0.0,"timestamp":1613100304,"path_taken":["R","M","M","?","M","R","T","E","M","M","M","M","E","?","M","BOSS","R","M","M","?","?","?","T","E","M","?","R","$","E","?","M","BOSS","R","M","$","M","M","E","T","E","R","E","?","?","R","?","M","BOSS","E","$","R","BOSS","BOSS"],"items_purchased_type":["Relic","Card","Relic","Relic","Card"],"build_version":"2020-12-22","purchased_purges":3,"victory":true,"max_hp_per_floor":[70,70,70,70,70,70,70,70,70,70,70,70,70,70,70,70,70,80,80,80,80,80,80,80,80,80,80,80,80,80,80,80,80,80,80,80,80,80,80,80,80,80,80,80,90,90,90,90,90,90,90,90,90,90,90,90],"relic_stats":{"counters":[33,143],"Mummified Hand":[143],"CeramicFish":117,"Gambling Chip":[23],"Snecko Eye":[228,244,213,204],"Prayer Wheel":14,"Whetstone":["bronze:Strike","bronze:OilSpill"],"Orichalcum":[0],"obtain_stats":[{"Ice Cream":31,"bronze:BronzeCore":0,"downfall:HeartBlessingRed":43,"CeramicFish":24,"Oddly Smooth Stone":29,"downfall:HeartBlessingGreen":18,"sneckomod:SuperSneckoEye":29,"The Courier":41,"Whetstone":25,"Orichalcum":52,"ClockworkSouvenir":37,"Runic Dome":34,"downfall:HeartBlessingBlue":18,"Mummified Hand":30,"Gambling Chip":44,"Snecko Eye":17,"Prayer Wheel":8,"Molten Egg 2":13,"Coffee Dripper":0,"Bag of Marbles":42,"Bottled Lightning":40,"Toy Ornithopter":46},{"Ice Cream":19,"bronze:BronzeCore":0,"downfall:HeartBlessingRed":27,"CeramicFish":15,"Oddly Smooth Stone":18,"downfall:HeartBlessingGreen":11,"sneckomod:SuperSneckoEye":18,"The Courier":26,"Whetstone":16,"Orichalcum":31,"ClockworkSouvenir":23,"Runic Dome":21,"downfall:HeartBlessingBlue":11,"Mummified Hand":19,"Gambling Chip":28,"Snecko Eye":11,"Prayer Wheel":4,"Molten Egg 2":9,"Coffee Dripper":0,"Bag of Marbles":27,"Bottled Lightning":26,"Toy Ornithopter":28},{"Ice Cream":84,"bronze:BronzeCore":0,"downfall:HeartBlessingRed":116,"CeramicFish":64,"Oddly Smooth Stone":79,"downfall:HeartBlessingGreen":38,"sneckomod:SuperSneckoEye":79,"The Courier":112,"Whetstone":71,"Orichalcum":133,"ClockworkSouvenir":100,"Runic Dome":94,"downfall:HeartBlessingBlue":38,"Mummified Hand":84,"Gambling Chip":121,"Snecko Eye":38,"Prayer Wheel":13,"Molten Egg 2":29,"Coffee Dripper":0,"Bag of Marbles":116,"Bottled Lightning":112,"Toy Ornithopter":121}],"Toy Ornithopter":0},"card_choices":[{"not_picked":["bronze:Allocate","bronze:ForLoop"],"picked":"bronze:DelayedGuard","floor":2},{"not_picked":["bronze:Turbo","bronze:ItsAFeature","bronze:Return"],"picked":"SKIP","floor":3},{"not_picked":["bronze:BugBarrage","bronze:Frontload","bronze:Deprecate"],"picked":"SKIP","floor":5},{"not_picked":["bronze:DelayedGuard","bronze:BugBarrage"],"picked":"bronze:MaxOutput","floor":8},{"not_picked":["bronze:Separator","bronze:Branch"],"picked":"bronze:OilSpill","floor":9},{"not_picked":["bronze:CloningBeam","bronze:Invalidate"],"picked":"bronze:OilSpill","floor":9},{"not_picked":["bronze:BronzeArmor","bronze:NullPointer"],"picked":"bronze:FollowUp","floor":10},{"not_picked":["bronze:DigitalCarnage","bronze:DelayedSlice","bronze:Constructor"],"picked":"SKIP","floor":10},{"not_picked":["bronze:DarkDash","bronze:ClassDefault","bronze:DelayedSlice"],"picked":"SKIP","floor":11},{"not_picked":["bronze:Iterate","bronze:Overload","bronze:Optimize"],"picked":"SKIP","floor":11},{"not_picked":["bronze:Branch","bronze:Philosophize"],"picked":"bronze:FindAndReplace","floor":12},{"not_picked":["bronze:Constructor","bronze:Turbo"],"picked":"bronze:Shell","floor":12},{"not_picked":["bronze:BitShift","bronze:DigitalCarnage+1"],"picked":"bronze:ChildClass","floor":13},{"not_picked":["bronze:DarkDash+1","bronze:Backtrace+1"],"picked":"bronze:Branch+1","floor":15},{"not_picked":["bronze:Refactor","bronze:NullPointer+1","bronze:Turbo"],"picked":"SKIP","floor":15},{"not_picked":["bronze:HardenedForm","bronze:TinkerersToolbox"],"picked":"bronze:Mutator","floor":16},{"not_picked":["bronze:BugBarrage+1","bronze:DelayedSlice+1"],"picked":"bronze:Fortify+1","floor":19},{"not_picked":["bronze:CutThrough+1","bronze:BronzeArmor+1","bronze:BuggyMess+1"],"picked":"SKIP","floor":19},{"not_picked":["bronze:BuggyMess","bronze:DelayedGuard"],"picked":"bronze:Frontload+1","floor":20},{"not_picked":["bronze:Shield","bronze:Deprecate"],"picked":"bronze:AlphaBuild+1","floor":20},{"not_picked":[],"picked":"bronze:DonuBeam","floor":21},{"not_picked":[],"picked":"bronze:DecaBeam","floor":21},{"not_picked":["bronze:InfiniteBeams","bronze:Constructor"],"picked":"bronze:Frontload","floor":21},{"not_picked":["bronze:Optimize","bronze:MaxOutput+1"],"picked":"bronze:Frontload","floor":23},{"not_picked":["bronze:Allocate","bronze:FineTuning","bronze:BuggyMess"],"picked":"SKIP","floor":23},{"not_picked":["bronze:Branch+1","bronze:Frontload+1"],"picked":"bronze:Repulsor","floor":25},{"not_picked":["bronze:Refactor","bronze:Library"],"picked":"bronze:Overheat+1","floor":26},{"not_picked":["bronze:BugBarrage+1","bronze:CutThrough+1","bronze:BitShift"],"picked":"SKIP","floor":26},{"not_picked":["bronze:OilSpill+1","bronze:CutThrough+1","bronze:Iterate+1"],"picked":"SKIP","floor":29},{"not_picked":["bronze:BronzeOrb+1","bronze:Iterate+1","bronze:FineTuning"],"picked":"SKIP","floor":30},{"not_picked":["bronze:Philosophize","bronze:ForLoop+1"],"picked":"bronze:ChildClass","floor":32},{"not_picked":["bronze:Separator+1","bronze:Iterate+1","bronze:BitShift"],"picked":"SKIP","floor":32},{"not_picked":["bronze:SpaghettiCode","bronze:TinkerersToolbox"],"picked":"bronze:Format","floor":33},{"not_picked":["bronze:Return","bronze:Deprecate+1"],"picked":"bronze:ForLoop+1","floor":36},{"not_picked":["bronze:CloningBeam+1","bronze:FineTuning","bronze:BitShift"],"picked":"SKIP","floor":36},{"not_picked":["bronze:FollowUp+1","bronze:Frontload"],"picked":"bronze:Shell+1","floor":37},{"not_picked":["bronze:FindAndReplace","bronze:FineTuning+1"],"picked":"bronze:Overheat+1","floor":38},{"not_picked":["bronze:Invalidate+1","bronze:BugBarrage+1","bronze:CutThrough+1"],"picked":"SKIP","floor":38},{"not_picked":["bronze:Invalidate+1","bronze:BugBarrage+1"],"picked":"bronze:Flail+1","floor":39},{"not_picked":["bronze:Shield+1","bronze:BuggyMess","bronze:FineTuning+1"],"picked":"SKIP","floor":39},{"not_picked":["bronze:NullPointer+1","bronze:Safeguard+1","bronze:CutThrough+1"],"picked":"SKIP","floor":40},{"not_picked":["bronze:Separator+1","bronze:BuggyMess","bronze:Shield"],"picked":"SKIP","floor":42},{"not_picked":["bronze:ChosenStrike+1","bronze:Optimize","bronze:WhirlingStrike+1"],"picked":"SKIP","floor":44},{"not_picked":["bronze:Philosophize+1","bronze:FineTuning"],"picked":"bronze:ThunderWave+1","floor":49},{"not_picked":["bronze:BitShift+1","bronze:Shell+1","bronze:BugBarrage+1"],"picked":"SKIP","floor":49},{"not_picked":["bronze:Shield+1","bronze:Safeguard+1","bronze:Repair+1"],"picked":"SKIP","floor":52}],"player_experience":615015,"relics_obtained":[{"floor":8,"key":"Prayer Wheel"},{"floor":13,"key":"Molten Egg 2"},{"floor":24,"key":"CeramicFish"},{"floor":25,"key":"Whetstone"},{"floor":30,"key":"Mummified Hand"},{"floor":40,"key":"Bottled Lightning"},{"floor":41,"key":"The Courier"},{"floor":42,"key":"Bag of Marbles"},{"floor":44,"key":"Gambling Chip"},{"floor":46,"key":"Toy Ornithopter"},{"floor":52,"key":"Orichalcum"}],"event_choices":[{"cards_removed":["bronze:Branch"],"damage_healed":0,"gold_gain":0,"player_choice":"Removed Attack","damage_taken":0,"max_hp_gain":0,"max_hp_loss":0,"event_name":"Falling","floor":48,"gold_loss":0}],"is_beta":false,"boss_relics":[{"not_picked":["SlaversCollar","Cursed Key"],"picked":"Snecko Eye"},{"not_picked":["Tiny House","sneckomod:SneckoTalon"],"picked":"Runic Dome"}],"items_purged_floors":[29,37,53],"is_endless":false,"potions_floor_spawned":[3,5,10,11,15,16,19,20,30,32,33,38,39,40,52],"ascension_level":2}}