{"host":"rjfefv2ruvigm2gb","time":1613170227,"event":{"mods":["AlwaysNeverKeys","BaseMod","Better Note","Better Third Choice","BetterRewards","Block Reminder","Bossed Relics","Colored Map","Colored Powertips","Curses Come First","Displayed Cursed Tome","Downfall","Fox Events","Gold Saver","Googly Eyes","Highlight Path","Minty Spire (QoL Compilation)","Permanent Neow","Quick Restart","Relic Stats","Reliquary","Shop Mod","Small Relic Pack","StSLib","SuperFastMode","Transform Curses","Uncapped","Virulent Crown"],"gold_per_floor":[99,117,117,27,27,52,52,52,81,98,98,110,110,110,110],"floor_reached":13,"language":"ENG","playtime":555,"items_purged":["Normality"],"score":105,"play_id":"177e2c5c-ad39-4e34-9f31-5a54d10328b4","local_time":"20210212165027","is_ascension_mode":true,"campfire_choices":[{"data":"Panache","floor":1.0,"key":"SMITH"},{"floor":8.0,"key":"REST"},{"floor":11,"key":"REST"}],"circlet_count":0,"master_deck":["bronze:Strike","bronze:Strike","bronze:Strike","bronze:Strike","bronze:Defend","bronze:Defend","bronze:Defend","bronze:Defend","bronze:Replicate","bronze:Goto","Panache+1","bronze:Allocate","Pain","bronze:ItsAFeature","bronze:InfiniteBeams"],"relics":["bronze:BronzeCore","WarpedTongs","Matryoshka","reliquary:PorcupineQuills","InkBottle"],"acts_visited":["Exordium"],"potions_floor_usage":[13,13],"damage_taken":[{"damage":10.0,"enemies":"Cultist","floor":2.0,"turns":5.0},{"damage":0.0,"enemies":"downfall:FleeingMerchant","floor":4.0,"turns":4.0},{"damage":24.0,"enemies":"Gremlin Nob","floor":6.0,"turns":5.0},{"damage":35.0,"enemies":"3 Sentries","floor":9.0,"turns":7.0},{"damage":5,"enemies":"2 Louse","floor":10,"turns":4},{"damage":12,"enemies":"Jaw Worm","floor":12,"turns":3},{"damage":43,"enemies":"Gremlin Nob","floor":13,"turns":4}],"seed_played":"-664596222610248826","potions_obtained":[{"floor":2.0,"key":"AttackPotion"},{"floor":6.0,"key":"AttackPotion"},{"floor":10,"key":"Block Potion"},{"floor":12,"key":"Explosive Potion"}],"is_trial":false,"path_per_floor":["R","M","?","$","?","E","T","R","E","M","R","M","E"],"character_chosen":"THE_AUTOMATON","items_purchased":[],"campfire_rested":2,"item_purchase_floors":[],"current_hp_per_floor":[70,60,60,60,60,36,36,57,22,17,38,26,0,0,0],"gold":110,"neow_bonus":"RANDOM_COLORLESS_2","is_daily":false,"chose_seed":false,"campfire_upgraded":1,"win_rate":0.0,"timestamp":1613170227,"path_taken":["R","M","?","$","?","E","T","R","E","M","R","M","E"],"items_purchased_type":[],"build_version":"2020-12-22","purchased_purges":1,"victory":false,"max_hp_per_floor":[70,70,70,70,70,70,70,70,70,70,70,70,70,70,70],"relic_stats":{"counters":[7,32],"obtain_stats":[{"bronze:BronzeCore":0,"Matryoshka":6,"reliquary:PorcupineQuills":7,"InkBottle":7,"WarpedTongs":5},{"bronze:BronzeCore":0,"Matryoshka":3,"reliquary:PorcupineQuills":3,"InkBottle":3,"WarpedTongs":2},{"bronze:BronzeCore":0,"Matryoshka":14,"reliquary:PorcupineQuills":14,"InkBottle":14,"WarpedTongs":9}],"InkBottle":[6],"WarpedTongs":[22]},"card_choices":[{"not_picked":["Sadistic Nature","Metamorphosis"],"picked":"Panache","floor":0.0},{"not_picked":["bronze:Boost","bronze:Frontload"],"picked":"bronze:Allocate","floor":2.0},{"not_picked":["bronze:Mutator","bronze:Branch","bronze:WildBeam"],"picked":"SKIP","floor":4.0},{"not_picked":["bronze:FindAndReplace","bronze:DelayedGuard","bronze:Virus"],"picked":"SKIP","floor":6.0},{"not_picked":["bronze:BronzeOrb","bronze:Branch"],"picked":"bronze:ItsAFeature","floor":9.0},{"not_picked":["bronze:Shield","bronze:Optimize"],"picked":"bronze:InfiniteBeams","floor":10},{"not_picked":["bronze:Separator","bronze:Frontload","bronze:Deprecate"],"picked":"SKIP","floor":12}],"player_experience":1102918,"relics_obtained":[{"floor":6.0,"key":"Matryoshka"},{"floor":7.0,"key":"reliquary:PorcupineQuills"},{"floor":7.0,"key":"InkBottle"}],"event_choices":[],"is_beta":false,"boss_relics":[],"items_purged_floors":[4],"is_endless":false,"potions_floor_spawned":[2,6,10,12],"killed_by":"Gremlin Nob","ascension_level":3}}