{"host":"jfbo3eu2ui08ej1u","time":1613168372,"event":{"mods":["2.2 Compatiblity","AchievementEnabler","Act Like it!","Aspiration","BaseMod","Better Altar","Better Match","Better Note","Better Sensory Stone","Better Skull","Better Third Choice","Block Reminder","Colored Map","Colored Powertips","Conspire","DeckTracker","Displayed Cursed Tome","Energized Spire","Fox Events","GifTheSpireLib","Hermit","Hubris","Infinite Spire","Marked Mod","Minty Spire (QoL Compilation)","Monster B Gone","Pale of the Ancients","Poor People Problems","Quick Restart","Relic Filter","Reliquary","Reorder Act Four","Replay The Spire","Shop Mod","Spicy Shops","Spire Arcade","StSLib","Stuff the Spire","The Blue Laboratory","The Disciple","The Forsaken","The Hierophant","The Marked","Uncapped","Unceasing Turn Reminder","Wandering Minibosses"],"gold_per_floor":[109,123,141,152,40,67,84,84,84,84,113,113,145,159,159,257,257,271,421,421,50,50,65,65,90,114,14,14,25,25,125,125,225,225,245,245,259,35,135,135,146,179,204,58,58,70,70,80,80,80,80],"floor_reached":50,"language":"ENG","playtime":2062,"items_purged":["Replay:Hysterical Blindness","Shame"],"score":749,"play_id":"b936f1b6-200a-4cfc-9e81-1155c678fc23","local_time":"20210212171932","is_ascension_mode":true,"campfire_choices":[{"floor":8,"key":"REST"},{"data":"theForsaken:WardingHymn","floor":10,"key":"SMITH"},{"data":"theForsaken:WardingHymn","floor":12,"key":"SMITH"},{"data":"theForsaken:FuryStrikes","floor":15,"key":"SMITH"},{"data":"conspire:Banana","floor":24,"key":"SMITH"},{"data":"theForsaken:DarkBarrier","floor":28,"key":"SMITH"},{"data":"theForsaken:BattleHymn","floor":30,"key":"SMITH"},{"floor":32,"key":"REST"},{"data":"theForsaken:SacredOath","floor":40,"key":"SMITH"},{"data":"theForsaken:MagicWeapon","floor":45,"key":"SMITH"},{"floor":49,"key":"REST"}],"circlet_count":0,"master_deck":["theForsaken:TheForsaken_Strike","theForsaken:TheForsaken_Strike","theForsaken:TheForsaken_Strike","theForsaken:TheForsaken_Strike","theForsaken:TheForsaken_Defend","theForsaken:TheForsaken_Defend","theForsaken:TheForsaken_Defend","theForsaken:TheForsaken_Defend","theForsaken:Smite","theForsaken:Penitence","conspire:Banana+1","theForsaken:WardingHymn+1","theForsaken:DarkBarrier+1","theForsaken:BattleHymn+1","theForsaken:WardingHymn+1","theForsaken:Bolster","theForsaken:FuryStrikes+1","theForsaken:Retribution","theForsaken:MagicWeapon+1","theForsaken:RainingSunlight","theForsaken:WardingHymn+1","theForsaken:SacredOath+1","theForsaken:HymnOfRest","theForsaken:MagicWeapon+1","theForsaken:MagicWeapon"],"relics":["theForsaken:JudgementScales","reliquary:ExpiredCoupon","conspire:DecoderRing","reliquary:Aerogel","Bronze Scales","Philosopher\u0027s Stone","ReplayTheSpireMod:CursedCoin","infinitespire:Satchel","Mirror","Sundial","Pen Nib","Calipers","Matryoshka","theForsaken:ArmorOfThorns","reliquary:SilkGlove","Eternal Feather","aspiration:Lifesprig","infinitespire:PuzzleCube"],"acts_visited":["Exordium","TheCity","TheBeyond"],"potions_floor_usage":[7,31,31,42],"damage_taken":[{"damage":10.0,"enemies":"Cultist","floor":1.0,"turns":5.0},{"damage":2.0,"enemies":"2 Louse","floor":2.0,"turns":3.0},{"damage":0.0,"enemies":"Small Slimes","floor":3.0,"turns":6.0},{"damage":0,"enemies":"2 Fungi Beasts","floor":4,"turns":5},{"damage":46,"enemies":"3 Sentries","floor":6,"turns":12},{"damage":6,"enemies":"3 Louse","floor":7,"turns":6},{"damage":0,"enemies":"Replay:BlueRogue","floor":11,"turns":8},{"damage":8,"enemies":"Gremlin Nob","floor":13,"turns":6},{"damage":8,"enemies":"Gremlin Gang","floor":14,"turns":8},{"damage":0,"enemies":"The Guardian","floor":16,"turns":15},{"damage":16,"enemies":"3 Byrds","floor":18,"turns":3},{"damage":0,"enemies":"Spheric Guardian","floor":23,"turns":5},{"damage":14,"enemies":"conspire:SneckoGhost","floor":25,"turns":6},{"damage":0,"enemies":"Snake Plant","floor":29,"turns":4},{"damage":9,"enemies":"Colosseum Slavers","floor":31,"turns":4},{"damage":4,"enemies":"Colosseum Nobs","floor":31,"turns":6},{"damage":23,"enemies":"Automaton","floor":33,"turns":12},{"damage":0,"enemies":"Orb Walker","floor":35,"turns":4},{"damage":0,"enemies":"3 Shapes","floor":37,"turns":7},{"damage":38,"enemies":"Writhing Mass","floor":41,"turns":6},{"damage":6,"enemies":"Reptomancer","floor":42,"turns":7},{"damage":58,"enemies":"Jaw Worm Horde","floor":46,"turns":5},{"damage":7,"enemies":"Maw","floor":48,"turns":7},{"damage":57,"enemies":"conspire:OrnateMirror","floor":50,"turns":12}],"seed_played":"-5259632086952512277","potions_obtained":[{"floor":1.0,"key":"blueLaboratory:AbyssPotion"},{"floor":4,"key":"DuplicationPotion"},{"floor":7,"key":"blueLaboratory:RememoryPotion"},{"floor":11,"key":"PowerPotion"},{"floor":13,"key":"blueLaboratory:HummingbirdPotion"},{"floor":35,"key":"DistilledChaos"}],"is_trial":false,"path_per_floor":["M","M","M","M","$","E","M","R","T","R","E","R","E","M","R","B",null,"M","$","?","$","?","M","R","E","T","$","R","M","R","?","R","B",null,"M","?","M","$","?","R","M","E","T","$","R","M","?","M","R","B"],"character_chosen":"THE_FORSAKEN","items_purchased":["theForsaken:WardingHymn","theForsaken:Bolster","ReplayTheSpireMod:CursedCoin","infinitespire:Satchel","Mirror","theForsaken:MagicWeapon","theForsaken:RainingSunlight","reliquary:SilkGlove","theForsaken:MagicWeapon","theForsaken:MagicWeapon"],"campfire_rested":3,"item_purchase_floors":[5,5,19,19,21,21,21,38,38,44],"current_hp_per_floor":[57,58,59,62,62,23,21,42,42,42,46,46,45,44,44,51,75,60,50,50,50,50,51,51,39,39,39,39,41,41,35,60,47,87,89,89,91,91,91,91,55,54,54,54,69,13,13,8,52,0,0],"gold":80,"neow_bonus":"RANDOM_COLORLESS","is_daily":false,"chose_seed":false,"campfire_upgraded":8,"win_rate":0.0,"timestamp":1613168372,"path_taken":["M","M","M","M","$","E","M","R","T","R","E","R","E","M","R","BOSS","M","?","?","$","?","M","R","E","T","$","R","M","R","?","R","BOSS","M","?","M","$","?","R","?","E","T","$","R","M","?","?","R","BOSS"],"items_purchased_type":["Card","Card","Relic","Relic","Relic","Card","Card","Relic","Card","Card"],"build_version":"2020-12-22","purchased_purges":2,"victory":false,"max_hp_per_floor":[66,67,68,69,69,70,71,71,71,71,72,72,73,74,74,75,75,76,76,76,76,76,77,77,79,79,79,79,81,81,85,85,87,87,89,89,91,91,91,91,93,95,95,95,95,97,97,99,99,101,101],"card_choices":[{"not_picked":["Swift Strike","Blind"],"picked":"conspire:Banana","floor":0.0},{"not_picked":["theForsaken:PreciseStrike","theForsaken:Backlash"],"picked":"theForsaken:WardingHymn","floor":1.0},{"not_picked":["theForsaken:FatRoll","theForsaken:Parry"],"picked":"theForsaken:DarkBarrier","floor":2.0},{"not_picked":["theForsaken:HymnOfPatience","theForsaken:Thunderbolt"],"picked":"theForsaken:BattleHymn","floor":3.0},{"not_picked":["theForsaken:CreepingInfection","theForsaken:NobleSacrifice","theForsaken:WordsOfPestilence"],"picked":"SKIP","floor":4},{"not_picked":["theForsaken:ShieldBash","theForsaken:CreepingInfection","theForsaken:DarkBargain"],"picked":"SKIP","floor":6},{"not_picked":["theForsaken:Temperance","theForsaken:WordOfPower","theForsaken:PowerUp"],"picked":"SKIP","floor":7},{"not_picked":["theForsaken:QuickAttack","theForsaken:PanicDive","theForsaken:CowardsBrand"],"picked":"SKIP","floor":11},{"not_picked":["theForsaken:QuickAttack","theForsaken:BindingThorns","theForsaken:Parry"],"picked":"SKIP","floor":13},{"not_picked":["theForsaken:BottledPlague","theForsaken:FatRoll"],"picked":"theForsaken:FuryStrikes","floor":14},{"not_picked":["theForsaken:Purification","theForsaken:DesperatePlea"],"picked":"theForsaken:Retribution","floor":16},{"not_picked":["theForsaken:WordsOfPestilence","theForsaken:HorrifyingStrike+1","theForsaken:ShieldCharge"],"picked":"SKIP","floor":18},{"not_picked":["theForsaken:Backlash","theForsaken:HorrifyingStrike","theForsaken:WordOfPower"],"picked":"SKIP","floor":23},{"not_picked":["theForsaken:Enfeeble","theForsaken:HealingLight","theForsaken:Terrorize"],"picked":"SKIP","floor":25},{"not_picked":["theForsaken:Backlash","theForsaken:HorrifyingStrike"],"picked":"theForsaken:WardingHymn+1","floor":29},{"not_picked":["theForsaken:CorruptDeck","theForsaken:Temperance"],"picked":"theForsaken:SacredOath","floor":33},{"not_picked":["theForsaken:WordOfPower+1","theForsaken:ChargeAttack+1"],"picked":"theForsaken:HymnOfRest","floor":35},{"not_picked":["theForsaken:Eulogy+1","theForsaken:Terrorize","theForsaken:CreepingInfection+1"],"picked":"SKIP","floor":37},{"not_picked":["theForsaken:Backlash+1","theForsaken:QuickAttack+1","theForsaken:HorrifyingStrike"],"picked":"SKIP","floor":41},{"not_picked":["theForsaken:Devotion","theForsaken:TearsOfSunlight","theForsaken:Riposte"],"picked":"SKIP","floor":42},{"not_picked":["theForsaken:StoreUp","theForsaken:PreciseStrike","theForsaken:SolarFlare+1"],"picked":"SKIP","floor":46},{"not_picked":["theForsaken:Eulogy+1","theForsaken:BlindFaith+1","theForsaken:Devotion"],"picked":"SKIP","floor":48},{"not_picked":["theForsaken:Eulogy+1","theForsaken:BlindFaith+1","theForsaken:Devotion"],"picked":"SKIP","floor":48}],"player_experience":1316604,"relics_obtained":[{"floor":6,"key":"reliquary:ExpiredCoupon"},{"floor":9,"key":"conspire:DecoderRing"},{"floor":11,"key":"reliquary:Aerogel"},{"floor":13,"key":"Bronze Scales"},{"floor":25,"key":"Sundial"},{"floor":26,"key":"Pen Nib"},{"floor":31,"key":"Calipers"},{"floor":31,"key":"Matryoshka"},{"floor":42,"key":"Eternal Feather"},{"floor":43,"key":"aspiration:Lifesprig"},{"floor":43,"key":"infinitespire:PuzzleCube"}],"event_choices":[{"damage_healed":0,"gold_gain":0,"player_choice":"Fight","damage_taken":0,"max_hp_gain":0,"max_hp_loss":0,"event_name":"Colosseum","floor":31,"gold_loss":0},{"damage_healed":0,"gold_gain":0,"player_choice":"Fought Nobs","damage_taken":0,"max_hp_gain":0,"max_hp_loss":0,"event_name":"Colosseum","floor":31,"gold_loss":0},{"damage_healed":0,"gold_gain":0,"player_choice":"Leave","damage_taken":0,"max_hp_gain":0,"max_hp_loss":0,"event_name":"conspire:Investor","floor":36,"gold_loss":0},{"damage_healed":0,"gold_gain":100,"player_choice":"Pray","damage_taken":0,"max_hp_gain":0,"max_hp_loss":0,"event_name":"Golden Shrine","floor":39,"gold_loss":0},{"damage_healed":0,"gold_gain":0,"player_choice":"Upgraded","damage_taken":0,"max_hp_gain":0,"max_hp_loss":0,"event_name":"Upgrade Shrine","floor":47,"gold_loss":0,"cards_upgraded":["theForsaken:MagicWeapon"]}],"is_beta":false,"boss_relics":[{"not_picked":["ReplayTheSpireMod:DimensionalGlitch","Replay:Ancient Bell"],"picked":"Philosopher\u0027s Stone"},{"not_picked":["ReplayTheSpireMod:SealedPack","Tiny House"],"picked":"theForsaken:ArmorOfThorns"}],"items_purged_floors":[21,27],"is_endless":false,"potions_floor_spawned":[1,4,7,11,13,16,18,25,29,35,37],"killed_by":"conspire:OrnateMirror","ascension_level":3}}