{"host":"iphsb0ccnjx0pfn6","time":1613104668,"event":{"mods":["2.2 Compatiblity","AchievementEnabler","BaseMod","Colored Map","DeckTracker","Keyboard Shortcuts","Minty Spire (QoL Compilation)","Permanent Neow","Quick Restart","Relic Stats","StSLib","SuperFastMode","Uncapped","everything is the same but u backflip on backflip"],"gold_per_floor":[367,386,386,409,409,409,432,472,472,472,472,472],"floor_reached":11,"language":"KOR","playtime":225,"items_purged":[],"score":146,"play_id":"88360147-2d1a-477f-8f9b-bf2e61b81e39","local_time":"20210212133748","is_ascension_mode":true,"campfire_choices":[{"data":"Eruption","floor":6,"key":"SMITH"},{"data":"TalkToTheHand","floor":10,"key":"SMITH"}],"circlet_count":0,"master_deck":["AscendersBane","Strike_P","Strike_P","Strike_P","Strike_P","Defend_P","Defend_P","Defend_P","Defend_P","Eruption+1","Vigilance","EmptyBody","BowlingBash","TalkToTheHand+1","MentalFortress"],"relics":["PureWater","Golden Idol","MealTicket","Unceasing Top","Toxic Egg 2"],"acts_visited":["Exordium"],"potions_floor_usage":[8],"damage_taken":[{"damage":4,"enemies":"Jaw Worm","floor":1,"turns":5},{"damage":1,"enemies":"Small Slimes","floor":2,"turns":3},{"damage":7,"enemies":"Cultist","floor":4,"turns":3},{"damage":8,"enemies":"Red Slaver","floor":7,"turns":4},{"damage":7,"enemies":"Lagavulin","floor":8,"turns":10},{"damage":56,"enemies":"Gremlin Nob","floor":11,"turns":5}],"seed_played":"-7641374007436536030","potions_obtained":[{"floor":4,"key":"Energy Potion"},{"floor":7,"key":"Strength Potion"}],"is_trial":false,"path_per_floor":["M","M","?","M","?","R","M","E","T","R","E"],"character_chosen":"WATCHER","items_purchased":[],"campfire_rested":0,"item_purchase_floors":[],"current_hp_per_floor":[57,56,56,49,49,49,41,34,34,34,0,0],"gold":472,"neow_bonus":"TWO_FIFTY_GOLD","is_daily":false,"chose_seed":false,"campfire_upgraded":2,"win_rate":0.0,"timestamp":1613104668,"path_taken":["M","M","?","M","?","R","?","E","T","R","E"],"items_purchased_type":[],"build_version":"2020-12-22","purchased_purges":0,"victory":false,"max_hp_per_floor":[62,62,56,56,56,56,56,56,56,56,56,56],"relic_stats":{"counters":[6,30],"Golden Idol":18,"MealTicket":0,"obtain_stats":[{"Golden Idol":3,"MealTicket":5,"PureWater":0,"Toxic Egg 2":9,"Unceasing Top":8},{"Golden Idol":2,"MealTicket":3,"PureWater":0,"Toxic Egg 2":5,"Unceasing Top":5},{"Golden Idol":8,"MealTicket":11,"PureWater":0,"Toxic Egg 2":25,"Unceasing Top":25}],"Unceasing Top":[1]},"card_choices":[{"not_picked":["EmptyBody","Crescendo","ThirdEye"],"picked":"SKIP","floor":1},{"not_picked":["Crescendo","ThirdEye"],"picked":"EmptyBody","floor":1},{"not_picked":["Protect","EmptyBody"],"picked":"BowlingBash","floor":2},{"not_picked":["Crescendo","WindmillStrike"],"picked":"TalkToTheHand","floor":4},{"not_picked":["WheelKick","Tantrum"],"picked":"MentalFortress","floor":7},{"not_picked":["ReachHeaven","Nirvana","ConjureBlade"],"picked":"SKIP","floor":8}],"player_experience":1303770,"relics_obtained":[{"floor":8,"key":"Unceasing Top"},{"floor":9,"key":"Toxic Egg 2"}],"event_choices":[{"damage_healed":0,"gold_gain":0,"player_choice":"Lose Max HP","damage_taken":0,"relics_obtained":["Golden Idol"],"max_hp_gain":0,"max_hp_loss":6,"event_name":"Golden Idol","floor":3,"gold_loss":0},{"damage_healed":0,"gold_gain":0,"player_choice":"Gave Potion","damage_taken":0,"relics_obtained":["MealTicket"],"max_hp_gain":0,"max_hp_loss":0,"event_name":"WeMeetAgain","floor":5,"gold_loss":0}],"is_beta":false,"boss_relics":[],"items_purged_floors":[],"is_endless":false,"potions_floor_spawned":[4,7],"killed_by":"Gremlin Nob","ascension_level":20}}