{"host":"5rycm1ajjg5acc5q","time":1613168781,"event":{"mods":["BaseMod","Better Third Choice","Downfall","Highlight Path","Minty Spire (QoL Compilation)","Replay The Spire","StSLib"],"gold_per_floor":[99,111,128,142,203,228,251,38,38,55,55,155,155,140,160,255,255,255,275,275,31,42,73,99,99,118,118,146,1,21,49,63,163,163,163,174,189,199,36,53,125,125,125,125,125,155,173,205,221,221],"floor_reached":51,"language":"ENG","playtime":32504,"items_purged":["downfall:Bewildered"],"score":1011,"play_id":"87a76495-c695-48d3-9807-59e5c0c6c984","local_time":"20210212162621","is_ascension_mode":true,"campfire_choices":[{"data":"downfall:Haunted","floor":1,"key":"PURGE"},{"data":"ReplayTheSpireMod:Brewmster","floor":11,"key":"SMITH"},{"data":"sneckomod:Cheat","floor":13,"key":"SMITH"},{"data":"Eclipse","floor":18,"key":"SMITH"},{"floor":27,"key":"RECALL"},{"data":"sneckomod:UnknownRarePower","floor":35,"key":"SMITH"},{"data":"sneckomod:SnekBite","floor":43,"key":"SMITH"}],"circlet_count":0,"master_deck":["sneckomod:Strike","sneckomod:Strike","sneckomod:Strike","sneckomod:Defend","sneckomod:Defend","sneckomod:Defend","sneckomod:TailWhip","sneckomod:SnekBite+1","sneckomod:Unknown","sneckomod:Unknown","sneckomod:UnknownUncommonPower","sneckomod:WideSting","sneckomod:UnendingSupply","sneckomod:Cheat+1","sneckomod:UnknownUncommonPower","sneckomod:Unknown0Cost","ReplayTheSpireMod:Brewmster+1","Jack Of All Trades","Discovery","sneckomod:Nope","sneckomod:PureSnecko","sneckomod:DangerNoodle","Eclipse+1","sneckomod:UnknownUncommonPower","sneckomod:ImprovisedAttack","sneckomod:SerpentIdol","sneckomod:Unknown3Cost","sneckomod:SlitherStrike","sneckomod:UnknownUncommonPower","sneckomod:ImprovisedGuard","sneckomod:UnknownRarePower+1","sneckomod:MasterEye+1","sneckomod:SlitherStrike","sneckomod:SlitherStrike","sneckomod:QuickBite+1","ReplayTheSpireMod:Private Reserves","sneckomod:ImprovisedAttack+1","sneckomod:RainOfDice+1"],"relics":["sneckomod:SneckoSoul","Turnip","Centennial Puzzle","ReplayTheSpireMod:ShopPack","m_SnakeBloodCore","Toy Ornithopter","Coffee Dripper","BranchBurnRelic","Enchiridion","ClockworkSouvenir","Nunchaku","ReplayFunnel","sneckomod:BabySnecko","The Courier","Kunai","OrangePellets","Pet Ghost","Lizard Tail","Replay:Grab Bag","ChewingGum","Busted Crown","SlaversCollar","sneckomod:LoadedDie","Molten Egg 2","Prayer Wheel","Art of War","Prayer Wheel","Mirror"],"acts_visited":["Exordium","TheCity","TheBeyond"],"potions_floor_usage":[6,6,10,12,14,14,14,14,14,16,16,16,21,21,22,22,23,23,23,23,23,23,23,26,28,30,31,31,31,31,32,33,33,33,33,33,33,33,36,36,37,37,38,38,38,38,40,45,46,46,47,48,49,49,50,50,50,50,50],"damage_taken":[{"damage":0,"enemies":"2 Louse","floor":2,"turns":2},{"damage":0,"enemies":"Cultist","floor":3,"turns":2},{"damage":1,"enemies":"Jaw Worm","floor":4,"turns":3},{"damage":52,"enemies":"Gremlin Nob","floor":5,"turns":6},{"damage":9,"enemies":"Gremlin Nob","floor":6,"turns":5},{"damage":5,"enemies":"downfall:FleeingMerchant","floor":8,"turns":4},{"damage":1,"enemies":"Red Slaver","floor":10,"turns":2},{"damage":0,"enemies":"downfall:LadyInBlue","floor":12,"turns":4},{"damage":10,"enemies":"downfall:FleeingMerchant","floor":14,"turns":4},{"damage":6,"enemies":"2 Fungi Beasts","floor":15,"turns":2},{"damage":0,"enemies":"SI_SHIV_ARCHETYPE","floor":16,"turns":3},{"damage":16,"enemies":"Spheric Guardian","floor":19,"turns":4},{"damage":10,"enemies":"downfall:FleeingMerchant","floor":21,"turns":4},{"damage":19,"enemies":"Centurion and Healer","floor":22,"turns":7},{"damage":0,"enemies":"Book of Stabbing","floor":23,"turns":3},{"damage":16,"enemies":"Shelled Parasite and Fungi","floor":26,"turns":2},{"damage":0,"enemies":"Slavers","floor":28,"turns":1},{"damage":0,"enemies":"downfall:FleeingMerchant","floor":29,"turns":1},{"damage":20,"enemies":"Chosen and Byrds","floor":30,"turns":5},{"damage":14,"enemies":"Book of Stabbing","floor":31,"turns":4},{"damage":0,"enemies":"Snecko","floor":32,"turns":4},{"damage":10,"enemies":"IC_MUSHROOM_ARCHETYPE","floor":33,"turns":5},{"damage":3,"enemies":"3 Darklings","floor":36,"turns":6},{"damage":4,"enemies":"Orb Walker","floor":37,"turns":3},{"damage":0,"enemies":"Maw","floor":38,"turns":5},{"damage":19,"enemies":"3 Darklings","floor":40,"turns":3},{"damage":0,"enemies":"Writhing Mass","floor":45,"turns":1},{"damage":12,"enemies":"R_Hoarder","floor":46,"turns":6},{"damage":5,"enemies":"Transient","floor":47,"turns":5},{"damage":5,"enemies":"Giant Head","floor":48,"turns":6},{"damage":0,"enemies":"Maw","floor":49,"turns":4},{"damage":32,"enemies":"WA_ARCHETYPE_DIVINITY","floor":50,"turns":13}],"seed_played":"-6065853720270566321","potions_obtained":[{"floor":3,"key":"sneckomod:DiceRollPotion"},{"floor":5,"key":"sneckomod:OffclassReductionPotion"},{"floor":6,"key":"Slimebound:ThreeZeroPotion"},{"floor":12,"key":"Explosive Potion"},{"floor":12,"key":"Strength Potion"},{"floor":12,"key":"EntropicBrew"},{"floor":19,"key":"SpeedPotion"},{"floor":23,"key":"SpeedPotion"},{"floor":28,"key":"LiquidMemories"},{"floor":30,"key":"LiquidBronze"},{"floor":33,"key":"Flashbang"},{"floor":36,"key":"PowerPotion"},{"floor":40,"key":"DistilledChaos"}],"is_trial":false,"path_per_floor":["R","M","M","M","?","E","T","$","?","M","R","?","R","$","M","B",null,"R","M","?","$","M","E","T","?","M","R","E","$","M","E","M","B",null,"R","M","M","M","$","M","T","?","R","$","M","E","M","E","M","B",null],"character_chosen":"THE_SNECKO","items_purchased":["ReplayTheSpireMod:ShopPack","sneckomod:Unknown0Cost","ClockworkSouvenir","sneckomod:UnknownUncommonPower","Kunai","OrangePellets","Pet Ghost","sneckomod:SlitherStrike","sneckomod:LoadedDie"],"campfire_rested":0,"item_purchase_floors":[8,8,21,21,29,29,29,39,39],"current_hp_per_floor":[90,90,90,89,37,28,28,23,23,35,35,38,38,56,53,71,90,90,77,61,64,58,90,90,90,82,82,90,90,85,84,90,90,90,90,90,90,90,90,79,79,79,79,79,87,86,88,90,90,76],"gold":221,"neow_bonus":"ONE_RARE_RELIC","is_daily":false,"chose_seed":false,"campfire_upgraded":5,"win_rate":0.0,"timestamp":1613168781,"path_taken":["R","M","M","M","?","E","T","$","?","M","R","?","R","$","M","BOSS","R","M","?","$","M","E","T","?","M","R","E","$","M","E","M","BOSS","R","M","M","M","$","M","T","?","R","$","?","E","M","E","M","BOSS"],"items_purchased_type":["Relic","Card","Relic","Card","Relic","Relic","Relic","Card","Relic"],"build_version":"2020-12-22","purchased_purges":1,"victory":true,"max_hp_per_floor":[90,90,90,90,90,90,90,90,90,90,90,90,90,90,90,90,90,90,90,90,90,90,90,90,90,90,90,90,90,90,90,90,90,90,90,90,90,90,90,90,90,90,90,90,90,90,90,90,90,90],"card_choices":[{"not_picked":["sneckomod:QuickBite","sneckomod:UnknownBlock"],"picked":"sneckomod:UnknownUncommonPower","floor":2},{"not_picked":["sneckomod:IronFang","sneckomod:Unknown1Cost"],"picked":"sneckomod:WideSting","floor":3},{"not_picked":["sneckomod:UnknownStrike","sneckomod:WideSting","sneckomod:UnknownDraw"],"picked":"SKIP","floor":4},{"not_picked":["sneckomod:SoulDraw","sneckomod:UnknownBlock"],"picked":"sneckomod:UnendingSupply","floor":5},{"not_picked":["sneckomod:UnknownStrength","sneckomod:UnknownUncommonAttack"],"picked":"sneckomod:Cheat","floor":6},{"not_picked":["sneckomod:SoulDraw","sneckomod:SoulRoll"],"picked":"sneckomod:UnknownUncommonPower","floor":8},{"not_picked":["Midas Touch","HandOfGreed"],"picked":"ReplayTheSpireMod:Brewmster","floor":8},{"not_picked":["Metamorphosis","Trip"],"picked":"Jack Of All Trades","floor":8},{"not_picked":["Survey Options","Swift Strike"],"picked":"Discovery","floor":8},{"not_picked":["sneckomod:UnknownVulnerable","sneckomod:WideSting"],"picked":"sneckomod:Nope","floor":10},{"not_picked":["sneckomod:SoulDraw","sneckomod:Unknown1Cost"],"picked":"sneckomod:PureSnecko","floor":14},{"not_picked":["sneckomod:Unknown1Cost","sneckomod:DiceCrush"],"picked":"sneckomod:DangerNoodle","floor":15},{"not_picked":["Reboot","sneckomod:SerpentMind"],"picked":"Eclipse","floor":16},{"not_picked":["sneckomod:UnknownCommonSkill","sneckomod:WideSting","sneckomod:PureSnecko"],"picked":"SKIP","floor":19},{"not_picked":["sneckomod:UnknownUncommonAttack+1","sneckomod:DiceBoulder+1","sneckomod:Nope"],"picked":"SKIP","floor":21},{"not_picked":["sneckomod:UnknownStrike","sneckomod:UnknownClassBLUE","sneckomod:DiceBlock+1"],"picked":"SKIP","floor":22},{"not_picked":["sneckomod:UnknownClassTHE_BRONZE_AUTOMATON","sneckomod:DiceCrush"],"picked":"sneckomod:ImprovisedAttack","floor":23},{"not_picked":["sneckomod:IronFang","sneckomod:DiceBoulder"],"picked":"sneckomod:SerpentIdol","floor":26},{"not_picked":["sneckomod:IronFang","sneckomod:Memorize"],"picked":"sneckomod:Unknown3Cost","floor":28},{"not_picked":["sneckomod:UnknownX","sneckomod:Rotation","sneckomod:UnknownStrike"],"picked":"SKIP","floor":29},{"not_picked":["sneckomod:UnknownClassBLUE+1","sneckomod:SoulRoll"],"picked":"sneckomod:SlitherStrike","floor":30},{"not_picked":["sneckomod:UnknownClassTHE_BRONZE_AUTOMATON+1","sneckomod:RainOfDice"],"picked":"sneckomod:UnknownUncommonPower","floor":31},{"not_picked":["sneckomod:UnknownUncommonPower","sneckomod:DiceBlock"],"picked":"sneckomod:ImprovisedGuard","floor":32},{"not_picked":["sneckomod:UnknownRareAttack","sneckomod:DangerNoodle"],"picked":"sneckomod:UnknownRarePower","floor":33},{"not_picked":["sneckomod:SnekBeam"],"picked":"SKIP","floor":36},{"not_picked":["sneckomod:Unknown2Cost"],"picked":"SKIP","floor":37},{"not_picked":[],"picked":"sneckomod:MasterEye+1","floor":38},{"not_picked":["sneckomod:RainOfDice"],"picked":"SKIP","floor":40},{"not_picked":["sneckomod:UnknownStrike+1"],"picked":"SKIP","floor":46},{"not_picked":[],"picked":"sneckomod:ImprovisedAttack+1","floor":47},{"not_picked":["sneckomod:SnekBeam+1"],"picked":"SKIP","floor":47},{"not_picked":["sneckomod:UnknownDraw"],"picked":"SKIP","floor":48},{"not_picked":[],"picked":"sneckomod:RainOfDice+1","floor":49},{"not_picked":["sneckomod:Nope"],"picked":"SKIP","floor":49},{"not_picked":["sneckomod:Unknown1Cost"],"picked":"SKIP","floor":49}],"player_experience":554885,"relics_obtained":[{"floor":5,"key":"Centennial Puzzle"},{"floor":6,"key":"Dead Branch"},{"floor":12,"key":"Toy Ornithopter"},{"floor":20,"key":"Enchiridion"},{"floor":23,"key":"Nunchaku"},{"floor":24,"key":"ReplayFunnel"},{"floor":28,"key":"The Courier"},{"floor":31,"key":"Lizard Tail"},{"floor":41,"key":"Molten Egg 2"},{"floor":46,"key":"Art of War"},{"floor":48,"key":"Mirror"}],"event_choices":[],"is_beta":false,"boss_relics":[{"not_picked":["Philosopher\u0027s Stone","Sozu"],"picked":"Coffee Dripper"},{"not_picked":["Velvet Choker","Abe\u0027s Treasure"],"picked":"Replay:Grab Bag"},{"not_picked":["Cursed Key","ReplayTheSpireMod:Onyx Gauntlets"],"picked":"ChewingGum"},{"not_picked":["Replay:Wanted Poster","Replay:Bronze Core"],"picked":"Busted Crown"},{"not_picked":["Replay:Drink Me","Calling Bell"],"picked":"SlaversCollar"}],"items_purged_floors":[29],"is_endless":false,"potions_floor_spawned":[3,5,6,15,19,23,28,30,32,33,36,37,40,47,49],"ascension_level":1}}