{"host":"9czo1ewqehy3yunx","time":1613112856,"event":{"mods":["Act Like it!","BaseMod","CapriCore","Colored Powertips","DeckTracker","GifTheSpireLib","GungeonMod","Hermit","Keyboard Shortcuts","Koishi","Lobotomy","Marisa£¨Ùöéë¡¡Øª×âÞÞ£©","Minty Spire (QoL Compilation)","Permanent Neow","Quick Restart","StSLib","SuperFastMode","Td1madao Mod","The Bug Knight","The Cursed","The Hierophant","The Immortal","The Jungle","The Poker Player","The Runesmith"],"gold_per_floor":[113,130,144,155,167,167,187,198,198,198,258,258,32,43,43,145,145,157,173,173,183,197,197,228,228,228,228,242,242,242],"floor_reached":29,"language":"KOR","playtime":1894,"items_purged":[],"score":266,"play_id":"962ecf5e-15dd-4e1b-b03c-1ca44be288ee","local_time":"20210212155416","is_ascension_mode":false,"campfire_choices":[{"data":"Runesmith:CraftSpiculum","floor":6,"key":"SMITH"},{"data":"Runesmith:RunicBlueprint","floor":12,"key":"SMITH"},{"data":"Runesmith:GrandSlam","floor":15,"key":"SMITH"},{"data":"Runesmith:PoweredAnvil","floor":23,"key":"SMITH"},{"data":"Runesmith:GrandSlam","floor":25,"key":"SMITH"}],"circlet_count":0,"master_deck":["Runesmith:Strike_RS","Runesmith:Strike_RS","Runesmith:Strike_RS","Runesmith:Strike_RS","Runesmith:Defend_RS","Runesmith:Defend_RS","Runesmith:Defend_RS","Runesmith:CraftFirestone","Runesmith:Fortify","Runesmith:EnergizedChisel","Runesmith:Terraform+1","Runesmith:CraftSpiculum+1","Runesmith:PerfectChisel","Runesmith:EnergizedChisel","Runesmith:RunicBlueprint+1","Runesmith:CraftVitae","Runesmith:PerfectChisel","Runesmith:GrandSlam+1","Runesmith:PoweredAnvil+1","Runesmith:GrandSlam+1","Runesmith:CraftIndustria","Runesmith:EarthShield","Runesmith:CraftMagma+1","Runesmith:CraftProtectio+1","Runesmith:HammerThrow","Runesmith:StaticCage","Runesmith:Permafrost"],"relics":["Runesmith:BrokenRuby","Runesmith:MiniCore","DemoMod:BlueGuonStone","Gremlin Horn","Runesmith:UraniumAnvil","theJungle:BirthdayCake","Bag of Preparation","Du-Vu Doll"],"acts_visited":["Exordium","Exordium"],"potions_floor_usage":[16],"damage_taken":[{"damage":0,"enemies":"Cultist","floor":1,"turns":4},{"damage":0,"enemies":"Jaw Worm","floor":2,"turns":4},{"damage":5,"enemies":"2 Louse","floor":3,"turns":3},{"damage":10,"enemies":"2 Fungi Beasts","floor":4,"turns":4},{"damage":0,"enemies":"Red Slaver","floor":5,"turns":5},{"damage":21,"enemies":"Exordium Thugs","floor":7,"turns":5},{"damage":7,"enemies":"Large Slime","floor":8,"turns":6},{"damage":1,"enemies":"Gremlin Nob","floor":11,"turns":5},{"damage":7,"enemies":"3 Louse","floor":14,"turns":3},{"damage":3,"enemies":"Hexaghost","floor":16,"turns":9},{"damage":3,"enemies":"theJungle:Flameango_and_Byrd","floor":18,"turns":4},{"damage":16,"enemies":"Shell Parasite","floor":19,"turns":5},{"damage":26,"enemies":"theJungle:2_Snecko_Cultists","floor":21,"turns":6},{"damage":8,"enemies":"theJungle:2_Flameangoes","floor":22,"turns":8},{"damage":21,"enemies":"theJungle:2_Phrogs","floor":24,"turns":9},{"damage":0,"enemies":"theJungle:SlimyTreeVines","floor":28,"turns":6},{"damage":35,"enemies":"theJungle:2_Snecko_Cultists","floor":29,"turns":2}],"seed_played":"-2379204902197378123","potions_obtained":[{"floor":4,"key":"Weak Potion"},{"floor":7,"key":"DemoMod:LeadSkinPotion"},{"floor":11,"key":"Explosive Potion"},{"floor":16,"key":"SteroidPotion"}],"is_trial":false,"path_per_floor":["M","M","M","M","M","R","M","M","T","?","?","R","$","M","R","B",null,"M","M","?","M","M","R","E","R","T","?","M","M"],"character_chosen":"RUNESMITH_CLASS","items_purchased":["Runesmith:GrandSlam","Runesmith:PoweredAnvil"],"campfire_rested":0,"item_purchase_floors":[13,13],"current_hp_per_floor":[70,70,65,55,55,55,34,27,27,27,26,26,26,19,19,16,70,67,51,71,45,37,37,16,16,16,16,22,0,0],"gold":242,"neow_bonus":"RANDOM_COMMON_RELIC","is_daily":false,"chose_seed":false,"campfire_upgraded":5,"win_rate":0.0,"timestamp":1613112856,"path_taken":["M","M","M","M","?","R","M","M","T","?","?","R","$","M","R","BOSS","M","M","?","M","M","R","E","R","T","?","?","M"],"items_purchased_type":["Card","Card"],"build_version":"2020-12-22","purchased_purges":0,"victory":false,"max_hp_per_floor":[70,70,70,70,70,70,70,70,70,70,70,70,70,70,70,70,70,70,70,90,90,90,90,90,90,90,90,90,90,90],"card_choices":[{"not_picked":["Runesmith:StaticCage","Runesmith:UnstableHammer"],"picked":"Runesmith:EnergizedChisel","floor":1},{"not_picked":["Runesmith:Grindstone","Runesmith:HammerAndChisel"],"picked":"Runesmith:Terraform","floor":2},{"not_picked":["Runesmith:EarthShield","Runesmith:HammerThrow"],"picked":"Runesmith:CraftSpiculum","floor":3},{"not_picked":["Runesmith:NegativeSpace","Runesmith:HeatExchange"],"picked":"Runesmith:PerfectChisel","floor":4},{"not_picked":["Runesmith:WhiteBalance","Runesmith:RunicBlueprint"],"picked":"Runesmith:EnergizedChisel","floor":5},{"not_picked":["Runesmith:UnstableHammer","Runesmith:MakeshiftArmor"],"picked":"Runesmith:RunicBlueprint","floor":7},{"not_picked":["Runesmith:ShiftingStrike","Runesmith:StaticCage"],"picked":"Runesmith:CraftVitae","floor":8},{"not_picked":["Runesmith:Repurpose","Runesmith:Electrocute"],"picked":"Runesmith:PerfectChisel","floor":11},{"not_picked":["Runesmith:Overpower","Runesmith:StaticCage"],"picked":"Runesmith:GrandSlam","floor":14},{"not_picked":["Runesmith:MetallurgicalResearch","Runesmith:DuctTape"],"picked":"Runesmith:CraftIndustria","floor":16},{"not_picked":["Runesmith:Augment","Runesmith:WhiteBalance"],"picked":"Runesmith:EarthShield","floor":18},{"not_picked":["Runesmith:HeatExchange","Runesmith:Malloc"],"picked":"Runesmith:CraftMagma+1","floor":19},{"not_picked":["Runesmith:HammerThrow","Runesmith:HeatedChisel"],"picked":"Runesmith:CraftProtectio+1","floor":21},{"not_picked":["Runesmith:Firewall","Runesmith:UnstableHammer"],"picked":"Runesmith:HammerThrow","floor":22},{"not_picked":["Runesmith:HammerThrow+1","Runesmith:Attraction"],"picked":"Runesmith:StaticCage","floor":24},{"not_picked":["Runesmith:Overpower","Runesmith:HammerTime"],"picked":"Runesmith:Permafrost","floor":28}],"player_experience":281714,"relics_obtained":[{"floor":9,"key":"DemoMod:BlueGuonStone"},{"floor":11,"key":"Gremlin Horn"},{"floor":24,"key":"Bag of Preparation"},{"floor":26,"key":"Du-Vu Doll"}],"event_choices":[{"damage_healed":0,"gold_gain":0,"player_choice":"Grow","damage_taken":0,"max_hp_gain":0,"max_hp_loss":0,"event_name":"Living Wall","floor":10,"gold_loss":0,"cards_upgraded":["Runesmith:Terraform"]},{"damage_healed":0,"gold_gain":0,"player_choice":"Searched \u00271\u0027 times","damage_taken":0,"max_hp_gain":0,"max_hp_loss":0,"event_name":"Dead Adventurer","floor":11,"gold_loss":0},{"cards_removed":["Runesmith:Defend_RS"],"damage_healed":0,"gold_gain":0,"player_choice":"Purged","damage_taken":0,"max_hp_gain":0,"max_hp_loss":0,"event_name":"Purifier","floor":27,"gold_loss":0}],"is_beta":false,"boss_relics":[{"not_picked":["Coffee Dripper","Fusion Hammer"],"picked":"Runesmith:UraniumAnvil"}],"items_purged_floors":[],"is_endless":false,"potions_floor_spawned":[4,7,11,16,21,24,28],"killed_by":"theJungle:2_Snecko_Cultists","ascension_level":0}}