{"host":"7k2a2omxz3voj5ax","time":1613113811,"event":{"mods":["BaseMod","Marisa£¨ìFÓê¡¡Ä§ÀíÉ³£©","Minty Spire (QoL Compilation)","Quick Restart","Spicy Shops","StSLib","Starting Relic: Pandora\u0027s Box","Yakumo Yukari mod","¡¾ÒÅÎï¿¨ÅÆ¡¿REMEMod","óô»ðÖ¸ÄÏ"],"gold_per_floor":[117,137,137,153,153,213,265,265,363,363,363,479,539,539,614,51,51,298,298,381,532,532,532,698,275,372,372,548,548,852,1024,1024,1209,851,1065,647,1611,1611,1746,1454,1668,1171,1171,891,1963,2064,2004,2004,2621,2404,2819,2948,3348,3348,3271,4231,4231,3728,3504,3895,4495],"floor_reached":62,"language":"ZHS","playtime":2334,"items_purged":["Occultation+1","MasterSpark+1","UpSweep","SporeBomb","StarBarrage+1","Acceleration"],"score":2361,"play_id":"1425b7b7-fd72-4618-b6ea-b7199dab435e","local_time":"20210212161011","is_ascension_mode":true,"campfire_choices":[{"data":"REME_ShortnessOfBreath","floor":8.0,"key":"SMITH"},{"data":"MilkyWay","floor":14.0,"key":"SMITH"},{"data":"PowerUp","floor":17.0,"key":"SMITH"},{"floor":54.0,"key":"RECALL"}],"circlet_count":0,"master_deck":["PowerUp+1","Robbery","REME_ShortnessOfBreath+1","MilkyWay+1","SatelliteIllusion+1","6A+1","REME_ShortnessOfBreath+1"],"relics":["MiniHakkero","REME_ComplimentaryCards","NeowsBlessing","Potion Belt","Art of War","Whetstone","Sundial","Omamori","Membership Card","Toxic Egg 2","Ancient Tea Set","REME_LimitBreaker","Blood Vial","MagicBroom","SproutingBranch","Regal Pillow","Meat on the Bone","Eternal Feather","Frozen Egg 2","Bag of Preparation","Bottled Lightning","Empty Cage","SimpleLauncher","MealTicket","Gremlin Horn","Toy Ornithopter","HornCleat","Centennial Puzzle","Akabeko","DollysMirror","Anchor","AmplifyWand","ClockworkSouvenir","War Paint","Molten Egg 2","Bottled Tornado","Medical Kit","TheAbacus","InkBottle","Ice Cream","OrangePellets","Mummified Hand","Lizard Tail","Pear","Vajra","White Beast Statue","Lantern","Orichalcum","Oddly Smooth Stone","Kunai"],"acts_visited":["Exordium","TheCity","TheBeyond","TheEnding"],"potions_floor_usage":[58,61,61],"damage_taken":[{"damage":0.0,"enemies":"Small Slimes","floor":1.0,"turns":1.0},{"damage":0.0,"enemies":"Jaw Worm","floor":2.0,"turns":1.0},{"damage":0.0,"enemies":"2 Louse","floor":4.0,"turns":1.0},{"damage":0.0,"enemies":"Exordium Wildlife","floor":6.0,"turns":3.0},{"damage":25.0,"enemies":"Lagavulin","floor":7.0,"turns":4.0},{"damage":9.0,"enemies":"3 Sentries","floor":9.0,"turns":9.0},{"damage":0.0,"enemies":"Large Slime","floor":12.0,"turns":3.0},{"damage":9.0,"enemies":"2 Fungi Beasts","floor":13.0,"turns":3.0},{"damage":0.0,"enemies":"Slime Boss","floor":18.0,"turns":3.0},{"damage":0.0,"enemies":"3 Byrds","floor":20.0,"turns":2.0},{"damage":0.0,"enemies":"Shell Parasite","floor":21.0,"turns":4.0},{"damage":24.0,"enemies":"Shelled Parasite and Fungi","floor":24.0,"turns":3.0},{"damage":15.0,"enemies":"Book of Stabbing","floor":26.0,"turns":4.0},{"damage":0.0,"enemies":"Snake Plant","floor":28.0,"turns":1.0},{"damage":0.0,"enemies":"Gremlin Leader","floor":30.0,"turns":2.0},{"damage":0.0,"enemies":"Snecko","floor":31.0,"turns":1.0},{"damage":0.0,"enemies":"Centurion and Healer","floor":33.0,"turns":2.0},{"damage":0.0,"enemies":"Cultist and Chosen","floor":35.0,"turns":1.0},{"damage":0.0,"enemies":"Champ","floor":37.0,"turns":1.0},{"damage":0.0,"enemies":"3 Darklings","floor":39.0,"turns":1.0},{"damage":0.0,"enemies":"Orb Walker","floor":41.0,"turns":1.0},{"damage":0.0,"enemies":"Giant Head","floor":45.0,"turns":1.0},{"damage":0.0,"enemies":"Jaw Worm Horde","floor":46.0,"turns":1.0},{"damage":0.0,"enemies":"Maw","floor":49.0,"turns":1.0},{"damage":0.0,"enemies":"Reptomancer","floor":51.0,"turns":1.0},{"damage":0.0,"enemies":"3 Darklings","floor":52.0,"turns":1.0},{"damage":0.0,"enemies":"Spire Growth","floor":53.0,"turns":1.0},{"damage":0,"enemies":"Time Eater","floor":56,"turns":3},{"damage":0,"enemies":"Shield and Spear","floor":60,"turns":1},{"damage":0,"enemies":"The Heart","floor":61,"turns":3}],"seed_played":"1622210628550474581","potions_obtained":[{"floor":2.0,"key":"Regen Potion"},{"floor":4.0,"key":"Regen Potion"},{"floor":9.0,"key":"Swift Potion"},{"floor":13.0,"key":"CultistPotion"},{"floor":18.0,"key":"DistilledChaos"},{"floor":24.0,"key":"SneckoOil"},{"floor":26.0,"key":"Explosive Potion"},{"floor":28.0,"key":"Dexterity Potion"},{"floor":31.0,"key":"BottledSpark"},{"floor":33.0,"key":"ColorlessPotion"},{"floor":45.0,"key":"SpeedPotion"}],"is_trial":false,"path_per_floor":["M","M","?","M","?","M","E","R","E","T","?","M","M","R","?","$","R","B",null,"M","M","?","?","M","R","E","?","M","T","E","M","T","M","R","M","R","B",null,"M","$","M","$","?","R","E","M","R","T","M","R","E","M","M","R","R","B",null,"R","$","E","B",null],"character_chosen":"MARISA","items_purchased":["Sundial","Omamori","BlazingStar","Membership Card","Toxic Egg 2","Ancient Tea Set","Regal Pillow","Meat on the Bone","Eternal Feather","Frozen Egg 2","Bag of Preparation","Bottled Lightning","SimpleLauncher","MealTicket","Gremlin Horn","Toy Ornithopter","HornCleat","Centennial Puzzle","Akabeko","DollysMirror","Anchor","AmplifyWand","ClockworkSouvenir","Molten Egg 2","Medical Kit","TheAbacus","InkBottle","OrangePellets","Mummified Hand","Fruit Juice","Lizard Tail","Pear","Vajra","White Beast Statue","Lantern","Orichalcum","Oddly Smooth Stone"],"campfire_rested":0,"item_purchase_floors":[16,16,16,25,25,25,34,34,34,36,36,36,40,40,40,42,42,42,42,42,44,44,44,47,50,50,50,55,58,58,58,58,58,58,59,59,59],"current_hp_per_floor":[68,68,53,53,53,53,55,55,46,46,46,46,37,37,26,26,26,26,63,63,63,49,49,25,25,10,10,12,12,14,16,16,23,23,37,43,45,71,73,73,75,80,80,80,80,80,80,80,80,80,80,80,80,80,80,80,80,95,95,95,95],"gold":4495,"neow_bonus":"THREE_ENEMY_KILL","is_daily":false,"chose_seed":false,"campfire_upgraded":3,"win_rate":0.0,"timestamp":1613113811,"path_taken":["M","M","?","M","?","M","E","R","E","T","?","M","?","R","?","$","R","BOSS","M","M","?","?","?","R","E","?","M","T","E","M","?","M","R","?","R","BOSS","M","$","M","$","?","R","E","?","R","T","M","R","E","M","M","R","R","BOSS","R","$","E","BOSS"],"items_purchased_type":["Relic","Relic","Card","Relic","Relic","Relic","Relic","Relic","Relic","Relic","Relic","Relic","Relic","Relic","Relic","Relic","Relic","Relic","Relic","Relic","Relic","Relic","Relic","Relic","Relic","Relic","Relic","Relic","Relic","Potion","Relic","Relic","Relic","Relic","Relic","Relic","Relic"],"build_version":"2020-12-22","purchased_purges":6,"victory":true,"max_hp_per_floor":[75,75,75,75,75,75,75,75,75,75,75,75,75,75,75,75,75,75,75,75,75,80,80,80,80,80,80,80,80,80,80,80,80,80,80,80,80,80,80,80,80,80,80,80,80,80,80,80,80,80,80,80,80,80,80,80,80,95,95,95,95],"card_choices":[{"not_picked":["AlicesGift","IllusionStar"],"picked":"MilkyWay","floor":1.0},{"not_picked":["Acceleration","NonDirectionalLaser","LuminesStrike"],"picked":"SKIP","floor":2.0},{"not_picked":["MeteoricShower","SporeBomb","SuperNova"],"picked":"SKIP","floor":4.0},{"not_picked":["GrandCross","OrrerysSun","DarkSpark"],"picked":"SKIP","floor":6.0},{"not_picked":["IllusionStar","PulseMagic","MagicAbsorber"],"picked":"SKIP","floor":7.0},{"not_picked":["IllusionStar","DeepEcoloBomb","MysteriousBeam"],"picked":"SKIP","floor":9.0},{"not_picked":["DragonMeteor","OneTimeOff","WitchLeyline"],"picked":"SKIP","floor":12.0},{"not_picked":["PowerUp","SporeBomb","MachineGunSpark"],"picked":"SKIP","floor":13.0},{"not_picked":["BlazingStar","BinaryStars"],"picked":"SatelliteIllusion","floor":18.0},{"not_picked":["SporeBomb+1","ManaConvection","MysteriousBeam"],"picked":"SKIP","floor":20.0},{"not_picked":["SporeBomb+1","ManaConvection","MysteriousBeam"],"picked":"SKIP","floor":20.0},{"not_picked":["RefractionSpark","NonDirectionalLaser+1","GrandCross"],"picked":"SKIP","floor":21.0},{"not_picked":["UnstableBomb","GalacticHalo","DragonMeteor+1"],"picked":"SKIP","floor":24.0},{"not_picked":["LuminesStrike","Orbital+1","NonDirectionalLaser+1"],"picked":"SKIP","floor":26.0},{"not_picked":["WitchOfGreed","PropBag+1","SporeBomb+1"],"picked":"SKIP","floor":28.0},{"not_picked":["SporeBomb+1","ChargeUpSpray+1","MagicChant+1"],"picked":"SKIP","floor":30.0},{"not_picked":["AlicesGift","DoubleSpark+1","Acceleration+1"],"picked":"SKIP","floor":31.0},{"not_picked":["CollectingQuirk","StarBarrage","Acceleration+1"],"picked":"SKIP","floor":33.0},{"not_picked":["WitchLeyline","NonDirectionalLaser"],"picked":"6A+1","floor":35.0},{"not_picked":["GrandCross","MagicChant+1","MysteriousBeam"],"picked":"SKIP","floor":39.0},{"not_picked":["6A","GravityBeat","DarkSpark+1"],"picked":"SKIP","floor":41.0},{"not_picked":["IllusionStar+1","WitchLeyline+1","MeteoricShower"],"picked":"SKIP","floor":45.0},{"not_picked":["PropBag+1","IllusionStar+1","MysteriousBeam+1"],"picked":"SKIP","floor":46.0},{"not_picked":["GalacticHalo+1","NonDirectionalLaser+1","MysteriousBeam+1"],"picked":"SKIP","floor":49.0},{"not_picked":["Acceleration+1","MysteriousBeam+1","OneTimeOff+1"],"picked":"SKIP","floor":51.0},{"not_picked":["MagicChant+1","SprinkleStarSeal+1","GalacticHalo+1"],"picked":"SKIP","floor":52.0},{"not_picked":["NonDirectionalLaser+1","GrandCross+1","ChargingUp+1"],"picked":"SKIP","floor":53.0},{"not_picked":["WitchOfGreed+1","AlicesGift+1","UnstableBomb+1"],"picked":"SKIP","floor":60}],"player_experience":302372,"relics_obtained":[{"floor":7.0,"key":"Potion Belt"},{"floor":9.0,"key":"Art of War"},{"floor":10.0,"key":"Whetstone"},{"floor":26.0,"key":"REME_LimitBreaker"},{"floor":30.0,"key":"MagicBroom"},{"floor":32.0,"key":"SproutingBranch"},{"floor":45.0,"key":"War Paint"},{"floor":48.0,"key":"Bottled Tornado"},{"floor":51.0,"key":"Ice Cream"},{"floor":60,"key":"Kunai"}],"event_choices":[{"damage_healed":0.0,"max_hp_gain":0.0,"max_hp_loss":0.0,"gold_gain":0.0,"event_name":"Shining Light","player_choice":"Entered Light","floor":3.0,"gold_loss":0.0,"damage_taken":15.0,"cards_upgraded":["Occultation","AsteroidBelt"]},{"cards_removed":["RefractionSpark"],"damage_healed":0.0,"max_hp_gain":0.0,"max_hp_loss":0.0,"gold_gain":0.0,"event_name":"Living Wall","player_choice":"Forget","floor":5.0,"gold_loss":0.0,"damage_taken":0.0},{"damage_healed":0.0,"max_hp_gain":0.0,"max_hp_loss":0.0,"gold_gain":0.0,"event_name":"Liars Game","player_choice":"Ignored","floor":11.0,"gold_loss":0.0,"damage_taken":0.0},{"damage_healed":0.0,"max_hp_gain":0.0,"max_hp_loss":0.0,"gold_gain":75.0,"event_name":"World of Goop","player_choice":"Gather Gold","floor":15.0,"gold_loss":0.0,"damage_taken":11.0},{"damage_healed":0.0,"max_hp_gain":5.0,"max_hp_loss":0.0,"gold_gain":0.0,"event_name":"Forgotten Altar","player_choice":"Shed Blood","floor":22.0,"gold_loss":0.0,"damage_taken":19.0},{"damage_healed":0.0,"max_hp_gain":0.0,"max_hp_loss":0.0,"gold_gain":0.0,"event_name":"Upgrade Shrine","player_choice":"Upgraded","floor":23.0,"gold_loss":0.0,"damage_taken":0.0,"cards_upgraded":["SatelliteIllusion"]},{"damage_healed":0.0,"max_hp_gain":0.0,"max_hp_loss":0.0,"gold_gain":0.0,"event_name":"The Mausoleum","player_choice":"Opened","floor":27.0,"gold_loss":0.0,"damage_taken":0.0,"relics_obtained":["Blood Vial"],"cards_obtained":["Writhe"]},{"damage_healed":0.0,"max_hp_gain":0.0,"max_hp_loss":0.0,"gold_gain":0.0,"event_name":"Match and Keep!","player_choice":"0 cards matched","floor":43.0,"gold_loss":0.0,"damage_taken":0.0,"cards_obtained":[]}],"is_beta":false,"boss_relics":[{"not_picked":["Snecko Eye","Cursed Key","Velvet Choker"]},{"not_picked":["Coffee Dripper","Busted Crown"],"picked":"Empty Cage"}],"items_purged_floors":[16,25,25,34,36,42],"is_endless":false,"potions_floor_spawned":[2,4,9,13,18,24,26,28,31,33,45,49,53,60],"ascension_level":9}}