{"host":"78azdv0oxplymbah","time":1613137138,"event":{"mods":["Aspiration","BaseMod","Better Third Choice","BetterRewards","Challenge The Spire","Conspire","Downfall","Highlight Path","Minty Spire (QoL Compilation)","Quick Restart","Relic Stats","Remove Card Discount Mod","Replay The Spire","RumiaBox-露米娅的神秘盒子","Spicy Shops","StSLib","TestMod","UnlockEverythingMod","Waifu the Spire","[功能]功能增强和修复MOD","【功能Mod】混沌之环修复补丁","【遗物卡牌】REMEMod"],"gold_per_floor":[349,360,371,86,103,2,2,37,53,67,0,30,30,51,66,165,165,165,190,220,259,260,260,260],"floor_reached":22,"language":"ZHS","playtime":1429,"items_purged":["Pride","hexamod:Strike","hexamod:Defend","hexamod:Strike","hexamod:Defend","hexamod:Strike","hexamod:Strike","hexamod:Defend","hexamod:Defend"],"score":225,"play_id":"b54913d2-d518-485f-9556-de47258e43e9","local_time":"20210212213858","is_ascension_mode":false,"campfire_choices":[{"data":"hexamod:Sear","floor":1.0,"key":"SMITH"},{"floor":13.0,"key":"REST"},{"data":"hexamod:ExtraCrispy","floor":18.0,"key":"SMITH"}],"circlet_count":0,"master_deck":["hexamod:Sear+1","hexamod:Float","hexamod:HeatMetal","hexamod:Hexaguard","hexamod:BurningTouch+1","hexamod:RainOfEmbers","hexamod:ThermalTransfer","hexamod:FlamesFromBeyond","hexamod:HeatMetal","hexamod:HauntingEcho","hexamod:RecurringNightmare","hexamod:UnlimitedPower+1","hexamod:ThirdSeal","hexamod:ExtraCrispy","hexamod:ExtraCrispy+1","hexamod:SecondSeal","hexamod:FifthSeal","Regret","hexamod:GhostOfSpirePresent+1","hexamod:Incineration+1","hexamod:FourthSeal","hexamod:SkipABeat","hexamod:SixthSeal"],"relics":["hexamod:SpiritBrand","REME_ComplimentaryCards","testmod-TestBox","testmod-Prudence","Replay:Multitool","Frozen Eye","Toolbox","Bronze Scales","testmod-Motorcycle","ZombieArmy","testmod-Register","Golden Egg","conspire:DecoderRing","REME_HandOfSuture","Dream Catcher","Membership Card","testmod-Acrobat","Replay:PocketPolymizer","Blood Vial","Astrolabe"],"acts_visited":["Exordium","TheCity"],"potions_floor_usage":[21],"damage_taken":[{"damage":8.0,"enemies":"conspire:RoseBush","floor":2.0,"turns":2.0},{"damage":10.0,"enemies":"Small Slimes","floor":3.0,"turns":3.0},{"damage":0.0,"enemies":"downfall:FleeingMerchant","floor":4.0,"turns":4.0},{"damage":0.0,"enemies":"Jaw Worm","floor":5.0,"turns":2.0},{"damage":0.0,"enemies":"downfall:FleeingMerchant","floor":6.0,"turns":4.0},{"damage":8.0,"enemies":"Lagavulin","floor":8.0,"turns":3.0},{"damage":0.0,"enemies":"Exordium Wildlife","floor":9.0,"turns":3.0},{"damage":0.0,"enemies":"Lots of Slimes","floor":10.0,"turns":1.0},{"damage":8.0,"enemies":"downfall:FleeingMerchant","floor":11.0,"turns":4.0},{"damage":8.0,"enemies":"Gremlin Nob","floor":12.0,"turns":3.0},{"damage":2.0,"enemies":"3 Louse","floor":14.0,"turns":3.0},{"damage":14.0,"enemies":"Exordium Thugs","floor":15.0,"turns":4.0},{"damage":20.0,"enemies":"DF_ARCHETYPE_STREAMLINE","floor":16.0,"turns":6.0},{"damage":3,"enemies":"Chosen","floor":19,"turns":4},{"damage":15,"enemies":"Snecko","floor":20,"turns":5},{"damage":36,"enemies":"Snake Plant","floor":21,"turns":3},{"damage":15,"enemies":"downfall:FleeingMerchant","floor":22,"turns":2}],"seed_played":"8992594939033621774","potions_obtained":[{"floor":2.0,"key":"Fire Potion"},{"floor":3.0,"key":"DistilledChaos"},{"floor":5.0,"key":"Fire Potion"},{"floor":12.0,"key":"PowerPotion"},{"floor":16.0,"key":"Flashbang"},{"floor":20,"key":"Slimebound:ThreeZeroPotion"},{"floor":21,"key":"Swift Potion"}],"is_trial":false,"path_per_floor":["R","M","M","$","M","$","T","E","M","M","$","E","R","M","M","B",null,"R","M","M","M","$"],"character_chosen":"THE_SPIRIT","items_purchased":["Replay:Multitool","Frozen Eye","Toolbox","Bronze Scales","testmod-Motorcycle","ZombieArmy","hexamod:RainOfEmbers","hexamod:Hexaguard","hexamod:ThermalTransfer","hexamod:FlamesFromBeyond","REME_GoldPotion","testmod-Register","Golden Egg","conspire:DecoderRing","Membership Card","testmod-Acrobat","Replay:PocketPolymizer"],"campfire_rested":1,"item_purchase_floors":[4,4,4,4,4,4,4,4,4,4,4,6,6,6,11,11,11],"current_hp_per_floor":[63,55,45,45,45,45,45,37,37,37,29,21,39,39,27,9,63,63,60,47,13,0,0,0],"gold":260,"neow_bonus":"TWO_FIFTY_GOLD","is_daily":false,"chose_seed":false,"campfire_upgraded":2,"win_rate":0.0,"timestamp":1613137138,"path_taken":["R","M","M","$","M","$","T","E","M","M","$","E","R","M","M","BOSS","R","M","M","M","$"],"items_purchased_type":["Relic","Relic","Relic","Relic","Relic","Relic","Card","Card","Card","Card","Potion","Relic","Relic","Relic","Relic","Relic","Relic"],"build_version":"2020-12-22","purchased_purges":9,"victory":false,"max_hp_per_floor":[63,63,63,63,63,63,63,63,63,63,63,63,63,63,63,63,63,63,63,63,63,63,63,63],"relic_stats":{"Blood Vial":12,"Dream Catcher":1,"counters":[17,56],"Bronze Scales":[93],"Astrolabe":["Regret","hexamod:GhostOfSpirePresent","hexamod:Incineration"],"obtain_stats":[{"Golden Egg":6,"testmod-TestBox":0,"Replay:PocketPolymizer":11,"testmod-Register":6,"Astrolabe":17,"Replay:Multitool":4,"Blood Vial":12,"Frozen Eye":4,"Dream Catcher":8,"testmod-Prudence":0,"testmod-Motorcycle":4,"Bronze Scales":4,"conspire:DecoderRing":6,"testmod-Acrobat":11,"Toolbox":4,"REME_HandOfSuture":7,"Membership Card":11,"hexamod:SpiritBrand":0,"REME_ComplimentaryCards":0,"ZombieArmy":4},{"Golden Egg":5,"testmod-TestBox":0,"Replay:PocketPolymizer":9,"testmod-Register":5,"Astrolabe":13,"Replay:Multitool":3,"Blood Vial":10,"Frozen Eye":3,"Dream Catcher":6,"testmod-Prudence":0,"testmod-Motorcycle":3,"Bronze Scales":3,"conspire:DecoderRing":5,"testmod-Acrobat":9,"Toolbox":3,"REME_HandOfSuture":5,"Membership Card":9,"hexamod:SpiritBrand":0,"REME_ComplimentaryCards":0,"ZombieArmy":3},{"Golden Egg":15,"testmod-TestBox":0,"Replay:PocketPolymizer":26,"testmod-Register":15,"Astrolabe":42,"Replay:Multitool":9,"Blood Vial":29,"Frozen Eye":9,"Dream Catcher":18,"testmod-Prudence":0,"testmod-Motorcycle":9,"Bronze Scales":9,"conspire:DecoderRing":15,"testmod-Acrobat":26,"Toolbox":9,"REME_HandOfSuture":15,"Membership Card":26,"hexamod:SpiritBrand":0,"REME_ComplimentaryCards":0,"ZombieArmy":9}]},"card_choices":[{"not_picked":["hexamod:RainOfEmbers","hexamod:SwordOfDarkness"],"picked":"hexamod:HeatMetal","floor":2.0},{"not_picked":["hexamod:Firestarter","hexamod:SpectralAdrenaline"],"picked":"hexamod:Hexaguard","floor":3.0},{"not_picked":["hexamod:AdvancingGuard","hexamod:GhostOfSpireFuture"],"picked":"hexamod:BurningTouch","floor":4.0},{"not_picked":["hexamod:SwordOfDarkness","hexamod:SkipABeat"],"picked":"hexamod:HeatMetal","floor":5.0},{"not_picked":["hexamod:ShieldOfDarkness","hexamod:ThermalTransfer"],"picked":"hexamod:HauntingEcho","floor":6.0},{"not_picked":["hexamod:GhostLash","hexamod:BacktrackSmack","hexamod:InspiringFlames"],"picked":"SKIP","floor":8.0},{"not_picked":["hexamod:ShieldOfDarkness","hexamod:ParanormalForm","hexamod:SwordOfDarkness"],"picked":"SKIP","floor":9.0},{"not_picked":["hexamod:FastForward","hexamod:FlamesFromBeyond"],"picked":"hexamod:RecurringNightmare","floor":10.0},{"not_picked":["hexamod:HauntingEcho","hexamod:SpectersWail"],"picked":"hexamod:GhostflameInferno","floor":11.0},{"not_picked":["hexamod:Firestarter","hexamod:SwordOfDarkness"],"picked":"hexamod:UnlimitedPower","floor":12.0},{"not_picked":["hexamod:FlamesFromBeyond","hexamod:GhostflameBarrier"],"picked":"hexamod:ThirdSeal","floor":13.0},{"not_picked":["hexamod:InspiringFlames","hexamod:HauntingEcho"],"picked":"hexamod:ExtraCrispy","floor":14.0},{"not_picked":["hexamod:SpectralAdrenaline","hexamod:AdvancingGuard","hexamod:ShieldOfDarkness"],"picked":"SKIP","floor":14.0},{"not_picked":["hexamod:GhostShield","hexamod:ThirdSeal"],"picked":"hexamod:ExtraCrispy","floor":15.0},{"not_picked":["hexamod:HauntingEcho","hexamod:InspiringFlames"],"picked":"hexamod:SecondSeal","floor":15.0},{"not_picked":["hexamod:UnlimitedPower","hexamod:ParanormalForm"],"picked":"hexamod:FifthSeal","floor":16.0},{"not_picked":["hexamod:FirstSeal","hexamod:SecondSeal"],"picked":"hexamod:FourthSeal","floor":19},{"not_picked":["hexamod:DynamicBlow","hexamod:Hexaguard","hexamod:NightmareGuise+1"],"picked":"SKIP","floor":19},{"not_picked":["hexamod:InspiringFlames","hexamod:UnlimitedPower","hexamod:HauntingEcho"],"picked":"SKIP","floor":19},{"not_picked":["hexamod:DynamicBlow","hexamod:Hexaguard","hexamod:NightmareGuise+1"],"picked":"SKIP","floor":19},{"not_picked":["hexamod:InspiringFlames","hexamod:UnlimitedPower","hexamod:HauntingEcho"],"picked":"SKIP","floor":19},{"not_picked":["hexamod:RetreatToShadows+1","hexamod:BacktrackSmack"],"picked":"hexamod:SkipABeat","floor":20},{"not_picked":["hexamod:FourthSeal","hexamod:SecondSeal"],"picked":"hexamod:SixthSeal","floor":20},{"not_picked":["hexamod:DynamicBlow","hexamod:AdvancingGuard","hexamod:NightmareGuise"],"picked":"SKIP","floor":20},{"not_picked":["hexamod:InspiringFlames","hexamod:ShieldOfDarkness+1","hexamod:RecurringNightmare+1"],"picked":"SKIP","floor":21}],"player_experience":64359,"relics_obtained":[{"floor":7.0,"key":"REME_HandOfSuture"},{"floor":8.0,"key":"Dream Catcher"},{"floor":12.0,"key":"Blood Vial"}],"event_choices":[],"is_beta":false,"boss_relics":[{"not_picked":["testmod-EnergyCheck","EasyGame_NEW"],"picked":"Astrolabe"}],"items_purged_floors":[4,4,4,4,4,4,4,4,4],"is_endless":false,"potions_floor_spawned":[2,3,5,8,8,10,10,12,14,14,15,15,16,19,20,20,21],"killed_by":"downfall:FleeingMerchant","ascension_level":0}}