{"host":"gxcgukckowz9m16q","time":1613138712,"event":{"mods":["2.2 Compatiblity","BaseMod","Colored Map","Downfall","Jorbs\u0027s Wanderer Trilogy","Marisa????????","Minty Spire (QoL Compilation)","Prisma Mod","Replay The Spire","Shade Mod","Shop Mod","StSLib","The Alterego","The Animator","The Bug Knight","The Cursed","The Hierophant","The Runesmith","The Servant 0.9.4","Unknown Chances","Yakumo Yukari mod"],"gold_per_floor":[139,154,79,94,109,109,109,109,109,122,122,134,159,171,200,229,241,356,368,400,412,493,510,176,186,205,205,229,77,77,94,113,128,128,128,128],"floor_reached":35,"language":"ENG","playtime":1954,"items_purged":[],"score":255,"play_id":"8b0fd132-3f1f-4e66-8960-d2a5cc70d9d7","local_time":"20210212080512","is_ascension_mode":false,"campfire_choices":[{"data":"Observe_purple_2","floor":6,"key":"SMITH"},{"data":"Mirror_FormAndEmptin_purple","floor":9,"key":"SMITH"},{"floor":12,"key":"REST"},{"data":"Defend_purpleEX","floor":17,"key":"SMITH"},{"data":"DimensionStaggered_purple","floor":30,"key":"SMITH"},{"floor":34,"key":"REST"}],"circlet_count":0,"master_deck":["AT_purpleEX","AT_purpleEX","AT_purpleEX","AT_purpleEX","Defend_purpleEX","Defend_purpleEX+1","Defend_purpleEX","Defend_purpleEX","Observe_purple_1","Observe_purple_2+1","OmniscientAndOmnipotent_Monster_purple","WeekHit_purple","OmniscientAndOmnipotent_Monster_purple","Charmbait_purple","StateErode_purple","Mirror_FormAndEmptin_purple+1","AdvanceAttack_purple","Know_ledgeAbilityRealm_purple","Bait_Toxicbait_purple","MetroBOOM_purple","LoveAcrossDimensions_purple","OmniscientAndOmnipotent_Monster_purple+1","DimensionStaggered_purple+1","CommonSense_AntiCommonSense_purple","Doubt","ExistenceContinue_purple","Photoelasticity_Doppler_Effect_purple","DimensionStaggered_purple","Shallow_ocean_purpleEX","Fantasy_PerpetualMotionMachine_purple","ExternalForce_HighSpeedFlying_purple","Boundary_LightAndDark_purple","Photoelasticity_Doppler_Effect_purple"],"relics":["Boundary_crack","Memoryfragments_purpleEX","MawBank","ChewingGum","Eternal Feather","ReplayTheSpireMod:CursedCoin","Ornamental Fan","alterego_mod:FleetingLove","Oddly Smooth Stone"],"acts_visited":["Exordium","TheCity"],"potions_floor_usage":[10,18,35,35],"damage_taken":[{"damage":0,"enemies":"Small Slimes","floor":1,"turns":4},{"damage":1,"enemies":"Cultist","floor":2,"turns":4},{"damage":10,"enemies":"Jaw Worm","floor":4,"turns":4},{"damage":36,"enemies":"Exordium Thugs","floor":5,"turns":7},{"damage":27,"enemies":"Gremlin Gang","floor":10,"turns":4},{"damage":5,"enemies":"Looter","floor":13,"turns":3},{"damage":2,"enemies":"Blue Slaver","floor":15,"turns":2},{"damage":0,"enemies":"Red Slaver","floor":16,"turns":3},{"damage":10,"enemies":"Hexaghost","floor":18,"turns":7},{"damage":20,"enemies":"2 Thieves","floor":20,"turns":3},{"damage":0,"enemies":"Chosen","floor":23,"turns":3},{"damage":33,"enemies":"Snake Plant","floor":25,"turns":4},{"damage":21,"enemies":"Centurion and Healer","floor":26,"turns":5},{"damage":16,"enemies":"Shelled Parasite and Fungi","floor":31,"turns":5},{"damage":12,"enemies":"Cultist and Chosen","floor":32,"turns":5},{"damage":0,"enemies":"Snecko","floor":33,"turns":4},{"damage":86,"enemies":"Automaton","floor":35,"turns":6}],"seed_played":"6045418855802183804","potions_obtained":[{"floor":2,"key":"Energy Potion"},{"floor":13,"key":"Elixir"},{"floor":16,"key":"Toxic Potion"},{"floor":23,"key":"SpeedPotion"},{"floor":26,"key":"bronze:BurnAndBuffPotion"},{"floor":31,"key":"FearPotion"}],"is_trial":false,"path_per_floor":["M","M","$","M","M","R","PTL","PTL","R","M","T","R","M","?","M","M","R_BF","B",null,"M","T","$","M","$","M","M","?","T","$","R","M","M","M","R","B"],"character_chosen":"Youkari","items_purchased":["OmniscientAndOmnipotent_Monster_purple","Charmbait_purple","DimensionStaggered_purple","CommonSense_AntiCommonSense_purple","ReplayTheSpireMod:CursedCoin","Ornamental Fan","Photoelasticity_Doppler_Effect_purple","DimensionStaggered_purple","Oddly Smooth Stone"],"campfire_rested":2,"item_purchase_floors":[3,3,22,22,22,24,24,24,29],"current_hp_per_floor":[77,77,77,67,32,32,32,32,32,10,10,33,30,30,29,30,30,23,77,59,59,59,64,64,36,15,15,15,15,33,17,7,7,48,0,0],"gold":128,"neow_bonus":"TEN_PERCENT_HP_BONUS","is_daily":false,"chose_seed":false,"campfire_upgraded":4,"win_rate":0.0,"timestamp":1613138712,"path_taken":["M","M","$","M","M","R","PTL","PTL","R","M","T","R","M","?","?","M","R_BF","BOSS","M","?","$","?","$","M","M","?","T","?","R","M","M","M","R","BOSS"],"items_purchased_type":["Card","Card","Card","Card","Relic","Relic","Card","Card","Relic"],"build_version":"2020-12-22","purchased_purges":0,"victory":false,"max_hp_per_floor":[77,77,77,77,77,77,77,77,77,77,77,77,77,77,77,77,77,77,77,77,77,77,77,77,77,77,77,77,77,77,77,77,77,77,77,77],"card_choices":[{"not_picked":["Line_surface_state_purple","Realm_recovery_purpleEX"],"picked":"OmniscientAndOmnipotent_Monster_purple","floor":1},{"not_picked":["Realm_recovery_purpleEX","SfantasyHide_purple"],"picked":"WeekHit_purple","floor":2},{"not_picked":["Worldmountain_purple","OmniscientAndOmnipotent_Monster_purple"],"picked":"StateErode_purple","floor":4},{"not_picked":["Boundary_of_Extermination_purpleEX","StateDuplicate_purple"],"picked":"Mirror_FormAndEmptin_purple","floor":5},{"not_picked":["OmniscientAndOmnipotent_Monster_purple","Charmbait_purple"],"picked":"AdvanceAttack_purple","floor":10},{"not_picked":["Boundary_ObjectiveBoundary_purple","Worldmountain_purple"],"picked":"Know_ledgeAbilityRealm_purple","floor":13},{"not_picked":["Anti_communist_purple","StateDuplicate_purple"],"picked":"Bait_Toxicbait_purple","floor":15},{"not_picked":["Erosivefilter_purple","Umbrella_purple"],"picked":"MetroBOOM_purple","floor":16},{"not_picked":["WasteWire_Metro_purple","Human_Monster_Realm_purple"],"picked":"LoveAcrossDimensions_purple","floor":18},{"not_picked":["Mirror_WaveAndshot_purple","SharpContractionReality_purple"],"picked":"OmniscientAndOmnipotent_Monster_purple+1","floor":20},{"not_picked":["Mirror_WaveAndshot_purple","MNeedle_purple"],"picked":"ExistenceContinue_purple","floor":23},{"not_picked":["RuleDissolution_purple","Mirror_WaveAndshot_purple+1"],"picked":"Shallow_ocean_purpleEX","floor":25},{"not_picked":["Umbrella_purple","Extrememeaning_purpleEX"],"picked":"Fantasy_PerpetualMotionMachine_purple","floor":26},{"not_picked":["Fantasy_PerpetualMotionMachine_purple","WatchEChange_purple"],"picked":"ExternalForce_HighSpeedFlying_purple","floor":31},{"not_picked":["WeekHit_purple","Mirror_Drifter_purple"],"picked":"Boundary_LightAndDark_purple","floor":32},{"not_picked":["PurpleNeedle_purple","WangLiang_OokamiKakushi_purple"],"picked":"Photoelasticity_Doppler_Effect_purple","floor":33}],"player_experience":11696,"relics_obtained":[{"floor":11,"key":"MawBank"},{"floor":21,"key":"Eternal Feather"}],"event_choices":[{"damage_healed":0,"gold_gain":0,"player_choice":"Bought 0 Potions","damage_taken":0,"max_hp_gain":0,"max_hp_loss":0,"event_name":"The Woman in Blue","floor":14,"gold_loss":0},{"damage_healed":0,"gold_gain":0,"player_choice":"Choice 1","damage_taken":0,"relics_obtained":["alterego_mod:FleetingLove"],"max_hp_gain":0,"max_hp_loss":0,"event_name":"Secret Garden","floor":27,"gold_loss":0}],"is_beta":false,"boss_relics":[{"not_picked":["SlaversCollar","Tiny House"],"picked":"ChewingGum"}],"items_purged_floors":[],"is_endless":false,"potions_floor_spawned":[2,13,16,23,26,31,33],"killed_by":"Automaton","ascension_level":0}}