{"host":"f5gffvlv6a66yqkd","time":1613144060,"event":{"mods":["2.2 Compatiblity","BaseMod","Colored Map","Custom Start","DeckTracker","Keyboard Shortcuts","Minty Spire (QoL Compilation)","Permanent Neow","Quick Restart","Relic Stats","StSLib","SuperFastMode"],"gold_per_floor":[215,215,229,240,253,253,278,294,368,379,440,450,460,504,504,607,607,626,626,680,595,270,270,288,316,316,316,316,55,55,83,83,189,216,236,248,248,310,338,373,373,391,418,438,438,477,51,62,62,62,62,62,37,76,76],"floor_reached":56,"language":"KOR","playtime":1383,"items_purged":["Strike_P","Defend_P"],"score":1593,"play_id":"a3e0af6a-52e9-41f9-8ab6-9f4d92615657","local_time":"20210213003420","is_ascension_mode":true,"campfire_choices":[{"data":"Eruption","floor":6.0,"key":"SMITH"},{"data":"ForeignInfluence","floor":15.0,"key":"SMITH"},{"floor":23.0,"key":"REST"},{"data":"Scrawl","floor":28.0,"key":"SMITH"},{"floor":30.0,"key":"REST"},{"data":"BowlingBash","floor":32.0,"key":"SMITH"},{"floor":41.0,"key":"DIG"},{"data":"Prostrate","floor":45,"key":"SMITH"},{"floor":49,"key":"RECALL"},{"floor":52,"key":"DIG"}],"circlet_count":0,"master_deck":["Eruption+1","Vigilance","BowlingBash+1","ForeignInfluence+1","Consecrate","Halt","CutThroughFate","Vault","Scrawl+1","Collect","FlurryOfBlows","Ragnarok+1","Worship+1","Brilliance+1","CarveReality+1","TalkToTheHand+1","FearNoEvil","Master of Strategy","Master of Strategy","Prostrate+1","Prostrate+1","Devotion+1","Study+1","Nirvana+1"],"relics":["PureWater","Damaru","Mummified Hand","Lizard Tail","CeramicFish","Philosopher\u0027s Stone","Red Mask","Bag of Marbles","Shuriken","Juzu Bracelet","Bottled Lightning","Happy Flower","InkBottle","Astrolabe","Shovel","Whetstone","Frozen Egg 2","Du-Vu Doll","Bag of Preparation","ClockworkSouvenir","HornCleat","Ornamental Fan"],"acts_visited":["Exordium","TheCity","TheBeyond","TheEnding"],"potions_floor_usage":[55,55,55,55,55,55],"damage_taken":[{"damage":0.0,"enemies":"Cultist","floor":1.0,"turns":2.0},{"damage":0.0,"enemies":"Small Slimes","floor":3.0,"turns":1.0},{"damage":0.0,"enemies":"2 Louse","floor":4.0,"turns":2.0},{"damage":6.0,"enemies":"Looter","floor":5.0,"turns":3.0},{"damage":16.0,"enemies":"Gremlin Nob","floor":7.0,"turns":3.0},{"damage":13.0,"enemies":"Large Slime","floor":8.0,"turns":4.0},{"damage":0.0,"enemies":"3 Louse","floor":10.0,"turns":2.0},{"damage":0.0,"enemies":"Lagavulin Event","floor":11.0,"turns":2.0},{"damage":0.0,"enemies":"Blue Slaver","floor":12.0,"turns":2.0},{"damage":0.0,"enemies":"Large Slime","floor":13.0,"turns":3.0},{"damage":3.0,"enemies":"3 Sentries","floor":14.0,"turns":3.0},{"damage":19.0,"enemies":"Hexaghost","floor":16.0,"turns":10.0},{"damage":13.0,"enemies":"3 Byrds","floor":18.0,"turns":4.0},{"damage":11.0,"enemies":"Masked Bandits","floor":20.0,"turns":4.0},{"damage":21.0,"enemies":"Book of Stabbing","floor":25.0,"turns":4.0},{"damage":0.0,"enemies":"Gremlin Leader","floor":31.0,"turns":1.0},{"damage":0.0,"enemies":"Collector","floor":33.0,"turns":2.0},{"damage":0.0,"enemies":"Orb Walker","floor":35.0,"turns":1.0},{"damage":0.0,"enemies":"3 Darklings","floor":36.0,"turns":1.0},{"damage":0.0,"enemies":"2 Orb Walkers","floor":38.0,"turns":1.0},{"damage":0.0,"enemies":"Sphere and 2 Shapes","floor":39.0,"turns":2.0},{"damage":0.0,"enemies":"Nemesis","floor":40.0,"turns":1.0},{"damage":0,"enemies":"Transient","floor":44,"turns":5},{"damage":0,"enemies":"Giant Head","floor":46,"turns":5},{"damage":0,"enemies":"Jaw Worm Horde","floor":48,"turns":1},{"damage":30,"enemies":"Awakened One","floor":50,"turns":4},{"damage":0,"enemies":"Shield and Spear","floor":54,"turns":2},{"damage":5,"enemies":"The Heart","floor":55,"turns":3}],"seed_played":"4995563022282540929","potions_obtained":[{"floor":1.0,"key":"EssenceOfSteel"},{"floor":5.0,"key":"CultistPotion"},{"floor":7.0,"key":"FearPotion"},{"floor":14.0,"key":"EssenceOfSteel"},{"floor":16.0,"key":"Energy Potion"},{"floor":18.0,"key":"DuplicationPotion"},{"floor":25.0,"key":"Dexterity Potion"},{"floor":40.0,"key":"EntropicBrew"},{"floor":44,"key":"GamblersBrew"},{"floor":54,"key":"Regen Potion"}],"is_trial":false,"path_per_floor":["M","?","M","M","M","R","E","M","T","M","?","M","M","E","R","B",null,"M","?","?","?","$","R","?","E","T","?","R","$","R","E","R","B",null,"M","M","?","?","M","E","R","?","T","M","R","E","$","M","R","B",null,"R","$","E","B",null],"character_chosen":"WATCHER","items_purchased":["Shuriken","FlurryOfBlows","Happy Flower","Bag of Preparation","Devotion+1","ClockworkSouvenir","Study+1"],"campfire_rested":2,"item_purchase_floors":[22,29,29,47,47,47,53],"current_hp_per_floor":[72,58,58,58,52,52,36,23,23,23,23,23,23,20,20,1,72,59,46,35,35,35,58,58,37,37,37,37,37,60,60,60,60,77,77,77,73,73,73,73,73,68,68,68,68,68,68,68,68,38,73,73,73,73,73],"gold":76,"neow_bonus":"HUNDRED_GOLD","is_daily":false,"chose_seed":false,"campfire_upgraded":5,"win_rate":0.0,"timestamp":1613144060,"path_taken":["M","?","M","M","M","R","E","M","T","M","?","M","M","E","R","BOSS","M","?","?","?","$","R","?","E","T","?","R","?","R","E","R","BOSS","M","M","?","?","M","E","R","?","T","M","R","E","$","M","R","BOSS","R","$","E","BOSS"],"items_purchased_type":["Relic","Card","Relic","Relic","Card","Relic","Card"],"build_version":"2020-12-22","purchased_purges":2,"victory":true,"max_hp_per_floor":[72,72,72,72,72,72,72,72,72,72,72,72,72,72,72,72,72,72,77,77,77,77,77,77,77,77,77,77,77,77,77,77,77,77,77,77,73,73,73,73,73,73,73,73,73,73,73,73,73,73,73,73,73,73,73],"relic_stats":{"Happy Flower":[9],"counters":[28,78],"CeramicFish":153,"Astrolabe":["Worship","Brilliance","CarveReality"],"Juzu Bracelet":0,"Bag of Preparation":[8],"Whetstone":["TalkToTheHand","Ragnarok"],"Lizard Tail":0,"Shovel":2,"Mummified Hand":[11],"Shuriken":[41],"Ornamental Fan":[16],"obtain_stats":[{"Happy Flower":29,"CeramicFish":14,"Astrolabe":34,"Damaru":7,"Juzu Bracelet":25,"Bag of Preparation":47,"Whetstone":40,"Frozen Egg 2":41,"ClockworkSouvenir":47,"Du-Vu Doll":46,"Lizard Tail":11,"Shovel":38,"HornCleat":52,"Mummified Hand":9,"Shuriken":22,"Ornamental Fan":54,"Philosopher\u0027s Stone":17,"Red Mask":20,"Bag of Marbles":21,"Bottled Lightning":26,"PureWater":0,"InkBottle":31},{"Happy Flower":15,"CeramicFish":11,"Astrolabe":17,"Damaru":5,"Juzu Bracelet":15,"Bag of Preparation":24,"Whetstone":22,"Frozen Egg 2":22,"ClockworkSouvenir":24,"Du-Vu Doll":24,"Lizard Tail":8,"Shovel":20,"HornCleat":26,"Mummified Hand":6,"Shuriken":14,"Ornamental Fan":27,"Philosopher\u0027s Stone":12,"Red Mask":14,"Bag of Marbles":14,"Bottled Lightning":15,"PureWater":0,"InkBottle":16},{"Happy Flower":49,"CeramicFish":27,"Astrolabe":52,"Damaru":11,"Juzu Bracelet":49,"Bag of Preparation":68,"Whetstone":58,"Frozen Egg 2":58,"ClockworkSouvenir":68,"Du-Vu Doll":68,"Lizard Tail":19,"Shovel":55,"HornCleat":73,"Mummified Hand":15,"Shuriken":45,"Ornamental Fan":75,"Philosopher\u0027s Stone":37,"Red Mask":45,"Bag of Marbles":45,"Bottled Lightning":49,"PureWater":0,"InkBottle":50}],"InkBottle":[21]},"card_choices":[{"not_picked":["Meditate","FollowUp"],"picked":"BowlingBash","floor":1.0},{"not_picked":["FlyingSleeves","ClearTheMind"],"picked":"ForeignInfluence","floor":3.0},{"not_picked":["FollowUp","Sanctity"],"picked":"Consecrate","floor":4.0},{"not_picked":["Evaluate","SashWhip","ForeignInfluence"],"picked":"SKIP","floor":5.0},{"not_picked":["PathToVictory","ConjureBlade","JustLucky"],"picked":"SKIP","floor":7.0},{"not_picked":["ThirdEye","CrushJoints"],"picked":"Halt","floor":8.0},{"not_picked":["FlurryOfBlows","Protect"],"picked":"CutThroughFate","floor":10.0},{"not_picked":["PathToVictory","JustLucky","Meditate"],"picked":"SKIP","floor":12.0},{"not_picked":["BowlingBash","ReachHeaven","ClearTheMind"],"picked":"SKIP","floor":13.0},{"not_picked":["CutThroughFate","JustLucky"],"picked":"Vault","floor":14.0},{"not_picked":["SandsOfTime","Crescendo","Prostrate"],"picked":"SKIP","floor":18.0},{"not_picked":["SignatureMove","CarveReality","SpiritShield"],"picked":"SKIP","floor":25.0},{"not_picked":["WheelKick","Sanctity","CutThroughFate"],"picked":"SKIP","floor":31.0},{"not_picked":["Establishment","Blasphemy"],"picked":"Ragnarok","floor":33.0},{"not_picked":["CarveReality","Halt+1","CutThroughFate"],"picked":"SKIP","floor":35.0},{"not_picked":["CutThroughFate","Perseverance","EmptyBody+1"],"picked":"SKIP","floor":36.0},{"not_picked":["Consecrate","DeceiveReality"],"picked":"TalkToTheHand","floor":38.0},{"not_picked":["PathToVictory","SandsOfTime+1"],"picked":"FearNoEvil","floor":39.0},{"not_picked":["EmptyBody+1","Protect","PathToVictory"],"picked":"SKIP","floor":40.0},{"not_picked":["Finesse","The Bomb"],"picked":"Master of Strategy","floor":42},{"not_picked":["Mayhem+1","Forethought"],"picked":"Master of Strategy","floor":42},{"not_picked":["Protect+1","CutThroughFate"],"picked":"Prostrate","floor":44},{"not_picked":["SashWhip+1","FollowUp+1"],"picked":"Prostrate+1","floor":46},{"not_picked":["Vengeance","BowlingBash","Halt"],"picked":"SKIP","floor":48},{"not_picked":["LessonLearned","Vengeance"],"picked":"Nirvana+1","floor":54}],"player_experience":1458153,"relics_obtained":[{"floor":7.0,"key":"Damaru"},{"floor":9.0,"key":"Mummified Hand"},{"floor":11.0,"key":"Lizard Tail"},{"floor":14.0,"key":"CeramicFish"},{"floor":20.0,"key":"Red Mask"},{"floor":25.0,"key":"Juzu Bracelet"},{"floor":26.0,"key":"Bottled Lightning"},{"floor":31.0,"key":"InkBottle"},{"floor":38.0,"key":"Shovel"},{"floor":40.0,"key":"Whetstone"},{"floor":41.0,"key":"Frozen Egg 2"},{"floor":46,"key":"Du-Vu Doll"},{"floor":52,"key":"HornCleat"},{"floor":54,"key":"Ornamental Fan"}],"event_choices":[{"damage_healed":0.0,"max_hp_gain":0.0,"max_hp_loss":0.0,"gold_gain":0.0,"event_name":"Shining Light","player_choice":"Entered Light","floor":2.0,"gold_loss":0.0,"damage_taken":14.0,"cards_upgraded":["Strike_P","Strike_P"]},{"damage_healed":0.0,"max_hp_gain":0.0,"max_hp_loss":0.0,"gold_gain":0.0,"event_name":"Dead Adventurer","player_choice":"Searched \u00272\u0027 times","floor":11.0,"gold_loss":0.0,"damage_taken":0.0},{"damage_healed":0.0,"max_hp_gain":5.0,"max_hp_loss":0.0,"gold_gain":0.0,"event_name":"Forgotten Altar","player_choice":"Shed Blood","floor":19.0,"gold_loss":0.0,"damage_taken":18.0},{"damage_healed":0.0,"max_hp_gain":0.0,"max_hp_loss":0.0,"gold_gain":0.0,"event_name":"Masked Bandits","player_choice":"Fought Bandits","floor":20.0,"gold_loss":0.0,"damage_taken":0.0},{"damage_healed":0.0,"max_hp_gain":0.0,"max_hp_loss":0.0,"gold_gain":0.0,"event_name":"Addict","player_choice":"Obtained Relic","floor":21.0,"gold_loss":85.0,"damage_taken":0.0,"relics_obtained":["Bag of Marbles"]},{"damage_healed":0.0,"max_hp_gain":0.0,"max_hp_loss":0.0,"gold_gain":0.0,"cards_transformed":["Strike_P","Strike_P"],"event_name":"Drug Dealer","player_choice":"Became Test Subject","floor":24.0,"gold_loss":0.0,"damage_taken":0.0,"cards_obtained":["Scrawl","Collect"]},{"cards_removed":["Strike_P"],"damage_healed":0.0,"max_hp_gain":0.0,"max_hp_loss":0.0,"gold_gain":0.0,"event_name":"Back to Basics","player_choice":"Elegance","floor":27.0,"gold_loss":0.0,"damage_taken":0.0},{"damage_healed":0.0,"max_hp_gain":0.0,"max_hp_loss":4.0,"gold_gain":0.0,"event_name":"Winding Halls","player_choice":"Max HP","floor":37.0,"gold_loss":0.0,"damage_taken":0.0},{"damage_healed":0.0,"max_hp_gain":0.0,"max_hp_loss":0.0,"gold_gain":0.0,"event_name":"Mysterious Sphere","player_choice":"Fight","floor":38.0,"gold_loss":0.0,"damage_taken":0.0},{"damage_healed":0,"gold_gain":0,"player_choice":"Memory 2","damage_taken":5,"max_hp_gain":0,"max_hp_loss":0,"event_name":"SensoryStone","floor":42,"gold_loss":0}],"is_beta":false,"boss_relics":[{"not_picked":["SlaversCollar","Empty Cage"],"picked":"Philosopher\u0027s Stone"},{"not_picked":["Pandora\u0027s Box","Velvet Choker"],"picked":"Astrolabe"}],"items_purged_floors":[22,29],"is_endless":false,"potions_floor_spawned":[1,5,7,14,16,18,25,35,40,44,48,54],"ascension_level":3}}