{"host":"6r9t33axn0fzb9aq","time":1613138533,"event":{"mods":["Aspiration","BaseMod","Better Altar","Better Match","Better Note","Better Third Choice","Bossed Relics","CatGirl Mod","Clockwork Mod","Colored Map","Colored Powertips","Conspire","Curses Come First","Custom Start","Energized Spire","Halation","Hubris","Infinite Spire","Koishi","Marisa????????","Minty Spire (QoL Compilation)","Onozuka Komachi Mod","Poor People Problems","Reliquary","Remilia??????","Replay The Spire","Reworked Bosses","Shade Mod","Spicy Shops","Spire Arcade","StSLib","The Blue Laboratory","The Cursed","The Death Knight","The Hierophant","The Marked","The Necromancer","The Servant 0.9.4","TheHero","Trackpad","Waifu the Spire","Wandering Minibosses"],"gold_per_floor":[115,133,133,133,133,164,176,212,293,293,293,293,217,217,217,322,322,339,339,144,144,144,185,185,217,244,244,244,261,107,107,107,215,215,241,241,258,38,138,138,138,138,188,217,217,156,204,504,504,512],"floor_reached":51,"language":"ENG","playtime":3480,"items_purged":["Dagger Spray+1"],"score":909,"play_id":"b8f6aa91-4dd0-445e-beef-623ca47a8833","local_time":"20210212140213","daily_mods":["Hoarder","Vintage","Heirloom","Time Dilation","Flight","Elite Swarm","Binary"],"is_ascension_mode":false,"campfire_choices":[{"data":"1","floor":10.0,"key":"LIFT"},{"data":"2","floor":11.0,"key":"LIFT"},{"data":"3","floor":12.0,"key":"LIFT"},{"data":"Caltrops","floor":27.0,"key":"SMITH"},{"data":"Caltrops","floor":28.0,"key":"SMITH"},{"floor":32.0,"key":"DIG"},{"data":"Caltrops","floor":40.0,"key":"SMITH"},{"data":"Caltrops","floor":42.0,"key":"SMITH"},{"floor":49,"key":"DIG"}],"circlet_count":0,"master_deck":["Strike_G","Strike_G","Strike_G","Strike_G","Strike_G","Defend_G","Defend_G","Defend_G","Defend_G","Defend_G","Survivor+1","Neutralize","Infinite Blades","Infinite Blades+1","Infinite Blades","Caltrops+1","Caltrops+1","Caltrops+1","Backflip","Backflip","Backflip","Caltrops+1","Caltrops","Caltrops","Accuracy+1","Accuracy+1","Accuracy+1"],"relics":["Ring of the Serpent","Busted Crown","replay:Trail_Library","trackpad:ToughGloves","halation:IllGainedPizza","reliquary:RoseTintedGlasses","hubris:Towel","aspiration:DSix","Replay:Ringing Soul","Girya","Replay:WaspNest","infinitespire:PuzzleCube","halation:OrihimeAndHikoboshiSamaAndTears","energizedSpire:MagnifyingGlass","MealTicket","Sundial","Omamori","Oddly Smooth Stone","halation:PromiseList","halation:Sosunser","Molten Egg 2","hubris:Backtick","Golden Egg","Shovel","Bloody Idol","Calipers","Membership Card","trackpad:AdjectivePendant","reliquary:TridentHead","ReplayTheSpireMod:TigerMarble","Blue Doll","CatCart","reliquary:PartyBalloon"],"acts_visited":["Exordium","TheCity","TheBeyond"],"potions_floor_usage":[50,50],"damage_taken":[{"damage":0.0,"enemies":"Cultist","floor":1.0,"turns":5.0},{"damage":0.0,"enemies":"Small Slimes","floor":2.0,"turns":3.0},{"damage":19.0,"enemies":"Lagavulin","floor":6.0,"turns":11.0},{"damage":0.0,"enemies":"Jaw Worm","floor":7.0,"turns":3.0},{"damage":4.0,"enemies":"3 Sentries","floor":8.0,"turns":12.0},{"damage":41.0,"enemies":"Hexaghost","floor":16.0,"turns":4.0},{"damage":9.0,"enemies":"Spheric Guardian","floor":18.0,"turns":3.0},{"damage":9.0,"enemies":"Slavers","floor":23.0,"turns":4.0},{"damage":1.0,"enemies":"Gremlin Leader","floor":25.0,"turns":4.0},{"damage":0.0,"enemies":"Shell Parasite","floor":29.0,"turns":3.0},{"damage":0.0,"enemies":"bossMod:newChamp","floor":33.0,"turns":7.0},{"damage":28.0,"enemies":"3 Darklings","floor":35.0,"turns":5.0},{"damage":0.0,"enemies":"3 Shapes","floor":37.0,"turns":4.0},{"damage":15,"enemies":"Reptomancer","floor":44,"turns":4},{"damage":13,"enemies":"Orin","floor":47,"turns":4},{"damage":37,"enemies":"bossMod:newShapes","floor":50,"turns":5}],"seed_played":"4781998278825341588","potions_obtained":[{"floor":6.0,"key":"CunningPotion"},{"floor":7.0,"key":"blueLaboratory:Moonshine"},{"floor":8.0,"key":"Reflective Coating"},{"floor":18.0,"key":"BlessingOfTheForge"},{"floor":22.0,"key":"blueLaboratory:HummingbirdPotion"},{"floor":22.0,"key":"blueLaboratory:BubblePotion"},{"floor":35.0,"key":"blueLaboratory:FrostheartPotion"},{"floor":47,"key":"blueLaboratory:FruitPunch"}],"is_trial":true,"path_per_floor":["M","M","?","?","?","E","M","E","T","R","R","R","$","?","R_BF","B",null,"M","AVR","$","?","?","E","$","E","T","R","R","M","$","?","R_BF","B",null,"M","?","M","$","?","R","AVR","R","T","E","HB","$","?","?","R_BF","B",null],"character_chosen":"THE_SILENT","items_purchased":["Caltrops","MealTicket","Backflip","halation:Sosunser","Membership Card","trackpad:AdjectivePendant","Accuracy+1"],"campfire_rested":0,"item_purchase_floors":[13,20,20,30,38,38,46],"current_hp_per_floor":[70,70,70,70,70,51,51,47,47,50,50,50,53,53,75,34,76,67,67,70,70,70,61,76,75,75,78,78,78,82,82,82,82,82,54,13,48,63,68,68,68,68,73,82,41,44,41,44,44,44],"gold":512,"neow_bonus":"","is_daily":false,"chose_seed":false,"campfire_upgraded":4,"win_rate":0.0,"timestamp":1613138533,"path_taken":["M","M","?","?","?","E","?","E","T","R","R","R","$","?","R_BF","BOSS","M","AVR","$","?","?","E","?","E","T","R","R","?","$","?","R_BF","BOSS","M","?","?","$","?","R","AVR","R","T","E","HB","?","?","?","R_BF","BOSS"],"items_purchased_type":["Card","Relic","Card","Relic","Relic","Relic","Card"],"build_version":"2020-12-22","purchased_purges":1,"victory":true,"max_hp_per_floor":[70,70,70,70,70,70,70,70,70,73,73,73,76,76,76,76,76,76,76,79,79,79,79,79,79,79,82,82,82,82,82,82,82,82,82,82,82,82,82,82,82,82,82,82,41,44,44,44,44,46],"card_choices":[],"player_experience":457024,"relics_obtained":[{"floor":1.0,"key":"halation:IllGainedPizza"},{"floor":2.0,"key":"reliquary:RoseTintedGlasses"},{"floor":6.0,"key":"aspiration:DSix"},{"floor":7.0,"key":"Replay:Ringing Soul"},{"floor":8.0,"key":"Girya"},{"floor":9.0,"key":"Replay:WaspNest"},{"floor":18.0,"key":"infinitespire:PuzzleCube"},{"floor":23.0,"key":"Sundial"},{"floor":25.0,"key":"Omamori"},{"floor":26.0,"key":"Oddly Smooth Stone"},{"floor":29.0,"key":"halation:PromiseList"},{"floor":32.0,"key":"Molten Egg 2"},{"floor":35.0,"key":"Shovel"},{"floor":37.0,"key":"Calipers"},{"floor":43.0,"key":"ReplayTheSpireMod:TigerMarble"},{"floor":44,"key":"Blue Doll"},{"floor":47,"key":"CatCart"},{"floor":49,"key":"reliquary:PartyBalloon"}],"event_choices":[{"damage_healed":0.0,"max_hp_gain":0.0,"max_hp_loss":0.0,"gold_gain":0.0,"event_name":"betterThird:BetterSerpent","player_choice":"Ignored","floor":14.0,"gold_loss":0.0,"damage_taken":217.0},{"damage_healed":0.0,"max_hp_gain":0.0,"max_hp_loss":0.0,"gold_gain":0.0,"event_name":"Purifier","player_choice":"Ignored","floor":21.0,"gold_loss":0.0,"damage_taken":0.0},{"damage_healed":0.0,"max_hp_gain":0.0,"max_hp_loss":0.0,"gold_gain":0.0,"event_name":"Lab","player_choice":"Got Potions","floor":22.0,"gold_loss":0.0,"damage_taken":0.0},{"damage_healed":0.0,"max_hp_gain":0.0,"max_hp_loss":0.0,"gold_gain":0.0,"event_name":"The Woman in Blue","player_choice":"Bought 0 Potions","floor":31.0,"gold_loss":0.0,"damage_taken":0.0},{"damage_healed":0.0,"max_hp_gain":0.0,"max_hp_loss":0.0,"gold_gain":0.0,"event_name":"betterThird:BetterPortal","player_choice":"Random: Violet","floor":36.0,"gold_loss":0.0,"damage_taken":0.0},{"damage_healed":0.0,"max_hp_gain":54.0,"max_hp_loss":13.0,"gold_gain":0.0,"event_name":"betterAltar:BetterAltar","player_choice":" Idol ","floor":36.0,"potions_obtained":[],"relics_lost":[],"gold_loss":0.0,"damage_taken":41.0,"relics_obtained":["Bloody Idol"]},{"damage_healed":0.0,"max_hp_gain":0.0,"max_hp_loss":0.0,"gold_gain":100.0,"event_name":"Golden Shrine","player_choice":"Pray","floor":39.0,"gold_loss":0.0,"damage_taken":0.0},{"damage_healed":0,"gold_gain":0,"player_choice":"Fight","damage_taken":0,"max_hp_gain":0,"max_hp_loss":0,"event_name":"OrinTheCat","floor":47,"gold_loss":0},{"damage_healed":0,"gold_gain":300,"player_choice":"Gold","damage_taken":0,"max_hp_gain":0,"max_hp_loss":0,"event_name":"Wheel of Change","floor":48,"gold_loss":0}],"is_beta":false,"boss_relics":[{"not_picked":["SacredBark","halation:PlatinumPhoenix"],"picked":"Ring of the Serpent"},{"not_picked":["halation:SmartPhone","Snecko Eye"],"picked":"hubris:Backtick"}],"items_purged_floors":[46],"is_endless":false,"potions_floor_spawned":[6,7,8,18,35,47],"ascension_level":0}}