{"host":"phy652c7lim9lcu2","time":1613126656,"event":{"mods":["BaseMod","Colored Powertips","Downfall","Googly Eyes","Minty Spire (QoL Compilation)","Relic Stats","Spicy Shops","StSLib","everything is the same but u backflip on backflip"],"gold_per_floor":[117,117,46,64,64,391,391,425,425,425,445,472,15,15,15,113,113,156,170,215,228,228,263,263,263,312,354,354,61,61,61,61,164,164,175,225,71,91,104,132,132,158,158,158,177,195,195,295,295,295,295,295,42,69,69,69],"floor_reached":55,"language":"ENG","playtime":2983,"items_purged":["Strike_P","Strike_P","Defend_P"],"score":1324,"play_id":"e7bd6ccc-c0ce-4a5d-b44a-37d8d6c35260","local_time":"20210212204416","is_ascension_mode":true,"campfire_choices":[{"data":"WreathOfFlame","floor":7.0,"key":"SMITH"},{"data":"ClearTheMind","floor":10.0,"key":"SMITH"},{"data":"Wish","floor":15.0,"key":"SMITH"},{"data":"Ragnarok","floor":24.0,"key":"SMITH"},{"data":"Ragnarok","floor":28.0,"key":"SMITH"},{"data":"Establishment","floor":30.0,"key":"SMITH"},{"floor":32.0,"key":"REST"},{"data":"SpiritShield","floor":41.0,"key":"SMITH"},{"data":"WreathOfFlame","floor":44.0,"key":"SMITH"},{"floor":49.0,"key":"RECALL"},{"data":"TalkToTheHand","floor":52.0,"key":"SMITH"}],"circlet_count":0,"master_deck":["AscendersBane","Strike_P","Defend_P","Defend_P","Eruption+1","Vigilance","ClearTheMind+1","Swivel","Wallop","Consecrate","WreathOfFlame+1","EmptyFist","TalkToTheHand+1","CutThroughFate","Wish+1","SpiritShield+1","Perseverance","FlyingSleeves","Ragnarok+1","Swivel","Wallop","Ragnarok+1","Wireheading","Establishment+1","WreathOfFlame+1","Ragnarok+1","Protect+1","SandsOfTime+1","TalkToTheHand+1","SandsOfTime+1"],"relics":["PureWater","NeowsBlessing","Old Coin","Question Card","Mummified Hand","Toy Ornithopter","Pen Nib","Strawberry","Orrery","Blue Candle","Snecko Eye","Singing Bowl","Bag of Marbles","VioletLotus","DollysMirror","Smiling Mask","MealTicket","Gremlin Horn","Vajra","Akabeko"],"acts_visited":["Exordium","TheCity","TheBeyond","TheEnding"],"potions_floor_usage":[],"damage_taken":[{"damage":0.0,"enemies":"Jaw Worm","floor":1.0,"turns":1.0},{"damage":0.0,"enemies":"Cultist","floor":4.0,"turns":1.0},{"damage":0.0,"enemies":"Lagavulin","floor":6.0,"turns":2.0},{"damage":22.0,"enemies":"3 Sentries","floor":8.0,"turns":8.0},{"damage":0.0,"enemies":"Small Slimes","floor":11.0,"turns":2.0},{"damage":35.0,"enemies":"Gremlin Nob","floor":12.0,"turns":5.0},{"damage":0.0,"enemies":"Slime Boss","floor":16.0,"turns":4.0},{"damage":3.0,"enemies":"Spheric Guardian","floor":18.0,"turns":3.0},{"damage":0.0,"enemies":"Chosen","floor":19.0,"turns":2.0},{"damage":13.0,"enemies":"Snake Plant","floor":20.0,"turns":3.0},{"damage":0.0,"enemies":"Sentry and Sphere","floor":21.0,"turns":5.0},{"damage":4.0,"enemies":"Book of Stabbing","floor":23.0,"turns":3.0},{"damage":18.0,"enemies":"Centurion and Healer","floor":27.0,"turns":5.0},{"damage":1.0,"enemies":"Automaton","floor":33.0,"turns":5.0},{"damage":0.0,"enemies":"3 Shapes","floor":35.0,"turns":3.0},{"damage":8.0,"enemies":"3 Darklings","floor":36.0,"turns":6.0},{"damage":4.0,"enemies":"Transient","floor":38.0,"turns":5.0},{"damage":16.0,"enemies":"Sphere and 2 Shapes","floor":39.0,"turns":3.0},{"damage":0.0,"enemies":"Reptomancer","floor":40.0,"turns":2.0},{"damage":0.0,"enemies":"Giant Head","floor":42.0,"turns":4.0},{"damage":11.0,"enemies":"Jaw Worm Horde","floor":45.0,"turns":2.0},{"damage":8.0,"enemies":"4 Shapes","floor":46.0,"turns":4.0},{"damage":14.0,"enemies":"Donu and Deca","floor":50.0,"turns":4.0},{"damage":27.0,"enemies":"Shield and Spear","floor":54.0,"turns":7.0},{"damage":64,"enemies":"The Heart","floor":55,"turns":5}],"seed_played":"3576825375252497578","potions_obtained":[{"floor":4.0,"key":"BottledMiracle"},{"floor":12.0,"key":"SpeedPotion"},{"floor":20.0,"key":"Explosive Potion"},{"floor":21.0,"key":"Weak Potion"},{"floor":33.0,"key":"DuplicationPotion"}],"is_trial":false,"path_per_floor":["M","?","$","M","?","E","R","E","T","R","M","E","$","?","R","B",null,"M","M","M","M","?","E","R","?","T","M","R","$","R","$","R","B",null,"M","M","$","M","M","E","R","E","T","R","M","M","?","?","R","B",null,"R","$","E","B"],"character_chosen":"WATCHER","items_purchased":["Wallop","Pen Nib","Strawberry","Orrery","Establishment","Bag of Marbles","DollysMirror","Vajra"],"campfire_rested":1,"item_purchase_floors":[3,13,13,13,29,29,37,53],"current_hp_per_floor":[65,65,65,65,65,65,65,43,43,43,43,8,15,10,10,15,63,60,60,47,47,47,45,45,45,45,27,27,27,27,27,51,52,75,75,69,69,65,49,51,51,51,51,51,42,36,36,36,36,22,70,70,85,64,0,0],"gold":69,"neow_bonus":"THREE_ENEMY_KILL","is_daily":false,"chose_seed":false,"campfire_upgraded":9,"win_rate":0.0,"timestamp":1613126656,"path_taken":["M","?","?","M","?","E","R","E","T","R","M","E","$","?","R","BOSS","M","M","M","M","?","E","R","?","T","?","R","$","R","$","R","BOSS","M","M","$","M","?","E","R","E","T","R","M","M","?","?","R","BOSS","R","$","E","BOSS"],"items_purchased_type":["Card","Relic","Relic","Relic","Card","Relic","Relic","Relic"],"build_version":"2020-12-22","purchased_purges":3,"victory":false,"max_hp_per_floor":[72,72,72,72,72,72,72,72,72,72,72,72,79,79,79,79,79,79,79,79,79,79,81,81,81,81,81,81,81,81,81,81,83,83,83,85,85,85,85,87,87,87,87,87,89,91,86,86,86,86,86,86,86,86,86,86],"relic_stats":{"Singing Bowl":12,"Gremlin Horn":[7,7],"counters":[25,94],"Blue Candle":[0],"Pen Nib":[16],"Question Card":24,"Smiling Mask":125,"Mummified Hand":[26],"Snecko Eye":[107,118,130,128],"MealTicket":15,"VioletLotus":[5],"obtain_stats":[{"NeowsBlessing":0,"Singing Bowl":23,"Gremlin Horn":43,"Blue Candle":14,"Vajra":53,"Pen Nib":13,"Question Card":8,"Smiling Mask":40,"Akabeko":54,"Old Coin":6,"Mummified Hand":9,"DollysMirror":37,"Strawberry":13,"Orrery":13,"Snecko Eye":17,"MealTicket":42,"VioletLotus":34,"Bag of Marbles":29,"PureWater":0,"Toy Ornithopter":12},{"NeowsBlessing":0,"Singing Bowl":12,"Gremlin Horn":20,"Blue Candle":6,"Vajra":23,"Pen Nib":6,"Question Card":4,"Smiling Mask":19,"Akabeko":24,"Old Coin":3,"Mummified Hand":4,"DollysMirror":16,"Strawberry":6,"Orrery":6,"Snecko Eye":7,"MealTicket":20,"VioletLotus":14,"Bag of Marbles":13,"PureWater":0,"Toy Ornithopter":6},{"NeowsBlessing":0,"Singing Bowl":39,"Gremlin Horn":72,"Blue Candle":19,"Vajra":82,"Pen Nib":19,"Question Card":12,"Smiling Mask":68,"Akabeko":89,"Old Coin":4,"Mummified Hand":12,"DollysMirror":58,"Strawberry":19,"Orrery":19,"Snecko Eye":23,"MealTicket":72,"VioletLotus":49,"Bag of Marbles":44,"PureWater":0,"Toy Ornithopter":19}],"Toy Ornithopter":11},"card_choices":[{"not_picked":["FlyingSleeves","Fasting2"],"picked":"ClearTheMind","floor":1.0},{"not_picked":["FlyingSleeves","Tantrum"],"picked":"Consecrate","floor":4.0},{"not_picked":["SashWhip","Weave"],"picked":"WreathOfFlame","floor":6.0},{"not_picked":["JustLucky","ForeignInfluence"],"picked":"EmptyFist","floor":8.0},{"not_picked":["Indignation","BattleHymn","Evaluate"],"picked":"TalkToTheHand","floor":11.0},{"not_picked":["Worship","Swivel","ReachHeaven"],"picked":"CutThroughFate","floor":12.0},{"not_picked":["SashWhip","FlyingSleeves","Protect"],"picked":"Wish","floor":13.0},{"not_picked":["Evaluate","EmptyFist","Crescendo"],"picked":"SpiritShield","floor":13.0},{"not_picked":["Crescendo","Vengeance","Fasting2"],"picked":"Perseverance","floor":13.0},{"not_picked":["JustLucky","EmptyFist","CrushJoints"],"picked":"FlyingSleeves","floor":13.0},{"not_picked":["Omniscience","DevaForm","LessonLearned"],"picked":"Ragnarok","floor":16.0},{"not_picked":["SignatureMove+1","Prostrate","Nirvana","Consecrate"],"picked":"SKIP","floor":18.0},{"not_picked":["CrushJoints","Adaptation+1","SashWhip+1"],"picked":"Swivel","floor":19.0},{"not_picked":["Halt+1","JustLucky","Wireheading"],"picked":"Wallop","floor":20.0},{"not_picked":["SashWhip+1","JustLucky","ThirdEye","WheelKick"],"picked":"SKIP","floor":21.0},{"not_picked":["Study","FlurryOfBlows","InnerPeace+1","Tantrum"],"picked":"Singing Bowl","floor":23.0},{"not_picked":["ThirdEye+1","Wallop+1","PathToVictory"],"picked":"Wireheading","floor":27.0},{"not_picked":["Devotion","ConjureBlade","Alpha","Brilliance"],"picked":"Singing Bowl","floor":33.0},{"not_picked":["WindmillStrike","Prostrate+1","FlyingSleeves"],"picked":"WreathOfFlame","floor":35.0},{"not_picked":["SashWhip","ForeignInfluence+1","ThirdEye","Consecrate"],"picked":"Singing Bowl","floor":36.0},{"not_picked":["CrushJoints","Perseverance","CutThroughFate+1"],"picked":"Protect+1","floor":38.0},{"not_picked":["CarveReality+1","Brilliance","EmptyFist"],"picked":"SandsOfTime+1","floor":39.0},{"not_picked":["EmptyFist","WindmillStrike","SashWhip+1","WaveOfTheHand+1"],"picked":"Singing Bowl","floor":40.0},{"not_picked":["SashWhip","Vengeance+1","Pray+1"],"picked":"TalkToTheHand+1","floor":42.0},{"not_picked":["MentalFortress","WreathOfFlame","FlyingSleeves+1","EmptyBody+1"],"picked":"Singing Bowl","floor":45.0},{"not_picked":["Protect","WaveOfTheHand","PathToVictory+1","FollowUp+1"],"picked":"Singing Bowl","floor":46.0},{"not_picked":["DeusExMachina","MentalFortress","Perseverance+1"],"picked":"SandsOfTime+1","floor":54.0}],"player_experience":322632,"relics_obtained":[{"floor":6.0,"key":"Old Coin"},{"floor":8.0,"key":"Question Card"},{"floor":9.0,"key":"Mummified Hand"},{"floor":12.0,"key":"Toy Ornithopter"},{"floor":23.0,"key":"Singing Bowl"},{"floor":40.0,"key":"Smiling Mask"},{"floor":42.0,"key":"MealTicket"},{"floor":43.0,"key":"Gremlin Horn"},{"floor":54.0,"key":"Akabeko"}],"event_choices":[{"damage_healed":0.0,"max_hp_gain":0.0,"max_hp_loss":0.0,"gold_gain":0.0,"cards_transformed":["Defend_P"],"event_name":"Transmorgrifier","player_choice":"Transformed","floor":2.0,"gold_loss":0.0,"damage_taken":0.0,"cards_obtained":["Swivel"]},{"damage_healed":0.0,"max_hp_gain":0.0,"max_hp_loss":0.0,"gold_gain":0.0,"event_name":"Living Wall","player_choice":"Grow","floor":5.0,"gold_loss":0.0,"damage_taken":0.0,"cards_upgraded":["Eruption"]},{"damage_healed":0.0,"max_hp_gain":0.0,"max_hp_loss":0.0,"gold_gain":0.0,"event_name":"The Library","player_choice":"Read","floor":22.0,"gold_loss":0.0,"damage_taken":0.0,"cards_obtained":["Ragnarok"]},{"cards_removed":["Strike_P"],"damage_healed":0.0,"max_hp_gain":0.0,"max_hp_loss":0.0,"gold_gain":0.0,"event_name":"Purifier","player_choice":"Purged","floor":25.0,"gold_loss":0.0,"damage_taken":0.0},{"damage_healed":0.0,"max_hp_gain":0.0,"max_hp_loss":5.0,"gold_gain":0.0,"event_name":"Winding Halls","player_choice":"Max HP","floor":47.0,"gold_loss":0.0,"damage_taken":0.0},{"damage_healed":0.0,"max_hp_gain":0.0,"max_hp_loss":0.0,"gold_gain":100.0,"event_name":"Golden Shrine","player_choice":"Pray","floor":48.0,"gold_loss":0.0,"damage_taken":0.0}],"is_beta":false,"boss_relics":[{"not_picked":["Philosopher\u0027s Stone","SlaversCollar"],"picked":"Snecko Eye"},{"not_picked":["Velvet Choker","Empty Cage"],"picked":"VioletLotus"}],"items_purged_floors":[13,53,53],"is_endless":false,"potions_floor_spawned":[4,12,20,21,33,35,42,45],"killed_by":"The Heart","ascension_level":11}}