{"host":"sc0o2qwpf9j16a4i","time":1613148080,"event":{"mods":["AchievementEnabler","BaseMod","BetterRewards","Block Reminder","Colored Map","Colored Powertips","Custom Start","Highlight Path","Minty Spire (QoL Compilation)","Relic Stats"],"gold_per_floor":[110,285,285,295,310,341,341,372,372,400,400,431,431,475,475,594,594,618,618,618,329,329,367,367,393,420,453,453,5,38,57,57,162,162,182,182,31,0,17,17,47,65,65,93,93,93,120,137,137,137],"floor_reached":51,"language":"ENG","playtime":1878,"items_purged":[],"score":1393,"play_id":"de54fb86-278f-40cd-bbc8-a4a43bc8a233","local_time":"20210212184120","daily_mods":["Specialized","Blue Cards","Elite Swarm"],"is_ascension_mode":false,"campfire_choices":[{"data":"Buffer","floor":7,"key":"SMITH"},{"data":"Buffer","floor":13,"key":"SMITH"},{"data":"Omniscience","floor":15,"key":"SMITH"},{"data":"Buffer","floor":32,"key":"SMITH"},{"data":"Buffer","floor":40,"key":"SMITH"},{"floor":46,"key":"REST"},{"floor":49,"key":"REST"}],"circlet_count":0,"master_deck":["Strike_P+1","Strike_P+1","Strike_P+1","Strike_P+1","Defend_P+1","Defend_P+1","Defend_P+1","Defend_P+1","Eruption+1","Vigilance+1","Buffer+1","Buffer+1","Buffer+1","Buffer+1","Buffer+1","FTL+1","Tantrum+1","Sweeping Beam+1","Devotion+1","Buffer+1","Omniscience+1","Injury","Seek+1","Vault+1","Amplify+1","CrushJoints+1","Ragnarok+1","DevaForm+1","WheelKick+1","Echo Form+1","Omniscience+1","Meditate+1","All For One+1","TalkToTheHand+1","All For One+1","All For One+1"],"relics":["PureWater","Pocketwatch","TeardropLocket","Pantograph","Blood Vial","Bloody Idol","Incense Burner","Juzu Bracelet","Snecko Eye","TungstenRod","Dead Branch","Boot","Lantern","Potion Belt","Bag of Preparation","Molten Egg 2","Vajra","Black Star","Bag of Marbles","Red Mask","Oddly Smooth Stone","Regal Pillow","Whetstone","Turnip","Calipers","Mark of the Bloom","MealTicket","Bottled Tornado"],"acts_visited":["Exordium","TheCity","TheBeyond"],"potions_floor_usage":[6,16,50],"damage_taken":[{"damage":0,"enemies":"2 Louse","floor":1,"turns":2},{"damage":0,"enemies":"Cultist","floor":4,"turns":6},{"damage":0,"enemies":"Jaw Worm","floor":5,"turns":2},{"damage":36,"enemies":"3 Sentries","floor":6,"turns":8},{"damage":0,"enemies":"Gremlin Nob","floor":8,"turns":5},{"damage":1,"enemies":"3 Sentries","floor":10,"turns":8},{"damage":0,"enemies":"Lagavulin","floor":12,"turns":6},{"damage":0,"enemies":"Gremlin Nob","floor":14,"turns":4},{"damage":0,"enemies":"The Guardian","floor":16,"turns":10},{"damage":0,"enemies":"Shell Parasite","floor":18,"turns":5},{"damage":0,"enemies":"Book of Stabbing","floor":23,"turns":6},{"damage":0,"enemies":"Gremlin Leader","floor":25,"turns":8},{"damage":0,"enemies":"Slavers","floor":27,"turns":6},{"damage":0,"enemies":"Book of Stabbing","floor":30,"turns":3},{"damage":0,"enemies":"2 Thieves","floor":31,"turns":2},{"damage":0,"enemies":"Champ","floor":33,"turns":6},{"damage":0,"enemies":"3 Shapes","floor":35,"turns":5},{"damage":0,"enemies":"Orb Walker","floor":39,"turns":4},{"damage":0,"enemies":"Giant Head","floor":41,"turns":6},{"damage":0,"enemies":"Spire Growth","floor":42,"turns":5},{"damage":0,"enemies":"Reptomancer","floor":44,"turns":5},{"damage":0,"enemies":"Giant Head","floor":47,"turns":5},{"damage":0,"enemies":"Maw","floor":48,"turns":5},{"damage":0,"enemies":"Donu and Deca","floor":50,"turns":6}],"seed_played":"-5822964076952431816","potions_obtained":[{"floor":5,"key":"GamblersBrew"},{"floor":6,"key":"EssenceOfSteel"},{"floor":8,"key":"Strength Potion"},{"floor":10,"key":"BlessingOfTheForge"},{"floor":18,"key":"BlessingOfTheForge"},{"floor":25,"key":"BottledMiracle"},{"floor":31,"key":"Fire Potion"},{"floor":35,"key":"Regen Potion"}],"is_trial":true,"path_per_floor":["M","?","?","M","M","E","R","E","T","E","?","E","R","E","R","B",null,"M","?","$","$","?","E","?","E","T","E","?","$","E","M","R","B",null,"M","?","$","?","M","R","E","M","T","E","?","R","E","M","R","B",null],"character_chosen":"WATCHER","items_purchased":["TungstenRod","Bag of Preparation","Molten Egg 2","WheelKick+1","Bag of Marbles"],"campfire_rested":2,"item_purchase_floors":[21,29,29,29,37],"current_hp_per_floor":[72,72,77,77,77,41,41,41,41,40,40,42,42,44,44,71,77,77,77,77,77,77,77,77,77,77,77,77,77,77,77,77,77,77,77,73,73,73,73,73,73,73,73,73,73,73,73,73,73,73],"gold":137,"neow_bonus":"","is_daily":false,"chose_seed":false,"campfire_upgraded":5,"win_rate":0.0,"timestamp":1613148080,"path_taken":["M","?","?","M","M","E","R","E","T","E","?","E","R","E","R","BOSS","M","?","?","$","?","E","?","E","T","E","?","?","E","M","R","BOSS","M","?","$","?","M","R","E","M","T","E","?","R","E","M","R","BOSS"],"items_purchased_type":["Relic","Relic","Relic","Card","Relic"],"build_version":"2020-12-22","purchased_purges":0,"victory":true,"max_hp_per_floor":[72,72,77,77,77,77,77,77,77,77,77,77,77,77,77,77,77,77,77,77,77,77,77,77,77,77,77,77,77,77,77,77,77,77,77,73,73,73,73,73,73,73,73,73,73,73,73,73,73,73],"relic_stats":{"Regal Pillow":0,"Mark of the Bloom":113,"counters":[24,128],"Dead Branch":[61],"Juzu Bracelet":1,"Bag of Preparation":[22],"Whetstone":["Sweeping Beam","Tantrum"],"Boot":[32],"Blood Vial":6,"Pantograph":25,"Bloody Idol":0,"Snecko Eye":[145,132,162,161],"MealTicket":0,"Turnip":[3],"Black Star":3,"obtain_stats":[{"Lantern":26,"Regal Pillow":41,"Mark of the Bloom":45,"Calipers":44,"Vajra":30,"Incense Burner":12,"Juzu Bracelet":14,"Bag of Preparation":29,"TeardropLocket":8,"Whetstone":43,"Bottled Tornado":47,"Boot":25,"Blood Vial":10,"Pantograph":9,"MealTicket":47,"Red Mask":38,"Potion Belt":27,"Golden Idol":11,"Dead Branch":23,"Oddly Smooth Stone":41,"Bloody Idol":24,"Snecko Eye":17,"Molten Egg 2":29,"Turnip":44,"Black Star":34,"Bag of Marbles":37,"PureWater":0,"TungstenRod":21,"Pocketwatch":6},{"Lantern":12,"Regal Pillow":19,"Mark of the Bloom":21,"Calipers":21,"Vajra":14,"Incense Burner":7,"Juzu Bracelet":8,"Bag of Preparation":13,"TeardropLocket":5,"Whetstone":20,"Bottled Tornado":22,"Boot":12,"Blood Vial":6,"Pantograph":5,"MealTicket":22,"Red Mask":17,"Potion Belt":13,"Golden Idol":6,"Dead Branch":11,"Oddly Smooth Stone":19,"Bloody Idol":11,"Snecko Eye":9,"Molten Egg 2":13,"Turnip":21,"Black Star":16,"Bag of Marbles":17,"PureWater":0,"TungstenRod":10,"Pocketwatch":4},{"Lantern":70,"Regal Pillow":102,"Mark of the Bloom":112,"Calipers":112,"Vajra":79,"Incense Burner":37,"Juzu Bracelet":41,"Bag of Preparation":76,"TeardropLocket":23,"Whetstone":107,"Bottled Tornado":117,"Boot":70,"Blood Vial":31,"Pantograph":23,"MealTicket":117,"Red Mask":92,"Potion Belt":76,"Golden Idol":31,"Dead Branch":62,"Oddly Smooth Stone":102,"Bloody Idol":62,"Snecko Eye":51,"Molten Egg 2":76,"Turnip":112,"Black Star":87,"Bag of Marbles":92,"PureWater":0,"TungstenRod":56,"Pocketwatch":18}],"TungstenRod":0,"Pocketwatch":[106]},"card_choices":[{"not_picked":["EmptyBody","Fusion"],"picked":"FTL","floor":1},{"not_picked":["Storm","Doom and Gloom"],"picked":"Tantrum","floor":4},{"not_picked":["DeceiveReality","Worship"],"picked":"Sweeping Beam","floor":5},{"not_picked":["Amplify","Scrawl"],"picked":"Devotion","floor":6},{"not_picked":["SpiritShield","Amplify"],"picked":"Buffer","floor":8},{"not_picked":["ConjureBlade","Wish"],"picked":"Omniscience","floor":10},{"not_picked":["Buffer","Electrodynamics"],"picked":"Seek","floor":12},{"not_picked":["Biased Cognition","Establishment"],"picked":"Vault","floor":14},{"not_picked":["Thunder Strike","Buffer"],"picked":"Amplify","floor":16},{"not_picked":["Crescendo","Blizzard"],"picked":"CrushJoints+1","floor":18},{"not_picked":["Biased Cognition","DeusExMachina","Alpha"],"picked":"SKIP","floor":23},{"not_picked":["Core Surge","MasterReality"],"picked":"Ragnarok","floor":25},{"not_picked":["ConjureBlade","Amplify"],"picked":"DevaForm","floor":27},{"not_picked":["Fission","Thunder Strike+1"],"picked":"Echo Form","floor":30},{"not_picked":["FlyingSleeves+1","Rebound+1","Leap"],"picked":"SKIP","floor":31},{"not_picked":["Echo Form","Rainbow"],"picked":"Omniscience","floor":33},{"not_picked":["Skim","Prostrate","Compile Driver+1"],"picked":"SKIP","floor":35},{"not_picked":["FollowUp+1","Rebound+1"],"picked":"Meditate+1","floor":39},{"not_picked":["Fission","Ragnarok+1"],"picked":"All For One+1","floor":41},{"not_picked":["Evaluate","BootSequence"],"picked":"TalkToTheHand+1","floor":42},{"not_picked":["Blasphemy","Creative AI"],"picked":"All For One+1","floor":44},{"not_picked":["Thunder Strike+1","Establishment"],"picked":"All For One+1","floor":47},{"not_picked":["Evaluate+1","Prostrate+1","Halt+1"],"picked":"SKIP","floor":48}],"player_experience":1372957,"relics_obtained":[{"floor":6,"key":"Pocketwatch"},{"floor":8,"key":"TeardropLocket"},{"floor":9,"key":"Pantograph"},{"floor":10,"key":"Blood Vial"},{"floor":12,"key":"Incense Burner"},{"floor":14,"key":"Juzu Bracelet"},{"floor":23,"key":"Dead Branch"},{"floor":25,"key":"Boot"},{"floor":26,"key":"Lantern"},{"floor":27,"key":"Potion Belt"},{"floor":30,"key":"Vajra"},{"floor":41,"key":"Oddly Smooth Stone"},{"floor":41,"key":"Regal Pillow"},{"floor":43,"key":"Whetstone"},{"floor":44,"key":"Turnip"},{"floor":44,"key":"Calipers"},{"floor":47,"key":"MealTicket"},{"floor":47,"key":"Bottled Tornado"}],"event_choices":[{"damage_healed":0,"gold_gain":175,"player_choice":"AGREE","damage_taken":0,"max_hp_gain":0,"max_hp_loss":0,"event_name":"Liars Game","floor":2,"gold_loss":0,"cards_obtained":["Doubt"]},{"damage_healed":0,"gold_gain":0,"player_choice":"Donut","damage_taken":0,"max_hp_gain":5,"max_hp_loss":0,"event_name":"Big Fish","floor":3,"gold_loss":0},{"damage_healed":0,"gold_gain":0,"player_choice":"Take Wound","damage_taken":0,"relics_obtained":["Golden Idol"],"max_hp_gain":0,"max_hp_loss":0,"event_name":"Golden Idol","floor":11,"gold_loss":0,"cards_obtained":["Injury"]},{"cards_removed":["Doubt"],"damage_healed":0,"gold_gain":0,"player_choice":"Purged","damage_taken":0,"max_hp_gain":0,"max_hp_loss":0,"event_name":"Purifier","floor":19,"gold_loss":0},{"damage_healed":0,"gold_gain":0,"player_choice":"Simplicity","damage_taken":0,"max_hp_gain":0,"max_hp_loss":0,"event_name":"Back to Basics","floor":22,"gold_loss":0,"cards_upgraded":["Strike_P","Strike_P","Strike_P","Strike_P","Defend_P","Defend_P","Defend_P","Defend_P"]},{"damage_healed":0,"gold_gain":0,"player_choice":"Gave Idol","damage_taken":0,"relics_obtained":["Bloody Idol"],"max_hp_gain":0,"max_hp_loss":0,"event_name":"Forgotten Altar","floor":24,"relics_lost":["Golden Idol"],"gold_loss":0},{"damage_healed":0,"gold_gain":0,"player_choice":"Ignored","damage_taken":0,"max_hp_gain":0,"max_hp_loss":0,"event_name":"Beggar","floor":28,"gold_loss":0},{"damage_healed":0,"gold_gain":0,"player_choice":"Max HP","damage_taken":0,"max_hp_gain":0,"max_hp_loss":4,"event_name":"Winding Halls","floor":36,"gold_loss":0},{"damage_healed":0,"gold_gain":0,"player_choice":"Paid","damage_taken":0,"relics_obtained":["Red Mask"],"max_hp_gain":0,"max_hp_loss":0,"event_name":"Tomb of Lord Red Mask","floor":38,"gold_loss":31},{"damage_healed":0,"gold_gain":0,"player_choice":"Upgrade","damage_taken":0,"relics_obtained":["Mark of the Bloom"],"max_hp_gain":0,"max_hp_loss":0,"event_name":"MindBloom","floor":45,"gold_loss":0,"cards_upgraded":["Eruption","Vigilance","Buffer","Buffer","FTL","Devotion","Seek","Vault","Amplify","Ragnarok","DevaForm","Echo Form","Omniscience"]}],"is_beta":false,"boss_relics":[{"not_picked":["Cursed Key","Astrolabe"],"picked":"Snecko Eye"},{"not_picked":["Empty Cage","Coffee Dripper"],"picked":"Black Star"}],"items_purged_floors":[],"is_endless":false,"potions_floor_spawned":[5,6,8,10,14,18,23,25,31,35,41,48],"ascension_level":0}}