{"host":"zdcz0a6aak4rnx0s","time":1613163081,"event":{"mods":["AchievementEnabler","BaseMod","Colored Map","Colored Powertips","Minty Spire (QoL Compilation)","StSLib"],"gold_per_floor":[111,129,129,109,121,121,151,151,174,192,36,50,50,50,50,143,143,156,171,371,166,166,166],"floor_reached":22,"language":"ENG","playtime":2795,"items_purged":["Strike_R","Strike_R"],"score":350,"play_id":"40209511-45cd-4244-9de6-d60439e81e60","local_time":"20210212145121","is_ascension_mode":true,"campfire_choices":[{"data":"Cleave","floor":6,"key":"SMITH"},{"data":"Body Slam","floor":8,"key":"SMITH"},{"data":"Blind","floor":13,"key":"SMITH"},{"floor":15,"key":"REST"}],"circlet_count":0,"master_deck":["AscendersBane","Strike_R","Strike_R+1","Strike_R+1","Defend_R","Defend_R","Defend_R","Defend_R","Bash","Blind+1","Ghostly Armor","Cleave+1","Body Slam+1","Flame Barrier","Evolve","Immolate"],"relics":["Burning Blood","Nunchaku","Red Skull","Golden Idol","SlaversCollar"],"acts_visited":["Exordium","TheCity"],"potions_floor_usage":[7,16,21],"damage_taken":[{"damage":2,"enemies":"2 Louse","floor":1,"turns":3},{"damage":13,"enemies":"Small Slimes","floor":2,"turns":5},{"damage":1,"enemies":"Cultist","floor":5,"turns":4},{"damage":24,"enemies":"Gremlin Nob","floor":7,"turns":4},{"damage":3,"enemies":"Looter","floor":10,"turns":3},{"damage":1,"enemies":"Blue Slaver","floor":12,"turns":3},{"damage":41,"enemies":"Slime Boss","floor":16,"turns":9},{"damage":30,"enemies":"2 Thieves","floor":18,"turns":4},{"damage":1,"enemies":"Chosen","floor":19,"turns":5},{"damage":45,"enemies":"Centurion and Healer","floor":22,"turns":6}],"seed_played":"8091645393183998154","potions_obtained":[{"floor":2,"key":"Energy Potion"},{"floor":4,"key":"DuplicationPotion"}],"is_trial":false,"path_per_floor":["M","M","?","?","M","R","E","R","T","M","$","M","R","?","R","B",null,"M","M","?","$","M"],"character_chosen":"IRONCLAD","items_purchased":["Evolve","Fruit Juice"],"campfire_rested":1,"item_purchase_floors":[11,21],"current_hp_per_floor":[72,65,42,42,47,47,29,29,29,32,32,37,37,37,57,22,57,33,38,38,43,0,0],"gold":166,"neow_bonus":"RANDOM_COLORLESS","is_daily":false,"chose_seed":false,"campfire_upgraded":3,"win_rate":0.0,"timestamp":1613163081,"path_taken":["M","M","?","?","M","R","E","R","T","M","$","?","R","?","R","BOSS","M","M","?","$","?"],"items_purchased_type":["Card","Potion"],"build_version":"2020-12-22","purchased_purges":2,"victory":false,"max_hp_per_floor":[75,75,75,75,75,75,75,75,75,75,75,75,75,68,68,68,68,68,68,68,73,73,73],"card_choices":[{"not_picked":["Discovery","Deep Breath"],"picked":"Blind","floor":0},{"not_picked":["Armaments","Warcry","Anger"],"picked":"SKIP","floor":1},{"not_picked":["Feel No Pain","Clothesline"],"picked":"Ghostly Armor","floor":2},{"not_picked":["Armaments","Anger"],"picked":"Cleave","floor":5},{"not_picked":["Battle Trance","Thunderclap"],"picked":"Body Slam","floor":7},{"not_picked":["Combust","Iron Wave"],"picked":"Flame Barrier","floor":10},{"not_picked":["Rupture","Warcry","Anger"],"picked":"SKIP","floor":12},{"not_picked":["Offering","Limit Break"],"picked":"Immolate","floor":16},{"not_picked":["Armaments","Dark Embrace","Hemokinesis"],"picked":"SKIP","floor":18},{"not_picked":["Ghostly Armor","Body Slam","Heavy Blade"],"picked":"SKIP","floor":19}],"player_experience":1029820,"relics_obtained":[{"floor":7,"key":"Nunchaku"},{"floor":9,"key":"Red Skull"}],"event_choices":[{"damage_healed":0,"gold_gain":0,"player_choice":"Entered Light","damage_taken":23,"max_hp_gain":0,"max_hp_loss":0,"event_name":"Shining Light","floor":3,"gold_loss":0,"cards_upgraded":["Strike_R","Strike_R"]},{"damage_healed":0,"gold_gain":0,"player_choice":"Bought 1 Potion","damage_taken":0,"max_hp_gain":0,"max_hp_loss":0,"event_name":"The Woman in Blue","floor":4,"gold_loss":0},{"damage_healed":0,"gold_gain":0,"player_choice":"Lose Max HP","damage_taken":0,"relics_obtained":["Golden Idol"],"max_hp_gain":0,"max_hp_loss":7,"event_name":"Golden Idol","floor":14,"gold_loss":0},{"damage_healed":0,"gold_gain":250,"player_choice":"Bet on Owner","damage_taken":0,"max_hp_gain":0,"max_hp_loss":0,"event_name":"The Joust","floor":20,"gold_loss":50}],"is_beta":false,"boss_relics":[{"not_picked":["Pandora\u0027s Box","Astrolabe"],"picked":"SlaversCollar"}],"items_purged_floors":[11,21],"is_endless":false,"potions_floor_spawned":[2,5],"killed_by":"Centurion and Healer","ascension_level":18}}