{"host":"nsc6ozq3atyrdr3m","time":1613145356,"event":{"mods":["BaseMod","Colored Map","Minty Spire (QoL Compilation)"],"gold_per_floor":[109,119,42,42,57,57,92,116,169,190,190,115,115,129,129,222,222,247,247,297,297,297],"floor_reached":21,"language":"FRA","playtime":339,"items_purged":["Defend_R"],"score":358,"play_id":"457d05dc-7524-4904-a7af-17fad545242a","local_time":"20210212165556","is_ascension_mode":true,"campfire_choices":[{"data":"Bash","floor":6,"key":"SMITH"},{"floor":11,"key":"REST"},{"data":"Flex","floor":13,"key":"SMITH"},{"data":"Flex","floor":15,"key":"SMITH"}],"circlet_count":0,"master_deck":["AscendersBane","Strike_R","Strike_R","Strike_R","Strike_R","Strike_R","Defend_R","Defend_R","Defend_R","Bash+1","Inflame","Flex+1","Rupture","Cleave","Flex+1","Heavy Blade","Heavy Blade","Limit Break","Disarm","J.A.X."],"relics":["Burning Blood","NeowsBlessing","Golden Idol","Ornamental Fan","Regal Pillow","Runic Dome"],"acts_visited":["Exordium","TheCity"],"potions_floor_usage":[7,7],"damage_taken":[{"damage":0,"enemies":"Small Slimes","floor":1,"turns":1},{"damage":0,"enemies":"Cultist","floor":2,"turns":1},{"damage":0,"enemies":"2 Louse","floor":5,"turns":1},{"damage":13,"enemies":"Lagavulin","floor":7,"turns":6},{"damage":15,"enemies":"Gremlin Gang","floor":8,"turns":5},{"damage":22,"enemies":"Lots of Slimes","floor":10,"turns":4},{"damage":0,"enemies":"3 Louse","floor":14,"turns":1},{"damage":64,"enemies":"Hexaghost","floor":16,"turns":8},{"damage":25,"enemies":"Spheric Guardian","floor":18,"turns":4},{"damage":35,"enemies":"Shell Parasite","floor":21,"turns":3}],"seed_played":"6352680429033440737","potions_obtained":[{"floor":1,"key":"Fire Potion"},{"floor":2,"key":"EssenceOfSteel"},{"floor":7,"key":"Swift Potion"},{"floor":10,"key":"Weak Potion"}],"is_trial":false,"path_per_floor":["M","M","$","?","M","R","E","M","T","M","R","$","R","M","R","B",null,"M","?","?","M"],"character_chosen":"IRONCLAD","items_purchased":["Rupture"],"campfire_rested":1,"item_purchase_floors":[3],"current_hp_per_floor":[74,75,75,68,68,68,61,52,52,36,68,68,68,68,68,10,54,35,35,35,0,0],"gold":297,"neow_bonus":"THREE_ENEMY_KILL","is_daily":false,"chose_seed":false,"campfire_upgraded":3,"win_rate":0.0,"timestamp":1613145356,"path_taken":["M","M","$","?","M","R","E","M","T","M","R","$","R","M","R","BOSS","M","?","?","M"],"items_purchased_type":["Card"],"build_version":"2020-12-22","purchased_purges":1,"victory":false,"max_hp_per_floor":[75,75,75,68,68,68,68,68,68,68,68,68,68,68,68,68,68,68,68,68,68,68],"card_choices":[{"not_picked":["Clothesline","Warcry"],"picked":"Inflame","floor":1},{"not_picked":["Warcry","Fire Breathing"],"picked":"Flex","floor":2},{"not_picked":["Flex","Entrench"],"picked":"Cleave","floor":5},{"not_picked":["Metallicize","Anger"],"picked":"Flex","floor":7},{"not_picked":["Perfected Strike","Havoc","Sentinel"],"picked":"SKIP","floor":8},{"not_picked":["Disarm","Feed"],"picked":"Heavy Blade","floor":10},{"not_picked":["Rupture","Entrench"],"picked":"Heavy Blade","floor":14},{"not_picked":["Brutality","Feed"],"picked":"Limit Break","floor":16},{"not_picked":["Flex","Combust"],"picked":"Disarm","floor":18}],"player_experience":395589,"relics_obtained":[{"floor":7,"key":"Ornamental Fan"},{"floor":9,"key":"Regal Pillow"}],"event_choices":[{"damage_healed":0,"gold_gain":0,"player_choice":"Lose Max HP","damage_taken":0,"relics_obtained":["Golden Idol"],"max_hp_gain":0,"max_hp_loss":7,"event_name":"Golden Idol","floor":4,"gold_loss":0},{"damage_healed":0,"gold_gain":0,"player_choice":"Obtain J.A.X.","damage_taken":0,"max_hp_gain":0,"max_hp_loss":0,"event_name":"Drug Dealer","floor":19,"gold_loss":0,"cards_obtained":["J.A.X."]},{"damage_healed":0,"gold_gain":50,"player_choice":"Pray","damage_taken":0,"max_hp_gain":0,"max_hp_loss":0,"event_name":"Golden Shrine","floor":20,"gold_loss":0}],"is_beta":false,"boss_relics":[{"not_picked":["Empty Cage","Pandora\u0027s Box"],"picked":"Runic Dome"}],"items_purged_floors":[12],"is_endless":false,"potions_floor_spawned":[1,2,7,10],"killed_by":"Shell Parasite","ascension_level":20}}