{"host":"3zmssa4s99zhxek5","time":1613097335,"event":{"mods":["AchievementEnabler","BaseMod","Minty Spire (QoL Compilation)","Permanent Neow","Relic Stats"],"gold_per_floor":[20,33,46,46,11,11,11,25,25,25,25,44,74,74,74,153,153,170,186,204,217,142,142,161,161,186,186,199,124,134,149,149,222,222,236,252,252,152,152,152,168,43,43,60,60,60,60,92,92,92,92,92],"floor_reached":51,"language":"KOR","playtime":4561,"items_purged":["Strike_R","Strike_R","Defend_R"],"score":1483,"play_id":"6f380c77-09d1-4754-8e8b-27fbfda616a2","local_time":"20210212113535","is_ascension_mode":true,"campfire_choices":[{"data":"Searing Blow","floor":6,"key":"SMITH"},{"data":"Searing Blow+2","floor":10,"key":"SMITH"},{"data":"Searing Blow+4","floor":15,"key":"SMITH"},{"data":"Searing Blow+5","floor":23,"key":"SMITH"},{"data":"Armaments","floor":25,"key":"SMITH"},{"data":"Searing Blow+6","floor":32,"key":"SMITH"},{"data":"Searing Blow+7","floor":40,"key":"SMITH"},{"data":"Searing Blow+8","floor":45,"key":"SMITH"},{"data":"Searing Blow+9","floor":49,"key":"SMITH"}],"circlet_count":0,"master_deck":["AscendersBane","Defend_R","Defend_R","Defend_R","Bash","Offering","Searing Blow+10","Headbutt","Double Tap","Armaments+1","Burning Pact","Offering","Clothesline+1","Shrug It Off","Good Instincts"],"relics":["Burning Blood","Matryoshka","HornCleat","SacredBark","Red Skull","PreservedInsect","Snecko Eye","Ancient Tea Set","Boot","Lizard Tail","Bottled Flame","Bronze Scales"],"acts_visited":["Exordium","TheCity","TheBeyond"],"potions_floor_usage":[33,51,51],"damage_taken":[{"damage":14,"enemies":"Jaw Worm","floor":1,"turns":5},{"damage":15,"enemies":"Small Slimes","floor":2,"turns":4},{"damage":10,"enemies":"2 Louse","floor":3,"turns":3},{"damage":10,"enemies":"Red Slaver","floor":8,"turns":3},{"damage":11,"enemies":"2 Fungi Beasts","floor":12,"turns":3},{"damage":6,"enemies":"Lagavulin","floor":13,"turns":3},{"damage":6,"enemies":"Slime Boss","floor":16,"turns":7},{"damage":7,"enemies":"Shell Parasite","floor":18,"turns":3},{"damage":12,"enemies":"2 Thieves","floor":19,"turns":3},{"damage":24,"enemies":"Sentry and Sphere","floor":20,"turns":5},{"damage":19,"enemies":"Snake Plant","floor":21,"turns":4},{"damage":6,"enemies":"Cultist and Chosen","floor":24,"turns":3},{"damage":0,"enemies":"Centurion and Healer","floor":28,"turns":3},{"damage":7,"enemies":"Shelled Parasite and Fungi","floor":30,"turns":2},{"damage":12,"enemies":"Sentry and Sphere","floor":31,"turns":2},{"damage":24,"enemies":"Champ","floor":33,"turns":4},{"damage":26,"enemies":"3 Darklings","floor":35,"turns":5},{"damage":4,"enemies":"3 Shapes","floor":36,"turns":6},{"damage":6,"enemies":"3 Darklings","floor":41,"turns":2},{"damage":0,"enemies":"4 Shapes","floor":44,"turns":5},{"damage":9,"enemies":"Nemesis","floor":48,"turns":3},{"damage":84,"enemies":"Time Eater","floor":50,"turns":7},{"damage":91,"enemies":"Awakened One","floor":51,"turns":7}],"seed_played":"8578006519345991884","potions_obtained":[{"floor":2,"key":"ColorlessPotion"},{"floor":13,"key":"SpeedPotion"},{"floor":18,"key":"DistilledChaos"},{"floor":24,"key":"Fire Potion"},{"floor":44,"key":"BloodPotion"}],"is_trial":false,"path_per_floor":["M","M","M","?","?","R","?","M","T","R","?","M","E","?","R","B",null,"M","M","M","M","?","R","M","R","T","?","M","$","M","M","R","B",null,"M","M","?","$","?","R","M","$","T","M","R","T","?","E","R","B","B"],"character_chosen":"IRONCLAD","items_purchased":[],"campfire_rested":0,"item_purchase_floors":[],"current_hp_per_floor":[60,51,47,40,58,58,58,54,54,54,54,49,49,49,49,49,69,68,62,44,31,31,31,31,31,31,31,37,37,36,30,30,12,59,39,41,41,41,41,41,41,41,41,47,47,47,47,44,44,22,0,0],"gold":92,"neow_bonus":"THREE_RARE_CARDS","is_daily":false,"chose_seed":false,"campfire_upgraded":9,"win_rate":0.0,"timestamp":1613097335,"path_taken":["M","M","M","?","?","R","?","M","T","R","?","?","E","?","R","BOSS","M","M","?","M","?","R","M","R","T","?","?","$","M","M","R","BOSS","M","M","?","?","?","R","?","$","T","M","R","?","?","E","R","BOSS","BOSS"],"items_purchased_type":[],"build_version":"2020-12-22","purchased_purges":3,"victory":false,"max_hp_per_floor":[75,75,75,75,75,75,75,75,75,75,75,75,75,75,75,75,75,75,75,75,75,75,75,75,75,75,75,75,75,75,75,75,75,75,75,75,75,75,75,75,75,75,75,75,75,75,75,75,75,75,75,75],"relic_stats":{"Lizard Tail":37,"counters":[23,92],"Bronze Scales":[61],"Snecko Eye":[59,72,66,61],"PreservedInsect":50,"Boot":[0],"obtain_stats":[{"Lizard Tail":43,"Bottled Flame":46,"Matryoshka":9,"HornCleat":13,"SacredBark":17,"Bronze Scales":48,"Snecko Eye":34,"PreservedInsect":26,"Ancient Tea Set":39,"Boot":43,"Burning Blood":0,"Red Skull":26},{"Lizard Tail":19,"Bottled Flame":20,"Matryoshka":4,"HornCleat":6,"SacredBark":7,"Bronze Scales":21,"Snecko Eye":16,"PreservedInsect":12,"Ancient Tea Set":18,"Boot":19,"Burning Blood":0,"Red Skull":12},{"Lizard Tail":70,"Bottled Flame":75,"Matryoshka":15,"HornCleat":21,"SacredBark":28,"Bronze Scales":78,"Snecko Eye":57,"PreservedInsect":46,"Ancient Tea Set":68,"Boot":70,"Burning Blood":0,"Red Skull":46}],"Burning Blood":132},"card_choices":[{"not_picked":["Brutality","Barricade"],"picked":"Offering","floor":0},{"not_picked":["Iron Wave","Thunderclap"],"picked":"Cleave","floor":1},{"not_picked":["Battle Trance","Hemokinesis"],"picked":"Searing Blow","floor":2},{"not_picked":["Combust","Cleave","Wild Strike"],"picked":"SKIP","floor":3},{"not_picked":["Rampage","Iron Wave"],"picked":"Headbutt","floor":8},{"not_picked":["Perfected Strike","Cleave","Clash"],"picked":"SKIP","floor":12},{"not_picked":["Perfected Strike","Cleave","Clash"],"picked":"SKIP","floor":12},{"not_picked":["Clash","Dropkick","Demon Form"],"picked":"SKIP","floor":13},{"not_picked":["Berserk","Offering"],"picked":"Double Tap","floor":16},{"not_picked":["Pommel Strike+1","Combust","Dark Embrace"],"picked":"SKIP","floor":18},{"not_picked":["Dual Wield","Clothesline+1"],"picked":"Armaments","floor":19},{"not_picked":["Blood for Blood","Havoc+1","Uppercut"],"picked":"SKIP","floor":20},{"not_picked":["Sword Boomerang","Flex"],"picked":"Burning Pact","floor":21},{"not_picked":["Clash","Twin Strike","Sword Boomerang"],"picked":"SKIP","floor":24},{"not_picked":["Armaments","Headbutt"],"picked":"Offering","floor":28},{"not_picked":["Anger","Second Wind","Reckless Charge"],"picked":"SKIP","floor":30},{"not_picked":["Carnage","Pommel Strike","Flex"],"picked":"SKIP","floor":31},{"not_picked":["Rage","Sword Boomerang","Headbutt+1"],"picked":"SKIP","floor":35},{"not_picked":["Twin Strike+1","Hemokinesis","Anger"],"picked":"SKIP","floor":36},{"not_picked":["True Grit","Sword Boomerang"],"picked":"Clothesline+1","floor":41},{"not_picked":["Dropkick","Carnage"],"picked":"Shrug It Off","floor":44},{"not_picked":["Secret Technique","The Bomb"],"picked":"Good Instincts","floor":47},{"not_picked":["Armaments","Entrench+1","Dark Embrace"],"picked":"SKIP","floor":48}],"player_experience":1600865,"relics_obtained":[{"floor":9,"key":"Matryoshka"},{"floor":13,"key":"HornCleat"},{"floor":26,"key":"Red Skull"},{"floor":26,"key":"PreservedInsect"},{"floor":43,"key":"Boot"},{"floor":43,"key":"Lizard Tail"},{"floor":46,"key":"Bottled Flame"},{"floor":48,"key":"Bronze Scales"}],"event_choices":[{"cards_removed":["Strike_R"],"damage_healed":0,"gold_gain":0,"player_choice":"Card Removal","damage_taken":7,"max_hp_gain":0,"max_hp_loss":0,"event_name":"Golden Wing","floor":4,"gold_loss":0},{"damage_healed":18,"gold_gain":0,"player_choice":"Healed","damage_taken":0,"max_hp_gain":0,"max_hp_loss":0,"event_name":"The Cleric","floor":5,"gold_loss":35},{"damage_healed":0,"gold_gain":0,"player_choice":"Grow","damage_taken":0,"max_hp_gain":0,"max_hp_loss":0,"event_name":"Living Wall","floor":7,"gold_loss":0,"cards_upgraded":["Searing Blow"]},{"damage_healed":0,"gold_gain":0,"player_choice":"Forge","damage_taken":0,"max_hp_gain":0,"max_hp_loss":0,"event_name":"Accursed Blacksmith","floor":11,"gold_loss":0,"cards_upgraded":["Searing Blow"]},{"cards_removed":["Strike_R"],"damage_healed":0,"gold_gain":0,"player_choice":"Card Removal","damage_taken":0,"max_hp_gain":0,"max_hp_loss":0,"event_name":"Wheel of Change","floor":14,"gold_loss":0},{"cards_removed":["Strike_R"],"damage_healed":0,"gold_gain":0,"player_choice":"Gave Gold","damage_taken":0,"max_hp_gain":0,"max_hp_loss":0,"event_name":"Beggar","floor":22,"gold_loss":75},{"damage_healed":0,"gold_gain":0,"player_choice":"Leave","damage_taken":0,"max_hp_gain":0,"max_hp_loss":0,"event_name":"FaceTrader","floor":27,"gold_loss":0},{"damage_healed":0,"gold_gain":0,"player_choice":"Ignored","damage_taken":0,"max_hp_gain":0,"max_hp_loss":0,"event_name":"Mysterious Sphere","floor":37,"gold_loss":0},{"cards_removed":["Cleave"],"damage_healed":0,"gold_gain":0,"player_choice":"Gave Card","damage_taken":0,"relics_obtained":["Ancient Tea Set"],"max_hp_gain":0,"max_hp_loss":0,"event_name":"WeMeetAgain","floor":39,"gold_loss":0},{"damage_healed":0,"gold_gain":0,"player_choice":"Memory 1","damage_taken":0,"max_hp_gain":0,"max_hp_loss":0,"event_name":"SensoryStone","floor":47,"gold_loss":0}],"is_beta":false,"boss_relics":[{"not_picked":["Cursed Key","Runic Cube"],"picked":"SacredBark"},{"not_picked":["Mark of Pain","Runic Pyramid"],"picked":"Snecko Eye"}],"items_purged_floors":[29,38,42],"is_endless":false,"potions_floor_spawned":[2,13,18,20,24,44,48],"killed_by":"Awakened One","ascension_level":20}}