{"host":"w8xisjf5mgmfjvmt","time":1613107471,"event":{"mods":["ATMod(°¢èªMod)","BaseMod","BetterRewards","Challenge The Spire","Conspire","Energized Spire","Filter the Spire","Minty Spire (QoL Compilation)","Quarter Circle Forward PUNCH!","Quick Restart","Relic Filter Mod","Relic Stats","Reliquary","Replay The Spire","Say the Spire","Shop Mod","Spicy Shops","StSLib","Thieving Mod","¡¾ÒÅÎï¿¨ÅÆ¡¿REMEMod","óô»ðÖ¸ÄÏ"],"gold_per_floor":[18,18,35,50,65,97,97,97,97],"floor_reached":8,"language":"ZHS","playtime":303,"items_purged":[],"score":116,"play_id":"540f49d7-01c8-46e2-838e-ace376fa1cf1","local_time":"20210212132431","is_ascension_mode":true,"campfire_choices":[{"data":"Apotheosis","floor":7,"key":"SMITH"}],"circlet_count":0,"master_deck":["AscendersBane","Strike_R","Strike_R","Strike_R","Strike_R","Strike_R","Defend_R","Defend_R","Defend_R","Defend_R","Bash","Apotheosis+1","AT_FamilyPortrait","Creative AI","REME_Scribble","Body Slam","Run Through","Limit Break"],"relics":["Burning Blood","REME_ComplimentaryCards","AT_ATBox","King of Hearts","reliquary:TatteredRug"],"acts_visited":["Exordium"],"potions_floor_usage":[5,8],"damage_taken":[{"damage":8,"enemies":"2 Louse","floor":1,"turns":3},{"damage":3,"enemies":"Small Slimes","floor":3,"turns":4},{"damage":3,"enemies":"Cultist","floor":4,"turns":3},{"damage":17,"enemies":"3 Louse","floor":5,"turns":4},{"damage":51,"enemies":"3 Sentries","floor":6,"turns":9},{"damage":11,"enemies":"Gremlin Nob","floor":8,"turns":3}],"seed_played":"-5370884097350391313","potions_obtained":[{"floor":3,"key":"AttackPotion"},{"floor":5,"key":"FearPotion"}],"is_trial":false,"path_per_floor":["M","?","M","M","M","E","R","E"],"character_chosen":"IRONCLAD","items_purchased":[],"campfire_rested":0,"item_purchase_floors":[],"current_hp_per_floor":[66,55,60,66,58,15,15,7,7],"gold":97,"neow_bonus":"RANDOM_COLORLESS_2","is_daily":false,"chose_seed":false,"campfire_upgraded":1,"win_rate":0.0,"timestamp":1613107471,"path_taken":["M","?","M","M","M","E","R","E"],"items_purchased_type":[],"build_version":"2020-12-22","purchased_purges":0,"victory":false,"max_hp_per_floor":[75,75,77,80,83,85,85,88,88],"relic_stats":{"counters":[6,26],"obtain_stats":[{"AT_ATBox":0,"King of Hearts":2,"reliquary:TatteredRug":6,"Burning Blood":0,"REME_ComplimentaryCards":0},{"AT_ATBox":0,"King of Hearts":1,"reliquary:TatteredRug":5,"Burning Blood":0,"REME_ComplimentaryCards":0},{"AT_ATBox":0,"King of Hearts":3,"reliquary:TatteredRug":23,"Burning Blood":0,"REME_ComplimentaryCards":0}],"Burning Blood":30},"card_choices":[{"not_picked":["Panache","Thinking Ahead"],"picked":"Apotheosis","floor":0},{"not_picked":["ReplayTheSpireMod:Muscle Training","Iron Wave"],"picked":"REME_Scribble","floor":1},{"not_picked":["REME_FearOfPain","Shockwave"],"picked":"Body Slam","floor":3},{"not_picked":["Warcry","Armaments"],"picked":"Run Through","floor":4},{"not_picked":["Heavy Blade","Twin Strike","Iron Wave"],"picked":"SKIP","floor":5},{"not_picked":["Pummel","Havoc"],"picked":"Limit Break","floor":6}],"player_experience":1336581,"relics_obtained":[{"floor":6,"key":"reliquary:TatteredRug"}],"event_choices":[{"damage_healed":0,"gold_gain":0,"player_choice":"Success","damage_taken":11,"relics_obtained":["King of Hearts"],"max_hp_gain":0,"max_hp_loss":0,"event_name":"Scrap Ooze","floor":2,"gold_loss":0}],"is_beta":false,"boss_relics":[],"items_purged_floors":[],"is_endless":false,"potions_floor_spawned":[3,5],"killed_by":"Gremlin Nob","ascension_level":20}}