{"host":"fxrgx7wt2cpkbhka","time":1613112569,"event":{"mods":["AchievementEnabler","BaseMod","Colored Powertips","Dark Map","Minty Spire (QoL Compilation)","Permanent Neow","Quick Restart","Slay-I","StSLib","Waifu the Spire"],"gold_per_floor":[114,125,92,167,12,12,32,32,32,54,63,63,92,117,117,203,203,223,73,94,110,125,163,192,192,192,192,218,218,249,262,262,262,262],"floor_reached":33,"language":"ENG","playtime":1093,"items_purged":[],"score":492,"play_id":"8d503165-3e5d-411a-9a5d-d5d77414ec13","local_time":"20210211224929","is_ascension_mode":true,"campfire_choices":[{"data":"Metallicize","floor":6,"key":"SMITH"},{"data":"Perfected Strike","floor":12,"key":"SMITH"},{"data":"Bash","floor":15,"key":"SMITH"},{"data":"Reaper","floor":25,"key":"SMITH"},{"data":"Metallicize","floor":27,"key":"SMITH"},{"floor":32,"key":"REST"}],"circlet_count":0,"master_deck":["AscendersBane","Strike_R","Strike_R","Strike_R","Strike_R","Strike_R","Defend_R","Defend_R","Defend_R","Defend_R","Bash+1","Cleave","Metallicize+1","Clash","Perfected Strike+1","Bash+1","Clash","Clash","Reaper+1","Uppercut+1","Uppercut+1","Metallicize+1","Iron Wave"],"relics":["Burning Blood","CeramicFish","Meat on the Bone","Snecko Eye","Anchor","Oddly Smooth Stone","Question Card","Incense Burner"],"acts_visited":["Exordium","TheCity"],"potions_floor_usage":[7,16,21,23,33],"damage_taken":[{"damage":3,"enemies":"Jaw Worm","floor":1,"turns":4},{"damage":6,"enemies":"Cultist","floor":2,"turns":4},{"damage":5,"enemies":"Small Slimes","floor":7,"turns":3},{"damage":43,"enemies":"Gremlin Gang","floor":10,"turns":4},{"damage":2,"enemies":"2 Fungi Beasts","floor":13,"turns":4},{"damage":12,"enemies":"Blue Slaver","floor":14,"turns":3},{"damage":24,"enemies":"Slime Boss","floor":16,"turns":6},{"damage":28,"enemies":"2 Thieves","floor":18,"turns":4},{"damage":0,"enemies":"Chosen","floor":20,"turns":2},{"damage":20,"enemies":"Snecko","floor":21,"turns":4},{"damage":19,"enemies":"Centurion and Healer","floor":22,"turns":7},{"damage":9,"enemies":"Slavers","floor":23,"turns":5},{"damage":18,"enemies":"Snake Plant","floor":24,"turns":3},{"damage":17,"enemies":"Snecko","floor":28,"turns":5},{"damage":45,"enemies":"Book of Stabbing","floor":30,"turns":6},{"damage":7,"enemies":"Shelled Parasite and Fungi","floor":31,"turns":4},{"damage":87,"enemies":"Champ","floor":33,"turns":13}],"seed_played":"8057945333125056282","potions_obtained":[{"floor":7,"key":"Fruit Juice"},{"floor":10,"key":"Explosive Potion"},{"floor":18,"key":"SneckoOil"},{"floor":22,"key":"LiquidMemories"},{"floor":23,"key":"BloodPotion"},{"floor":30,"key":"Ancient Potion"}],"is_trial":false,"path_per_floor":["M","M","$","?","$","R","M","$","T","M","?","R","M","M","R","B",null,"M","$","M","M","M","E","M","R","T","R","M","?","E","M","R","B"],"character_chosen":"IRONCLAD","items_purchased":["Metallicize","CeramicFish","Anchor"],"campfire_rested":1,"item_purchase_floors":[3,5,19],"current_hp_per_floor":[71,71,71,60,60,60,66,66,66,41,41,41,57,51,51,45,71,53,53,59,51,48,52,52,52,52,52,48,53,33,44,68,0,0],"gold":262,"neow_bonus":"UPGRADE_CARD","is_daily":false,"chose_seed":false,"campfire_upgraded":5,"win_rate":0.0,"timestamp":1613112569,"path_taken":["M","M","$","?","$","R","M","$","T","M","?","R","M","M","R","BOSS","M","?","M","M","M","E","M","R","T","R","M","?","E","M","R","BOSS"],"items_purchased_type":["Card","Relic","Relic"],"build_version":"2020-12-22","purchased_purges":0,"victory":false,"max_hp_per_floor":[75,75,75,75,75,75,80,80,80,80,80,80,80,80,80,80,80,80,80,80,80,80,80,80,80,80,80,80,80,80,80,80,80,80],"card_choices":[{"not_picked":["Headbutt","Clothesline"],"picked":"Cleave","floor":1},{"not_picked":["Combust","Anger","Intimidate"],"picked":"SKIP","floor":2},{"not_picked":["Iron Wave","Flex"],"picked":"Clash","floor":7},{"not_picked":["Uppercut","Evolve"],"picked":"Perfected Strike","floor":10},{"not_picked":["Cleave","Warcry"],"picked":"Clash","floor":13},{"not_picked":["Exhume","Shockwave"],"picked":"Clash","floor":14},{"not_picked":["Berserk","Bludgeon"],"picked":"Reaper","floor":16},{"not_picked":["Bloodletting","Hemokinesis+1"],"picked":"Uppercut+1","floor":18},{"not_picked":["Ghostly Armor","Second Wind"],"picked":"Uppercut+1","floor":20},{"not_picked":["Rampage","Warcry+1","Power Through"],"picked":"SKIP","floor":21},{"not_picked":["Havoc","Cleave","Sword Boomerang"],"picked":"SKIP","floor":22},{"not_picked":["Disarm","Combust"],"picked":"Metallicize","floor":23},{"not_picked":["Thunderclap","Headbutt"],"picked":"Iron Wave","floor":24},{"not_picked":["Armaments","Pommel Strike+1","Pummel"],"picked":"Clash","floor":28},{"not_picked":["Sever Soul","Brutality","Power Through","Pommel Strike+1"],"picked":"SKIP","floor":30},{"not_picked":["True Grit","Perfected Strike","Wild Strike","Hemokinesis"],"picked":"SKIP","floor":31}],"player_experience":769590,"relics_obtained":[{"floor":9,"key":"Meat on the Bone"},{"floor":23,"key":"Oddly Smooth Stone"},{"floor":26,"key":"Question Card"},{"floor":30,"key":"Incense Burner"}],"event_choices":[{"damage_healed":0,"gold_gain":75,"player_choice":"Gather Gold","damage_taken":11,"max_hp_gain":0,"max_hp_loss":0,"event_name":"World of Goop","floor":4,"gold_loss":0},{"damage_healed":0,"gold_gain":0,"player_choice":"1 cards matched","damage_taken":0,"max_hp_gain":0,"max_hp_loss":0,"event_name":"Match and Keep!","floor":11,"gold_loss":0,"cards_obtained":["Bash"]},{"cards_removed":["Clash"],"damage_healed":5,"gold_gain":0,"player_choice":"Offered Common","damage_taken":0,"max_hp_gain":0,"max_hp_loss":0,"event_name":"Bonfire Elementals","floor":29,"gold_loss":0},{"cards_removed":["Clash"],"damage_healed":5,"gold_gain":0,"player_choice":"Offered Special","damage_taken":0,"max_hp_gain":0,"max_hp_loss":0,"event_name":"Bonfire Elementals","floor":29,"gold_loss":0}],"is_beta":false,"boss_relics":[{"not_picked":["Mark of Pain","Runic Pyramid"],"picked":"Snecko Eye"}],"items_purged_floors":[],"is_endless":false,"potions_floor_spawned":[7,10,18,22,23,30],"killed_by":"Champ","ascension_level":15}}