{"host":"8o45mh5p3pp1o2mi","time":1613091377,"event":{"mods":["BaseMod","Bestiary","Better Match","Better Third Choice","BetterRewards","Dark Map","Downfall","Fox Events","Minty Spire (QoL Compilation)","Rare Cards Sparkle","Relic Stats","Replay The Spire","Shop Mod","Spire Exporter","StSLib","everything is the same but u backflip on backflip"],"gold_per_floor":[109,120,120,120,120,120,151,168,168,188,38,38,51,107,107,212,212,224,79,91,91,102,161,161,191,191,336,336,369,369,380,380,484,484,496,551,561,941,972,1035,1035,1068,1068,1068,1068,1087,1147,1157,1157,1157],"floor_reached":51,"language":"ENG","playtime":4043,"items_purged":["Defend_G","Strike_G"],"score":1323,"play_id":"5d48fb55-07d1-4487-becf-075f635ed52b","local_time":"20210212005617","is_ascension_mode":true,"campfire_choices":[{"data":"Neutralize","floor":6,"key":"SMITH"},{"data":"Toxin Wave","floor":12,"key":"SMITH"},{"data":"After Image","floor":15,"key":"SMITH"},{"data":"Ghostly","floor":30,"key":"SMITH"},{"data":"downfall:Bewildered","floor":32,"key":"PURGE"},{"data":"Ghostly","floor":41,"key":"SMITH"},{"data":"Wraith Form v2","floor":44,"key":"SMITH"},{"data":"Footwork","floor":49,"key":"SMITH"}],"circlet_count":0,"master_deck":["Strike_G","Strike_G","Strike_G","Defend_G","Defend_G","Survivor","Neutralize+1","Cloak And Dagger","Poisoned Stab","Replay:Hum+1","Toxin Wave+1","Backflip","Blur","Replay:Poison Smokescreen","After Image+1","Glass Knife","Tools of the Trade+1","Dash+1","Replay:Poison Smokescreen+1","Noxious Fumes","PiercingWail+1","Footwork+1","Ghostly","Ghostly","Ghostly","Ghostly+1","Ghostly+1","Sneak Up","Wraith Form v2+1","Caltrops+1","Crippling Poison","Bouncing Flask","Cloak And Dagger+1","Footwork+1","Draining Mist+1"],"relics":["Ring of the Snake","Lizard Tail","Oddly Smooth Stone","Mercury Hourglass","ReplayTheSpireMod:Ring of Challenge","ReplayTheSpireMod:Ring of Addiction","White Beast Statue","Toy Ornithopter","Juzu Bracelet","Replay:Mystery Machine","Chameleon Ring","ClockworkSouvenir","Happy Flower","Astrolabe","PreservedInsect","Du-Vu Doll","Snack Pack","StoneCalendar","Ice Cream","Quantum Egg","sneckomod:BabySnecko","Darkstone Periapt","Painkiller Herb","The Specimen","Old Coin","Counterbalance","Replay:Wax Seal","Kunai","Spirit Poop"],"acts_visited":["Exordium","TheCity","TheBeyond"],"potions_floor_usage":[7,10,13,14,16,16,20,22,23,31,33,33,33,36,38,40,46,48,50,50],"damage_taken":[{"damage":1,"enemies":"Small Slimes","floor":1,"turns":3},{"damage":0,"enemies":"2 Louse","floor":2,"turns":2},{"damage":8,"enemies":"Lagavulin","floor":7,"turns":6},{"damage":5,"enemies":"Jaw Worm","floor":8,"turns":3},{"damage":0,"enemies":"3 Louse","floor":10,"turns":2},{"damage":0,"enemies":"2 Fungi Beasts","floor":13,"turns":3},{"damage":13,"enemies":"Gremlin Nob","floor":14,"turns":5},{"damage":14,"enemies":"Hexaghost","floor":16,"turns":10},{"damage":0,"enemies":"Spheric Guardian","floor":18,"turns":5},{"damage":8,"enemies":"2 Thieves","floor":20,"turns":3},{"damage":0,"enemies":"Snecko","floor":22,"turns":4},{"damage":19,"enemies":"Book of Stabbing","floor":23,"turns":6},{"damage":0,"enemies":"Replay:Snechameleon","floor":25,"turns":5},{"damage":3,"enemies":"Colosseum Slavers","floor":27,"turns":7},{"damage":7,"enemies":"Colosseum Nobs","floor":27,"turns":5},{"damage":0,"enemies":"Book of Stabbing","floor":29,"turns":5},{"damage":0,"enemies":"Centurion and Healer","floor":31,"turns":6},{"damage":28,"enemies":"Champ","floor":33,"turns":10},{"damage":0,"enemies":"Orb Walker","floor":35,"turns":4},{"damage":0,"enemies":"3 Shapes","floor":36,"turns":6},{"damage":0,"enemies":"Jaw Worm Horde","floor":37,"turns":5},{"damage":0,"enemies":"Mind Bloom Boss Battle","floor":38,"turns":7},{"damage":0,"enemies":"4 Shapes","floor":39,"turns":5},{"damage":0,"enemies":"Giant Head","floor":40,"turns":9},{"damage":0,"enemies":"R_Hoarder","floor":42,"turns":5},{"damage":0,"enemies":"3 Darklings","floor":46,"turns":5},{"damage":2,"enemies":"Writhing Mass","floor":47,"turns":8},{"damage":0,"enemies":"Spire Growth","floor":48,"turns":5},{"damage":8,"enemies":"Time Eater","floor":50,"turns":10}],"seed_played":"5773047734135353073","potions_obtained":[{"floor":3,"key":"Swift Potion"},{"floor":3,"key":"Elixir"},{"floor":3,"key":"FearPotion"},{"floor":7,"key":"Reflective Coating"},{"floor":8,"key":"champ:CounterPotion"},{"floor":10,"key":"LiquidBronze"},{"floor":13,"key":"BlessingOfTheForge"},{"floor":14,"key":"CunningPotion"},{"floor":16,"key":"SpeedPotion"},{"floor":18,"key":"champ:CounterPotion"},{"floor":20,"key":"FearPotion"},{"floor":22,"key":"DistilledChaos"},{"floor":23,"key":"Fire Potion"},{"floor":29,"key":"Poison Potion"},{"floor":31,"key":"CultistPotion"},{"floor":33,"key":"Fire Potion"},{"floor":35,"key":"DistilledChaos"},{"floor":36,"key":"DistilledChaos"},{"floor":37,"key":"Elixir"},{"floor":38,"key":"Fire Potion"},{"floor":39,"key":"Dexterity Potion"},{"floor":40,"key":"Poison Potion"},{"floor":46,"key":"Fruit Juice"},{"floor":48,"key":"Energy Potion"}],"is_trial":false,"path_per_floor":["M","M","?","?","$","R","E","M","T","M","$","R","M","E","R","B",null,"M","$","M","?","M","E","?","E","T","?","?","E","R","M","R","B",null,"?","?","?","?","?","E","T","E","T","T","?","?","?","?","T","B",null],"character_chosen":"THE_SILENT","items_purchased":["Oddly Smooth Stone","Mercury Hourglass","ClockworkSouvenir","PreservedInsect"],"campfire_rested":0,"item_purchase_floors":[0,0,11,19],"current_hp_per_floor":[62,62,62,57,57,57,54,49,49,54,54,54,59,51,51,47,63,63,63,58,58,63,49,33,33,33,21,21,21,21,28,28,1,22,22,27,27,29,29,29,29,29,29,27,27,27,27,34,34,34],"gold":1157,"neow_bonus":"","is_daily":false,"chose_seed":false,"campfire_upgraded":7,"win_rate":0.0,"timestamp":1613091377,"path_taken":["M","M","?","?","?","R","E","M","T","M","$","R","M","E","R","BOSS","M","$","M","?","M","E","?","E","T","?","?","E","R","M","R","BOSS","?","?","?","?","?","E","T","E","T","T","?","?","?","?","T","BOSS"],"items_purchased_type":["Relic","Relic","Relic","Relic"],"build_version":"2020-12-22","purchased_purges":2,"victory":true,"max_hp_per_floor":[70,70,70,70,70,70,68,68,68,68,68,68,68,68,68,68,68,68,68,66,66,66,66,33,33,33,31,31,31,29,29,29,29,29,29,29,29,29,29,29,29,29,29,27,27,27,27,34,34,34],"relic_stats":{"Darkstone Periapt":0,"Happy Flower":[45],"counters":[188,836],"Astrolabe":["Tools of the Trade","Dash","Replay:Poison Smokescreen"],"StoneCalendar":[215],"PreservedInsect":378,"Juzu Bracelet":0,"Mercury Hourglass":[462],"Lizard Tail":0,"Kunai":[5],"obtain_stats":[{"TwistedFunnel":20,"Spirit Poop":45,"Whetstone":12,"Boot":43,"Old Coin":30,"Blood Vial":0,"Replay:Ringing Soul":42,"Sundial":0,"Replay:Bronze Core":17,"MealTicket":40,"Kunai":32,"Replay:Wax Seal":40,"MerchantsRug":0,"Pear":29,"Blue Candle":43,"ReplayTheSpireMod:Ring of Addiction":3,"Counterbalance":40,"Tingsha":0,"Akabeko":9,"Snecko Scales":17,"Unceasing Top":0,"Ring of the Serpent":17,"Lantern":48,"Regal Pillow":12,"Torii":3,"Singing Bowl":22,"Painkiller Herb":17,"StoneCalendar":26,"Bag of Preparation":43,"Replay:Multitool":0,"Cursed Key":34,"Replay:Rubber Ducky":20,"BranchBurnRelic":6,"Shovel":23,"WingedGreaves":0,"Replay:Bottled Eggs":23,"InkBottle":42,"Ring of the Snake":7,"The Specimen":36,"The Courier":25,"PreservedInsect":19,"Omamori":7,"Ring of Greed":24,"MawBank":24,"sneckomod:BabySnecko":20,"Busted Crown":17,"Ornamental Fan":40,"Art of War":4,"Durian":8,"Bottled Lightning":27,"ReplayTheSpireMod:Ring of Challenge":3,"Toy Ornithopter":3,"Ice Cream":23,"Calipers":0,"CeramicFish":6,"Vajra":25,"Lizard Tail":0,"Strawberry":26,"Philosopher\u0027s Stone":34,"Iron Hammer":23,"Toxic Egg 2":0,"Girya":0,"Happy Flower":6,"ReplayTheSpireMod:CursedCoin":4,"Dead Branch":0,"Astrolabe":34,"Oddly Smooth Stone":47,"Question Card":0,"Du-Vu Doll":0,"Replay:Baseball":9,"Bottled Flame":27,"ReplayTheSpireMod:Shallot":26,"Shuriken":0,"Onion Ring":26,"Simple Rune":43,"foxEvents:LuckyCharm":3,"Black Star":34,"Grinning Jar":8,"Mirror":53,"Meat on the Bone":14,"ReplayFunnel":49,"Darkstone Periapt":23,"bronze:BronzeCore":0,"Replay:PocketPolymizer":0,"Mango":6,"Snake Skull":9,"Juzu Bracelet":11,"Replay:Mystery Machine":0,"ClockworkSouvenir":0,"SsserpentHead":13,"Nunchaku":41,"Tough Bandages":0,"Replay:Bandana":19,"Chameleon Ring":9,"TheAbacus":53,"Mummified Hand":0,"Gambling Chip":0,"Pantograph":54,"Tiny Chest":11,"Red Mask":30,"Gremlin Food":22,"BargainBundle":36,"Replay:Towering Pillar of Hats":0,"Guide Book":5,"Quantum Egg":27,"Orichalcum":6,"White Beast Statue":10,"Mercury Hourglass":0,"Calling Bell":0,"Anchor":4,"CaptainsWheel":0,"ChewingGum":17,"Snack Pack":0,"Membership Card":0,"TungstenRod":0,"FossilizedHelix":0},{"TwistedFunnel":18,"Spirit Poop":184,"Whetstone":38,"Boot":143,"Old Coin":57,"Blood Vial":9,"Replay:Ringing Soul":115,"Sundial":45,"Replay:Bronze Core":52,"MealTicket":113,"Kunai":80,"Replay:Wax Seal":143,"MerchantsRug":9,"Pear":24,"Blue Candle":115,"ReplayTheSpireMod:Ring of Addiction":161,"Counterbalance":183,"Tingsha":159,"Akabeko":154,"Snecko Scales":99,"Unceasing Top":63,"Ring of the Serpent":130,"Lantern":88,"Regal Pillow":96,"Torii":34,"Singing Bowl":55,"Painkiller Herb":16,"StoneCalendar":172,"Bag of Preparation":30,"Replay:Multitool":158,"Cursed Key":108,"Replay:Rubber Ducky":74,"BranchBurnRelic":34,"Shovel":76,"WingedGreaves":149,"Replay:Bottled Eggs":56,"InkBottle":30,"Ring of the Snake":12,"The Specimen":179,"The Courier":104,"PreservedInsect":168,"Omamori":154,"Ring of Greed":134,"MawBank":134,"sneckomod:BabySnecko":41,"Busted Crown":40,"Ornamental Fan":85,"Art of War":46,"Durian":94,"Bottled Lightning":105,"ReplayTheSpireMod:Ring of Challenge":161,"Toy Ornithopter":161,"Ice Cream":43,"Calipers":121,"CeramicFish":126,"Vajra":22,"Lizard Tail":159,"Strawberry":22,"Philosopher\u0027s Stone":26,"Iron Hammer":20,"Toxic Egg 2":89,"Girya":63,"Happy Flower":93,"ReplayTheSpireMod:CursedCoin":46,"Dead Branch":32,"Astrolabe":81,"Oddly Smooth Stone":88,"Question Card":32,"Du-Vu Doll":89,"Replay:Baseball":68,"Bottled Flame":77,"ReplayTheSpireMod:Shallot":104,"Shuriken":121,"Onion Ring":56,"Simple Rune":86,"foxEvents:LuckyCharm":2,"Black Star":59,"Grinning Jar":50,"Mirror":147,"Meat on the Bone":157,"ReplayFunnel":88,"Darkstone Periapt":103,"bronze:BronzeCore":0,"Replay:PocketPolymizer":45,"Mango":12,"Snake Skull":13,"Juzu Bracelet":7,"Replay:Mystery Machine":45,"ClockworkSouvenir":89,"SsserpentHead":38,"Nunchaku":29,"Tough Bandages":61,"Replay:Bandana":131,"Chameleon Ring":35,"TheAbacus":147,"Mummified Hand":149,"Gambling Chip":121,"Pantograph":148,"Tiny Chest":51,"Red Mask":80,"Gremlin Food":42,"BargainBundle":82,"Replay:Towering Pillar of Hats":9,"Guide Book":11,"Quantum Egg":174,"Orichalcum":48,"White Beast Statue":36,"Mercury Hourglass":159,"Calling Bell":45,"Anchor":11,"CaptainsWheel":149,"ChewingGum":72,"Snack Pack":89,"Membership Card":9,"TungstenRod":9,"FossilizedHelix":158},{"TwistedFunnel":60,"Spirit Poop":808,"Whetstone":158,"Boot":601,"Old Coin":249,"Blood Vial":25,"Replay:Ringing Soul":454,"Sundial":191,"Replay:Bronze Core":226,"MealTicket":446,"Kunai":338,"Replay:Wax Seal":601,"MerchantsRug":25,"Pear":87,"Blue Candle":454,"ReplayTheSpireMod:Ring of Addiction":682,"Counterbalance":803,"Tingsha":677,"Akabeko":656,"Snecko Scales":401,"Unceasing Top":290,"Ring of the Serpent":529,"Lantern":366,"Regal Pillow":391,"Torii":143,"Singing Bowl":241,"Painkiller Herb":52,"StoneCalendar":734,"Bag of Preparation":118,"Replay:Multitool":676,"Cursed Key":431,"Replay:Rubber Ducky":321,"BranchBurnRelic":143,"Shovel":327,"WingedGreaves":642,"Replay:Bottled Eggs":246,"InkBottle":118,"Ring of the Snake":34,"The Specimen":777,"The Courier":414,"PreservedInsect":716,"Omamori":656,"Ring of Greed":551,"MawBank":551,"sneckomod:BabySnecko":173,"Busted Crown":168,"Ornamental Fan":351,"Art of War":196,"Durian":385,"Bottled Lightning":419,"ReplayTheSpireMod:Ring of Challenge":682,"Toy Ornithopter":682,"Ice Cream":182,"Calipers":476,"CeramicFish":500,"Vajra":78,"Lizard Tail":677,"Strawberry":78,"Philosopher\u0027s Stone":99,"Iron Hammer":69,"Toxic Egg 2":370,"Girya":290,"Happy Flower":383,"ReplayTheSpireMod:CursedCoin":196,"Dead Branch":132,"Astrolabe":342,"Oddly Smooth Stone":366,"Question Card":132,"Du-Vu Doll":370,"Replay:Baseball":309,"Bottled Flame":331,"ReplayTheSpireMod:Shallot":414,"Shuriken":476,"Onion Ring":246,"Simple Rune":357,"foxEvents:LuckyCharm":5,"Black Star":264,"Grinning Jar":213,"Mirror":629,"Meat on the Bone":670,"ReplayFunnel":366,"Darkstone Periapt":411,"bronze:BronzeCore":0,"Replay:PocketPolymizer":191,"Mango":34,"Snake Skull":36,"Juzu Bracelet":19,"Replay:Mystery Machine":191,"ClockworkSouvenir":370,"SsserpentHead":158,"Nunchaku":109,"Tough Bandages":273,"Replay:Bandana":534,"Chameleon Ring":146,"TheAbacus":629,"Mummified Hand":642,"Gambling Chip":476,"Pantograph":636,"Tiny Chest":218,"Red Mask":338,"Gremlin Food":176,"BargainBundle":344,"Replay:Towering Pillar of Hats":25,"Guide Book":30,"Quantum Egg":746,"Orichalcum":204,"White Beast Statue":151,"Mercury Hourglass":677,"Calling Bell":191,"Anchor":30,"CaptainsWheel":642,"ChewingGum":317,"Snack Pack":370,"Membership Card":25,"TungstenRod":25,"FossilizedHelix":676}],"Toy Ornithopter":62,"Ring of the Snake":[78]},"card_choices":[{"not_picked":["Underhanded Strike","Outmaneuver"],"picked":"Cloak And Dagger","floor":1},{"not_picked":["Dagger Spray","Acrobatics"],"picked":"Poisoned Stab","floor":2},{"not_picked":["ReplayTheSpireMod:Shiv Toss","Outmaneuver"],"picked":"Toxin Wave","floor":7},{"not_picked":["Flechettes","Deflect"],"picked":"Backflip","floor":8},{"not_picked":["Well Laid Plans","Slice"],"picked":"Blur","floor":10},{"not_picked":["Prepared","Underhanded Strike"],"picked":"Replay:Poison Smokescreen","floor":13},{"not_picked":["Slice","Bane"],"picked":"After Image","floor":14},{"not_picked":["Venomology","Storm of Steel"],"picked":"Glass Knife","floor":16},{"not_picked":["Dagger Spray+1","Bane+1","Flying Knee"],"picked":"SKIP","floor":18},{"not_picked":["Sucker Punch+1","Dash","Deflect"],"picked":"SKIP","floor":20},{"not_picked":["Dagger Spray","Prepared+1"],"picked":"PiercingWail+1","floor":22},{"not_picked":["Masterful Stab","Hidden Blade"],"picked":"Footwork","floor":23},{"not_picked":["Grand Finale","Infinite Blades","Replay:Poison Smokescreen"],"picked":"SKIP","floor":25},{"not_picked":["Slice+1","Deflect+1"],"picked":"Sneak Up","floor":29},{"not_picked":["Flying Knee","Heel Hook+1","Dagger Spray+1"],"picked":"SKIP","floor":31},{"not_picked":["Phantasmal Killer","Envenom"],"picked":"Wraith Form v2","floor":33},{"not_picked":["Deflect","Quick Slash+1"],"picked":"Caltrops+1","floor":35},{"not_picked":["Masterful Stab+1","Bane+1","Flying Knee"],"picked":"SKIP","floor":36},{"not_picked":["Backflip+1","Deflect","Well Laid Plans+1"],"picked":"SKIP","floor":37},{"not_picked":["Flying Knee+1","ReplayTheSpireMod:The Works"],"picked":"Crippling Poison","floor":38},{"not_picked":["Flying Knee","Hidden Blade+1"],"picked":"Bouncing Flask","floor":39},{"not_picked":["Eviscerate","Prepared+1","Slice"],"picked":"SKIP","floor":40},{"not_picked":["Tools of the Trade","Dagger Spray"],"picked":"Cloak And Dagger+1","floor":42},{"not_picked":["Choke+1","Outmaneuver"],"picked":"Footwork+1","floor":46},{"not_picked":["Blade Dance+1","Slice"],"picked":"Draining Mist+1","floor":47},{"not_picked":["Underhanded Strike","Prepared","Cloak And Dagger"],"picked":"SKIP","floor":48}],"player_experience":191671,"relics_obtained":[{"floor":3,"key":"ReplayTheSpireMod:Ring of Challenge"},{"floor":3,"key":"ReplayTheSpireMod:Ring of Addiction"},{"floor":3,"key":"White Beast Statue"},{"floor":3,"key":"Toy Ornithopter"},{"floor":7,"key":"Replay:Mystery Machine"},{"floor":9,"key":"Chameleon Ring"},{"floor":14,"key":"Happy Flower"},{"floor":23,"key":"Du-Vu Doll"},{"floor":25,"key":"Snack Pack"},{"floor":26,"key":"StoneCalendar"},{"floor":27,"key":"Ice Cream"},{"floor":27,"key":"Quantum Egg"},{"floor":29,"key":"Darkstone Periapt"},{"floor":36,"key":"The Specimen"},{"floor":38,"key":"Old Coin"},{"floor":40,"key":"Counterbalance"},{"floor":42,"key":"Replay:Wax Seal"},{"floor":43,"key":"Kunai"}],"event_choices":[{"damage_healed":0,"gold_gain":0,"player_choice":"Read","damage_taken":0,"max_hp_gain":0,"max_hp_loss":0,"event_name":"The Library","floor":21,"gold_loss":0,"cards_obtained":["Noxious Fumes"]},{"damage_healed":0,"gold_gain":0,"player_choice":"Became a Ghost","damage_taken":0,"max_hp_gain":0,"max_hp_loss":33,"event_name":"Ghosts","floor":24,"gold_loss":0,"cards_obtained":["Ghostly","Ghostly","Ghostly","Ghostly","Ghostly"]},{"damage_healed":0,"gold_gain":0,"player_choice":"Fight","damage_taken":0,"max_hp_gain":0,"max_hp_loss":0,"event_name":"Colosseum","floor":27,"gold_loss":0},{"damage_healed":0,"gold_gain":0,"player_choice":"Fought Nobs","damage_taken":0,"max_hp_gain":0,"max_hp_loss":0,"event_name":"Colosseum","floor":27,"gold_loss":0},{"damage_healed":0,"gold_gain":0,"player_choice":"Fight","damage_taken":0,"max_hp_gain":0,"max_hp_loss":0,"event_name":"MindBloom","floor":38,"gold_loss":0},{"cards_removed":["Amnesia"],"damage_healed":0,"gold_gain":0,"player_choice":"Offered Curse","damage_taken":0,"relics_obtained":["Spirit Poop"],"max_hp_gain":0,"max_hp_loss":0,"event_name":"Bonfire Elementals","floor":45,"gold_loss":0}],"is_beta":false,"boss_relics":[{"not_picked":["Kintsugi","Abe\u0027s Treasure"],"picked":"Astrolabe"},{"not_picked":["Velvet Choker","Ring of Chaos"],"picked":"Painkiller Herb"}],"items_purged_floors":[0,0],"is_endless":false,"potions_floor_spawned":[7,8,10,13,14,16,18,20,22,23,25,27,27,29,31,33,35,36,37,38,39,40,42,46,47,48],"ascension_level":9}}