{"host":"uyrebrj0204enqpc","time":1613170124,"event":{"mods":["Act Like it!","Bard","BaseMod","Block Reminder","Challenge The Spire","Colored Map","Colored Powertips","DeckTracker","Downfall","GifTheSpireLib","HexUI Lib","Highlight Path","Hubris","Minty Spire (QoL Compilation)","Pale of the Ancients","Quick Restart","Random Character Button","Relic Sorter","Relic Stats","Shop Mod","StSLib","The Blue Laboratory","The Bug Knight","The Cursed","The Jungle","The Marked","Wandering Minibosses"],"gold_per_floor":[111,61,87,87,102,136,136,136,207,233,252,427,427,444,444,444,444],"floor_reached":16,"language":"ENG","playtime":467,"items_purged":[],"score":193,"play_id":"a453d17b-3a0d-4880-b8e7-71893f7cb2ef","local_time":"20210212174844","is_ascension_mode":true,"campfire_choices":[{"data":"theMarked:Seal","floor":7,"key":"SMITH"},{"data":"theMarked:TheMission","floor":13,"key":"SMITH"},{"floor":15,"key":"REST"}],"circlet_count":0,"master_deck":["theMarked:Strike","theMarked:Strike+1","theMarked:Strike+1","theMarked:Defend","theMarked:Defend","theMarked:Defend","theMarked:SoldierOfQuellstein","theMarked:Seal+1","theMarked:Polarize","theMarked:Heritage","theMarked:TheMission+1","Doubt","theMarked:MysticalArsenal"],"relics":["theMarked:ArtifactOfAir","NeowsBlessing","Whetstone","hubris:GlazedTorus","hubris:TinFlute","Singing Bowl"],"acts_visited":["Exordium"],"potions_floor_usage":[14,16],"damage_taken":[{"damage":0,"enemies":"2 Louse","floor":1,"turns":1},{"damage":0,"enemies":"Jaw Worm","floor":5,"turns":1},{"damage":0,"enemies":"Lagavulin","floor":6,"turns":1},{"damage":33,"enemies":"Gremlin Nob","floor":10,"turns":4},{"damage":0,"enemies":"Small Slimes","floor":11,"turns":3},{"damage":23,"enemies":"Looter","floor":14,"turns":6},{"damage":31,"enemies":"The Guardian","floor":16,"turns":2}],"seed_played":"8185269641199876933","potions_obtained":[{"floor":1,"key":"SkillPotion"},{"floor":10,"key":"theMarked:ChargePotion"}],"is_trial":false,"path_per_floor":["M","?","T","?","M","E","R","?","T","E","M","?","R","M","R","B"],"character_chosen":"THE_DEFAULT","items_purchased":[],"campfire_rested":1,"item_purchase_floors":[],"current_hp_per_floor":[63,63,63,63,63,63,63,56,56,25,25,25,25,2,23,0,0],"gold":444,"neow_bonus":"THREE_ENEMY_KILL","is_daily":false,"chose_seed":false,"campfire_upgraded":2,"win_rate":0.0,"timestamp":1613170124,"path_taken":["M","?","?","?","M","E","R","?","T","E","M","?","R","M","R","BOSS"],"items_purchased_type":[],"build_version":"2020-12-22","purchased_purges":0,"victory":false,"max_hp_per_floor":[70,70,70,70,70,70,70,70,70,72,72,72,72,72,72,72,72],"relic_stats":{"Singing Bowl":2,"counters":[7,18],"Whetstone":["theMarked:Strike","theMarked:Strike"],"obtain_stats":[{"theMarked:ArtifactOfAir":0,"NeowsBlessing":0,"Singing Bowl":10,"Whetstone":3,"hubris:TinFlute":9,"hubris:GlazedTorus":6},{"theMarked:ArtifactOfAir":0,"NeowsBlessing":0,"Singing Bowl":4,"Whetstone":1,"hubris:TinFlute":3,"hubris:GlazedTorus":3},{"theMarked:ArtifactOfAir":0,"NeowsBlessing":0,"Singing Bowl":7,"Whetstone":1,"hubris:TinFlute":3,"hubris:GlazedTorus":3}]},"card_choices":[{"not_picked":["theMarked:Improvise","theMarked:ElectricStrings"],"picked":"theMarked:Seal","floor":1},{"not_picked":["theMarked:TakeCover","theMarked:ElectricStrings","theMarked:Aftermath"],"picked":"SKIP","floor":5},{"not_picked":["theMarked:UnarmedFury","theMarked:EmpowerWeapon"],"picked":"theMarked:Heritage","floor":6},{"not_picked":["theMarked:ResourceFulStrike","theMarked:Indomitable","theMarked:Overcharge"],"picked":"Singing Bowl","floor":10},{"not_picked":["theMarked:Frustration","theMarked:WastefulAttack"],"picked":"theMarked:TheMission","floor":11},{"not_picked":["theMarked:EnhanceMovement","theMarked:Parkour"],"picked":"theMarked:MysticalArsenal","floor":14}],"player_experience":1120348,"relics_obtained":[{"floor":3,"key":"Whetstone"},{"floor":6,"key":"hubris:GlazedTorus"},{"floor":9,"key":"hubris:TinFlute"},{"floor":10,"key":"Singing Bowl"}],"event_choices":[{"cards_removed":["theMarked:Strike"],"damage_healed":0,"gold_gain":0,"player_choice":"Card Removal","damage_taken":0,"max_hp_gain":0,"max_hp_loss":0,"event_name":"The Cleric","floor":2,"gold_loss":50},{"damage_healed":0,"gold_gain":0,"cards_transformed":["theMarked:Strike"],"player_choice":"Change","damage_taken":0,"max_hp_gain":0,"max_hp_loss":0,"event_name":"Living Wall","floor":4,"gold_loss":0,"cards_obtained":["theMarked:Polarize"]},{"cards_removed":["theMarked:Defend"],"damage_healed":0,"gold_gain":0,"player_choice":"Card Removal","damage_taken":7,"max_hp_gain":0,"max_hp_loss":0,"event_name":"Golden Wing","floor":8,"gold_loss":0},{"damage_healed":0,"gold_gain":175,"player_choice":"AGREE","damage_taken":0,"max_hp_gain":0,"max_hp_loss":0,"event_name":"Liars Game","floor":12,"gold_loss":0,"cards_obtained":["Doubt"]}],"is_beta":false,"boss_relics":[],"items_purged_floors":[],"is_endless":false,"potions_floor_spawned":[1,10],"killed_by":"The Guardian","ascension_level":9}}