{"host":"6xsbn6ynqlzwllfm","time":1613096130,"event":{"mods":["2.2 Compatiblity","BaseMod","Bestiary","Colored Map","Colored Powertips","Curses Come First","Downfall","Highlight Path","Keyboard Shortcuts","Minty Spire (QoL Compilation)","Relic Stats","Slay the Relics Exporter","StSLib","SuperFastMode"],"gold_per_floor":[99,109,129,129,129,139,165,77,74,86,198,260,272,317,340,456,468,480,506,618,659,690,730,820,200,100,125,125,125,139,149,168,267,267,267,279,295,309,328,247,247,278,153,153,163,13,63,77,96,96],"floor_reached":51,"language":"ENG","playtime":2111,"items_purged":["Regret","bronze:Strike","bronze:Strike","bronze:Defend"],"score":990,"play_id":"2984f7ce-82c6-4554-93d4-7268582bee1f","local_time":"20210211211530","is_ascension_mode":true,"campfire_choices":[{"floor":1,"key":"RECALL"},{"data":"bronze:Goto","floor":8,"key":"SMITH"},{"data":"bronze:Boost","floor":10,"key":"SMITH"},{"data":"bronze:Iterate","floor":18,"key":"SMITH"},{"data":"bronze:Iterate","floor":26,"key":"SMITH"},{"data":"bronze:Format","floor":29,"key":"SMITH"},{"data":"bronze:Assembly","floor":35,"key":"SMITH"}],"circlet_count":0,"master_deck":["bronze:Strike+1","bronze:Defend","bronze:Defend+1","bronze:Defend","bronze:Replicate","bronze:Goto+1","bronze:Boost+1","bronze:Boost+1","bronze:ChildClass+1","downfall:Malfunctioning","bronze:CutThrough","bronze:Iterate+1","bronze:Format+1","bronze:CloningBeam","bronze:Iterate+1","RitualDagger","bronze:Return","bronze:Assembly+1","Parasite"],"relics":["bronze:PlatinumCore","Strawberry","Ginger","MawBank","downfall:HeartBlessingRed","War Paint","bronze:DecasWashers","Busted Crown","StoneCalendar","StrikeDummy","Red Mask","Centennial Puzzle","Meat on the Bone","Bronze Scales","HandDrill","downfall:HeartBlessingBlue","Juzu Bracelet","OrangePellets","Lantern","Singing Bowl","Kunai","Calipers"],"acts_visited":["Exordium","TheCity","TheBeyond"],"potions_floor_usage":[16,49],"damage_taken":[{"damage":9,"enemies":"2 Louse","floor":2,"turns":3},{"damage":1,"enemies":"Cultist","floor":3,"turns":3},{"damage":7,"enemies":"Jaw Worm","floor":6,"turns":4},{"damage":7,"enemies":"downfall:FleeingMerchant","floor":9,"turns":4},{"damage":21,"enemies":"Gremlin Nob","floor":14,"turns":4},{"damage":13,"enemies":"3 Louse","floor":15,"turns":4},{"damage":4,"enemies":"SI_SHIV_ARCHETYPE","floor":16,"turns":5},{"damage":6,"enemies":"Shell Parasite","floor":19,"turns":3},{"damage":0,"enemies":"Colosseum Nobs","floor":20,"turns":5},{"damage":0,"enemies":"Masked Bandits","floor":21,"turns":3},{"damage":21,"enemies":"3 Byrds","floor":22,"turns":5},{"damage":19,"enemies":"Book of Stabbing","floor":23,"turns":5},{"damage":4,"enemies":"downfall:FleeingMerchant","floor":25,"turns":4},{"damage":1,"enemies":"Gremlin Leader","floor":27,"turns":2},{"damage":18,"enemies":"Sentry and Sphere","floor":30,"turns":5},{"damage":0,"enemies":"Cultist and Chosen","floor":31,"turns":2},{"damage":5,"enemies":"Shelled Parasite and Fungi","floor":32,"turns":3},{"damage":2,"enemies":"WA_ARCHETYPE_CALM","floor":33,"turns":3},{"damage":0,"enemies":"Orb Walker","floor":36,"turns":1},{"damage":11,"enemies":"3 Darklings","floor":37,"turns":3},{"damage":0,"enemies":"Maw","floor":38,"turns":3},{"damage":21,"enemies":"Sphere and 2 Shapes","floor":39,"turns":7},{"damage":0,"enemies":"downfall:FleeingMerchant","floor":40,"turns":2},{"damage":0,"enemies":"Giant Head","floor":42,"turns":4},{"damage":0,"enemies":"Spire Growth","floor":45,"turns":1},{"damage":0,"enemies":"Spire Growth","floor":47,"turns":1},{"damage":0,"enemies":"3 Darklings","floor":48,"turns":1},{"damage":0,"enemies":"Writhing Mass","floor":49,"turns":2},{"damage":0,"enemies":"DF_ARCHETYPE_ORBS","floor":50,"turns":3}],"seed_played":"4320595583062664603","potions_obtained":[{"floor":3,"key":"CultistPotion"},{"floor":14,"key":"bronze:FreeFunctionsPotion"},{"floor":16,"key":"Fire Potion"},{"floor":20,"key":"Guardian:BlockOnCardUsePotion"},{"floor":27,"key":"BlessingOfTheForge"},{"floor":31,"key":"AttackPotion"},{"floor":32,"key":"PowerPotion"},{"floor":49,"key":"BlessingOfTheForge"}],"is_trial":false,"path_per_floor":["R","M","M","?","?","M","T","R","$","R","?","T","?","E","M","B",null,"R","M","?","?","M","E","T","$","R","E","?","R","M","M","M","B",null,"R","M","M","M","M","$","T","E","$","?","M","?","?","M","M","B",null],"character_chosen":"THE_AUTOMATON","items_purchased":["Meat on the Bone","Bronze Scales","HandDrill","OrangePellets","Lantern"],"campfire_rested":0,"item_purchase_floors":[25,25,25,40,40],"current_hp_per_floor":[77,68,67,67,67,60,60,60,53,53,53,53,53,32,19,15,77,77,71,71,71,50,31,31,27,37,48,42,42,36,48,55,53,87,87,87,76,76,55,55,55,57,57,57,59,59,61,63,65,65],"gold":96,"neow_bonus":"RANDOM_COMMON_RELIC","is_daily":false,"chose_seed":false,"campfire_upgraded":6,"win_rate":0.0,"timestamp":1613096130,"path_taken":["R","M","M","?","?","?","T","R","$","R","?","?","?","E","M","BOSS","R","M","?","?","M","E","T","$","R","E","?","R","M","M","M","BOSS","R","M","M","M","M","$","T","E","$","?","M","?","?","M","M","BOSS"],"items_purchased_type":["Relic","Relic","Relic","Relic","Relic"],"build_version":"2020-12-22","purchased_purges":4,"victory":true,"max_hp_per_floor":[77,77,77,77,77,77,77,77,77,77,77,77,77,77,77,77,77,77,77,77,77,77,77,77,77,87,87,87,87,87,87,87,87,87,87,87,87,87,87,87,87,89,89,89,91,91,93,95,97,97],"relic_stats":{"Singing Bowl":10,"counters":[29,95],"StoneCalendar":[75],"Juzu Bracelet":0,"Ginger":[12],"War Paint":["bronze:Defend","bronze:ChildClass"],"MawBank":216,"OrangePellets":[0],"Centennial Puzzle":[21],"Busted Crown":42,"Bronze Scales":[57],"HandDrill":[28],"Kunai":[8],"obtain_stats":[{"bronze:PlatinumCore":34,"Lantern":40,"bronze:BronzeCore":0,"Calipers":47,"downfall:HeartBlessingRed":8,"Singing Bowl":41,"bronze:DecasWashers":14,"StoneCalendar":20,"Juzu Bracelet":27,"Ginger":4,"War Paint":12,"MawBank":7,"OrangePellets":40,"Centennial Puzzle":23,"Busted Crown":17,"downfall:HeartBlessingBlue":26,"Strawberry":0,"Bronze Scales":25,"Red Mask":21,"HandDrill":25,"Kunai":42,"StrikeDummy":20,"Meat on the Bone":25},{"bronze:PlatinumCore":18,"Lantern":23,"bronze:BronzeCore":0,"Calipers":26,"downfall:HeartBlessingRed":3,"Singing Bowl":23,"bronze:DecasWashers":5,"StoneCalendar":9,"Juzu Bracelet":14,"Ginger":2,"War Paint":4,"MawBank":3,"OrangePellets":23,"Centennial Puzzle":12,"Busted Crown":7,"downfall:HeartBlessingBlue":13,"Strawberry":0,"Bronze Scales":13,"Red Mask":10,"HandDrill":13,"Kunai":24,"StrikeDummy":9,"Meat on the Bone":13},{"bronze:PlatinumCore":67,"Lantern":83,"bronze:BronzeCore":0,"Calipers":89,"downfall:HeartBlessingRed":10,"Singing Bowl":83,"bronze:DecasWashers":18,"StoneCalendar":35,"Juzu Bracelet":54,"Ginger":6,"War Paint":14,"MawBank":10,"OrangePellets":83,"Centennial Puzzle":48,"Busted Crown":27,"downfall:HeartBlessingBlue":52,"Strawberry":0,"Bronze Scales":52,"Red Mask":38,"HandDrill":52,"Kunai":87,"StrikeDummy":35,"Meat on the Bone":52}],"Meat on the Bone":48},"card_choices":[{"not_picked":["bronze:Separator","bronze:Shield"],"picked":"bronze:Boost","floor":3},{"not_picked":["bronze:BuggyMess","bronze:Constructor"],"picked":"bronze:ChildClass","floor":9},{"not_picked":["bronze:Refactor","bronze:ClassDefault"],"picked":"bronze:CutThrough","floor":14},{"not_picked":["bronze:FineTuning","bronze:BuggyMess"],"picked":"bronze:Iterate","floor":15},{"not_picked":["bronze:BurnOut","bronze:CleanCode"],"picked":"bronze:Format","floor":16},{"not_picked":["bronze:Shield+1"],"picked":"SKIP","floor":19},{"not_picked":[],"picked":"bronze:CloningBeam","floor":23},{"not_picked":[],"picked":"bronze:Iterate","floor":25},{"not_picked":[],"picked":"bronze:Return","floor":31},{"not_picked":["bronze:BronzeOrb"],"picked":"SKIP","floor":32},{"not_picked":[],"picked":"bronze:Assembly","floor":33},{"not_picked":["bronze:ChildClass+1"],"picked":"SKIP","floor":40},{"not_picked":["bronze:InfiniteBeams+1"],"picked":"Singing Bowl","floor":42},{"not_picked":["bronze:BronzeArmor+1"],"picked":"Singing Bowl","floor":45},{"not_picked":["bronze:Constructor"],"picked":"Singing Bowl","floor":47},{"not_picked":["bronze:CutThrough"],"picked":"Singing Bowl","floor":48},{"not_picked":["bronze:BronzeOrb"],"picked":"Singing Bowl","floor":49}],"player_experience":1736664,"relics_obtained":[{"floor":7,"key":"MawBank"},{"floor":12,"key":"War Paint"},{"floor":14,"key":"bronze:DecasWashers"},{"floor":20,"key":"StoneCalendar"},{"floor":20,"key":"StrikeDummy"},{"floor":21,"key":"Red Mask"},{"floor":23,"key":"Centennial Puzzle"},{"floor":27,"key":"Juzu Bracelet"},{"floor":41,"key":"Singing Bowl"},{"floor":42,"key":"Kunai"},{"floor":47,"key":"Calipers"}],"event_choices":[{"damage_healed":0,"gold_gain":0,"player_choice":"Box","damage_taken":0,"relics_obtained":["Ginger"],"max_hp_gain":0,"max_hp_loss":0,"event_name":"Big Fish","floor":4,"gold_loss":0,"cards_obtained":["Regret"]},{"damage_healed":0,"gold_gain":0,"player_choice":"Fought Bandits","damage_taken":0,"max_hp_gain":0,"max_hp_loss":0,"event_name":"Masked Bandits","floor":21,"gold_loss":0},{"cards_removed":["bronze:Strike"],"damage_healed":0,"gold_gain":0,"player_choice":"Removed Attack","damage_taken":0,"max_hp_gain":0,"max_hp_loss":0,"event_name":"Falling","floor":44,"gold_loss":0}],"is_beta":false,"boss_relics":[{"not_picked":["Fusion Hammer","Coffee Dripper"],"picked":"Busted Crown"},{"not_picked":["Sozu","Tiny House"],"picked":"bronze:PlatinumCore"}],"items_purged_floors":[25,40,43,46],"is_endless":false,"potions_floor_spawned":[3,14,16,20,27,30,31,32,38,39,45,47,49],"ascension_level":4}}