{"host":"mb4j77vqrnqglrk8","time":1613171224,"event":{"mods":["BaseMod","Downfall","Googly Eyes","Minty Spire (QoL Compilation)","StSLib"],"gold_per_floor":[99,119,219,233,233,233,233,19,31,57,70,520,532,546,557,557,557,557],"floor_reached":16,"language":"ENG","playtime":1358,"items_purged":[],"score":129,"play_id":"2c9b9158-4df5-4111-9354-f0016dfd7514","local_time":"20210213100704","is_ascension_mode":false,"campfire_choices":[{"data":"champ:Taunt","floor":1,"key":"SMITH"}],"circlet_count":0,"master_deck":["champ:Strike","champ:Strike","champ:Strike+1","champ:Defend+1","champ:Defend+1","champ:Defend","champ:Defend","champ:Execute","champ:Taunt+1","champ:Backstep","champ:Shatter","downfall:Malfunctioning","champ:BerserkersShout","champ:PreciseThrust","champ:EnGarde","champ:GladiatorStyle","champ:FancyFootwork","downfall:Icky","downfall:Icky","downfall:Icky","champ:Encircle","champ:Circumvent","champ:GutPunch"],"relics":["champ:ChampionCrown","Strawberry","Lee\u0027s Waffle","Bottled Flame"],"acts_visited":["Exordium"],"potions_floor_usage":[10,10,16,16,16],"damage_taken":[{"damage":23,"enemies":"Small Slimes","floor":2,"turns":5},{"damage":4,"enemies":"2 Louse","floor":4,"turns":3},{"damage":20,"enemies":"downfall:FleeingMerchant","floor":8,"turns":4},{"damage":21,"enemies":"Jaw Worm","floor":9,"turns":4},{"damage":34,"enemies":"Lagavulin","floor":10,"turns":5},{"damage":33,"enemies":"Gremlin Gang","floor":11,"turns":7},{"damage":23,"enemies":"Exordium Wildlife","floor":13,"turns":5},{"damage":21,"enemies":"Exordium Thugs","floor":14,"turns":6},{"damage":14,"enemies":"Blue Slaver","floor":15,"turns":4},{"damage":124,"enemies":"WA_ARCHETYPE_RETAIN","floor":16,"turns":10}],"seed_played":"7572712072147047501","potions_obtained":[{"floor":4,"key":"PowerPotion"},{"floor":9,"key":"Strength Potion"},{"floor":11,"key":"ColorlessPotion"},{"floor":13,"key":"LiquidMemories"},{"floor":14,"key":"Regen Potion"}],"is_trial":false,"path_per_floor":["R","M","?","M","?","?","T","$","M","E","M","?","M","M","M","B"],"character_chosen":"THE_CHAMP","items_purchased":["Lee\u0027s Waffle","champ:PreciseThrust"],"campfire_rested":0,"item_purchase_floors":[8,8],"current_hp_per_floor":[99,91,91,87,87,87,94,113,107,93,80,80,77,66,57,0,0,0],"gold":557,"neow_bonus":"TEN_PERCENT_HP_BONUS","is_daily":false,"chose_seed":false,"campfire_upgraded":1,"win_rate":0.0,"timestamp":1613171224,"path_taken":["R","M","?","M","?","?","T","?","M","E","?","?","M","M","M","BOSS"],"items_purchased_type":["Relic","Card"],"build_version":"2020-12-22","purchased_purges":0,"victory":false,"max_hp_per_floor":[99,99,99,99,99,99,106,113,113,113,113,113,113,113,113,113,113,113],"card_choices":[{"not_picked":["champ:BringItOn","champ:BerserkersShout"],"picked":"champ:Backstep","floor":2},{"not_picked":["champ:Parry","champ:StanceDance"],"picked":"champ:Shatter","floor":4},{"not_picked":["champ:HeavySlash","champ:RapidStrikes"],"picked":"champ:BerserkersShout","floor":8},{"not_picked":["champ:Shatter","champ:PreemptiveStrike"],"picked":"champ:EnGarde","floor":9},{"not_picked":["champ:CalledShot","champ:EnGarde"],"picked":"champ:GladiatorStyle","floor":10},{"not_picked":["champ:Shatter","champ:FocusedDefense"],"picked":"champ:FancyFootwork","floor":11},{"not_picked":["champ:FlashCut","champ:Circumvent"],"picked":"champ:Encircle","floor":13},{"not_picked":["champ:StanceDance","champ:DancingMaster"],"picked":"champ:Circumvent","floor":14},{"not_picked":["champ:FlashCut","champ:Shatter"],"picked":"champ:GutPunch","floor":15}],"player_experience":9029,"relics_obtained":[{"floor":7,"key":"Strawberry"},{"floor":10,"key":"Bottled Flame"}],"event_choices":[],"is_beta":false,"boss_relics":[],"items_purged_floors":[],"is_endless":false,"potions_floor_spawned":[4,9,11,13,14],"killed_by":"WA_ARCHETYPE_RETAIN","ascension_level":0}}