{"host":"mm0v83pkg2fvsdgl","time":1613113258,"event":{"mods":["2.2 Compatiblity","Alarm Clock","AlwaysNeverKeys","BaseMod","Beaked The Cultist","Bestiary","Better Altar","Better Match","Better Note","Better Sensory Stone","Better Silent Start","Better Third Choice","Clawfect","Displayed Cursed Tome","Energized Spire","Friendly Minions","Highlight Path","Ironclad Rager","Keyboard Shortcuts","Lotus Mark","Marisa????????","Marked Mod","Mimic Mod","Minty Spire (QoL Compilation)","Permanent Neow","Railgun Mod","Remove Card Discount Mod","Shade Mod","Somnambulant","Spicy Shops","StSLib","Swap Starting Deck Mod","The Construct","The Disciple","The Dragon Tamer","TheHeartMod","TheVacant","Transform Curses","Unceasing Turn Reminder","Wandering Minibosses"],"gold_per_floor":[112,127,127,127,92,92,119,137,210,223,242,242,260,288,288,383,383,399,416,416,428,459,459,459,459,459,494,494,529,539,555,555,655,655,669,669,714,764,793,793,793,793,793,808,836,0,0,0,0,0,0,0,0,29,29],"floor_reached":56,"language":"ENG","playtime":3861,"items_purged":[],"score":1646,"play_id":"a92d7114-f858-4f52-8ec0-bf72261f7b7c","local_time":"20210212020058","is_ascension_mode":false,"campfire_choices":[{"data":"TheRailgun:Defend","floor":6,"key":"SMITH"},{"data":"TheRailgun:Sister_Noise","floor":12,"key":"SMITH"},{"data":"TheRailgun:Sister_Noise","floor":15,"key":"SMITH"},{"data":"TheRailgun:Level_6","floor":23,"key":"SMITH"},{"data":"TheRailgun:Iron_Dust_Field","floor":25,"key":"SMITH"},{"data":"TheRailgun:Electrical_Storm","floor":28,"key":"SMITH"},{"data":"TheRailgun:Sister_Noise","floor":32,"key":"SMITH"},{"data":"TheRailgun:Sister_Noise","floor":40,"key":"SMITH"},{"data":"Madness","floor":42,"key":"SMITH"},{"data":"TheRailgun:Battery_Pack","floor":47,"key":"SMITH"},{"data":"TheRailgun:Level_6","floor":49,"key":"SMITH"},{"data":"TheRailgun:Push","floor":52,"key":"SMITH"}],"circlet_count":0,"master_deck":["TheRailgun:Strike","TheRailgun:Strike","TheRailgun:Strike","TheRailgun:Strike","TheRailgun:Defend+1","TheRailgun:Defend","TheRailgun:Defend","TheRailgun:Static","TheRailgun:Zip","TheRailgun:Sister_Noise+1","TheRailgun:Pull","TheRailgun:Electrical_Storm+1","TheRailgun:Charge","TheRailgun:Sister_Noise+1","TheRailgun:Iron_Dust_Field+1","TheRailgun:Oneesama","TheRailgun:Iron_Dust_Field","TheRailgun:Level_6+1","TheRailgun:Push+1","TheRailgun:Heroinism","TheRailgun:Heroinism+1","TheRailgun:Mental_Out+1","TheRailgun:Sister_Noise+1","TheRailgun:Magnetic_Movement","TheRailgun:Level_6+1","TheRailgun:Sister_Noise+1","TheRailgun:Oneesama","Madness+1","Madness","TheRailgun:Battery_Pack+1","Flash of Steel","Good Instincts","TheRailgun:Heroinism"],"relics":["beaked:MawFillet","Unceasing Top","Akabeko","HornCleat","WingedGreaves","Runic Dome","FaceOfCleric","Smiling Mask","Kunai","Bottled Flame","Turnip","Philosopher\u0027s Stone","Lizard Tail","Torii","Juzu Bracelet","InkBottle","TungstenRod","Red Mask","Pear"],"acts_visited":["Exordium","TheCity","TheBeyond","TheEnding"],"potions_floor_usage":[21,30,55,55,55],"damage_taken":[{"damage":1,"enemies":"2 Louse","floor":1,"turns":4},{"damage":14,"enemies":"Jaw Worm","floor":2,"turns":6},{"damage":12,"enemies":"Lagavulin","floor":7,"turns":8},{"damage":0,"enemies":"Small Slimes","floor":8,"turns":1},{"damage":0,"enemies":"Blue Slaver","floor":10,"turns":2},{"damage":0,"enemies":"Looter","floor":11,"turns":2},{"damage":0,"enemies":"Exordium Thugs","floor":13,"turns":2},{"damage":0,"enemies":"3 Sentries","floor":14,"turns":6},{"damage":0,"enemies":"The Guardian","floor":16,"turns":10},{"damage":0,"enemies":"Chosen","floor":18,"turns":2},{"damage":0,"enemies":"Spheric Guardian","floor":19,"turns":1},{"damage":0,"enemies":"Snecko","floor":21,"turns":4},{"damage":0,"enemies":"Gremlin Leader","floor":22,"turns":3},{"damage":25,"enemies":"Slavers","floor":27,"turns":3},{"damage":0,"enemies":"Gremlin Leader","floor":29,"turns":3},{"damage":6,"enemies":"Shelled Parasite and Fungi","floor":30,"turns":3},{"damage":0,"enemies":"Snake Plant","floor":31,"turns":2},{"damage":0,"enemies":"Collector","floor":33,"turns":5},{"damage":9,"enemies":"3 Shapes","floor":35,"turns":4},{"damage":19,"enemies":"2 Orb Walkers","floor":37,"turns":6},{"damage":0,"enemies":"Mind Bloom Boss Battle","floor":38,"turns":3},{"damage":0,"enemies":"Giant Head","floor":39,"turns":4},{"damage":10,"enemies":"Orb Walker","floor":44,"turns":4},{"damage":0,"enemies":"Nemesis","floor":45,"turns":5},{"damage":0,"enemies":"Awakened One","floor":50,"turns":4},{"damage":0,"enemies":"Shield and Spear","floor":54,"turns":1},{"damage":0,"enemies":"The Heart","floor":55,"turns":4}],"seed_played":"5160011896726402672","potions_obtained":[{"floor":2,"key":"Strength Potion"},{"floor":7,"key":"FearPotion"},{"floor":11,"key":"DistilledChaos"},{"floor":14,"key":"Energy Potion"},{"floor":18,"key":"Energy Potion"},{"floor":22,"key":"PowerPotion"},{"floor":30,"key":"Fruit Juice"},{"floor":33,"key":"Swift Potion"}],"is_trial":false,"path_per_floor":["M","M","?","T","?","R","E","M","T","M","M","R","M","E","R","B",null,"M","M","?","M","E","R","?","R","T","E","R","E","M","M","R","B",null,"M","?","?","?","E","R","?","R","T","M","E","?","R","?","R","B",null,"R","$","E","B",null],"character_chosen":"THE_DEFAULT","items_purchased":[],"campfire_rested":0,"item_purchase_floors":[],"current_hp_per_floor":[69,55,48,48,65,65,53,53,53,53,53,53,53,53,53,53,70,70,70,70,71,72,72,72,72,72,62,62,74,80,81,81,82,82,83,83,75,85,86,86,75,75,75,77,88,88,88,88,88,89,89,89,89,100,101],"gold":29,"neow_bonus":"BOSS_RELIC","is_daily":false,"chose_seed":false,"campfire_upgraded":12,"win_rate":0.0,"timestamp":1613113258,"path_taken":["M","M","?","?","?","R","E","M","T","M","M","R","M","E","R","BOSS","M","M","?","M","E","R","?","R","T","E","R","E","?","M","R","BOSS","M","?","?","?","E","R","?","R","T","M","E","?","R","?","R","BOSS","R","$","E","BOSS"],"items_purchased_type":[],"build_version":"2020-12-22","purchased_purges":0,"victory":true,"max_hp_per_floor":[70,70,70,70,70,70,70,70,70,70,70,70,70,70,70,70,70,70,70,70,71,72,72,72,72,72,73,73,74,80,81,81,82,82,83,83,84,85,86,86,86,86,86,87,88,88,88,88,88,89,89,89,89,100,101],"card_choices":[{"not_picked":["TheRailgun:Discharge","TheRailgun:Circuit_Breaker"],"picked":"TheRailgun:Sister_Noise","floor":1},{"not_picked":["TheRailgun:Thundershock","TheRailgun:Spark"],"picked":"TheRailgun:Pull","floor":2},{"not_picked":["TheRailgun:Biribiri","TheRailgun:Taser"],"picked":"TheRailgun:Electrical_Storm","floor":7},{"not_picked":["TheRailgun:Aerial_Shot","TheRailgun:Hypercharge"],"picked":"TheRailgun:Charge","floor":8},{"not_picked":["TheRailgun:Taser","TheRailgun:Static"],"picked":"TheRailgun:Sister_Noise","floor":10},{"not_picked":["TheRailgun:Gekotamania","TheRailgun:Electrical_Storm"],"picked":"TheRailgun:Iron_Dust_Field","floor":11},{"not_picked":["TheRailgun:Spark","TheRailgun:Crack"],"picked":"TheRailgun:Oneesama","floor":13},{"not_picked":["TheRailgun:Token_Collection","TheRailgun:Iron_Dust_Shield"],"picked":"TheRailgun:Iron_Dust_Field","floor":14},{"not_picked":["TheRailgun:Supercharge","TheRailgun:Rewiring"],"picked":"TheRailgun:Level_6","floor":16},{"not_picked":["TheRailgun:Electrical_Fire","TheRailgun:Hypercharge"],"picked":"TheRailgun:Push","floor":18},{"not_picked":["TheRailgun:Gekotamania","TheRailgun:Taser","TheRailgun:Thundershock"],"picked":"SKIP","floor":19},{"not_picked":["TheRailgun:Thunderjolt","TheRailgun:Magnetic_Movement"],"picked":"TheRailgun:Heroinism","floor":21},{"not_picked":["TheRailgun:Teleporter","TheRailgun:Judgement_Officer"],"picked":"TheRailgun:Heroinism+1","floor":22},{"not_picked":["TheRailgun:Oneesama","TheRailgun:Circuit_Breaker"],"picked":"TheRailgun:Mental_Out+1","floor":27},{"not_picked":["TheRailgun:Lightning_Speed","TheRailgun:Battery_Pack"],"picked":"TheRailgun:Sister_Noise","floor":29},{"not_picked":["TheRailgun:Biribiri+1","TheRailgun:Circuit_Breaker+1","TheRailgun:Taser+1"],"picked":"SKIP","floor":30},{"not_picked":["TheRailgun:Sister_Network","TheRailgun:Spark"],"picked":"TheRailgun:Magnetic_Movement","floor":31},{"not_picked":["TheRailgun:Thunder","TheRailgun:Magnetic_Flight"],"picked":"TheRailgun:Level_6","floor":33},{"not_picked":["TheRailgun:Recharge","TheRailgun:Electrical_Fire"],"picked":"TheRailgun:Sister_Noise","floor":35},{"not_picked":["TheRailgun:Positive_Field","TheRailgun:Electric_Fence"],"picked":"TheRailgun:Oneesama","floor":38},{"not_picked":["TheRailgun:Scatter_Railgun","TheRailgun:Lightningbolt","TheRailgun:Biribiri+1"],"picked":"SKIP","floor":39},{"not_picked":["TheRailgun:Negative_Field","TheRailgun:Aerial_Shot+1"],"picked":"TheRailgun:Battery_Pack","floor":44},{"not_picked":["TheRailgun:Crackle","TheRailgun:Negative_Field","TheRailgun:Scatter_Railgun"],"picked":"SKIP","floor":45},{"not_picked":["Trip","Mind Blast"],"picked":"Flash of Steel","floor":48},{"not_picked":["Metamorphosis","Transmutation"],"picked":"Good Instincts","floor":48},{"not_picked":["TheRailgun:Lightningbolt+1","TheRailgun:Zip+1"],"picked":"TheRailgun:Heroinism","floor":54}],"player_experience":661513,"relics_obtained":[{"floor":4,"key":"Unceasing Top"},{"floor":7,"key":"Akabeko"},{"floor":9,"key":"HornCleat"},{"floor":14,"key":"WingedGreaves"},{"floor":22,"key":"Smiling Mask"},{"floor":26,"key":"Kunai"},{"floor":27,"key":"Bottled Flame"},{"floor":29,"key":"Turnip"},{"floor":37,"key":"Lizard Tail"},{"floor":38,"key":"Torii"},{"floor":39,"key":"Juzu Bracelet"},{"floor":43,"key":"InkBottle"},{"floor":45,"key":"TungstenRod"},{"floor":54,"key":"Pear"}],"event_choices":[{"cards_removed":["TheRailgun:Discharge"],"damage_healed":0,"gold_gain":0,"player_choice":"Card Removal","damage_taken":7,"max_hp_gain":0,"max_hp_loss":0,"event_name":"Golden Wing","floor":3,"gold_loss":0},{"damage_healed":17,"gold_gain":0,"player_choice":"Healed","damage_taken":0,"max_hp_gain":0,"max_hp_loss":0,"event_name":"The Cleric","floor":5,"gold_loss":35},{"damage_healed":0,"gold_gain":0,"player_choice":"Trade","damage_taken":0,"relics_obtained":["FaceOfCleric"],"max_hp_gain":0,"max_hp_loss":0,"event_name":"FaceTrader","floor":20,"gold_loss":0},{"cards_removed":["TheRailgun:Level_6"],"damage_healed":0,"gold_gain":0,"player_choice":"Give","damage_taken":0,"max_hp_gain":0,"max_hp_loss":0,"event_name":"betterNote:BetterNote","floor":24,"gold_loss":0,"cards_obtained":["None"]},{"cards_removed":["TheRailgun:Defend"],"damage_healed":0,"gold_gain":0,"player_choice":"Removed Skill","damage_taken":0,"max_hp_gain":0,"max_hp_loss":0,"event_name":"Falling","floor":36,"gold_loss":0},{"damage_healed":0,"gold_gain":0,"player_choice":"Fight","damage_taken":0,"max_hp_gain":0,"max_hp_loss":0,"event_name":"Mysterious Sphere","floor":37,"gold_loss":0},{"damage_healed":0,"gold_gain":0,"player_choice":"Fight","damage_taken":0,"max_hp_gain":0,"max_hp_loss":0,"event_name":"MindBloom","floor":38,"gold_loss":0},{"damage_healed":0,"gold_gain":0,"player_choice":"Embrace Madness","damage_taken":11,"max_hp_gain":0,"max_hp_loss":0,"event_name":"Winding Halls","floor":41,"gold_loss":0,"cards_obtained":["Madness","Madness"]},{"damage_healed":0,"gold_gain":0,"player_choice":"Paid","damage_taken":0,"relics_obtained":["Red Mask"],"max_hp_gain":0,"max_hp_loss":0,"event_name":"Tomb of Lord Red Mask","floor":46,"gold_loss":836},{"damage_healed":0,"gold_gain":3,"player_choice":"1","damage_taken":0,"max_hp_gain":0,"max_hp_loss":0,"event_name":"betterStone:BetterStone","floor":48,"gold_loss":0}],"is_beta":false,"boss_relics":[{"not_picked":["Snecko Eye","Velvet Choker"],"picked":"Runic Dome"},{"not_picked":["Fusion Hammer","construct:WeddingRing"],"picked":"Philosopher\u0027s Stone"}],"items_purged_floors":[],"is_endless":false,"potions_floor_spawned":[2,7,11,14,16,18,22,30,33,35,44,45,54],"ascension_level":0}}