{"host":"wyloba13dxa5qu9d","time":1613156864,"event":{"mods":["100% Spire Juice","AchievementEnabler","BaseMod","Bestiary","Colored Map","Colored Powertips","Curses Come First","Downfall","Lobotomy","Marked Mod","Minty Spire (QoL Compilation)","Quick Restart","Reliquary","StSLib","SuperFastMode"],"gold_per_floor":[99,19,19,19,19,19,42,76,76,91,110,138,156,156,171,266,266,66,76,92,92,109,109,187,172,188,188,188,213,52,62,81,176,176,76,86,37,139,156,156,156,8,8,8,19,51,51,69,83,83,83,83],"floor_reached":50,"language":"ZHS","playtime":2518,"items_purged":[],"score":580,"play_id":"6ad7da18-c7b6-4d1b-8f9e-4e32a0a4248d","local_time":"20210213030744","is_ascension_mode":false,"campfire_choices":[{"floor":1.0,"key":"RECALL"},{"floor":6.0,"key":"REST"},{"data":"hexamod:GhostflameBarrier","floor":9.0,"key":"SMITH"},{"data":"hexamod:SearingWound","floor":18.0,"key":"SMITH"},{"data":"hexamod:HeatShield","floor":23.0,"key":"SMITH"},{"floor":27.0,"key":"REST"},{"data":"hexamod:SoulSteal","floor":35.0,"key":"SMITH"},{"floor":40,"key":"REST"},{"data":"hexamod:VolcanoVisage","floor":43,"key":"SMITH"},{"floor":47,"key":"REST"}],"circlet_count":0,"master_deck":["hexamod:Strike","hexamod:Strike","hexamod:Strike+1","hexamod:Strike+1","hexamod:Defend","hexamod:Defend","hexamod:Defend","hexamod:Defend","hexamod:Sear","hexamod:Float","hexamod:GhostflameBarrier+1","hexamod:ThirdSeal","hexamod:BurningTouch","hexamod:HeatMetal","hexamod:BurningTouch","hexamod:ExtraCrispy","hexamod:HeatShield+1","hexamod:PhantomCloak","hexamod:PhantomCloak","hexamod:SearingWound+1","hexamod:SoulSteal+1","hexamod:ThermalTransfer","hexamod:BurningTouch","hexamod:RetreatToShadows","hexamod:HeatMetal","hexamod:BurningTouch","hexamod:TimeOfNeed","hexamod:GhostflameBarrier+1","hexamod:VolcanoVisage+1","hexamod:HeatCrush","hexamod:Firestarter","hexamod:Incineration","hexamod:Incineration","hexamod:Incineration+1","hexamod:Firestarter"],"relics":["hexamod:SpiritBrand","downfall:HeartsMalice","downfall:ShatteredFragment","Ornamental Fan","reliquary:PartyBalloon","reliquary:RedCape","downfall:HeartBlessingGreen","downfall:HeartBlessingBlue","reliquary:QuartzCube","Akabeko","Vajra","Whetstone","SlaversCollar","downfall:HeartBlessingRed","Pantograph","HornCleat","Art of War","Smiling Mask","Bottled Flame"],"acts_visited":["Exordium","TheCity","TheBeyond"],"potions_floor_usage":[45,48,48,50,50,50,50],"damage_taken":[{"damage":0.0,"enemies":"downfall:FleeingMerchant","floor":2.0,"turns":1.0},{"damage":0.0,"enemies":"Small Slimes","floor":3.0,"turns":1.0},{"damage":0.0,"enemies":"Cultist","floor":5.0,"turns":1.0},{"damage":17.0,"enemies":"Gremlin Nob","floor":8.0,"turns":4.0},{"damage":6.0,"enemies":"Jaw Worm","floor":10.0,"turns":5.0},{"damage":16.0,"enemies":"Lots of Slimes","floor":11.0,"turns":7.0},{"damage":13.0,"enemies":"3 Sentries","floor":12.0,"turns":7.0},{"damage":5.0,"enemies":"Exordium Thugs","floor":13.0,"turns":6.0},{"damage":4.0,"enemies":"Red Slaver","floor":15.0,"turns":3.0},{"damage":12.0,"enemies":"IC_STATUS_ARCHETYPE","floor":16.0,"turns":9.0},{"damage":0.0,"enemies":"Spheric Guardian","floor":19.0,"turns":5.0},{"damage":19.0,"enemies":"Sentry and Sphere","floor":20.0,"turns":5.0},{"damage":11.0,"enemies":"Centurion and Healer","floor":22.0,"turns":6.0},{"damage":0.0,"enemies":"downfall:FleeingMerchant","floor":25.0,"turns":4.0},{"damage":13.0,"enemies":"3 Cultists","floor":26.0,"turns":5.0},{"damage":0.0,"enemies":"downfall:FleeingMerchant","floor":30.0,"turns":4.0},{"damage":15.0,"enemies":"Snake Plant","floor":31.0,"turns":3.0},{"damage":4.0,"enemies":"Snecko","floor":32.0,"turns":4.0},{"damage":35.0,"enemies":"SI_MIRROR_ARCHETYPE","floor":33.0,"turns":9.0},{"damage":10.0,"enemies":"3 Shapes","floor":36.0,"turns":3.0},{"damage":0.0,"enemies":"downfall:FleeingMerchant","floor":37.0,"turns":4.0},{"damage":0.0,"enemies":"downfall:FleeingMerchant","floor":38.0,"turns":1.0},{"damage":14,"enemies":"Orb Walker","floor":39,"turns":3},{"damage":51,"enemies":"Spire Growth","floor":45,"turns":6},{"damage":8,"enemies":"Giant Head","floor":46,"turns":5},{"damage":3,"enemies":"Transient","floor":48,"turns":5},{"damage":15,"enemies":"Maw","floor":49,"turns":6},{"damage":71,"enemies":"WA_ARCHETYPE_DIVINITY","floor":50,"turns":8}],"seed_played":"-7123816332300001203","potions_obtained":[{"floor":8.0,"key":"hexamod:EctoCoolerPotion"},{"floor":11.0,"key":"FairyPotion"},{"floor":14.0,"key":"EntropicBrew"},{"floor":14.0,"key":"DistilledChaos"},{"floor":16.0,"key":"DuplicationPotion"},{"floor":22.0,"key":"Fruit Juice"},{"floor":31.0,"key":"DistilledChaos"},{"floor":46,"key":"DistilledChaos"},{"floor":48,"key":"Guardian:BlockOnCardUsePotion"}],"is_trial":false,"path_per_floor":["R","$","M","?","M","R","T","E","R","M","M","E","M","?","M","B",null,"R","M","M","?","M","R","T","$","M","R","?","T","$","M","M","B",null,"R","M","$","$","M","R","T","$","R","T","M","E","R","M","M","B"],"character_chosen":"THE_SPIRIT","items_purchased":["hexamod:ThirdSeal","Whetstone","hexamod:Incineration","Pantograph","Art of War"],"campfire_rested":4,"item_purchase_floors":[2,30,37,38,42],"current_hp_per_floor":[70,70,70,49,49,70,70,53,53,47,31,18,13,13,9,19,70,80,80,61,61,55,55,55,55,42,67,67,67,67,52,48,13,85,85,75,75,75,61,85,85,85,85,85,34,26,51,48,33,0,0,0],"gold":83,"neow_bonus":"THREE_ENEMY_KILL","is_daily":false,"chose_seed":false,"campfire_upgraded":5,"win_rate":0.0,"timestamp":1613156864,"path_taken":["R","$","M","?","M","R","T","E","R","M","M","E","M","?","M","BOSS","R","M","M","?","M","R","T","?","M","R","?","?","$","M","M","BOSS","R","M","?","$","M","R","T","$","R","?","M","E","R","?","M","BOSS"],"items_purchased_type":["Card","Relic","Card","Relic","Relic"],"build_version":"2020-12-22","purchased_purges":0,"victory":false,"max_hp_per_floor":[70,70,70,70,70,70,70,70,70,70,70,70,70,70,70,70,70,80,80,80,80,85,85,85,85,85,85,85,85,85,85,85,85,85,85,85,85,85,85,85,85,85,85,85,85,85,85,85,85,85,85,85],"card_choices":[{"not_picked":["hexamod:FastForward","hexamod:GhostOfSpirePresent"],"picked":"hexamod:GhostflameBarrier","floor":2.0},{"not_picked":["hexamod:BacktrackSmack","hexamod:ThirdSeal"],"picked":"hexamod:BurningTouch","floor":3.0},{"not_picked":["hexamod:AdvancingGuard","hexamod:GhostOfSpireFuture"],"picked":"hexamod:HeatMetal","floor":5.0},{"not_picked":["hexamod:DynamicBlow","hexamod:EtherealExpedition"],"picked":"hexamod:BurningTouch","floor":8.0},{"not_picked":["hexamod:Again","hexamod:Rewind","hexamod:DynamicBlow"],"picked":"SKIP","floor":8.0},{"not_picked":["hexamod:SpectralAdrenaline","hexamod:BacktrackSmack"],"picked":"hexamod:ExtraCrispy","floor":10.0},{"not_picked":["hexamod:GhostShield","hexamod:NightmareGuise"],"picked":"hexamod:HeatShield","floor":10.0},{"not_picked":["hexamod:SpectersWail","hexamod:Rewind","hexamod:Again"],"picked":"SKIP","floor":11.0},{"not_picked":["hexamod:SpectersWail","hexamod:NightmareStrike"],"picked":"hexamod:PhantomCloak","floor":12.0},{"not_picked":["hexamod:Firestarter","hexamod:SoulSteal"],"picked":"hexamod:PhantomCloak","floor":12.0},{"not_picked":["hexamod:InspiringFlames","hexamod:NightmareStrike","hexamod:Hexaguard"],"picked":"SKIP","floor":13.0},{"not_picked":["hexamod:AdvancingGuard","hexamod:FastForward","hexamod:BacktrackSmack"],"picked":"SKIP","floor":15.0},{"not_picked":["hexamod:WildfireWeapon","hexamod:ForkedFlame"],"picked":"hexamod:SearingWound","floor":16.0},{"not_picked":["hexamod:GhostShield+1","hexamod:SwordOfDarkness"],"picked":"hexamod:SoulSteal","floor":19.0},{"not_picked":["hexamod:Again","hexamod:NightmareGuise","hexamod:ShieldOfDarkness+1"],"picked":"SKIP","floor":19.0},{"not_picked":["hexamod:Again","hexamod:NightmareGuise","hexamod:ShieldOfDarkness+1"],"picked":"SKIP","floor":19.0},{"not_picked":["hexamod:SoulSteal+1","hexamod:Firestarter"],"picked":"hexamod:ThermalTransfer","floor":20.0},{"not_picked":["hexamod:FastForward","hexamod:BacktrackSmack","hexamod:SwordOfDarkness"],"picked":"SKIP","floor":20.0},{"not_picked":["hexamod:Again","hexamod:BacktrackSmack","hexamod:SecondSeal"],"picked":"SKIP","floor":22.0},{"not_picked":["hexamod:FirstSeal","hexamod:SpectersWail+1"],"picked":"hexamod:BurningTouch","floor":25.0},{"not_picked":["hexamod:UnlimitedPower","hexamod:SecondSeal"],"picked":"hexamod:RetreatToShadows","floor":25.0},{"not_picked":["hexamod:FastForward","hexamod:ShieldOfDarkness"],"picked":"hexamod:HeatMetal","floor":26.0},{"not_picked":["hexamod:NightmareStrike+1","hexamod:Again+1","hexamod:GhostOfSpirePast+1"],"picked":"SKIP","floor":26.0},{"not_picked":["hexamod:AdvancingGuard","hexamod:RadiantFlame"],"picked":"hexamod:BurningTouch","floor":30.0},{"not_picked":["hexamod:GhostLash+1","hexamod:SwordOfDarkness","hexamod:NightmareGuise"],"picked":"SKIP","floor":31.0},{"not_picked":["hexamod:Again+1","hexamod:Firestarter"],"picked":"hexamod:TimeOfNeed","floor":32.0},{"not_picked":["hexamod:EtherealExpedition","hexamod:SwordOfDarkness"],"picked":"hexamod:GhostflameBarrier+1","floor":32.0},{"not_picked":["hexamod:TimeOfNeed","hexamod:TurnItUp"],"picked":"hexamod:VolcanoVisage","floor":33.0},{"not_picked":["hexamod:HauntingEcho","hexamod:HeatMetal+1"],"picked":"hexamod:HeatCrush","floor":36.0},{"not_picked":["hexamod:ThermalTransfer+1","hexamod:InspiringFlames+1"],"picked":"hexamod:Firestarter","floor":37.0},{"not_picked":["hexamod:GhostOfSpireFuture","hexamod:SwordOfDarkness","hexamod:GhostOfSpirePast"],"picked":"SKIP","floor":37.0},{"not_picked":["hexamod:ShieldOfDarkness","hexamod:EmpoweredFlame"],"picked":"hexamod:Incineration","floor":38.0},{"not_picked":["hexamod:SpectersWail+1","hexamod:HeatMetal+1","hexamod:HauntingEcho"],"picked":"SKIP","floor":39},{"not_picked":["hexamod:HeatMetal","hexamod:EmpoweredFlame"],"picked":"hexamod:Incineration+1","floor":45},{"not_picked":["hexamod:AdvancingGuard+1","hexamod:ForkedFlame","hexamod:EtherealExpedition+1"],"picked":"SKIP","floor":45},{"not_picked":["hexamod:EtherealExpedition+1","hexamod:GhostLash+1","hexamod:FourthSeal"],"picked":"SKIP","floor":46},{"not_picked":["hexamod:CatchUp+1","hexamod:NightmareStrike"],"picked":"hexamod:Firestarter","floor":48},{"not_picked":["hexamod:PhantomFireball","hexamod:GhostLash+1","hexamod:SwordOfDarkness"],"picked":"SKIP","floor":49}],"player_experience":154276,"relics_obtained":[{"floor":8.0,"key":"Ornamental Fan"},{"floor":12.0,"key":"reliquary:PartyBalloon"},{"floor":24.0,"key":"reliquary:QuartzCube"},{"floor":29.0,"key":"Vajra"},{"floor":41,"key":"HornCleat"},{"floor":44,"key":"Smiling Mask"},{"floor":46,"key":"Bottled Flame"}],"event_choices":[{"damage_healed":0.0,"max_hp_gain":0.0,"max_hp_loss":0.0,"gold_gain":0.0,"event_name":"Lab","player_choice":"Got Potions","floor":14.0,"gold_loss":0.0,"damage_taken":0.0}],"is_beta":false,"boss_relics":[{"not_picked":["Cursed Key","bronze:MakeshiftBattery"],"picked":"reliquary:RedCape"},{"not_picked":["reliquary:WritOfMandamus","reliquary:RedPaperclip"],"picked":"SlaversCollar"}],"items_purged_floors":[],"is_endless":false,"potions_floor_spawned":[8,11,15,16,20,22,31,36,46,48],"killed_by":"WA_ARCHETYPE_DIVINITY","ascension_level":0}}