{"host":"dmtlrev5pkc1867p","time":1613107600,"event":{"mods":["A Magickal Journey","AchievementEnabler","BaseMod","Colored Map","Colored Powertips","Downfall","Hermit","Highlight Path","Infinite Spire","Marisa¡]Ãú«B¡@Å]²z¨F¡^","Minty Spire (QoL Compilation)","Permanent Neow","Quick Restart","Rare Cards Sparkle","Relic Sorter","Relic Stats","Replay The Spire","StSLib","SuperFastMode","The Construct","The Cursed","The Disciple","The Hierophant","The Necromancer","The Runesmith","The Servant 0.9.4"],"gold_per_floor":[110,110,126,58,78,78,78,111,136,161,161,161,184,204,204,313,313,335,335,362,141,141,141],"floor_reached":22,"language":"ZHS","playtime":621,"items_purged":[],"score":242,"play_id":"b293f5b3-a879-4b15-b2ed-1971f7195bdb","local_time":"20210212132640","is_ascension_mode":true,"campfire_choices":[{"floor":6.0,"key":"RECALL"},{"floor":15.0,"key":"REST"}],"circlet_count":0,"master_deck":["Strike_G","Strike_G","Strike_G","Defend_G","Defend_G","Defend_G","Defend_G","Defend_G","Survivor","Neutralize","Riddle With Holes","Noxious Fumes","Dagger Throw","Predator","Caltrops","Quick Slash","Finisher","ReplayTheSpireMod:Tripwire","Replay:Bag of Tricks","Well Laid Plans","Envenom","Quick Slash+1","Footwork","Apotheosis","Infinite Blades"],"relics":["Ring of the Snake","ReplayTheSpireMod:Lightbulb","CeramicFish","Fusion Hammer","Eternal Feather"],"acts_visited":["Exordium","TheCity"],"potions_floor_usage":[22],"damage_taken":[{"damage":1.0,"enemies":"Small Slimes","floor":1.0,"turns":4.0},{"damage":0.0,"enemies":"Cultist","floor":3.0,"turns":4.0},{"damage":2.0,"enemies":"Jaw Worm","floor":5.0,"turns":4.0},{"damage":28.0,"enemies":"Gremlin Nob","floor":8.0,"turns":4.0},{"damage":20.0,"enemies":"Exordium Thugs","floor":10.0,"turns":4.0},{"damage":9.0,"enemies":"2 Fungi Beasts","floor":13.0,"turns":2.0},{"damage":3.0,"enemies":"Looter","floor":14.0,"turns":2.0},{"damage":36.0,"enemies":"Slime Boss","floor":16.0,"turns":7.0},{"damage":33.0,"enemies":"2 Thieves","floor":18.0,"turns":4.0},{"damage":2.0,"enemies":"Chosen","floor":20.0,"turns":4.0},{"damage":19,"enemies":"Snake Plant","floor":22,"turns":2}],"seed_played":"7060323844765869937","potions_obtained":[{"floor":3.0,"key":"SteroidPotion"},{"floor":5.0,"key":"Adrenaline Potion"},{"floor":13.0,"key":"Fire Potion"},{"floor":14.0,"key":"Strength Potion"},{"floor":18.0,"key":"BlessingOfTheForge"},{"floor":20.0,"key":"ColorlessPotion"}],"is_trial":false,"path_per_floor":["M","?","M","$","M","R","$","E","T","M","?","?","M","M","R","B",null,"M","AVR","M","$","M"],"character_chosen":"THE_SILENT","items_purchased":["Caltrops","Apotheosis","Infinite Blades"],"campfire_rested":1,"item_purchase_floors":[4,21,21],"current_hp_per_floor":[62,62,62,62,60,60,60,32,32,12,33,33,24,21,39,3,48,15,15,13,13,0,0],"gold":141,"neow_bonus":"TRANSFORM_TWO_CARDS","is_daily":false,"chose_seed":false,"campfire_upgraded":0,"win_rate":0.0,"timestamp":1613107600,"path_taken":["M","?","M","$","M","R","$","E","T","M","?","?","M","M","R","BOSS","M","AVR","M","$","M"],"items_purchased_type":["Card","Card","Card"],"build_version":"2020-12-22","purchased_purges":0,"victory":false,"max_hp_per_floor":[63,63,63,63,63,63,63,63,63,63,63,63,63,63,63,63,63,63,63,63,63,63,63],"relic_stats":{"counters":[11,41],"CeramicFish":72,"Eternal Feather":0,"obtain_stats":[{"CeramicFish":9,"Eternal Feather":19,"Fusion Hammer":17,"ReplayTheSpireMod:Lightbulb":8,"Ring of the Snake":0},{"CeramicFish":4,"Eternal Feather":9,"Fusion Hammer":8,"ReplayTheSpireMod:Lightbulb":4,"Ring of the Snake":0},{"CeramicFish":16,"Eternal Feather":35,"Fusion Hammer":31,"ReplayTheSpireMod:Lightbulb":16,"Ring of the Snake":0}],"Ring of the Snake":[22]},"card_choices":[{"not_picked":["Hidden Blade","Calculated Gamble"],"picked":"Dagger Throw","floor":1.0},{"not_picked":["Flying Knee","Cloak And Dagger"],"picked":"Predator","floor":3.0},{"not_picked":["Accuracy","Backflip"],"picked":"Quick Slash","floor":5.0},{"not_picked":["Prepared","Reflex"],"picked":"Finisher","floor":8.0},{"not_picked":["Underhanded Strike","Dagger Throw"],"picked":"ReplayTheSpireMod:Tripwire","floor":10.0},{"not_picked":["ReplayTheSpireMod:The Works","Choke"],"picked":"Replay:Bag of Tricks","floor":13.0},{"not_picked":["Dagger Spray","Leg Sweep"],"picked":"Well Laid Plans","floor":14.0},{"not_picked":["Storm of Steel","Malaise"],"picked":"Envenom","floor":16.0},{"not_picked":["Hidden Blade","Dodge and Roll"],"picked":"Quick Slash+1","floor":18.0},{"not_picked":["Dash","Expertise"],"picked":"Footwork","floor":20.0}],"player_experience":697436,"relics_obtained":[{"floor":8.0,"key":"ReplayTheSpireMod:Lightbulb"},{"floor":9.0,"key":"CeramicFish"}],"event_choices":[{"damage_healed":0.0,"max_hp_gain":0.0,"max_hp_loss":0.0,"gold_gain":0.0,"event_name":"Shining Light","player_choice":"Ignored","floor":2.0,"gold_loss":0.0,"damage_taken":0.0},{"damage_healed":21.0,"max_hp_gain":0.0,"max_hp_loss":0.0,"gold_gain":0.0,"event_name":"Big Fish","player_choice":"Banana","floor":11.0,"gold_loss":0.0,"damage_taken":0.0},{"damage_healed":0.0,"max_hp_gain":0.0,"max_hp_loss":0.0,"gold_gain":0.0,"event_name":"The Woman in Blue","player_choice":"Bought 0 Potions","floor":12.0,"gold_loss":0.0,"damage_taken":0.0}],"is_beta":false,"boss_relics":[{"not_picked":["Replay:Bronze Core","Calling Bell"],"picked":"Fusion Hammer"}],"items_purged_floors":[],"is_endless":false,"potions_floor_spawned":[3,5,13,14,18,20],"killed_by":"Snake Plant","ascension_level":6}}