{"host":"nsc6ozq3atyrdr3m","time":1613141819,"event":{"mods":["BaseMod","Colored Map","Minty Spire (QoL Compilation)"],"gold_per_floor":[115,129,129,148,158,187,20,20,20,37,37,68,68,68,68,146,146,164,164,175,190,190,222,222,222],"floor_reached":24,"language":"FRA","playtime":503,"items_purged":[],"score":452,"play_id":"04500b85-5e60-43de-823e-83578db80918","local_time":"20210212155659","is_ascension_mode":true,"campfire_choices":[{"floor":11,"key":"REST"},{"floor":13,"key":"REST"},{"data":"Immolate","floor":15,"key":"SMITH"}],"circlet_count":0,"master_deck":["AscendersBane","Strike_R","Strike_R","Strike_R","Strike_R","Strike_R","Defend_R","Defend_R","Defend_R","Bash","Sword Boomerang","Infernal Blade","Clash","Shrug It Off","Inflame","Immolate+1","Spot Weakness","Reaper","Bloodletting","Shrug It Off+1","Flex+1"],"relics":["Black Star","Pocketwatch","Shuriken","Shovel","Gremlin Horn","MealTicket","Sozu","Bag of Marbles","Matryoshka"],"acts_visited":["Exordium","TheCity"],"potions_floor_usage":[12,16,21],"damage_taken":[{"damage":8,"enemies":"2 Louse","floor":1,"turns":4},{"damage":1,"enemies":"Cultist","floor":2,"turns":3},{"damage":7,"enemies":"Jaw Worm","floor":4,"turns":3},{"damage":7,"enemies":"Large Slime","floor":5,"turns":7},{"damage":22,"enemies":"Lagavulin","floor":6,"turns":5},{"damage":8,"enemies":"Blue Slaver","floor":10,"turns":3},{"damage":6,"enemies":"Gremlin Nob","floor":12,"turns":3},{"damage":50,"enemies":"Hexaghost","floor":16,"turns":6},{"damage":28,"enemies":"Spheric Guardian","floor":18,"turns":4},{"damage":3,"enemies":"Chosen","floor":20,"turns":3},{"damage":10,"enemies":"3 Cultists","floor":21,"turns":3},{"damage":37,"enemies":"Slavers","floor":23,"turns":3},{"damage":48,"enemies":"Centurion and Healer","floor":24,"turns":3}],"seed_played":"-8493360171132375247","potions_obtained":[{"floor":4,"key":"Energy Potion"},{"floor":12,"key":"Block Potion"},{"floor":16,"key":"SkillPotion"}],"is_trial":false,"path_per_floor":["M","M","?","M","M","E","$","?","T","M","R","E","R","?","R","B",null,"M","?","M","M","$","E","M"],"character_chosen":"IRONCLAD","items_purchased":["Immolate"],"campfire_rested":2,"item_purchase_floors":[7],"current_hp_per_floor":[60,59,59,52,45,23,23,23,23,15,37,31,53,75,75,25,63,35,35,32,40,55,33,0,0],"gold":222,"neow_bonus":"BOSS_RELIC","is_daily":false,"chose_seed":false,"campfire_upgraded":1,"win_rate":0.0,"timestamp":1613141819,"path_taken":["M","M","?","M","?","E","$","?","T","M","R","E","R","?","R","BOSS","M","?","M","M","$","E","M"],"items_purchased_type":["Card"],"build_version":"2020-12-22","purchased_purges":0,"victory":false,"max_hp_per_floor":[75,75,75,75,75,75,75,75,75,75,75,75,75,75,75,75,75,75,75,75,75,75,75,75,75],"card_choices":[{"not_picked":["Dual Wield","Pommel Strike"],"picked":"Sword Boomerang","floor":1},{"not_picked":["Anger","Pommel Strike"],"picked":"Infernal Blade","floor":2},{"not_picked":["Perfected Strike","Clothesline","Sever Soul"],"picked":"SKIP","floor":4},{"not_picked":["Warcry","Feel No Pain"],"picked":"Shrug It Off","floor":5},{"not_picked":["Barricade","Armaments"],"picked":"Inflame","floor":6},{"not_picked":["Pommel Strike","True Grit","Anger"],"picked":"SKIP","floor":10},{"not_picked":["Seeing Red","Bludgeon"],"picked":"Spot Weakness","floor":12},{"not_picked":["Exhume","Double Tap"],"picked":"Reaper","floor":16},{"not_picked":["Uppercut+1","Havoc"],"picked":"Bloodletting","floor":18},{"not_picked":["Metallicize","Havoc"],"picked":"Shrug It Off+1","floor":20},{"not_picked":["Shrug It Off","True Grit"],"picked":"Flex+1","floor":21},{"not_picked":["Havoc+1","Twin Strike+1","Sentinel"],"picked":"SKIP","floor":23}],"player_experience":395080,"relics_obtained":[{"floor":6,"key":"Pocketwatch"},{"floor":6,"key":"Shuriken"},{"floor":9,"key":"Shovel"},{"floor":12,"key":"Gremlin Horn"},{"floor":12,"key":"MealTicket"},{"floor":23,"key":"Bag of Marbles"},{"floor":23,"key":"Matryoshka"}],"event_choices":[{"damage_healed":0,"gold_gain":0,"cards_transformed":["Defend_R"],"player_choice":"Transformed","damage_taken":0,"max_hp_gain":0,"max_hp_loss":0,"event_name":"Transmorgrifier","floor":3,"gold_loss":0,"cards_obtained":["Clash"]},{"damage_healed":0,"gold_gain":0,"player_choice":"Ignored","damage_taken":0,"max_hp_gain":0,"max_hp_loss":0,"event_name":"Liars Game","floor":8,"gold_loss":0},{"damage_healed":25,"gold_gain":0,"player_choice":"Banana","damage_taken":0,"max_hp_gain":0,"max_hp_loss":0,"event_name":"Big Fish","floor":14,"gold_loss":0},{"damage_healed":0,"gold_gain":0,"player_choice":"Ignored","damage_taken":0,"max_hp_gain":0,"max_hp_loss":0,"event_name":"The Mausoleum","floor":19,"gold_loss":0}],"is_beta":false,"boss_relics":[{"not_picked":["SacredBark","Tiny House"],"picked":"Sozu"}],"items_purged_floors":[],"is_endless":false,"potions_floor_spawned":[4,12,16,20,23],"killed_by":"Centurion and Healer","ascension_level":20}}