{"host":"89iuq2p5kwriuwfq","time":1613141474,"event":{"mods":["BaseMod","Curses Come First","Minty Spire (QoL Compilation)","Permanent Neow","StSLib"],"gold_per_floor":[113,113,113,63,88,122,147,178,204,204,204,204,243,267,267,398,398,398,398,398,398,398,398,398,398,398,398,398,398,9,9,9,9,9],"floor_reached":33,"language":"ENG","playtime":2145,"items_purged":["Strike_G"],"score":305,"play_id":"16800ea1-e9d5-4202-9b22-dc814f073bcc","local_time":"20210212145114","is_ascension_mode":false,"campfire_choices":[{"data":"Noxious Fumes","floor":10,"key":"SMITH"},{"floor":12,"key":"REST"},{"data":"Blur","floor":15,"key":"SMITH"},{"data":"Envenom","floor":32,"key":"SMITH"}],"circlet_count":0,"master_deck":["Strike_G","Strike_G","Strike_G","Defend_G","Defend_G","Defend_G","Defend_G","Defend_G","Survivor","Neutralize","Dagger Throw","Skewer","Blur+1","Glass Knife+1","Noxious Fumes+1","Backflip","Envenom+1","Backflip","Bane","Riddle With Holes","Riddle With Holes+1","Corpse Explosion","Catalyst","Well Laid Plans","Dagger Spray"],"relics":["Ring of the Snake","Art of War","Golden Idol","Strawberry","Anchor","Omamori","Paper Crane","Ancient Tea Set","Ectoplasm","MealTicket","Oddly Smooth Stone","CultistMask","Orichalcum","Red Mask"],"acts_visited":["Exordium","TheCity"],"potions_floor_usage":[6,8,31,33],"damage_taken":[{"damage":0,"enemies":"Small Slimes","floor":1,"turns":5},{"damage":0,"enemies":"Jaw Worm","floor":5,"turns":4},{"damage":24,"enemies":"Lagavulin","floor":6,"turns":7},{"damage":0,"enemies":"2 Louse","floor":7,"turns":2},{"damage":14,"enemies":"3 Sentries","floor":8,"turns":8},{"damage":17,"enemies":"Gremlin Nob","floor":13,"turns":5},{"damage":4,"enemies":"The Guardian","floor":16,"turns":11},{"damage":0,"enemies":"Chosen","floor":18,"turns":4},{"damage":0,"enemies":"3 Byrds","floor":19,"turns":5},{"damage":3,"enemies":"Centurion and Healer","floor":20,"turns":6},{"damage":0,"enemies":"Cultist and Chosen","floor":21,"turns":6},{"damage":26,"enemies":"Book of Stabbing","floor":23,"turns":5},{"damage":14,"enemies":"3 Cultists","floor":24,"turns":4},{"damage":0,"enemies":"Snecko","floor":25,"turns":4},{"damage":0,"enemies":"Chosen and Byrds","floor":28,"turns":6},{"damage":20,"enemies":"Gremlin Leader","floor":29,"turns":8},{"damage":1,"enemies":"Masked Bandits","floor":31,"turns":6},{"damage":43,"enemies":"Collector","floor":33,"turns":7}],"seed_played":"1974521082921367395","potions_obtained":[{"floor":1,"key":"SkillPotion"},{"floor":7,"key":"SpeedPotion"},{"floor":13,"key":"Fire Potion"},{"floor":19,"key":"ColorlessPotion"},{"floor":20,"key":"SteroidPotion"},{"floor":24,"key":"Regen Potion"}],"is_trial":false,"path_per_floor":["M","?","?","?","M","E","M","E","T","R","?","R","E","T","R","B",null,"M","M","M","M","?","E","M","M","T","?","M","E","$","?","R","B"],"character_chosen":"THE_SILENT","items_purchased":["Corpse Explosion","Catalyst","Well Laid Plans"],"campfire_rested":1,"item_purchase_floors":[30,30,30],"current_hp_per_floor":[70,67,50,50,50,33,33,19,19,19,19,42,25,25,25,21,77,77,77,74,74,74,48,34,34,34,34,34,14,29,28,28,0,0],"gold":9,"neow_bonus":"THREE_CARDS","is_daily":false,"chose_seed":false,"campfire_upgraded":3,"win_rate":0.0,"timestamp":1613141474,"path_taken":["M","?","?","?","M","E","?","E","T","R","?","R","E","?","R","BOSS","M","M","M","M","?","E","M","M","T","?","?","E","$","?","R","BOSS"],"items_purchased_type":["Card","Card","Card"],"build_version":"2020-12-22","purchased_purges":1,"victory":false,"max_hp_per_floor":[70,70,70,70,70,77,77,77,77,77,77,77,77,77,77,77,77,77,77,77,77,77,77,77,77,77,77,77,77,77,77,77,77,77],"card_choices":[{"not_picked":["Bane","Acrobatics"],"picked":"Dagger Throw","floor":0},{"not_picked":["Riddle With Holes","Bane"],"picked":"Skewer","floor":1},{"not_picked":["Dagger Spray","Setup"],"picked":"Blur","floor":5},{"not_picked":["Unload","Terror"],"picked":"Glass Knife","floor":6},{"not_picked":["Slice","Caltrops"],"picked":"Noxious Fumes","floor":7},{"not_picked":["Dodge and Roll","Sucker Punch","Bane"],"picked":"SKIP","floor":8},{"not_picked":["Masterful Stab","Setup"],"picked":"Backflip","floor":13},{"not_picked":["Bullet Time","Storm of Steel"],"picked":"Envenom","floor":16},{"not_picked":["Prepared","Underhanded Strike"],"picked":"Backflip","floor":18},{"not_picked":["Deflect+1","Choke"],"picked":"Bane","floor":19},{"not_picked":["Outmaneuver+1","Deflect","Setup"],"picked":"SKIP","floor":20},{"not_picked":["Flying Knee","Heel Hook+1"],"picked":"Riddle With Holes","floor":21},{"not_picked":["Terror","Skewer"],"picked":"Riddle With Holes+1","floor":23},{"not_picked":["Slice+1","Concentrate","Choke"],"picked":"SKIP","floor":24},{"not_picked":["Slice+1","Concentrate","Choke"],"picked":"SKIP","floor":24},{"not_picked":["Bane","Tactician+1","All Out Attack"],"picked":"SKIP","floor":25},{"not_picked":["Dodge and Roll","Sucker Punch+1","Flying Knee"],"picked":"SKIP","floor":28},{"not_picked":["Flechettes+1","Flying Knee","Skewer"],"picked":"SKIP","floor":29},{"not_picked":["A Thousand Cuts","Flying Knee"],"picked":"Dagger Spray","floor":31}],"player_experience":668840,"relics_obtained":[{"floor":6,"key":"Strawberry"},{"floor":8,"key":"Anchor"},{"floor":9,"key":"Omamori"},{"floor":13,"key":"Paper Crane"},{"floor":14,"key":"Ancient Tea Set"},{"floor":23,"key":"MealTicket"},{"floor":26,"key":"Oddly Smooth Stone"},{"floor":29,"key":"Orichalcum"},{"floor":31,"key":"Red Mask"}],"event_choices":[{"damage_healed":0,"gold_gain":0,"player_choice":"Success","damage_taken":3,"relics_obtained":["Art of War"],"max_hp_gain":0,"max_hp_loss":0,"event_name":"Scrap Ooze","floor":2,"gold_loss":0},{"damage_healed":0,"gold_gain":0,"player_choice":"Take Damage","damage_taken":17,"relics_obtained":["Golden Idol"],"max_hp_gain":0,"max_hp_loss":0,"event_name":"Golden Idol","floor":3,"gold_loss":0},{"cards_removed":["Strike_G"],"damage_healed":0,"gold_gain":0,"player_choice":"Card Removal","damage_taken":0,"max_hp_gain":0,"max_hp_loss":0,"event_name":"The Cleric","floor":4,"gold_loss":50},{"damage_healed":0,"gold_gain":0,"player_choice":"Grow","damage_taken":0,"max_hp_gain":0,"max_hp_loss":0,"event_name":"Living Wall","floor":11,"gold_loss":0,"cards_upgraded":["Glass Knife"]},{"damage_healed":0,"gold_gain":0,"player_choice":"Ignored","damage_taken":0,"max_hp_gain":0,"max_hp_loss":0,"event_name":"Vampires","floor":22,"gold_loss":0},{"damage_healed":0,"gold_gain":0,"player_choice":"Trade","damage_taken":0,"relics_obtained":["CultistMask"],"max_hp_gain":0,"max_hp_loss":0,"event_name":"FaceTrader","floor":27,"gold_loss":0},{"damage_healed":0,"gold_gain":0,"player_choice":"Fought Bandits","damage_taken":0,"max_hp_gain":0,"max_hp_loss":0,"event_name":"Masked Bandits","floor":31,"gold_loss":0}],"is_beta":false,"boss_relics":[{"not_picked":["Busted Crown","Runic Dome"],"picked":"Ectoplasm"}],"items_purged_floors":[30],"is_endless":false,"potions_floor_spawned":[1,7,13,19,20,21,24,29],"killed_by":"Collector","ascension_level":0}}