{"host":"1lwxixhv2lzh5ag1","time":1613160906,"event":{"mods":["AchievementEnabler","BaseMod","Downfall","Minty Spire (QoL Compilation)","Permanent Neow","Reliquary","Replay The Spire","StSLib"],"gold_per_floor":[110,285,285,345,395,424,424,436,436,436,466,139,204,49,49,151,151,151,106,106,106,106,106,106,106,106,106,106,106,106,106,106,106,106,106,106,106,106,31,31,31,31,31,31,31,31,31,31,31,31],"floor_reached":51,"language":"ENG","playtime":2720,"items_purged":["Voices"],"score":951,"play_id":"d7c5e394-6e34-42a3-9dee-6fa6122e4551","local_time":"20210212151506","is_ascension_mode":false,"campfire_choices":[{"data":"Replay:Poison Smokescreen","floor":7,"key":"SMITH"},{"data":"Draining Mist","floor":10,"key":"SMITH"},{"data":"Venomology","floor":15,"key":"SMITH"},{"data":"Bouncing Flask","floor":25,"key":"SMITH"},{"data":"Poison Darts","floor":27,"key":"SMITH"},{"data":"ReplayTheSpireMod:From All Sides","floor":29,"key":"SMITH"},{"floor":32,"key":"DIG"},{"data":"Infinite Blades","floor":41,"key":"SMITH"},{"data":"After Image","floor":44,"key":"SMITH"},{"data":"Catalyst","floor":46,"key":"SMITH"},{"floor":49,"key":"REST"}],"circlet_count":0,"master_deck":["Strike_G","Strike_G","Strike_G","Strike_G","Strike_G","Defend_G","Defend_G","Defend_G","Defend_G","Defend_G","Survivor","Neutralize+1","Replay:Poison Smokescreen+1","Doubt","Bouncing Flask+1","ReplayTheSpireMod:From All Sides+1","Draining Mist+1","Backflip","Noxious Fumes+1","Venomology+1","Underhanded Strike","Die Die Die","Dodge and Roll","Blade Dance","Poison Darts+1","Outmaneuver+1","Poisoned Stab+1","Dodge and Roll+1","Prepared","After Image+1","Blade Dance+1","Madness","Madness","Infinite Blades+1","Catalyst+1","Infinite Blades+1"],"relics":["Ring of the Snake","Bag of Preparation","SsserpentHead","Bottled Lightning","CaptainsWheel","ReplayTheSpireMod:Shallot","Lee\u0027s Waffle","reliquary:Buckler","Ectoplasm","Enchiridion","Juzu Bracelet","reliquary:QuartzCube","Strawberry","Kunai","Bag of Marbles","bronze:MakeshiftBattery","ReplayTheSpireMod:Ring of Addiction","Ring of Hypnosis","SacredBark","White Beast Statue","Mirror","Replay:Accelerometer","reliquary:OuijaBoard"],"acts_visited":["Exordium","TheCity","TheBeyond"],"potions_floor_usage":[6,6,16,16,19,19,22,23,24,30,33,33,33,38,40,40,42,47,47,48,48,50,50,50,50],"damage_taken":[{"damage":1,"enemies":"Cultist","floor":1,"turns":4},{"damage":0,"enemies":"2 Louse","floor":4,"turns":3},{"damage":16,"enemies":"Gremlin Nob","floor":6,"turns":4},{"damage":2,"enemies":"Small Slimes","floor":8,"turns":4},{"damage":26,"enemies":"3 Sentries","floor":11,"turns":10},{"damage":0,"enemies":"Exordium Wildlife","floor":13,"turns":3},{"damage":16,"enemies":"Fading Forest","floor":16,"turns":11},{"damage":0,"enemies":"3 Byrds","floor":18,"turns":5},{"damage":0,"enemies":"2 Thieves","floor":19,"turns":3},{"damage":0,"enemies":"Snake Plant","floor":22,"turns":3},{"damage":4,"enemies":"Slavers","floor":23,"turns":5},{"damage":0,"enemies":"Snecko","floor":24,"turns":3},{"damage":1,"enemies":"Centurion and Healer","floor":30,"turns":4},{"damage":39,"enemies":"Pondfish","floor":33,"turns":11},{"damage":0,"enemies":"Orb Walker","floor":35,"turns":3},{"damage":18,"enemies":"3 Darklings","floor":38,"turns":5},{"damage":11,"enemies":"R_Hoarder","floor":40,"turns":7},{"damage":4,"enemies":"Maw","floor":42,"turns":7},{"damage":0,"enemies":"Mind Bloom Boss Battle","floor":47,"turns":5},{"damage":19,"enemies":"Spire Growth","floor":48,"turns":3},{"damage":76,"enemies":"Awakened One","floor":50,"turns":12}],"seed_played":"-5079444145944621535","potions_obtained":[{"floor":1,"key":"AttackPotion"},{"floor":4,"key":"DuplicationPotion"},{"floor":13,"key":"Poison Potion"},{"floor":16,"key":"CunningPotion"},{"floor":23,"key":"SteroidPotion"},{"floor":30,"key":"Fruit Juice"},{"floor":35,"key":"Adrenaline Potion"},{"floor":37,"key":"hexamod:SoulburnPotion"},{"floor":37,"key":"Poison Potion"},{"floor":40,"key":"Explosive Potion"},{"floor":42,"key":"Elixir"},{"floor":47,"key":"Milkshake"},{"floor":48,"key":"ColorlessPotion"}],"is_trial":false,"path_per_floor":["M","?","?","M","?","E","R","M","T","R","E","$","M","$","R","B",null,"M","M","?","?","M","E","M","R","T","R","?","R","M","?","R","B",null,"M","?","?","M","$","E","R","M","T","R","?","R","?","M","R","B",null],"character_chosen":"THE_SILENT","items_purchased":["Lee\u0027s Waffle","Noxious Fumes","Venomology","reliquary:Buckler"],"campfire_rested":1,"item_purchase_floors":[12,12,12,14],"current_hp_per_floor":[69,69,69,69,69,53,53,51,51,51,25,77,77,77,77,71,77,77,77,61,61,61,57,57,57,64,64,64,64,63,63,63,29,89,89,78,78,60,60,83,83,79,79,79,79,79,79,60,86,10],"gold":31,"neow_bonus":"RANDOM_COMMON_RELIC","is_daily":false,"chose_seed":false,"campfire_upgraded":9,"win_rate":0.0,"timestamp":1613160906,"path_taken":["M","?","?","?","?","E","R","M","T","R","E","?","?","$","R","BOSS","M","M","?","?","M","E","M","R","T","R","?","R","M","?","R","BOSS","M","?","?","M","$","E","R","M","T","R","?","R","?","M","R","BOSS"],"items_purchased_type":["Relic","Card","Card","Relic"],"build_version":"2020-12-22","purchased_purges":1,"victory":true,"max_hp_per_floor":[70,70,70,70,70,70,70,70,70,70,70,77,77,77,77,77,77,77,77,77,77,77,77,77,77,84,84,84,84,84,84,84,89,89,89,89,89,89,89,89,89,89,89,89,89,87,87,87,87,87],"card_choices":[{"not_picked":["Skewer","Slice"],"picked":"Replay:Poison Smokescreen","floor":1},{"not_picked":["ReplayTheSpireMod:Scrap Shanks","Poisoned Stab"],"picked":"Bouncing Flask","floor":4},{"not_picked":["Fluid Movement","Flying Knee"],"picked":"ReplayTheSpireMod:From All Sides","floor":6},{"not_picked":["Backflip","ReplayTheSpireMod:Tripwire"],"picked":"Draining Mist","floor":8},{"not_picked":["Reflex","Quick Slash"],"picked":"Backflip","floor":11},{"not_picked":["Hidden Blade","Fluid Movement"],"picked":"Underhanded Strike","floor":13},{"not_picked":["ReplayTheSpireMod:Necrosis","Replay:Bag of Tricks"],"picked":"Die Die Die","floor":16},{"not_picked":["PiercingWail","Underhanded Strike"],"picked":"Dodge and Roll","floor":18},{"not_picked":["Outmaneuver","Acrobatics","Dagger Throw"],"picked":"SKIP","floor":19},{"not_picked":["Fluid Movement","Escape Plan"],"picked":"Blade Dance","floor":22},{"not_picked":["Crippling Poison","Bane"],"picked":"Poison Darts","floor":23},{"not_picked":["Blur","Acrobatics"],"picked":"Outmaneuver+1","floor":24},{"not_picked":["Heel Hook","Escape Plan"],"picked":"Poisoned Stab+1","floor":30},{"not_picked":["Backflip","Dagger Throw"],"picked":"Dodge and Roll+1","floor":31},{"not_picked":["PiercingWail","Acrobatics"],"picked":"Prepared","floor":31},{"not_picked":["Corpse Explosion","Atom Bomb"],"picked":"After Image","floor":33},{"not_picked":["Heel Hook","Prepared+1"],"picked":"Blade Dance+1","floor":35},{"not_picked":["Footwork","Flying Knee+1"],"picked":"Infinite Blades","floor":38},{"not_picked":["Choke+1","Leg Sweep","Flying Knee+1"],"picked":"SKIP","floor":40},{"not_picked":["Underhanded Strike","PiercingWail+1"],"picked":"Catalyst","floor":42},{"not_picked":["Dodge and Roll+1","Dagger Throw+1"],"picked":"Infinite Blades+1","floor":48}],"player_experience":8552,"relics_obtained":[{"floor":6,"key":"Bottled Lightning"},{"floor":9,"key":"CaptainsWheel"},{"floor":11,"key":"ReplayTheSpireMod:Shallot"},{"floor":20,"key":"Enchiridion"},{"floor":23,"key":"reliquary:QuartzCube"},{"floor":26,"key":"Strawberry"},{"floor":31,"key":"Kunai"},{"floor":32,"key":"Bag of Marbles"},{"floor":37,"key":"ReplayTheSpireMod:Ring of Addiction"},{"floor":37,"key":"Ring of Hypnosis"},{"floor":37,"key":"SacredBark"},{"floor":37,"key":"White Beast Statue"},{"floor":40,"key":"Mirror"},{"floor":43,"key":"Replay:Accelerometer"},{"floor":47,"key":"reliquary:OuijaBoard"}],"event_choices":[{"damage_healed":0,"gold_gain":175,"player_choice":"AGREE","damage_taken":0,"max_hp_gain":0,"max_hp_loss":0,"event_name":"Liars Game","floor":2,"gold_loss":0,"cards_obtained":["Doubt"]},{"damage_healed":0,"gold_gain":0,"player_choice":"Trade","damage_taken":0,"relics_obtained":["SsserpentHead"],"max_hp_gain":0,"max_hp_loss":0,"event_name":"FaceTrader","floor":3,"gold_loss":0},{"damage_healed":0,"gold_gain":0,"player_choice":"Ignored","damage_taken":0,"max_hp_gain":0,"max_hp_loss":0,"event_name":"Golden Wing","floor":5,"gold_loss":0},{"damage_healed":0,"gold_gain":0,"player_choice":"Obtained Book","damage_taken":16,"max_hp_gain":0,"max_hp_loss":0,"event_name":"Cursed Tome","floor":20,"gold_loss":0},{"damage_healed":0,"gold_gain":0,"player_choice":"Gave Potion","damage_taken":0,"relics_obtained":["Juzu Bracelet"],"max_hp_gain":0,"max_hp_loss":0,"event_name":"WeMeetAgain","floor":21,"gold_loss":0},{"damage_healed":0,"gold_gain":0,"player_choice":"Ignored","damage_taken":0,"max_hp_gain":0,"max_hp_loss":0,"event_name":"Vampires","floor":28,"gold_loss":0},{"damage_healed":0,"gold_gain":0,"player_choice":"Embrace Madness","damage_taken":11,"max_hp_gain":0,"max_hp_loss":0,"event_name":"Winding Halls","floor":36,"gold_loss":0,"cards_obtained":["Madness","Madness"]},{"damage_healed":0,"gold_gain":0,"player_choice":"Memory 1","damage_taken":0,"max_hp_gain":0,"max_hp_loss":0,"event_name":"SensoryStone","floor":45,"gold_loss":0},{"damage_healed":0,"gold_gain":0,"player_choice":"Fight","damage_taken":0,"max_hp_gain":0,"max_hp_loss":0,"event_name":"MindBloom","floor":47,"gold_loss":0}],"is_beta":false,"boss_relics":[{"not_picked":["Ring of Chaos","Honey Jar"],"picked":"Ectoplasm"},{"not_picked":["Runic Pyramid","Snecko Scales"],"picked":"bronze:MakeshiftBattery"}],"items_purged_floors":[39],"is_endless":false,"potions_floor_spawned":[1,4,13,16,23,30,35,38,40,42,47,48],"ascension_level":0}}