{"host":"8t5dkgm85abdp22d","time":1613105562,"event":{"mods":["Act Like it!","BaseMod","Colored Powertips","Gensokyo","Hallownest","Luminous","Minty Spire (QoL Compilation)","Prisma Mod","Reimu£®≤©¿ˆ¡È√Œ£©","Reliquary","Ryuuou¡˙Õı","SIMod","StSLib","TheWitcher","UnlockEverythingMod","Yakumo Yukari mod","°æ“≈ŒÔø®≈∆°øREMEMod","≤–¡Ù÷ÆŒÔ"],"gold_per_floor":[111,0,0,10,25,54,54,54,54,19,39,52,52,77,77,179,179,193,212,212,212],"floor_reached":20,"language":"ZHS","playtime":2351,"items_purged":[],"score":284,"play_id":"9e8de41d-30cd-4a0f-8922-1a4a2082c4c4","local_time":"20210212125242","is_ascension_mode":false,"campfire_choices":[{"data":"PrismaMod:IllyaUncommonDefend","floor":7,"key":"SMITH"},{"data":"PrismaMod:IllyaCarnivalOrbs","floor":15,"key":"SMITH"}],"circlet_count":0,"master_deck":["PrismaMod:IllyaCommonAttack","PrismaMod:IllyaCommonDefend","PrismaMod:IllyaCommonAttack","PrismaMod:IllyaCommonDefend+1","PrismaMod:IllyaCommonAttack","PrismaMod:IllyaCommonDefend","PrismaMod:IllyaCommonAttack","PrismaMod:IllyaCommonDefend","PrismaMod:IllyaCommonAttack","PrismaMod:IllyaCommonDefend","PrismaMod:IllyaUncommonAttack","PrismaMod:IllyaUncommonDefend+1","Gensokyo:LifeSpringInfinity","PrismaMod:IllyaSaphire+1","PrismaMod:IllyaInstallShielder","PrismaMod:IllyaGrail","PrismaMod:IllyaCarnivalOrbs+1","PrismaMod:IllyaSaphire"],"relics":["PrismaMod:PrismaRuby","REME_ComplimentaryCards","Toy Ornithopter","REME_PuzzleBoxRelic","Hallownest:DreamNailRelic","Mango","Prayer Wheel","Hallownest:TeacherSealRelic","War Paint","Coffee Dripper"],"acts_visited":["Exordium","Hallownest:Greenpath"],"potions_floor_usage":[18],"damage_taken":[{"damage":0,"enemies":"Hallownest:monsterHuskWarrior","floor":1,"turns":5},{"damage":0,"enemies":"Hallownest:monsterHuskGuard","floor":4,"turns":5},{"damage":0,"enemies":"2_ Uuma","floor":5,"turns":6},{"damage":27,"enemies":"Hallownest:eliteMossKnight","floor":6,"turns":14},{"damage":18,"enemies":"Hallownest:1_Baldur_1_Crawlid_1_Warrior","floor":11,"turns":4},{"damage":1,"enemies":"Hallownest:monsterAspidMother","floor":12,"turns":4},{"damage":5,"enemies":"Hallownest:eliteVengeflyKing","floor":14,"turns":9},{"damage":0,"enemies":"Hallownest:BossFalseKnight","floor":16,"turns":7},{"damage":0,"enemies":"Hallownest:3_Youths","floor":18,"turns":6},{"damage":4,"enemies":"Hallownest:Guard_and_Sentry","floor":19,"turns":7},{"damage":0,"enemies":"Hallownest:2_Flukemon","floor":20,"turns":1}],"seed_played":"4562465802993730956","potions_obtained":[{"floor":1,"key":"FearPotion"},{"floor":4,"key":"EssenceOfSteel"},{"floor":5,"key":"GrandPatriotsElixir:ReiMu"},{"floor":11,"key":"GamblersBrew"},{"floor":18,"key":"REME_GoldPotion"}],"is_trial":false,"path_per_floor":["M","?","?","M","M","E","R","?","T","?","M","M","?","E","R","B",null,"M","M","M"],"character_chosen":"ILLYA","items_purchased":[],"campfire_rested":0,"item_purchase_floors":[],"current_hp_per_floor":[75,75,75,75,75,62,62,73,73,78,60,64,64,64,64,90,105,105,101,101,101],"gold":212,"neow_bonus":"RANDOM_COMMON_RELIC","is_daily":false,"chose_seed":false,"campfire_upgraded":2,"win_rate":0.0,"timestamp":1613105562,"path_taken":["M","?","?","M","?","E","R","?","T","?","M","?","?","E","R","BOSS","M","M","M"],"items_purchased_type":[],"build_version":"2020-12-22","purchased_purges":0,"victory":false,"max_hp_per_floor":[75,75,75,75,75,89,89,100,100,105,105,105,105,105,105,105,105,105,105,105,105],"card_choices":[{"not_picked":["PrismaMod:IllyaCheapAttack","PrismaMod:IllyaMaid"],"picked":"PrismaMod:IllyaSaphire","floor":1},{"not_picked":["PrismaMod:IllyaGrailKun","PrismaMod:IllyaPoisonBomb"],"picked":"PrismaMod:IllyaInstallShielder","floor":4},{"not_picked":["PrismaMod:IllyaUncommonAOEAttack","PrismaMod:IllyaCommonEvoke","PrismaMod:IllyaAssassinRevenge"],"picked":"SKIP","floor":5},{"not_picked":["PrismaMod:IllyaRubysPotion","PrismaMod:IllyaUncommonAttack","PrismaMod:IllyaDetonatingBlow"],"picked":"SKIP","floor":6},{"not_picked":["PrismaMod:IllyaUpgradeOrbs","PrismaMod:IllyaSaphire"],"picked":"PrismaMod:IllyaGrail","floor":11},{"not_picked":["PrismaMod:IllyaCheapChannelDefend","PrismaMod:IllyaDualEvoke","PrismaMod:IllyaFeed"],"picked":"SKIP","floor":11},{"not_picked":["PrismaMod:IllyaRubysPotion","PrismaMod:IllyaMaid","PrismaMod:IllyaRussianRoulette"],"picked":"SKIP","floor":12},{"not_picked":["PrismaMod:IllyaCheapChannelAttack","PrismaMod:IllyaBerserCAR","PrismaMod:IllyaAssassinRevenge"],"picked":"SKIP","floor":12},{"not_picked":["PrismaMod:IllyaCarnivalDefend","PrismaMod:IllyaPoisonBomb"],"picked":"PrismaMod:IllyaCarnivalOrbs","floor":14},{"not_picked":["PrismaMod:IllyaPoisonTippedWeapons","PrismaMod:IllyaUberPoisonBlock+1"],"picked":"PrismaMod:IllyaSaphire","floor":18},{"not_picked":["PrismaMod:IllyaCheapChannelAttack","PrismaMod:IllyaCommonEvoke+1","PrismaMod:IllyaRussianRoulette"],"picked":"SKIP","floor":18},{"not_picked":["PrismaMod:IllyaCheapChannelPoison","PrismaMod:IllyaUpgradeOrbs","PrismaMod:IllyaTestament+1"],"picked":"SKIP","floor":19},{"not_picked":["PrismaMod:IllyaCheapAttack","PrismaMod:IllyaBride","PrismaMod:IllyaRussianRoulette"],"picked":"SKIP","floor":19}],"player_experience":86851,"relics_obtained":[{"floor":6,"key":"Mango"},{"floor":9,"key":"Prayer Wheel"},{"floor":14,"key":"War Paint"}],"event_choices":[],"is_beta":false,"boss_relics":[{"not_picked":["Sozu","reliquary:WritOfMandamus"],"picked":"Coffee Dripper"}],"items_purged_floors":[],"is_endless":false,"potions_floor_spawned":[1,4,5,11,18],"killed_by":"Hallownest:2_Flukemon","ascension_level":0}}