{"host":"4kmvpqjeiacgn1pr","time":1613171097,"event":{"mods":["A Penny For Your Troubles","AchievementEnabler","AlwaysNeverKeys","Aspiration","BaseMod","Bestiary","Better Altar","Better Match","Better Note","Better Sensory Stone","Better Skull","Better Third Choice","Better Vampires","BetterRewards","Colored Map","Colored Powertips","Conspire","Curses Come First","Downfall","Halation","Highlight Path","Infinite Spire","Minty Spire (QoL Compilation)","Permanent Neow","Quick Restart","Rare Cards Sparkle","Relic Sorter","Relic Stats","Replay The Spire","Reworked Bosses","Shop Mod","Smile Girya","Spicy Shops","Spikes Relics","StSLib","Waifu the Spire"],"gold_per_floor":[112,112,112,124,136,168,4,29,29,57,57,17,17,17,17,17,122,122,140,140,64,75,75,75,75,94,94,123,123,150,160,185,185,299,299,336,336,336,336,371,423,485,531,531,593,593,593,643,40,40,40,40],"floor_reached":51,"language":"ENG","playtime":3243,"items_purged":["Strike_G","Strike_G"],"score":1508,"play_id":"3c3aa7fc-4971-4c68-a043-4603d4be7fe2","local_time":"20210212180457","is_ascension_mode":true,"campfire_choices":[{"data":"BlessedFruit","floor":11.0,"key":"SMITH"},{"data":"BlessedFruit","floor":13.0,"key":"SMITH"},{"data":"Draining Mist","floor":16.0,"key":"SMITH"},{"data":"Trip","floor":24.0,"key":"SMITH"}],"circlet_count":0,"master_deck":["AscendersBane","Strike_G","Strike_G","Defend_G","Defend_G","Defend_G","Defend_G","Defend_G","Survivor","Neutralize","Slice+1","ReplayTheSpireMod:Necrogeddon","Endless Agony","Well Laid Plans+1","Draining Mist+1","Unload","BlessedFruit+1","BlessedFruit+1","Quick Slash","Masterful Stab","Glass Knife","Cloak And Dagger+1","Trip+1","Slice","Riddle With Holes+1","ReplayTheSpireMod:Black Plague","infinitespire:Menacing+1","Endless Agony","Distraction+1","Masterful Stab","Slice","Terror+1","ReplayTheSpireMod:From All Sides","Endless Agony+1","Madness","Madness","Storm of Steel","Doppelganger","Distraction","Wraith Form v2+1","Sadistic Nature+1","Bandage Up+1","Underhanded Strike"],"relics":["conspire:SpecialSausage","halation:QuantumPhysicsTextbook","Lantern","ReplayTheSpireMod:Lightbulb","HeavenlyBonsai","Snecko Scales","GremlinMask","Mango","Replay:Multitool","Vajra","Boot","WizardHat","infinitespire:EvilPickle","Philosopher\u0027s Stone","SacredBark","aspiration:SneckoTail","Ninja Scroll","infinitespire:Broken Mirror","Bottled Tornado","Frozen Egg 2","Mango","Medical Kit","SnailShell","Whetstone","Bronze Scales","halation:PapillonHeart"],"acts_visited":["Exordium","TheCity","TheBeyond"],"potions_floor_usage":[45,45,51],"damage_taken":[{"damage":0.0,"enemies":"Small Slimes","floor":1.0,"turns":4.0},{"damage":1.0,"enemies":"Cultist","floor":4.0,"turns":4.0},{"damage":0.0,"enemies":"2 Louse","floor":5.0,"turns":2.0},{"damage":15.0,"enemies":"3 Sentries","floor":6.0,"turns":8.0},{"damage":17.0,"enemies":"Lagavulin","floor":8.0,"turns":6.0},{"damage":18.0,"enemies":"3 Sentries","floor":10.0,"turns":7.0},{"damage":18.0,"enemies":"The Guardian","floor":17.0,"turns":13.0},{"damage":0.0,"enemies":"Spheric Guardian","floor":19.0,"turns":3.0},{"damage":0.0,"enemies":"Shell Parasite","floor":22.0,"turns":3.0},{"damage":4.0,"enemies":"Snake Plant","floor":26.0,"turns":2.0},{"damage":4.0,"enemies":"conspire:SneckoGhost","floor":28.0,"turns":4.0},{"damage":0.0,"enemies":"Book of Stabbing","floor":30.0,"turns":3.0},{"damage":0.0,"enemies":"Chosen and Byrds","floor":31.0,"turns":3.0},{"damage":5.0,"enemies":"Gremlin Leader","floor":32.0,"turns":3.0},{"damage":0.0,"enemies":"Pondfish","floor":34.0,"turns":8.0},{"damage":8.0,"enemies":"3 Shapes","floor":36.0,"turns":2.0},{"damage":0.0,"enemies":"Orb Walker","floor":40.0,"turns":1.0},{"damage":14.0,"enemies":"Giant Head","floor":41.0,"turns":5.0},{"damage":0.0,"enemies":"Reptomancer","floor":42.0,"turns":3.0},{"damage":17.0,"enemies":"Spire Growth","floor":43.0,"turns":4.0},{"damage":80,"enemies":"Nightmare","floor":45,"turns":6},{"damage":1,"enemies":"Mind Bloom Boss Battle","floor":48,"turns":4},{"damage":89,"enemies":"Replay:Hell Engine","floor":51,"turns":8}],"seed_played":"6997759771085564593","potions_obtained":[{"floor":4.0,"key":"Poison Potion"},{"floor":5.0,"key":"Block Potion"},{"floor":17.0,"key":"Strength Potion"},{"floor":19.0,"key":"FearPotion"},{"floor":26.0,"key":"SkillPotion"},{"floor":28.0,"key":"AttackPotion"},{"floor":36.0,"key":"Weak Potion"},{"floor":41.0,"key":"Adrenaline Potion"},{"floor":43.0,"key":"DuplicationPotion"},{"floor":45,"key":"Explosive Potion"}],"is_trial":false,"path_per_floor":["M","?","?","M","M","E","$","E","T","E","R","$","R","PTL","PTL","R","B",null,"M","?","$","M","?","R","AVR","M","T","E","R","E","M","E","R","B",null,"M","AVR","?","?","M","E","E","M","T","NM","?","R","?","$","R_BF","B"],"character_chosen":"THE_SILENT","items_purchased":["conspire:Banana","Masterful Stab","Slice","Medical Kit","SnailShell","Whetstone","Bronze Scales"],"campfire_rested":0,"item_purchase_floors":[7,12,21,49,49,49,49],"current_hp_per_floor":[63,63,63,62,62,47,47,31,31,14,14,14,14,14,14,14,1,58,63,63,63,67,67,67,81,81,81,81,108,112,116,115,120,124,124,120,120,104,104,104,94,98,83,83,7,7,49,66,66,66,0,0],"gold":40,"neow_bonus":"BOSS_RELIC","is_daily":false,"chose_seed":false,"campfire_upgraded":4,"win_rate":0.0,"timestamp":1613171097,"path_taken":["M","?","?","M","?","E","$","E","T","E","R","?","R","PTL","PTL","R","BOSS","M","?","?","?","?","R","AVR","?","T","E","R","E","M","E","R","BOSS","M","AVR","?","?","M","E","E","?","T","NM","?","R","?","?","R_BF","BOSS"],"items_purchased_type":["Card","Card","Card","Relic","Relic","Relic","Relic"],"build_version":"2020-12-22","purchased_purges":2,"victory":false,"max_hp_per_floor":[70,70,70,70,70,70,70,71,71,72,72,72,72,72,72,72,77,77,82,82,82,86,86,86,100,104,104,108,108,112,116,120,120,124,124,128,128,128,128,128,132,136,138,138,142,142,142,160,160,152,156,156],"relic_stats":{"counters":[23,106],"Bronze Scales":[17],"Whetstone":["Riddle With Holes","Slice"],"Boot":[45],"Medical Kit":[4],"obtain_stats":[{"WizardHat":32,"Lantern":8,"SnailShell":49,"halation:PapillonHeart":50,"aspiration:SneckoTail":37,"SacredBark":37,"Vajra":28,"conspire:SpecialSausage":0,"GremlinMask":23,"Mango":25,"Replay:Multitool":27,"Whetstone":49,"HeavenlyBonsai":10,"Bottled Tornado":44,"Boot":30,"Ninja Scroll":41,"Philosopher\u0027s Stone":35,"Ring of the Snake":0,"halation:QuantumPhysicsTextbook":6,"Frozen Egg 2":45,"Medical Kit":49,"infinitespire:EvilPickle":34,"Snecko Scales":18,"infinitespire:Broken Mirror":42,"Bronze Scales":49,"ReplayTheSpireMod:Lightbulb":9},{"WizardHat":14,"Lantern":5,"SnailShell":22,"halation:PapillonHeart":22,"aspiration:SneckoTail":16,"SacredBark":16,"Vajra":11,"conspire:SpecialSausage":0,"GremlinMask":9,"Mango":9,"Replay:Multitool":10,"Whetstone":22,"HeavenlyBonsai":6,"Bottled Tornado":20,"Boot":12,"Ninja Scroll":18,"Philosopher\u0027s Stone":15,"Ring of the Snake":0,"halation:QuantumPhysicsTextbook":4,"Frozen Egg 2":21,"Medical Kit":22,"infinitespire:EvilPickle":15,"Snecko Scales":7,"infinitespire:Broken Mirror":19,"Bronze Scales":22,"ReplayTheSpireMod:Lightbulb":5},{"WizardHat":65,"Lantern":24,"SnailShell":98,"halation:PapillonHeart":98,"aspiration:SneckoTail":75,"SacredBark":75,"Vajra":56,"conspire:SpecialSausage":0,"GremlinMask":50,"Mango":50,"Replay:Multitool":52,"Whetstone":98,"HeavenlyBonsai":31,"Bottled Tornado":88,"Boot":59,"Ninja Scroll":81,"Philosopher\u0027s Stone":73,"Ring of the Snake":0,"halation:QuantumPhysicsTextbook":18,"Frozen Egg 2":94,"Medical Kit":98,"infinitespire:EvilPickle":73,"Snecko Scales":44,"infinitespire:Broken Mirror":84,"Bronze Scales":98,"ReplayTheSpireMod:Lightbulb":24}]},"card_choices":[{"not_picked":["Backflip","Deadly Poison"],"picked":"Slice","floor":1.0},{"not_picked":["Infinite Blades","Tactician"],"picked":"Endless Agony","floor":4.0},{"not_picked":["Flechettes","Sucker Punch"],"picked":"Well Laid Plans","floor":5.0},{"not_picked":["Dodge and Roll","Dagger Throw"],"picked":"Draining Mist","floor":6.0},{"not_picked":["Expertise","PiercingWail"],"picked":"Unload","floor":8.0},{"not_picked":["Deadly Poison","Hidden Blade"],"picked":"Quick Slash","floor":10.0},{"not_picked":["Replay:Bag of Tricks","After Image"],"picked":"Glass Knife","floor":17.0},{"not_picked":["Catalyst","Blade Dance"],"picked":"Cloak And Dagger+1","floor":19.0},{"not_picked":["Flechettes","Blur"],"picked":"Riddle With Holes","floor":22.0},{"not_picked":["Bane","Slice+1"],"picked":"Endless Agony","floor":26.0},{"not_picked":["Outmaneuver","Toxin Wave+1"],"picked":"Distraction+1","floor":28.0},{"not_picked":["Bane+1","Prepared"],"picked":"Masterful Stab","floor":30.0},{"not_picked":["ReplayTheSpireMod:Shiv Toss","Catalyst"],"picked":"Slice","floor":31.0},{"not_picked":["conspire:DoublingDagger","Underhanded Strike"],"picked":"Terror+1","floor":32.0},{"not_picked":["ReplayTheSpireMod:Necrosis","Glass Knife"],"picked":"ReplayTheSpireMod:From All Sides","floor":34.0},{"not_picked":["Dagger Spray+1","Hidden Blade"],"picked":"Endless Agony+1","floor":36.0},{"not_picked":["Pace+1","Fluid Movement"],"picked":"Storm of Steel","floor":40.0},{"not_picked":["Caltrops","Well Laid Plans+1","Quick Slash+1"],"picked":"SKIP","floor":41.0},{"not_picked":["Flechettes","Catalyst"],"picked":"Doppelganger","floor":42.0},{"not_picked":["Sucker Punch","Bane"],"picked":"Distraction","floor":43.0},{"not_picked":["Tactician","Blur+1"],"picked":"Wraith Form v2+1","floor":45},{"not_picked":["Poisoned Strike","Sharp Hide"],"picked":"Sadistic Nature+1","floor":46},{"not_picked":["The Bomb","Swift Strike"],"picked":"Bandage Up","floor":46},{"not_picked":["Riddle With Holes+1","Sucker Punch"],"picked":"Underhanded Strike","floor":48}],"player_experience":470104,"relics_obtained":[{"floor":6.0,"key":"halation:QuantumPhysicsTextbook"},{"floor":8.0,"key":"Lantern"},{"floor":9.0,"key":"ReplayTheSpireMod:Lightbulb"},{"floor":10.0,"key":"HeavenlyBonsai"},{"floor":27.0,"key":"Replay:Multitool"},{"floor":28.0,"key":"Vajra"},{"floor":30.0,"key":"Boot"},{"floor":32.0,"key":"WizardHat"},{"floor":41.0,"key":"Ninja Scroll"},{"floor":42.0,"key":"infinitespire:Broken Mirror"},{"floor":44.0,"key":"Bottled Tornado"},{"floor":45,"key":"Frozen Egg 2"},{"floor":48,"key":"Mango"}],"event_choices":[{"damage_healed":63.0,"max_hp_gain":0.0,"max_hp_loss":70.0,"gold_gain":0.0,"event_name":"betterThird:BetterShining","player_choice":"Embrace Burn","floor":2.0,"gold_loss":0.0,"damage_taken":0.0},{"damage_healed":0.0,"max_hp_gain":0.0,"max_hp_loss":0.0,"gold_gain":0.0,"cards_transformed":["Burn"],"event_name":"Transmorgrifier","player_choice":"Transformed","floor":3.0,"gold_loss":0.0,"damage_taken":0.0,"cards_obtained":["ReplayTheSpireMod:Necrogeddon"]},{"damage_healed":0.0,"max_hp_gain":0.0,"max_hp_loss":0.0,"gold_gain":0.0,"cards_transformed":["conspire:Banana"],"event_name":"Transmorgrifier","player_choice":"Transformed","floor":20.0,"gold_loss":0.0,"damage_taken":0.0,"cards_obtained":["Trip"]},{"damage_healed":0.0,"max_hp_gain":0.0,"max_hp_loss":0.0,"gold_gain":0.0,"event_name":"FaceTrader","player_choice":"Trade","floor":23.0,"gold_loss":0.0,"damage_taken":0.0,"relics_obtained":["GremlinMask"]},{"damage_healed":0.0,"max_hp_gain":0.0,"max_hp_loss":0.0,"gold_gain":0.0,"event_name":"Winding Halls","player_choice":"Embrace Madness","floor":38.0,"gold_loss":0.0,"damage_taken":16.0,"cards_obtained":["Madness","Madness"]},{"cards_removed":["Strike_G"],"damage_healed":0.0,"max_hp_gain":0.0,"max_hp_loss":0.0,"gold_gain":0.0,"event_name":"Wheel of Change","player_choice":"Card Removal","floor":39.0,"gold_loss":0.0,"damage_taken":0.0},{"damage_healed":0,"gold_gain":3,"player_choice":"1","damage_taken":0,"max_hp_gain":0,"max_hp_loss":0,"event_name":"betterStone:BetterStone","floor":46,"gold_loss":0},{"damage_healed":0,"gold_gain":0,"player_choice":"Fight","damage_taken":0,"max_hp_gain":0,"max_hp_loss":0,"event_name":"MindBloom","floor":48,"gold_loss":0}],"is_beta":false,"boss_relics":[{"not_picked":["halation:HeavySnake","Kintsugi"],"picked":"Snecko Scales"},{"not_picked":["Sozu","halation:PlatinumPhoenix"],"picked":"Philosopher\u0027s Stone"}],"items_purged_floors":[7,25],"is_endless":true,"potions_floor_spawned":[4,5,17,19,26,28,36,41,43,45],"killed_by":"Replay:Hell Engine","ascension_level":10}}