{"host":"lwys0gbp6t40j7jh","time":1613156102,"event":{"mods":["Act Like it!","BaseMod","CapriCore","Elementarium","Friendly Minions","Gensokyo","GifTheSpireLib","Hallownest","Minty Spire (QoL Compilation)","StSLib","SuperFastMode","The Bug Knight"],"gold_per_floor":[214,227,227,302,322,322,339,367,367,381,21,34,34,54,54,149,149,165,165,264,43,56,56,56,56,56,69,85,28,42,42,42],"floor_reached":31,"language":"ENG","playtime":963,"items_purged":["HollowMod:NailStrikeStart","HollowMod:NailStrikeStart"],"score":359,"play_id":"7a1e79a5-b415-49c3-99be-7acbe6104cdf","local_time":"20210212195502","is_ascension_mode":true,"campfire_choices":[{"data":"HollowMod:PogoStrike","floor":6,"key":"SMITH"},{"floor":15,"key":"REST"},{"floor":23,"key":"REST"},{"floor":25,"key":"REST"}],"circlet_count":0,"master_deck":["AscendersBane","HollowMod:NailStrikeStart","HollowMod:NailStrikeStart","HollowMod:QuickDashStart","HollowMod:QuickDashStart","HollowMod:FocusHealStart","HollowMod:PogoStrike+1","HollowMod:DoubleDash","HollowMod:DoubleDash","HollowMod:DoubleDash","HollowMod:CycloneSlash+1","HollowMod:MantisMark+1","HollowMod:LifebloodCocoon","HollowMod:QuirrelsAssistance","Swift Strike","HollowMod:CloakDash"],"relics":["HollowMod:KingsSoulRelic","The Courier","HollowMod:StagPassRelic","Letter Opener","Unceasing Top","MealTicket"],"acts_visited":["Exordium","TheCity"],"potions_floor_usage":[8,14,14,16,27,30,30,31],"damage_taken":[{"damage":2,"enemies":"Jaw Worm","floor":1,"turns":5},{"damage":3,"enemies":"Cultist","floor":2,"turns":4},{"damage":0,"enemies":"2 Louse","floor":5,"turns":5},{"damage":7,"enemies":"Lots of Slimes","floor":7,"turns":8},{"damage":28,"enemies":"Gremlin Nob","floor":8,"turns":5},{"damage":4,"enemies":"Red Slaver","floor":10,"turns":6},{"damage":5,"enemies":"3 Louse","floor":12,"turns":4},{"damage":10,"enemies":"Exordium Wildlife","floor":14,"turns":2},{"damage":46,"enemies":"Slime Boss","floor":16,"turns":13},{"damage":37,"enemies":"Shell Parasite","floor":18,"turns":9},{"damage":30,"enemies":"HollowMod:HuskSentry","floor":22,"turns":8},{"damage":48,"enemies":"Snake Plant","floor":27,"turns":8},{"damage":6,"enemies":"Shelled Parasite and Fungi","floor":28,"turns":13},{"damage":27,"enemies":"Centurion and Healer","floor":30,"turns":14},{"damage":56,"enemies":"Slavers","floor":31,"turns":4}],"seed_played":"6556121223128540843","potions_obtained":[{"floor":2,"key":"Fire Potion"},{"floor":8,"key":"ColorlessPotion"},{"floor":10,"key":"GamblersBrew"},{"floor":14,"key":"EssenceOfSteel"},{"floor":18,"key":"Swift Potion"},{"floor":27,"key":"SpeedPotion"},{"floor":30,"key":"Energy Potion"}],"is_trial":false,"path_per_floor":["M","M","?","?","M","R","M","E","T","M","$","M","?","M","R","B",null,"M","T","?","$","M","R","?","R","T","M","M","$","M","E"],"character_chosen":"THE_BUGKNIGHT","items_purchased":["HollowMod:CycloneSlash","HollowMod:MantisMark","Letter Opener","HollowMod:QuirrelsAssistance","Swift Strike","Regen Potion"],"campfire_rested":3,"item_purchase_floors":[11,11,11,21,21,29],"current_hp_per_floor":[66,73,73,62,68,68,73,47,47,53,53,54,54,44,66,32,64,39,39,39,39,19,41,41,63,63,27,33,48,48,0,0],"gold":42,"neow_bonus":"HUNDRED_GOLD","is_daily":false,"chose_seed":false,"campfire_upgraded":1,"win_rate":0.0,"timestamp":1613156102,"path_taken":["M","M","?","?","?","R","?","E","T","M","$","M","?","?","R","BOSS","M","?","?","?","M","R","?","R","T","M","M","$","M","E"],"items_purchased_type":["Card","Card","Relic","Card","Card","Potion"],"build_version":"2020-12-22","purchased_purges":2,"victory":false,"max_hp_per_floor":[75,75,75,75,75,75,75,75,75,75,75,75,75,75,75,75,75,75,75,75,75,75,75,75,75,75,75,75,75,75,75,75],"card_choices":[{"not_picked":["HollowMod:FastStrike","HollowMod:SoulSplash"],"picked":"HollowMod:DoubleDash","floor":1},{"not_picked":["HollowMod:FastStrike","HollowMod:CloakDash","HollowMod:VengefulSpirit"],"picked":"SKIP","floor":2},{"not_picked":["HollowMod:SoulShaman","HollowMod:GreatSlash"],"picked":"HollowMod:DoubleDash","floor":5},{"not_picked":["HollowMod:SiblingsSouls","HollowMod:ShadowDash"],"picked":"HollowMod:DoubleDash","floor":7},{"not_picked":["HollowMod:ShapeofUnn","HollowMod:NewLittleFool","HollowMod:PureVessel"],"picked":"SKIP","floor":8},{"not_picked":["HollowMod:NewGlowingWomb","HollowMod:InfectionAssault","HollowMod:LuriensSpire"],"picked":"SKIP","floor":10},{"not_picked":["HollowMod:ChannelNail","HollowMod:SharpenedNail","HollowMod:VengefulVoid"],"picked":"SKIP","floor":12},{"not_picked":["HollowMod:VengefulSpirit","HollowMod:GoodIntentions","HollowMod:SiblingsShadow"],"picked":"SKIP","floor":14},{"not_picked":["HollowMod:MawleksShell","HollowMod:InfectedCysts"],"picked":"HollowMod:LifebloodCocoon","floor":18},{"not_picked":["HollowMod:LuriensSpire","HollowMod:SiblingsSouls","HollowMod:PerfectDash"],"picked":"SKIP","floor":22},{"not_picked":["HollowMod:MothsMistake","HollowMod:WraithStrike+1"],"picked":"HollowMod:CloakDash","floor":27},{"not_picked":["HollowMod:ShadowDash","HollowMod:ChannelNail+1","HollowMod:NewLittleFool+1"],"picked":"SKIP","floor":28},{"not_picked":["HollowMod:SoulEater","HollowMod:ElderbugsWisdom","HollowMod:FastStrike"],"picked":"SKIP","floor":30}],"player_experience":1309358,"relics_obtained":[{"floor":8,"key":"The Courier"},{"floor":9,"key":"HollowMod:StagPassRelic"},{"floor":19,"key":"Unceasing Top"},{"floor":26,"key":"MealTicket"}],"event_choices":[{"damage_healed":0,"gold_gain":75,"player_choice":"Gather Gold","damage_taken":11,"max_hp_gain":0,"max_hp_loss":0,"event_name":"World of Goop","floor":4,"gold_loss":0},{"damage_healed":0,"gold_gain":0,"player_choice":"Leave","damage_taken":0,"max_hp_gain":0,"max_hp_loss":0,"event_name":"FaceTrader","floor":13,"gold_loss":0},{"damage_healed":0,"gold_gain":99,"player_choice":"Stole From Cult","damage_taken":0,"max_hp_gain":0,"max_hp_loss":0,"event_name":"Nest","floor":20,"gold_loss":0},{"cards_removed":["HollowMod:QuickDashStart"],"damage_healed":0,"gold_gain":0,"player_choice":"Purged","damage_taken":0,"max_hp_gain":0,"max_hp_loss":0,"event_name":"Purifier","floor":24,"gold_loss":0}],"is_beta":false,"boss_relics":[{"not_picked":["Ectoplasm","Runic Dome"],"picked":"HollowMod:KingsSoulRelic"}],"items_purged_floors":[11,21],"is_endless":false,"potions_floor_spawned":[2,8,10,14,18,27,30],"killed_by":"Slavers","ascension_level":10}}