{"host":"se54kqb5s2qquozl","time":1613089939,"event":{"mods":["BaseMod","Colored Powertips","Downfall","Hermit","Minty Spire (QoL Compilation)","Replay The Spire","StSLib"],"gold_per_floor":[99,112,132,145,156,156,156,168,181,200,228,248,248,29,49,149,149,149,163,163,263,283,309,309,340,340,365,265,284,284,316,328,424,424,324,399,227,243,253,168,192,192,192,67,97,28,86,129,63,89],"floor_reached":51,"language":"ENG","playtime":3308,"items_purged":["Looming Evil","hexamod:Defend","Voices"],"score":966,"play_id":"59126bf4-3f7c-4a3c-9e80-67fc67bd02cb","local_time":"20210211183219","is_ascension_mode":false,"campfire_choices":[{"data":"hexamod:ForkedFlame","floor":1.0,"key":"SMITH"},{"data":"hexamod:GiftsFromTheDead","floor":6.0,"key":"SMITH"},{"data":"hexamod:FlamesFromBeyond","floor":13.0,"key":"SMITH"},{"data":"hexamod:GiftsFromTheDead","floor":18.0,"key":"SMITH"},{"floor":26.0,"key":"REST"},{"floor":28.0,"key":"RECALL"},{"data":"hexamod:ForkedFlame","floor":35.0,"key":"SMITH"}],"circlet_count":0,"master_deck":["hexamod:Strike+1","hexamod:Strike+1","hexamod:Strike+1","hexamod:Defend","hexamod:Defend","hexamod:Defend","hexamod:Sear","hexamod:Float","hexamod:ForkedFlame+1","hexamod:Hexaguard","hexamod:SpectersWail","hexamod:GiftsFromTheDead+1","hexamod:NightmareGuise","hexamod:GhostOfSpireFuture","hexamod:GhostShield","hexamod:FlamesFromBeyond+1","hexamod:RainOfEmbers","hexamod:Incineration+1","hexamod:Incineration","hexamod:GiftsFromTheDead+1","hexamod:GhostShield+1","hexamod:WildfireWeapon","hexamod:Hexaguard","hexamod:NightmareGuise","hexamod:GhostOfSpireFuture","hexamod:SpectersWail","hexamod:FlamesFromBeyond+1","hexamod:ForkedFlame+1","hexamod:NightmareGuise+1","Replay:SS_forest_2","expansioncontent:InvincibleStrength","Replay:SS_fish_1","hexamod:FlamesFromBeyond+1","hexamod:NightmareGuise+1","hexamod:FlamesFromBeyond+1"],"relics":["hexamod:SpiritBrand","Eternal Feather","Centennial Puzzle","Gremlin Food","Velvet Choker","Iron Hammer","Bottled Tornado","PreservedInsect","Whetstone","downfall:HeartBlessingGreen","Mummified Hand","Cursed Key","downfall:HeartBlessingRed","Blue Doll","Replay:Wax Seal","BargainBundle","Replay:Rubber Ducky","Pantograph","Strawberry","Replay:Bandana","Replay:Ringing Soul"],"acts_visited":["Exordium","TheCity","TheBeyond"],"potions_floor_usage":[49,49,50],"damage_taken":[{"damage":0.0,"enemies":"2 Louse","floor":2.0,"turns":2.0},{"damage":2.0,"enemies":"Small Slimes","floor":3.0,"turns":4.0},{"damage":0.0,"enemies":"Cultist","floor":4.0,"turns":2.0},{"damage":5.0,"enemies":"Exordium Thugs","floor":5.0,"turns":4.0},{"damage":0.0,"enemies":"2 Fungi Beasts","floor":8.0,"turns":2.0},{"damage":4.0,"enemies":"Large Slime","floor":9.0,"turns":4.0},{"damage":0.0,"enemies":"Exordium Wildlife","floor":10.0,"turns":2.0},{"damage":5.0,"enemies":"Lagavulin","floor":11.0,"turns":6.0},{"damage":1.0,"enemies":"3 Louse","floor":12.0,"turns":3.0},{"damage":5.0,"enemies":"downfall:FleeingMerchant","floor":14.0,"turns":4.0},{"damage":0.0,"enemies":"Gremlin Gang","floor":15.0,"turns":4.0},{"damage":5.0,"enemies":"DF_ARCHETYPE_STREAMLINE","floor":16.0,"turns":8.0},{"damage":0.0,"enemies":"Spheric Guardian","floor":19.0,"turns":3.0},{"damage":3.0,"enemies":"Chosen","floor":22.0,"turns":3.0},{"damage":5.0,"enemies":"Gremlin Leader","floor":23.0,"turns":7.0},{"damage":22.0,"enemies":"Slavers","floor":25.0,"turns":5.0},{"damage":0.0,"enemies":"Replay:Snechameleon","floor":27.0,"turns":3.0},{"damage":2.0,"enemies":"Snake Plant","floor":29.0,"turns":3.0},{"damage":2.0,"enemies":"Gremlin Leader","floor":31.0,"turns":4.0},{"damage":0.0,"enemies":"3 Cultists","floor":32.0,"turns":3.0},{"damage":24.0,"enemies":"IC_MUSHROOM_ARCHETYPE","floor":33.0,"turns":6.0},{"damage":0.0,"enemies":"downfall:FleeingMerchant","floor":37.0,"turns":4.0},{"damage":0.0,"enemies":"3 Shapes","floor":38.0,"turns":3.0},{"damage":0.0,"enemies":"Orb Walker","floor":39.0,"turns":3.0},{"damage":0.0,"enemies":"downfall:FleeingMerchant","floor":40.0,"turns":3.0},{"damage":9,"enemies":"Nemesis","floor":45,"turns":7},{"damage":0,"enemies":"Transient","floor":46,"turns":5},{"damage":8,"enemies":"Giant Head","floor":47,"turns":6},{"damage":0,"enemies":"4 Shapes","floor":48,"turns":4},{"damage":6,"enemies":"Writhing Mass","floor":49,"turns":6},{"damage":17,"enemies":"SI_POISON_ARCHETYPE","floor":50,"turns":6}],"seed_played":"-6384111290515437665","potions_obtained":[{"floor":4.0,"key":"SkillPotion"},{"floor":5.0,"key":"hexamod:SoulburnPotion"},{"floor":9.0,"key":"Venom Potion"},{"floor":10.0,"key":"Guardian:BlockOnCardUsePotion"},{"floor":25.0,"key":"ColorlessPotion"},{"floor":33.0,"key":"hexamod:EctoCoolerPotion"},{"floor":36.0,"key":"Flashbang"},{"floor":39.0,"key":"Strength Potion"},{"floor":47,"key":"Regen Potion"},{"floor":49,"key":"PowerPotion"}],"is_trial":false,"path_per_floor":["R","M","M","M","M","R","T","M","M","M","E","M","R","$","M","B",null,"R","M","?","?","M","E","T","E","R","E","R","M","?","E","M","B",null,"R","?","$","M","M","$","T","?","?","$","E","M","E","M","M","B",null],"character_chosen":"THE_SPIRIT","items_purchased":["Gremlin Food","hexamod:Incineration+1","Replay:Wax Seal","BargainBundle","Replay:Rubber Ducky","Pantograph"],"campfire_rested":1,"item_purchase_floors":[14,14,37,40,40,40],"current_hp_per_floor":[63,63,61,61,56,56,56,56,52,52,47,46,55,50,50,45,63,63,63,52,52,49,44,44,22,57,57,68,66,66,64,64,40,68,68,68,68,68,68,68,75,75,65,65,56,56,51,54,66,67],"gold":89,"neow_bonus":"THREE_RARE_CARDS","is_daily":false,"chose_seed":false,"campfire_upgraded":5,"win_rate":0.0,"timestamp":1613089939,"path_taken":["R","M","M","M","M","R","T","M","M","M","E","M","R","$","M","BOSS","R","M","?","?","M","E","T","E","R","E","R","M","?","E","M","BOSS","R","?","$","M","M","$","T","?","?","$","E","M","E","M","M","BOSS"],"items_purchased_type":["Relic","Card","Relic","Relic","Relic","Relic"],"build_version":"2020-12-22","purchased_purges":3,"victory":true,"max_hp_per_floor":[63,63,63,63,63,63,63,63,63,63,63,63,63,63,63,63,63,63,63,68,68,68,68,68,68,68,68,68,68,68,68,68,68,68,68,68,68,68,68,68,75,75,75,75,75,75,78,81,84,84],"card_choices":[{"not_picked":["hexamod:ParanormalForm","hexamod:WildfireWeapon"],"picked":"hexamod:ForkedFlame","floor":0.0},{"not_picked":["hexamod:SkipABeat","hexamod:NightmareGuise"],"picked":"hexamod:Hexaguard","floor":2.0},{"not_picked":["hexamod:BacktrackSmack","hexamod:ThermalTransfer"],"picked":"hexamod:SpectersWail","floor":3.0},{"not_picked":["hexamod:SkipABeat","hexamod:Hexaguard"],"picked":"hexamod:GiftsFromTheDead","floor":4.0},{"not_picked":["hexamod:FastForward","hexamod:EtherealExpedition"],"picked":"hexamod:NightmareGuise","floor":5.0},{"not_picked":["hexamod:SkipABeat","hexamod:SwordOfDarkness","hexamod:BurningTouch"],"picked":"SKIP","floor":8.0},{"not_picked":["hexamod:ShieldOfDarkness","hexamod:HexaLevel"],"picked":"hexamod:GhostOfSpireFuture","floor":9.0},{"not_picked":["hexamod:FastForward","hexamod:EtherealExpedition"],"picked":"hexamod:GhostShield","floor":10.0},{"not_picked":["hexamod:HauntingEcho","hexamod:GhostLash","hexamod:FastForward"],"picked":"SKIP","floor":11.0},{"not_picked":["hexamod:Hexaguard","hexamod:Again"],"picked":"hexamod:FlamesFromBeyond","floor":12.0},{"not_picked":["hexamod:HauntingEcho","hexamod:Firestarter"],"picked":"hexamod:RainOfEmbers","floor":14.0},{"not_picked":["hexamod:InspiringFlames","hexamod:AdvancingGuard"],"picked":"hexamod:Incineration","floor":15.0},{"not_picked":["hexamod:HexaLevel","hexamod:UnleashSpirits"],"picked":"hexamod:GiftsFromTheDead","floor":16.0},{"not_picked":["hexamod:EmpoweredFlame","hexamod:FourthSeal","hexamod:BacktrackSmack+1"],"picked":"SKIP","floor":19.0},{"not_picked":["hexamod:NecessarySacrifice+1","hexamod:StepThrough"],"picked":"hexamod:GhostShield+1","floor":22.0},{"not_picked":["hexamod:PhantomCloak","hexamod:HauntingEcho"],"picked":"hexamod:WildfireWeapon","floor":23.0},{"not_picked":["hexamod:ThermalTransfer","hexamod:HeatMetal"],"picked":"hexamod:Hexaguard","floor":25.0},{"not_picked":["hexamod:SkipABeat","hexamod:GiftsFromTheDead"],"picked":"hexamod:NightmareGuise","floor":27.0},{"not_picked":["hexamod:HeatCrush","hexamod:HeatMetal"],"picked":"hexamod:GhostOfSpireFuture","floor":29.0},{"not_picked":["hexamod:ExtraCrispy+1","hexamod:RainOfEmbers"],"picked":"hexamod:SpectersWail","floor":31.0},{"not_picked":["hexamod:BacktrackSmack","hexamod:SpectersWail+1"],"picked":"hexamod:FlamesFromBeyond+1","floor":32.0},{"not_picked":["hexamod:SearingWound","hexamod:TimeWarp"],"picked":"hexamod:ForkedFlame","floor":33.0},{"not_picked":["hexamod:HeatShield+1","hexamod:RainOfEmbers","hexamod:SearingWound"],"picked":"SKIP","floor":37.0},{"not_picked":["hexamod:EtherealExpedition","hexamod:BacktrackSmack","hexamod:NightmareStrike"],"picked":"SKIP","floor":38.0},{"not_picked":["hexamod:Hexaguard+1","hexamod:BurningTouch+1"],"picked":"hexamod:NightmareGuise+1","floor":39.0},{"not_picked":["hexamod:BurningTouch+1","hexamod:TimeWarp","hexamod:HeatShield+1"],"picked":"SKIP","floor":40.0},{"not_picked":["expansioncontent:GuardianWhirl","Replay:SS_fish_1"],"picked":"Replay:SS_forest_2","floor":43},{"not_picked":["expansioncontent:GuardianWhirl","expansioncontent:YouAreMine"],"picked":"expansioncontent:InvincibleStrength","floor":43},{"not_picked":["expansioncontent:LastStand","expansioncontent:HyperBeam"],"picked":"Replay:SS_fish_1","floor":43},{"not_picked":["hexamod:BurningTouch","hexamod:EmpoweredFlame","hexamod:Firestarter"],"picked":"SKIP","floor":45},{"not_picked":["hexamod:Again","hexamod:SkipABeat+1","hexamod:NightmareStrike"],"picked":"SKIP","floor":46},{"not_picked":["hexamod:NightmareGuise","hexamod:RetreatToShadows+1"],"picked":"hexamod:FlamesFromBeyond+1","floor":47},{"not_picked":["hexamod:AdvancingGuard+1","hexamod:SecondSeal"],"picked":"hexamod:NightmareGuise+1","floor":48},{"not_picked":["hexamod:NightmareGuise","hexamod:SwordOfDarkness+1"],"picked":"hexamod:FlamesFromBeyond+1","floor":49}],"player_experience":50956,"relics_obtained":[{"floor":7.0,"key":"Eternal Feather"},{"floor":11.0,"key":"Centennial Puzzle"},{"floor":23.0,"key":"Iron Hammer"},{"floor":24.0,"key":"Bottled Tornado"},{"floor":25.0,"key":"PreservedInsect"},{"floor":27.0,"key":"Whetstone"},{"floor":31.0,"key":"Mummified Hand"},{"floor":36.0,"key":"Blue Doll"},{"floor":41.0,"key":"Strawberry"},{"floor":45,"key":"Replay:Bandana"},{"floor":47,"key":"Replay:Ringing Soul"}],"event_choices":[],"is_beta":false,"boss_relics":[{"not_picked":["Runic Pyramid","ReplayTheSpireMod:DimensionalGlitch"],"picked":"Velvet Choker"},{"not_picked":["Philosopher\u0027s Stone","Coffee Dripper"],"picked":"Cursed Key"}],"items_purged_floors":[37,40,44],"is_endless":false,"potions_floor_spawned":[4,5,9,10,15,19,25,29,33,39,45,47,49],"ascension_level":0}}