{"host":"Teixeira","time":1613160640,"event":{"mods":["2.2 Compatiblity","AchievementEnabler","Aspiration","BaseMod","Better Match","Better Note","Better Sensory Stone","Better Skull","Better Third Choice","Bossed Relics","Colored Map","Colored Powertips","Downfall","Hermit","Hubris","Infinite Spire","Minty Spire (QoL Compilation)","Monster B Gone","Permanent Neow","Quick Restart","Rare Cards Sparkle","Relic Filter Mod","Replay The Spire","Spicy Shops","StSLib","SuperFastMode","Wide Potions"],"gold_per_floor":[213,231,252,275,225,263,263,294,294,334,334,62,75,88,88,216,216,237,257,257,257,281,322,31,65,65,109,132,132,150,150,150,150,150,276,276,299,299,320,34,34,74,74,110,188,213,234,278,278,309,309,433,433,452,452,452,467,478,518,522,555,555,555,565,565,582,592,592,702,702,711,711,184,184,198,198,216,221,245,266,266,290,285,358,451,521,521,509,514,27,27,27,31,41,58,95,107,119,123,137,144,156,234,246,275,362,374,404,416,457,469,507,545,611,623,278,278,295,295,455,455,480,395,436,535,535,602,602,645,713,746,278,309,104,222,222,420,420,451,476,476,476,550,636,712,790,817,894,982,1002,1049,1049,1049,1049,1159,1401,1401,1401],"floor_reached":157,"language":"ENG","playtime":8174,"items_purged":["Strike_G","Strike_G","Deadly Poison","Defend_G","Strike_G","Defend_G","Defend_G","Survivor+1","Defend_G+1","Strike_G+1","Defend_G+1"],"score":3941,"play_id":"070ef32b-9a1c-419c-9135-2d576d8edea8","local_time":"20210212171040","is_ascension_mode":true,"campfire_choices":[{"data":"Terror","floor":11.0,"key":"SMITH"},{"data":"Poisoned Stab","floor":15.0,"key":"SMITH"},{"data":"Envenom","floor":34.0,"key":"SMITH"},{"data":"DeusExMachina","floor":43.0,"key":"SMITH"},{"data":"Neutralize","floor":49.0,"key":"SMITH"},{"floor":51.0,"key":"DIG"},{"data":"Deflect","floor":63.0,"key":"SMITH"},{"data":"Backflip","floor":65.0,"key":"SMITH"},{"data":"Crippling Poison","floor":68.0,"key":"SMITH"},{"data":"Survivor","floor":76.0,"key":"SMITH"},{"data":"A Thousand Cuts","floor":102.0,"key":"SMITH"},{"data":"Masterful Stab","floor":111.0,"key":"SMITH"},{"data":"Deadly Poison","floor":119.0,"key":"SMITH"},{"floor":136,"key":"DIG"}],"circlet_count":0,"master_deck":["Neutralize+1","Terror+1","Poisoned Stab+1","Deflect+1","Quick Slash+1","Crippling Poison+1","DeusExMachina+1","Deadly Poison+1","Backflip+1","Envenom+1","Backflip+1","Masterful Stab+1","Deflect+1","Toxin Wave+1","Deflect+1","Blade Dance+1","Blade Dance+1","Deadly Poison+1","Blade Dance+1","A Thousand Cuts+1","A Thousand Cuts"],"relics":["Ring of the Snake","Golden Idol","Potion Belt","Centennial Puzzle","Meat on the Bone","hubris:Zylophone","Singing Bowl","Omamori","Coffee Dripper","Akabeko","Juzu Bracelet","BargainBundle","Bag of Preparation","Frozen Eye","Nunchaku","Toxic Egg 2","FossilizedHelix","Bag of Marbles","Black Star","Kunai","ReplayTheSpireMod:CursedCoin","PreservedInsect","Blue Doll","Gremlin Food","Orichalcum","Regal Pillow","Whetstone","Ornamental Fan","CaptainsWheel","hubris:AncientText","infinitespire:CheckeredPen","infinitespire:PuzzleCube","hubris:MysteriousPyramids","SacredBark","Mercury Hourglass","Astrolabe","hubris:Towel","Vajra","aspiration:VileToxins","Smiling Mask","Quantum Egg","Lantern","aspiration:FetidBarrel","Toy Ornithopter","infinitespire:Cupcake","Thread and Needle","ReplayFunnel","TheAbacus","Boot","Durian","Replay:Wax Seal","infinitespire:Bottled Soul","infinitespire:ShieldingShard","Replay:Rubber Ducky","Replay:Kaleidoscope","Dream Catcher","hubris:MedicalManual","ReplayTheSpireMod:Ninjato","aspiration:RitualDagger","Garlic","infinitespire:Broken Mirror","aspiration:StickyExplosives_weak","War Paint","MawBank","Darkstone Periapt","Replay:Baseball","Ginger","Bottled Flame","Tiny House","Lizard Tail","Onion Ring","HornCleat","hubris:TenFootPole","hubris:SlimyHat","Replay:Bandana","hubris:DisguiseKit","StrikeDummy","Vampiric Spirits","hubris:Backtick","Snake Skull","Tiny Chest","aspiration:TomeofQuesting","Letter Opener","aspiration:HatOfInfinitePower","hubris:ScarierMask","hubris:TinFlute","Pen Nib","Bottled Tornado","hubris:MobiusCoin","infinitespire:Lucky Rock","Medical Kit","Pear","Pet Ghost","hubris:ToyBattleship","aspiration:Lifesprig","hubris:Metronome","Paper Crane","infinitespire:EmpoweringShard","Oddly Smooth Stone","Anchor"],"acts_visited":["Exordium","TheCity","TheBeyond","Exordium","TheCity","TheBeyond","Exordium","TheCity","TheBeyond","Exordium"],"potions_floor_usage":[],"damage_taken":[{"damage":0.0,"enemies":"Small Slimes","floor":1.0,"turns":3.0},{"damage":2.0,"enemies":"2 Louse","floor":2.0,"turns":3.0},{"damage":0.0,"enemies":"Cultist","floor":3.0,"turns":3.0},{"damage":3.0,"enemies":"Looter","floor":4.0,"turns":4.0},{"damage":6.0,"enemies":"Replay:BlueRogue","floor":6.0,"turns":5.0},{"damage":16.0,"enemies":"Gremlin Nob","floor":8.0,"turns":4.0},{"damage":18.0,"enemies":"Lagavulin","floor":10.0,"turns":6.0},{"damage":0.0,"enemies":"Gremlin Gang","floor":13.0,"turns":5.0},{"damage":0.0,"enemies":"3 Louse","floor":14.0,"turns":3.0},{"damage":11.0,"enemies":"Hexaghost","floor":16.0,"turns":7.0},{"damage":0.0,"enemies":"Chosen","floor":18.0,"turns":3.0},{"damage":0.0,"enemies":"3 Byrds","floor":19.0,"turns":5.0},{"damage":7.0,"enemies":"Shelled Parasite and Fungi","floor":22.0,"turns":4.0},{"damage":4.0,"enemies":"Replay:Snechameleon","floor":23.0,"turns":4.0},{"damage":17.0,"enemies":"Nightmare","floor":25.0,"turns":4.0},{"damage":2.0,"enemies":"Book of Stabbing","floor":27.0,"turns":3.0},{"damage":10.0,"enemies":"Snake Plant","floor":28.0,"turns":3.0},{"damage":0.0,"enemies":"Cultist and Chosen","floor":30.0,"turns":3.0},{"damage":0.0,"enemies":"Automaton","floor":35.0,"turns":8.0},{"damage":0.0,"enemies":"Orb Walker","floor":37.0,"turns":2.0},{"damage":8.0,"enemies":"3 Darklings","floor":39.0,"turns":5.0},{"damage":16.0,"enemies":"Giant Head","floor":42.0,"turns":7.0},{"damage":0.0,"enemies":"Reptomancer","floor":44.0,"turns":3.0},{"damage":0.0,"enemies":"Transient","floor":46.0,"turns":5.0},{"damage":15.0,"enemies":"Writhing Mass","floor":47.0,"turns":4.0},{"damage":0.0,"enemies":"Nemesis","floor":48.0,"turns":5.0},{"damage":0.0,"enemies":"Giant Head","floor":50.0,"turns":6.0},{"damage":0.0,"enemies":"infinitespire:MassOfShapes","floor":52.0,"turns":1.0},{"damage":0.0,"enemies":"2 Louse","floor":54.0,"turns":1.0},{"damage":0.0,"enemies":"Small Slimes","floor":57.0,"turns":2.0},{"damage":0.0,"enemies":"Jaw Worm","floor":58.0,"turns":1.0},{"damage":0.0,"enemies":"Lagavulin","floor":59.0,"turns":3.0},{"damage":0.0,"enemies":"Blue Slaver","floor":60.0,"turns":2.0},{"damage":0.0,"enemies":"Gremlin Nob","floor":61.0,"turns":1.0},{"damage":0.0,"enemies":"Exordium Thugs","floor":64.0,"turns":2.0},{"damage":0.0,"enemies":"3 Sentries","floor":66.0,"turns":2.0},{"damage":0.0,"enemies":"Large Slime","floor":67.0,"turns":1.0},{"damage":0.0,"enemies":"Slime Boss","floor":69.0,"turns":2.0},{"damage":0.0,"enemies":"2 Thieves","floor":71.0,"turns":2.0},{"damage":0.0,"enemies":"Chosen","floor":75.0,"turns":2.0},{"damage":0.0,"enemies":"Book of Stabbing","floor":77.0,"turns":2.0},{"damage":0.0,"enemies":"Shelled Parasite and Fungi","floor":78.0,"turns":2.0},{"damage":0.0,"enemies":"Replay:Snechameleon","floor":80.0,"turns":2.0},{"damage":0.0,"enemies":"Slavers","floor":82.0,"turns":2.0},{"damage":0.0,"enemies":"Centurion and Healer","floor":83.0,"turns":2.0},{"damage":0.0,"enemies":"Colosseum Slavers","floor":85.0,"turns":1.0},{"damage":0.0,"enemies":"Colosseum Nobs","floor":85.0,"turns":2.0},{"damage":0.0,"enemies":"Champ","floor":86.0,"turns":4.0},{"damage":0.0,"enemies":"3 Darklings","floor":88.0,"turns":2.0},{"damage":0.0,"enemies":"3 Shapes","floor":89.0,"turns":1.0},{"damage":1.0,"enemies":"Giant Head","floor":93.0,"turns":3.0},{"damage":0.0,"enemies":"Writhing Mass","floor":94.0,"turns":2.0},{"damage":0.0,"enemies":"R_Hoarder","floor":95.0,"turns":3.0},{"damage":0.0,"enemies":"4 Shapes","floor":99.0,"turns":2.0},{"damage":0.0,"enemies":"Nemesis","floor":100.0,"turns":3.0},{"damage":0.0,"enemies":"3 Darklings","floor":101.0,"turns":2.0},{"damage":0.0,"enemies":"Replay:Hell Engine","floor":103.0,"turns":4.0},{"damage":0.0,"enemies":"2 Louse","floor":105.0,"turns":1.0},{"damage":0.0,"enemies":"Cultist","floor":108.0,"turns":1.0},{"damage":0.0,"enemies":"Replay:BlueRogue","floor":110.0,"turns":1.0},{"damage":0.0,"enemies":"3 Sentries","floor":112.0,"turns":1.0},{"damage":0.0,"enemies":"Replay:BlueRogue","floor":114.0,"turns":1.0},{"damage":0.0,"enemies":"Small Slimes","floor":118.0,"turns":1.0},{"damage":0.0,"enemies":"The Guardian","floor":120.0,"turns":3.0},{"damage":0.0,"enemies":"Spheric Guardian","floor":122.0,"turns":1.0},{"damage":0.0,"enemies":"3 Byrds","floor":124.0,"turns":2.0},{"damage":0.0,"enemies":"Replay:Snechameleon","floor":127.0,"turns":1.0},{"damage":0.0,"enemies":"Centurion and Healer","floor":129.0,"turns":1.0},{"damage":0.0,"enemies":"Slavers","floor":131.0,"turns":1.0},{"damage":0.0,"enemies":"Cultist and Chosen","floor":133.0,"turns":1.0},{"damage":0,"enemies":"Replay:Snechameleon","floor":135,"turns":1},{"damage":0,"enemies":"Collector","floor":137,"turns":2},{"damage":0,"enemies":"3 Shapes","floor":139,"turns":1},{"damage":0,"enemies":"Orb Walker","floor":143,"turns":1},{"damage":0,"enemies":"Giant Head","floor":144,"turns":2},{"damage":0,"enemies":"Maw","floor":145,"turns":2},{"damage":0,"enemies":"R_Hoarder","floor":146,"turns":2},{"damage":0,"enemies":"Jaw Worm Horde","floor":148,"turns":1},{"damage":0,"enemies":"Transient","floor":149,"turns":4},{"damage":0,"enemies":"3 Darklings","floor":150,"turns":1},{"damage":0,"enemies":"Writhing Mass","floor":151,"turns":2},{"damage":0,"enemies":"Awakened One","floor":156,"turns":4}],"seed_played":"-3352652084840548135","potions_obtained":[{"floor":1.0,"key":"Fire Potion"},{"floor":3.0,"key":"LiquidMemories"},{"floor":10.0,"key":"SpeedPotion"},{"floor":13.0,"key":"Swift Potion"},{"floor":14.0,"key":"Languid Potion"},{"floor":16.0,"key":"LiquidMemories"},{"floor":19.0,"key":"AttackPotion"},{"floor":25.0,"key":"ColorlessPotion"},{"floor":30.0,"key":"BlessingOfTheForge"},{"floor":35.0,"key":"hexamod:SoulburnPotion"},{"floor":42.0,"key":"Strength Potion"},{"floor":46.0,"key":"LiquidMemories"},{"floor":47.0,"key":"Adrenaline Potion"},{"floor":58.0,"key":"hexamod:SoulburnPotion"},{"floor":59.0,"key":"ColorlessPotion"},{"floor":60.0,"key":"Ancient Potion"},{"floor":81.0,"key":"CultistPotion"},{"floor":120.0,"key":"EntropicBrew"}],"is_trial":false,"path_per_floor":["M","M","M","M","?","E","?","E","T","E","R","$","M","M","R","B",null,"M","M","?","T","M","E","$","NM","T","E","M","?","M","PTL","PTL","?","R","B",null,"M","AVR","M","$","?","E","R","E","T","M","M","E","R","E","R_BF","B",null,"M","AVR","?","M","M","E","M","E","T","R","M","R","E","M","R","B",null,"M","?","$","?","M","R","E","M","T","E","?","E","M","?","R_BF","B",null,"M","M","$","?","?","E","M","E","T","?","$","M","E","M","R","B",null,"M","?","AVR","M","?","E","R","E","T","E","?","$","?","M","R","B",null,"M","?","M","?","?","E","AVR","M","T","E","$","M","$","E","R_BF","B",null,"M","T","?","?","M","E","M","E","T","M","M","M","M","?","PTL","PTL","R_BF","B",null],"character_chosen":"THE_SILENT","items_purchased":["Deadly Poison","Omamori","BargainBundle","Bag of Preparation","Frozen Eye","PowerPotion","Swift Potion","ReplayTheSpireMod:CursedCoin","PreservedInsect","Blue Doll","Thread and Needle","Deadly Poison+1","ReplayFunnel","TheAbacus","Garlic","infinitespire:Broken Mirror","Vampiric Spirits","hubris:MobiusCoin","infinitespire:Lucky Rock","Medical Kit"],"campfire_rested":0,"item_purchase_floors":[12,12,24,24,24,24,24,40,40,40,73,73,73,73,90,90,116,132,132,134],"current_hp_per_floor":[70,68,68,65,65,59,51,35,35,31,31,31,45,45,45,46,74,76,78,78,78,73,71,71,56,56,54,44,44,44,44,44,44,44,46,86,88,88,82,82,90,74,74,76,76,78,65,67,67,67,67,69,100,102,102,102,104,106,108,110,110,110,110,110,110,112,114,114,116,116,118,118,118,118,120,120,127,129,129,131,131,133,135,137,137,141,141,143,145,145,145,138,139,141,144,144,144,144,146,148,150,150,152,152,154,139,139,141,141,143,143,145,145,147,147,147,147,160,160,166,166,168,168,170,170,154,177,177,179,179,181,181,183,183,195,195,197,197,199,199,203,203,205,207,209,211,211,213,215,217,219,219,219,219,219,219,219,219],"gold":1401,"neow_bonus":"HUNDRED_GOLD","is_daily":false,"chose_seed":false,"campfire_upgraded":12,"win_rate":0.0,"timestamp":1613160640,"path_taken":["M","M","M","M","?","E","?","E","T","E","R","$","M","M","R","BOSS","M","M","?","?","M","E","$","NM","T","E","M","?","M","PTL","PTL","?","R","BOSS","M","AVR","M","$","?","E","R","E","T","M","M","E","R","E","R_BF","BOSS","M","AVR","?","M","M","E","M","E","T","R","M","R","E","M","R","BOSS","M","?","$","?","M","R","E","M","T","E","?","E","M","?","R_BF","BOSS","M","M","$","?","?","E","M","E","T","?","?","M","E","M","R","BOSS","M","?","AVR","M","?","E","R","E","T","E","?","?","?","M","R","BOSS","M","?","M","?","?","E","AVR","M","T","E","?","M","$","E","R_BF","BOSS","M","?","?","?","M","E","M","E","T","M","M","M","M","?","PTL","PTL","R_BF","BOSS"],"items_purchased_type":["Card","Relic","Relic","Relic","Relic","Potion","Potion","Relic","Relic","Relic","Relic","Card","Relic","Relic","Relic","Relic","Relic","Relic","Relic","Relic"],"build_version":"2020-11-17","purchased_purges":11,"victory":false,"max_hp_per_floor":[70,70,70,70,70,70,70,70,70,72,72,72,74,74,74,74,74,76,78,78,78,80,82,82,84,84,84,84,84,84,84,84,84,84,86,86,88,88,90,90,90,90,90,92,92,94,96,98,98,98,98,100,100,102,102,102,104,106,108,110,110,110,110,110,110,112,114,114,116,116,118,118,118,118,120,120,127,129,129,131,131,133,135,137,137,141,141,143,145,145,145,138,140,142,144,144,144,144,146,148,150,150,152,152,154,154,154,156,156,158,158,160,160,162,162,162,162,164,164,166,166,168,168,170,170,175,177,177,179,179,181,181,183,183,195,195,197,197,199,199,203,203,205,207,209,211,211,213,215,217,219,219,219,219,219,219,219,219],"card_choices":[{"not_picked":["Accuracy","Caltrops"],"picked":"Terror","floor":1.0},{"not_picked":["Deflect","Hidden Blade"],"picked":"Poisoned Stab","floor":2.0},{"not_picked":["Well Laid Plans","Flechettes"],"picked":"Deflect","floor":3.0},{"not_picked":["Slice","Deadly Poison"],"picked":"Quick Slash","floor":4.0},{"not_picked":["hubris:SlightOfHand","Malaise"],"picked":"Crippling Poison","floor":6.0},{"not_picked":["Sucker Punch","Caltrops","Flying Knee"],"picked":"SKIP","floor":8.0},{"not_picked":["Crippling Poison","Bane","Accuracy"],"picked":"Singing Bowl","floor":10.0},{"not_picked":["ReplayTheSpireMod:Exploit Weakness","Backstab","Acrobatics"],"picked":"Singing Bowl","floor":13.0},{"not_picked":["Bane","Deflect"],"picked":"Backflip","floor":14.0},{"not_picked":["infinitespire:Neurotoxin","Corpse Explosion"],"picked":"Envenom","floor":16.0},{"not_picked":["Dagger Spray","hubris:SlightOfHand+1","Bane"],"picked":"Singing Bowl","floor":18.0},{"not_picked":["Flying Knee","Infinite Blades+1","Backflip"],"picked":"Singing Bowl","floor":19.0},{"not_picked":["Bane","Infinite Blades+1","PiercingWail"],"picked":"Singing Bowl","floor":22.0},{"not_picked":["hubris:Sniper","hubris:TrickCloak","Finisher"],"picked":"Singing Bowl","floor":23.0},{"not_picked":["ReplayTheSpireMod:Shiv Toss+1","Backflip","Hidden Blade"],"picked":"Singing Bowl","floor":25.0},{"not_picked":["Dagger Throw","Dodge and Roll+1"],"picked":"Backflip+1","floor":27.0},{"not_picked":["Glass Knife","Dagger Spray"],"picked":"Masterful Stab","floor":28.0},{"not_picked":["Underhanded Strike","Cloak And Dagger+1"],"picked":"Deflect+1","floor":30.0},{"not_picked":["infinitespire:Neurotoxin+1","Wraith Form v2","Die Die Die"],"picked":"Singing Bowl","floor":35.0},{"not_picked":["Dodge and Roll+1","hubris:SlightOfHand+1","Prepared+1"],"picked":"Singing Bowl","floor":37.0},{"not_picked":["Acrobatics+1","Endless Agony+1","Slice"],"picked":"Singing Bowl","floor":39.0},{"not_picked":["Adrenaline+1","Glass Knife"],"picked":"Toxin Wave+1","floor":42.0},{"not_picked":["Dagger Spray+1","Reflex+1","ReplayTheSpireMod:The Works+1"],"picked":"Singing Bowl","floor":44.0},{"not_picked":["Backflip+1","Finisher+1","Prepared+1"],"picked":"Singing Bowl","floor":46.0},{"not_picked":["Acrobatics+1","Quick Slash+1","Accuracy+1"],"picked":"Singing Bowl","floor":47.0},{"not_picked":["Poison Darts+1","PiercingWail+1","Blur+1"],"picked":"Singing Bowl","floor":48.0},{"not_picked":["ReplayTheSpireMod:Scrap Shanks+1","Backstab+1"],"picked":"Deflect+1","floor":50.0},{"not_picked":["Bullet Time+1","aspiration:Lunge","Replay:Bag of Tricks+1"],"picked":"Singing Bowl","floor":52.0},{"not_picked":["Noxious Fumes","hubris:TrickCloak+1","Dagger Throw"],"picked":"Singing Bowl","floor":54.0},{"not_picked":["Accuracy","Acrobatics+1","Dagger Spray"],"picked":"Singing Bowl","floor":57.0},{"not_picked":["hubris:SlightOfHand+1","Underhanded Strike","Acrobatics+1"],"picked":"Singing Bowl","floor":58.0},{"not_picked":["Deadly Poison+1","Leg Sweep+1","Dagger Spray"],"picked":"Singing Bowl","floor":59.0},{"not_picked":["Underhanded Strike","Prepared+1","Hidden Blade+1"],"picked":"Singing Bowl","floor":60.0},{"not_picked":["Blur+1","Deadly Poison+1"],"picked":"Blade Dance+1","floor":61.0},{"not_picked":["Noxious Fumes","Distraction+1"],"picked":"Blade Dance+1","floor":64.0},{"not_picked":["hubris:Sniper+1","Replay:Poison Smokescreen+1","Backflip+1"],"picked":"Singing Bowl","floor":66.0},{"not_picked":["Sneak Up+1","Outmaneuver+1","Fluid Movement"],"picked":"Singing Bowl","floor":67.0},{"not_picked":["Glass Knife","Unload","Atom Bomb"],"picked":"Singing Bowl","floor":69.0},{"not_picked":["Bane","Dagger Spray","Underhanded Strike"],"picked":"Singing Bowl","floor":71.0},{"not_picked":["Sneak Up+1","Acrobatics+1","Masterful Stab"],"picked":"Singing Bowl","floor":75.0},{"not_picked":["hubris:SlightOfHand+1","Caltrops+1","Dagger Throw"],"picked":"Singing Bowl","floor":77.0},{"not_picked":["Dash+1","Riddle With Holes","Fluid Movement"],"picked":"Singing Bowl","floor":78.0},{"not_picked":["hubris:SlightOfHand+1","Underhanded Strike","Distraction+1"],"picked":"Singing Bowl","floor":80.0},{"not_picked":["hubris:Sniper+1","Infinite Blades","Acrobatics+1"],"picked":"Singing Bowl","floor":82.0},{"not_picked":["Toxin Wave+1","Phantasmal Killer+1","Hidden Blade+1"],"picked":"Singing Bowl","floor":83.0},{"not_picked":["Bane+1","Eviscerate"],"picked":"Blade Dance+1","floor":84.0},{"not_picked":["Footwork","Hidden Blade+1","Endless Agony"],"picked":"Singing Bowl","floor":84.0},{"not_picked":["hubris:SlightOfHand+1","Bane"],"picked":"A Thousand Cuts","floor":85.0},{"not_picked":["infinitespire:Collect","infinitespire:Punishment","infinitespire:TheBestDefense"],"picked":"Singing Bowl","floor":86.0},{"not_picked":["Malaise+1","Night Terror+1","Phantasmal Killer+1"],"picked":"Singing Bowl","floor":86.0},{"not_picked":["Prepared+1","Tactician+1","Crippling Poison+1"],"picked":"Singing Bowl","floor":88.0},{"not_picked":["PiercingWail+1","Bane","Die Die Die"],"picked":"Singing Bowl","floor":89.0},{"not_picked":["Toxin Wave+1","Quick Slash","Prepared+1"],"picked":"Singing Bowl","floor":93.0},{"not_picked":["Outmaneuver+1","Flying Knee","Quick Slash"],"picked":"Singing Bowl","floor":94.0},{"not_picked":["Deflect+1","Flying Knee+1","Tactician+1"],"picked":"Singing Bowl","floor":95.0},{"not_picked":["Dagger Spray","Envenom","Distraction+1"],"picked":"Singing Bowl","floor":99.0},{"not_picked":["Backflip+1","Sucker Punch+1","Deflect+1"],"picked":"Singing Bowl","floor":100.0},{"not_picked":["Outmaneuver+1","Heel Hook","Slice"],"picked":"Singing Bowl","floor":101.0},{"not_picked":["Glass Knife","Grand Finale","Bullet Time+1"],"picked":"Singing Bowl","floor":103.0},{"not_picked":["Outmaneuver+1","Sucker Punch","Catalyst+1"],"picked":"Singing Bowl","floor":105.0},{"not_picked":["Cloak And Dagger+1","Outmaneuver+1","Dodge and Roll+1"],"picked":"Singing Bowl","floor":108.0},{"not_picked":["Accuracy","Catalyst+1","Malaise+1"],"picked":"Singing Bowl","floor":110.0},{"not_picked":["Backflip+1","Distraction+1","Slice"],"picked":"Singing Bowl","floor":112.0},{"not_picked":["Accuracy","Dodge and Roll+1","Dagger Spray"],"picked":"Singing Bowl","floor":114.0},{"not_picked":["Outmaneuver+1","Underhanded Strike","Hidden Blade+1","Indignation"],"picked":"Singing Bowl","floor":118.0},{"not_picked":["Replay:Bag of Tricks+1","Corpse Explosion+1","Storm of Steel+1","Wish"],"picked":"Singing Bowl","floor":120.0},{"not_picked":["hubris:Counter","Deadly Poison+1","Dagger Spray","EmptyBody"],"picked":"Singing Bowl","floor":122.0},{"not_picked":["Expertise+1","Prepared+1","Deflect+1","Protect"],"picked":"Singing Bowl","floor":124.0},{"not_picked":["Prepared+1","hubris:TrickCloak+1","Quick Slash","Replay:AllIn"],"picked":"Singing Bowl","floor":127.0},{"not_picked":["Concentrate+1","Deflect+1","Draining Mist+1","Replay:Hum"],"picked":"Singing Bowl","floor":129.0},{"not_picked":["Dodge and Roll+1","Envenom","Outmaneuver+1","Halt"],"picked":"Singing Bowl","floor":131.0},{"not_picked":["Deadly Poison+1","Infinite Blades","Poisoned Stab","Replay:Cycle"],"picked":"Singing Bowl","floor":133.0},{"not_picked":["hubris:SlightOfHand+1","hubris:Sniper+1","Dodge and Roll+1","WreathOfFlame"],"picked":"Singing Bowl","floor":135},{"not_picked":["Unload","Tools of the Trade","Malaise+1","Judgement"],"picked":"Singing Bowl","floor":137},{"not_picked":["Bouncing Flask+1","Backflip+1","Endless Agony","Prostrate"],"picked":"Singing Bowl","floor":139},{"not_picked":["Jack Of All Trades+1","Replay:BasicMightCard","Swift Strike"],"picked":"Singing Bowl","floor":141},{"not_picked":["Replay:Sssssssssshield+1","Survey Options+1","Swift Strike"],"picked":"Singing Bowl","floor":141},{"not_picked":["Replay:Poison Smokescreen+1","Sucker Punch+1","PiercingWail+1","CutThroughFate"],"picked":"Singing Bowl","floor":143},{"not_picked":["Sneak Up+1","Dagger Throw+1","Fluid Movement+1","ThirdEye"],"picked":"Singing Bowl","floor":144},{"not_picked":["Sucker Punch+1","Blade Dance+1","Bane+1","Replay:AtTheReady"],"picked":"Singing Bowl","floor":145},{"not_picked":["Hidden Blade+1","Noxious Fumes","hubris:SlightOfHand+1","Replay:LoomingThreat"],"picked":"Singing Bowl","floor":146},{"not_picked":["Deadly Poison+1","Acrobatics+1","Prepared+1","SashWhip"],"picked":"Singing Bowl","floor":148},{"not_picked":["Draining Mist+1","Flying Knee+1","Poisoned Stab+1","SignatureMove"],"picked":"Singing Bowl","floor":149},{"not_picked":["Deflect+1","ReplayTheSpireMod:Shiv Toss+1","Blade Dance+1","ThirdEye"],"picked":"Singing Bowl","floor":150},{"not_picked":["Slice+1","hubris:SlightOfHand+1","Noxious Fumes","Weave"],"picked":"Singing Bowl","floor":151},{"not_picked":["Replay:Bag of Tricks+1","Grand Finale","Replay:LoomingThreat"],"picked":"A Thousand Cuts","floor":156}],"player_experience":154243,"relics_obtained":[{"floor":6.0,"key":"Potion Belt"},{"floor":8.0,"key":"Meat on the Bone"},{"floor":9.0,"key":"hubris:Zylophone"},{"floor":10.0,"key":"Singing Bowl"},{"floor":21.0,"key":"Akabeko"},{"floor":23.0,"key":"Juzu Bracelet"},{"floor":25.0,"key":"Nunchaku"},{"floor":26.0,"key":"Toxic Egg 2"},{"floor":27.0,"key":"FossilizedHelix"},{"floor":42.0,"key":"Gremlin Food"},{"floor":42.0,"key":"Orichalcum"},{"floor":44.0,"key":"Regal Pillow"},{"floor":44.0,"key":"Whetstone"},{"floor":45.0,"key":"Ornamental Fan"},{"floor":48.0,"key":"CaptainsWheel"},{"floor":48.0,"key":"hubris:AncientText"},{"floor":50.0,"key":"infinitespire:CheckeredPen"},{"floor":50.0,"key":"infinitespire:PuzzleCube"},{"floor":51.0,"key":"hubris:MysteriousPyramids"},{"floor":59.0,"key":"Vajra"},{"floor":59.0,"key":"aspiration:VileToxins"},{"floor":61.0,"key":"Smiling Mask"},{"floor":61.0,"key":"Quantum Egg"},{"floor":62.0,"key":"Lantern"},{"floor":66.0,"key":"aspiration:FetidBarrel"},{"floor":66.0,"key":"Toy Ornithopter"},{"floor":77.0,"key":"Boot"},{"floor":77.0,"key":"Durian"},{"floor":79.0,"key":"Replay:Wax Seal"},{"floor":80.0,"key":"infinitespire:Bottled Soul"},{"floor":80.0,"key":"infinitespire:ShieldingShard"},{"floor":82.0,"key":"Replay:Rubber Ducky"},{"floor":82.0,"key":"Replay:Kaleidoscope"},{"floor":84.0,"key":"Dream Catcher"},{"floor":85.0,"key":"hubris:MedicalManual"},{"floor":85.0,"key":"ReplayTheSpireMod:Ninjato"},{"floor":93.0,"key":"aspiration:StickyExplosives_weak"},{"floor":93.0,"key":"War Paint"},{"floor":95.0,"key":"MawBank"},{"floor":95.0,"key":"Darkstone Periapt"},{"floor":96.0,"key":"Replay:Baseball"},{"floor":100.0,"key":"Ginger"},{"floor":100.0,"key":"Bottled Flame"},{"floor":110.0,"key":"Onion Ring"},{"floor":110.0,"key":"HornCleat"},{"floor":112.0,"key":"hubris:TenFootPole"},{"floor":112.0,"key":"hubris:SlimyHat"},{"floor":113.0,"key":"Replay:Bandana"},{"floor":114.0,"key":"hubris:DisguiseKit"},{"floor":114.0,"key":"StrikeDummy"},{"floor":127.0,"key":"aspiration:TomeofQuesting"},{"floor":127.0,"key":"Letter Opener"},{"floor":130.0,"key":"hubris:TinFlute"},{"floor":131.0,"key":"Pen Nib"},{"floor":131.0,"key":"Bottled Tornado"},{"floor":135,"key":"Pear"},{"floor":135,"key":"Pet Ghost"},{"floor":136,"key":"hubris:ToyBattleship"},{"floor":140,"key":"aspiration:Lifesprig"},{"floor":144,"key":"hubris:Metronome"},{"floor":144,"key":"Paper Crane"},{"floor":146,"key":"infinitespire:EmpoweringShard"},{"floor":146,"key":"Oddly Smooth Stone"},{"floor":147,"key":"Anchor"}],"event_choices":[{"cards_removed":["Strike_G"],"damage_healed":0.0,"max_hp_gain":0.0,"max_hp_loss":0.0,"gold_gain":0.0,"event_name":"The Cleric","player_choice":"Card Removal","floor":5.0,"gold_loss":50.0,"damage_taken":0.0},{"cards_removed":["Terror"],"damage_healed":0.0,"max_hp_gain":0.0,"max_hp_loss":0.0,"gold_gain":0.0,"event_name":"betterNote:BetterNote","player_choice":"Give","floor":20.0,"gold_loss":0.0,"damage_taken":0.0,"cards_obtained":["bronze:HardenedForm"]},{"damage_healed":0.0,"max_hp_gain":0.0,"max_hp_loss":0.0,"gold_gain":0.0,"event_name":"WeMeetAgain","player_choice":"Gave Potion","floor":29.0,"gold_loss":0.0,"damage_taken":0.0,"relics_obtained":["Bag of Marbles"]},{"damage_healed":0.0,"max_hp_gain":0.0,"max_hp_loss":0.0,"gold_gain":0.0,"event_name":"N\u0027loth","player_choice":"Ignored","floor":33.0,"gold_loss":0.0,"damage_taken":0.0},{"damage_healed":8.0,"max_hp_gain":0.0,"max_hp_loss":0.0,"gold_gain":0.0,"event_name":"Wheel of Change","player_choice":"Full Heal","floor":41.0,"gold_loss":0.0,"damage_taken":0.0},{"damage_healed":0.0,"max_hp_gain":0.0,"max_hp_loss":0.0,"gold_gain":0.0,"event_name":"Ghosts","player_choice":"Ignored","floor":74.0,"gold_loss":0.0,"damage_taken":0.0},{"damage_healed":0.0,"max_hp_gain":0.0,"max_hp_loss":0.0,"gold_gain":0.0,"event_name":"Lab","player_choice":"Got Potions","floor":81.0,"gold_loss":0.0,"damage_taken":0.0},{"damage_healed":0.0,"max_hp_gain":0.0,"max_hp_loss":0.0,"gold_gain":0.0,"event_name":"Colosseum","player_choice":"Fight","floor":85.0,"gold_loss":0.0,"damage_taken":0.0},{"damage_healed":0.0,"max_hp_gain":0.0,"max_hp_loss":0.0,"gold_gain":0.0,"event_name":"Colosseum","player_choice":"Fought Nobs","floor":85.0,"gold_loss":0.0,"damage_taken":0.0},{"damage_healed":0.0,"max_hp_gain":0.0,"max_hp_loss":7.0,"gold_gain":0.0,"event_name":"Winding Halls","player_choice":"Max HP","floor":92.0,"gold_loss":0.0,"damage_taken":0.0},{"damage_healed":0.0,"max_hp_gain":0.0,"max_hp_loss":0.0,"gold_gain":75.0,"event_name":"FaceTrader","player_choice":"Touch","floor":106.0,"gold_loss":0.0,"damage_taken":15.0},{"damage_healed":0.0,"max_hp_gain":0.0,"max_hp_loss":0.0,"gold_gain":0.0,"event_name":"betterThird:BetterSerpent","player_choice":"Ignored","floor":115.0,"gold_loss":0.0,"damage_taken":623.0},{"damage_healed":0.0,"max_hp_gain":0.0,"max_hp_loss":0.0,"gold_gain":0.0,"event_name":"Lab","player_choice":"Got Potions","floor":117.0,"gold_loss":0.0,"damage_taken":0.0},{"damage_healed":0.0,"max_hp_gain":0.0,"max_hp_loss":0.0,"gold_gain":0.0,"event_name":"Addict","player_choice":"Obtained Relic","floor":123.0,"gold_loss":85.0,"damage_taken":0.0,"relics_obtained":["Tiny Chest"]},{"damage_healed":0.0,"max_hp_gain":0.0,"max_hp_loss":0.0,"gold_gain":99.0,"event_name":"betterThird:BetterNest","player_choice":"Steal","floor":125.0,"gold_loss":0.0,"damage_taken":0.0},{"damage_healed":0.0,"max_hp_gain":5.0,"max_hp_loss":0.0,"gold_gain":0.0,"event_name":"Forgotten Altar","player_choice":"Shed Blood","floor":126.0,"gold_loss":0.0,"damage_taken":43.0},{"damage_healed":0,"gold_gain":9,"player_choice":"1","damage_taken":0,"max_hp_gain":0,"max_hp_loss":0,"event_name":"betterStone:BetterStone","floor":141,"gold_loss":0},{"damage_healed":0,"gold_gain":0,"player_choice":"Ignored","damage_taken":0,"max_hp_gain":0,"max_hp_loss":0,"event_name":"Accursed Blacksmith","floor":142,"gold_loss":0},{"damage_healed":0,"gold_gain":0,"player_choice":"3","damage_taken":0,"max_hp_gain":0,"max_hp_loss":0,"event_name":"betterMatch:BetterMatch","floor":152,"gold_loss":0,"cards_obtained":[]}],"is_beta":true,"boss_relics":[{"not_picked":["aspiration:FutureDiary","ReplayTheSpireMod:DimensionalGlitch"],"picked":"Coffee Dripper"},{"not_picked":["aspiration:IroncladSkillbook","hubris:Stopwatch"],"picked":"Black Star"},{"not_picked":["hubris:BlackHole","hubris:CrackedHourglass"],"picked":"SacredBark"},{"not_picked":["ReplayTheSpireMod:SealedPack","Fusion Hammer"],"picked":"infinitespire:Cupcake"},{"not_picked":["Snecko Scales","aspiration:SecretTechniqueScroll"],"picked":"aspiration:RitualDagger"},{"not_picked":["hubris:HollowSoul","Philosopher\u0027s Stone"],"picked":"Tiny House"},{"not_picked":["Fusion Hammer","Ring of Chaos"],"picked":"hubris:Backtick"},{"not_picked":["hubris:CrackedHourglass","hubris:GrandSneckoEye","bronze:MakeshiftBattery"]},{"not_picked":["Abe\u0027s Treasure","Honey Jar","Replay:Drink Me"]}],"items_purged_floors":[12,24,38,40,55,73,107,116,128,132,134],"is_endless":true,"potions_floor_spawned":[1,3,10,13,14,16,19,25,28,30,35,42,46,47,52,58,59,60,66,71,75,78,83,85,85,89,94,95,101,103,108,120,127,131,137,145,148,149,156],"ascension_level":1}}