{"host":"53w25izqmiakdcya","time":1613121252,"event":{"mods":["BaseMod","Colored Powertips","Downfall","Minty Spire (QoL Compilation)","Quick Restart","Rare Cards Sparkle","StSLib"],"gold_per_floor":[99,116,128,141,141,141,217,234,234,264,282,298,298,31,45,145,145,45,55,40,40,57,84,137,37,49,67,67,82,82,82,82,82],"floor_reached":31,"language":"ENG","playtime":1944,"items_purged":[],"score":309,"play_id":"1e0cc8e2-829a-43ed-8241-5dfe4061e7d5","local_time":"20210212031412","is_ascension_mode":false,"campfire_choices":[{"data":"champ:Taunt","floor":1,"key":"SMITH"},{"data":"champ:Execute","floor":9,"key":"SMITH"},{"data":"Enlightenment","floor":18,"key":"SMITH"},{"data":"bronze:Mutator","floor":25,"key":"SMITH"},{"floor":28,"key":"REST"},{"floor":30,"key":"REST"}],"circlet_count":0,"master_deck":["champ:Strike","champ:Strike","champ:Strike","champ:Strike","champ:Defend","champ:Defend","champ:Defend","champ:Defend","champ:Execute+1","champ:Taunt+1","champ:FlashCut","champ:AdrenalArmor","champ:FlashCut","champ:StanceDance+1","champ:ShieldWall","champ:FanOfKnives","champ:Circumvent","champ:Improvising","champ:GutPunch","champ:DefensiveShout","champ:ShieldWall","Enlightenment+1","bronze:Mutator+1","Beam Cell+1","hexamod:TimeOfNeed","hexamod:FlamesFromBeyond","Consecrate","Forethought","Entrench+1","Thunderclap"],"relics":["champ:ChampionCrown","downfall:ShatteredFragment","StrikeDummy","HornCleat","PrismaticShard","downfall:HeartBlessingGreen","TungstenRod","downfall:HeartBlessingBlue"],"acts_visited":["Exordium","TheCity"],"potions_floor_usage":[11,16,16,31],"damage_taken":[{"damage":10,"enemies":"Small Slimes","floor":2,"turns":4},{"damage":12,"enemies":"2 Louse","floor":3,"turns":3},{"damage":10,"enemies":"Cultist","floor":4,"turns":3},{"damage":10,"enemies":"Exordium Wildlife","floor":8,"turns":3},{"damage":17,"enemies":"Lagavulin","floor":10,"turns":5},{"damage":10,"enemies":"Exordium Thugs","floor":11,"turns":2},{"damage":10,"enemies":"Lots of Slimes","floor":12,"turns":3},{"damage":15,"enemies":"downfall:FleeingMerchant","floor":14,"turns":4},{"damage":20,"enemies":"Large Slime","floor":15,"turns":3},{"damage":0,"enemies":"IC_STATUS_ARCHETYPE","floor":16,"turns":4},{"damage":0,"enemies":"Shell Parasite","floor":19,"turns":3},{"damage":25,"enemies":"downfall:FleeingMerchant","floor":20,"turns":4},{"damage":16,"enemies":"Centurion and Healer","floor":22,"turns":5},{"damage":54,"enemies":"Book of Stabbing","floor":23,"turns":7},{"damage":28,"enemies":"Shelled Parasite and Fungi","floor":26,"turns":5},{"damage":40,"enemies":"3 Cultists","floor":27,"turns":6},{"damage":34,"enemies":"Snake Plant","floor":29,"turns":6},{"damage":62,"enemies":"Cultist and Chosen","floor":31,"turns":6}],"seed_played":"-2694644131148504632","potions_obtained":[{"floor":2,"key":"Fire Potion"},{"floor":12,"key":"Regen Potion"},{"floor":15,"key":"FearPotion"},{"floor":16,"key":"champ:OpenerPotion"},{"floor":22,"key":"SkillPotion"},{"floor":23,"key":"LiquidBronze"}],"is_trial":false,"path_per_floor":["R","M","M","M","?","?","T","M","R","E","M","M","?","$","M","B",null,"R","M","$","?","M","E","T","R","M","M","R","M","R","M"],"character_chosen":"THE_CHAMP","items_purchased":["PrismaticShard","champ:DefensiveShout","champ:ShieldWall"],"campfire_rested":2,"item_purchase_floors":[14,14,14],"current_hp_per_floor":[90,90,88,88,61,61,61,61,61,54,44,44,29,29,29,43,90,90,90,90,90,84,50,50,60,42,11,41,12,42,0,0,0],"gold":82,"neow_bonus":"THREE_CARDS","is_daily":false,"chose_seed":false,"campfire_upgraded":4,"win_rate":0.0,"timestamp":1613121252,"path_taken":["R","M","M","M","?","?","T","?","R","E","M","M","?","?","M","BOSS","R","M","$","?","M","E","T","R","M","M","R","M","R","M"],"items_purchased_type":["Relic","Card","Card"],"build_version":"2020-12-22","purchased_purges":0,"victory":false,"max_hp_per_floor":[90,90,90,90,90,90,90,90,90,90,90,90,90,90,90,90,90,90,90,90,90,90,90,90,100,100,100,100,100,100,100,100,100],"card_choices":[{"not_picked":["champ:AdrenalArmor","champ:ArenaPreparation"],"picked":"champ:FlashCut","floor":0},{"not_picked":["champ:Shatter","champ:EnGarde"],"picked":"champ:AdrenalArmor","floor":2},{"not_picked":["champ:TornadoPunch","champ:RapidStrikes"],"picked":"champ:FlashCut","floor":3},{"not_picked":["champ:SwordThrow","champ:FaceSlap"],"picked":"champ:StanceDance","floor":4},{"not_picked":["champ:PerfectedStrike","champ:SetATrap"],"picked":"champ:ShieldWall","floor":8},{"not_picked":["champ:BladeFlurry","champ:PerfectedStrike"],"picked":"champ:FanOfKnives","floor":10},{"not_picked":["champ:FanOfKnives","champ:BringItOn"],"picked":"champ:Circumvent","floor":11},{"not_picked":["champ:Parry","champ:ShieldWall"],"picked":"champ:Improvising","floor":12},{"not_picked":["champ:AdrenalArmor","champ:Backstep"],"picked":"champ:GutPunch","floor":14},{"not_picked":["champ:FanOfKnives","hexamod:SoulSteal"],"picked":"Enlightenment","floor":15},{"not_picked":["Bludgeon","bronze:Virus"],"picked":"bronze:Mutator","floor":16},{"not_picked":["Finesse","Quick Slash"],"picked":"Beam Cell+1","floor":19},{"not_picked":["Guardian:PrismaticBeam","Shrug It Off"],"picked":"hexamod:TimeOfNeed","floor":20},{"not_picked":["bronze:FineTuning+1","ReachHeaven+1"],"picked":"hexamod:FlamesFromBeyond","floor":22},{"not_picked":["Cold Snap","bronze:WildBeam"],"picked":"Consecrate","floor":23},{"not_picked":["Slimebound:SlimeBarrage+1","Expertise+1"],"picked":"Forethought","floor":26},{"not_picked":["Setup","champ:VampiricStrike"],"picked":"Entrench+1","floor":27},{"not_picked":["hexamod:HeatMetal","bronze:Repair"],"picked":"Thunderclap","floor":29}],"player_experience":588912,"relics_obtained":[{"floor":7,"key":"StrikeDummy"},{"floor":10,"key":"HornCleat"},{"floor":23,"key":"TungstenRod"}],"event_choices":[{"damage_healed":0,"gold_gain":0,"player_choice":"Ignored","damage_taken":0,"max_hp_gain":0,"max_hp_loss":0,"event_name":"NoteForYourself","floor":21,"gold_loss":0}],"is_beta":false,"boss_relics":[{"not_picked":["Empty Cage","Coffee Dripper","Astrolabe"]}],"items_purged_floors":[],"is_endless":false,"potions_floor_spawned":[2,12,15,16,22,23,26,27],"killed_by":"Cultist and Chosen","ascension_level":0}}