{"host":"9v3x998ddbx8o276","time":1613113796,"event":{"mods":["AchievementEnabler","BaseMod","Colored Map","Colored Powertips","Highlight Path","Minty Spire (QoL Compilation)","Quick Restart","Rare Cards Sparkle"],"gold_per_floor":[111,111,111,111,186,217,217,217,217,44,72,72,44,57,57,57,57],"floor_reached":16,"language":"ENG","playtime":265,"items_purged":[],"score":333,"play_id":"84f5f391-efed-4d9b-b4bf-d8c932f199ae","local_time":"20210212173956","is_ascension_mode":true,"campfire_choices":[{"floor":7,"key":"DIG"},{"floor":12,"key":"DIG"},{"floor":15,"key":"DIG"}],"circlet_count":0,"master_deck":["AscendersBane","Strike_B","Strike_B","Strike_B","Strike_B","Defend_B+1","Defend_B","Defend_B","Defend_B","Zap","Dualcast+1","Gash+1","Sunder","Coolheaded","Sweeping Beam+1","Coolheaded"],"relics":["Cracked Core","NeowsBlessing","Shovel","DataDisk","Strawberry","Molten Egg 2","Runic Capacitor","Singing Bowl","Mango","HornCleat"],"acts_visited":["Exordium"],"potions_floor_usage":[],"damage_taken":[{"damage":0,"enemies":"Cultist","floor":1,"turns":1},{"damage":0,"enemies":"Lagavulin","floor":6,"turns":1},{"damage":0,"enemies":"Gremlin Nob","floor":11,"turns":1},{"damage":4,"enemies":"Small Slimes","floor":14,"turns":2},{"damage":43,"enemies":"Slime Boss","floor":16,"turns":10}],"seed_played":"-5970257645412764524","potions_obtained":[],"is_trial":false,"path_per_floor":["M","?","?","?","?","E","R","?","T","$","E","R","$","M","R","B"],"character_chosen":"DEFECT","items_purchased":["Runic Capacitor","Sweeping Beam+1"],"campfire_rested":0,"item_purchase_floors":[10,13],"current_hp_per_floor":[64,53,58,58,47,47,54,29,29,29,29,43,43,39,39,0,0],"gold":57,"neow_bonus":"THREE_ENEMY_KILL","is_daily":false,"chose_seed":false,"campfire_upgraded":0,"win_rate":0.0,"timestamp":1613113796,"path_taken":["M","?","?","?","?","E","R","?","T","?","E","R","$","M","R","BOSS"],"items_purchased_type":["Relic","Card"],"build_version":"2020-12-22","purchased_purges":0,"victory":false,"max_hp_per_floor":[71,71,76,76,76,76,83,83,83,83,83,97,97,97,97,97,97],"card_choices":[{"not_picked":["Streamline","Coolheaded"],"picked":"Gash","floor":1},{"not_picked":["Gash","Meteor Strike"],"picked":"Sunder","floor":6},{"not_picked":["Steam","Storm"],"picked":"Coolheaded","floor":11},{"not_picked":["Reinforced Body","Leap"],"picked":"Coolheaded","floor":14}],"player_experience":2241338,"relics_obtained":[{"floor":6,"key":"DataDisk"},{"floor":7,"key":"Strawberry"},{"floor":9,"key":"Molten Egg 2"},{"floor":11,"key":"Singing Bowl"},{"floor":12,"key":"Mango"},{"floor":15,"key":"HornCleat"}],"event_choices":[{"damage_healed":0,"gold_gain":0,"player_choice":"Success","damage_taken":11,"relics_obtained":["Shovel"],"max_hp_gain":0,"max_hp_loss":0,"event_name":"Scrap Ooze","floor":2,"gold_loss":0},{"damage_healed":0,"gold_gain":0,"player_choice":"Donut","damage_taken":0,"max_hp_gain":5,"max_hp_loss":0,"event_name":"Big Fish","floor":3,"gold_loss":0},{"damage_healed":0,"gold_gain":0,"player_choice":"Grow","damage_taken":0,"max_hp_gain":0,"max_hp_loss":0,"event_name":"Living Wall","floor":4,"gold_loss":0,"cards_upgraded":["Gash"]},{"damage_healed":0,"gold_gain":75,"player_choice":"Gather Gold","damage_taken":11,"max_hp_gain":0,"max_hp_loss":0,"event_name":"World of Goop","floor":5,"gold_loss":0},{"damage_healed":0,"gold_gain":0,"player_choice":"Entered Light","damage_taken":25,"max_hp_gain":0,"max_hp_loss":0,"event_name":"Shining Light","floor":8,"gold_loss":0,"cards_upgraded":["Defend_B","Dualcast"]}],"is_beta":false,"boss_relics":[],"items_purged_floors":[],"is_endless":false,"potions_floor_spawned":[],"killed_by":"Slime Boss","ascension_level":20}}