{"host":"diogo","time":1613157907,"event":{"mods":["BaseMod","Minty Spire (QoL Compilation)","StSLib","SuperFastMode"],"gold_per_floor":[114,114,129,54,54,84,84,99,174,74,74,89,104,119,119,219,219,234,333,348,363,378,378,408,408,408,423,453,483,483,498,498,598,648,663,445,445,460,490,820,835,361,361,376,376,376,376],"floor_reached":46,"language":"ENG","playtime":2978,"items_purged":["Defend_P","Strike_B","Eruption+1","Bash+1"],"score":667,"play_id":"3b642a15-0d45-4952-84c1-9ef659d8078d","local_time":"20210212202507","daily_mods":["Chimera","Purple Cards","DeadlyEvents"],"is_ascension_mode":false,"campfire_choices":[{"data":"Bash","floor":7,"key":"SMITH"},{"data":"Collect","floor":11,"key":"SMITH"},{"data":"Zap","floor":15,"key":"SMITH"},{"data":"WindmillStrike","floor":23,"key":"SMITH"},{"floor":25,"key":"REST"},{"floor":32,"key":"REST"}],"circlet_count":0,"master_deck":["Survivor","Zap+1","Strike_R+1","PiercingWail","Dark Shackles+1","Collect+1","WindmillStrike+1","Consecrate+1","Halt","Prostrate+1","Escape Plan","Backstab+1","Establishment+1","Sadistic Nature+1","Protect","Concentrate"],"relics":["Ring of the Snake","Unceasing Top","Sundial","Empty Cage","Frozen Egg 2","StrikeDummy","Molten Egg 2","Smiling Mask","Tiny House","Oddly Smooth Stone","Old Coin","Whetstone","ClockworkSouvenir","Girya"],"acts_visited":["Exordium","TheCity","TheBeyond"],"potions_floor_usage":[16,24,28,28,33,33,33,40],"damage_taken":[{"damage":2,"enemies":"Small Slimes","floor":1,"turns":3},{"damage":0,"enemies":"Cultist","floor":3,"turns":2},{"damage":4,"enemies":"Lagavulin","floor":6,"turns":6},{"damage":0,"enemies":"2 Louse","floor":8,"turns":3},{"damage":0,"enemies":"Exordium Wildlife","floor":12,"turns":2},{"damage":0,"enemies":"3 Louse","floor":13,"turns":1},{"damage":1,"enemies":"Blue Slaver","floor":14,"turns":2},{"damage":30,"enemies":"Hexaghost","floor":16,"turns":7},{"damage":1,"enemies":"Shell Parasite","floor":18,"turns":4},{"damage":0,"enemies":"Chosen","floor":20,"turns":3},{"damage":12,"enemies":"Centurion and Healer","floor":21,"turns":5},{"damage":0,"enemies":"Snake Plant","floor":22,"turns":3},{"damage":42,"enemies":"Slavers","floor":24,"turns":6},{"damage":12,"enemies":"3 Cultists","floor":27,"turns":3},{"damage":0,"enemies":"Book of Stabbing","floor":28,"turns":4},{"damage":16,"enemies":"Slavers","floor":29,"turns":3},{"damage":0,"enemies":"Centurion and Healer","floor":31,"turns":2},{"damage":5,"enemies":"Automaton","floor":33,"turns":6},{"damage":12,"enemies":"3 Darklings","floor":35,"turns":3},{"damage":9,"enemies":"Orb Walker","floor":38,"turns":2},{"damage":0,"enemies":"Giant Head","floor":39,"turns":4},{"damage":41,"enemies":"Reptomancer","floor":40,"turns":6},{"damage":7,"enemies":"4 Shapes","floor":41,"turns":8},{"damage":0,"enemies":"Spire Growth","floor":44,"turns":2},{"damage":14,"enemies":"3 Darklings","floor":46,"turns":1}],"seed_played":"-8399458303924539785","potions_obtained":[{"floor":3,"key":"EssenceOfSteel"},{"floor":13,"key":"DistilledChaos"},{"floor":14,"key":"Strength Potion"},{"floor":27,"key":"EssenceOfSteel"},{"floor":28,"key":"GamblersBrew"},{"floor":29,"key":"Energy Potion"},{"floor":31,"key":"Poison Potion"},{"floor":33,"key":"Ancient Potion"},{"floor":34,"key":"AttackPotion"},{"floor":35,"key":"CultistPotion"},{"floor":41,"key":"Explosive Potion"}],"is_trial":false,"path_per_floor":["M","?","M","$","?","E","R","M","T","$","R","M","M","M","R","B",null,"M","?","M","M","M","R","E","R","T","M","E","E","?","M","R","B",null,"M","$","?","M","E","E","M","$","T","M","?","M"],"character_chosen":"THE_SILENT","items_purchased":["Sadistic Nature+1","Concentrate","Whetstone","ClockworkSouvenir","Dexterity Potion"],"campfire_rested":2,"item_purchase_floors":[36,42,42,42,42],"current_hp_per_floor":[68,68,68,68,54,50,50,50,50,50,50,50,50,49,49,19,70,69,69,69,57,57,57,15,36,36,24,24,8,8,8,29,24,75,63,63,63,54,54,13,6,6,6,6,6,0,0],"gold":376,"neow_bonus":"","is_daily":true,"chose_seed":false,"campfire_upgraded":4,"win_rate":0.0,"timestamp":1613157907,"path_taken":["M","?","M","?","?","E","R","M","T","$","R","M","M","M","R","BOSS","M","?","M","M","M","R","E","R","T","?","E","?","?","M","R","BOSS","M","$","?","M","?","E","M","$","T","M","?","?"],"items_purchased_type":["Card","Card","Relic","Relic","Potion"],"build_version":"2020-12-18","purchased_purges":4,"victory":false,"max_hp_per_floor":[70,70,70,70,70,70,70,70,70,70,70,70,70,70,70,70,70,70,70,70,70,70,70,70,70,70,70,70,70,70,70,70,70,75,75,75,75,75,75,75,75,75,75,75,75,75,75],"card_choices":[{"not_picked":["Outmaneuver","Quick Slash"],"picked":"PiercingWail","floor":1},{"not_picked":["CutThroughFate","Backflip"],"picked":"WindmillStrike","floor":3},{"not_picked":["Flying Knee","ClearTheMind","Outmaneuver"],"picked":"SKIP","floor":6},{"not_picked":["Evaluate","Deadly Poison"],"picked":"Consecrate","floor":8},{"not_picked":["Slice","DeusExMachina"],"picked":"Consecrate","floor":12},{"not_picked":["CutThroughFate","Reflex"],"picked":"Halt","floor":13},{"not_picked":["Halt","PathToVictory","FlurryOfBlows"],"picked":"SKIP","floor":14},{"not_picked":["Underhanded Strike","Distraction","CrushJoints"],"picked":"SKIP","floor":18},{"not_picked":["ReachHeaven","Quick Slash","EmptyMind"],"picked":"SKIP","floor":20},{"not_picked":["All Out Attack","ThirdEye","SashWhip+1"],"picked":"SKIP","floor":21},{"not_picked":["SashWhip+1","Distraction","Dagger Spray"],"picked":"SKIP","floor":22},{"not_picked":["Acrobatics","Grand Finale","Riddle With Holes+1"],"picked":"SKIP","floor":24},{"not_picked":["FollowUp+1","DeceiveReality+1"],"picked":"Prostrate","floor":27},{"not_picked":["CrushJoints+1","Cloak And Dagger"],"picked":"Escape Plan","floor":28},{"not_picked":["Dodge and Roll","Sanctity","Protect"],"picked":"SKIP","floor":29},{"not_picked":["Calculated Gamble","Worship"],"picked":"Backstab+1","floor":31},{"not_picked":["Omniscience","Corpse Explosion"],"picked":"Establishment+1","floor":33},{"not_picked":["SashWhip+1","Riddle With Holes+1","PiercingWail"],"picked":"SKIP","floor":35},{"not_picked":["Evaluate+1","Cloak And Dagger+1"],"picked":"Protect","floor":38},{"not_picked":["Underhanded Strike+1","PiercingWail","Tantrum+1"],"picked":"SKIP","floor":39},{"not_picked":["Crescendo","Sucker Punch+1","BattleHymn+1"],"picked":"SKIP","floor":40},{"not_picked":["Deadly Poison+1","ClearTheMind","FollowUp+1"],"picked":"SKIP","floor":41},{"not_picked":["EmptyFist+1","FollowUp+1","Infinite Blades+1"],"picked":"SKIP","floor":44}],"player_experience":363345,"relics_obtained":[{"floor":6,"key":"Unceasing Top"},{"floor":9,"key":"Sundial"},{"floor":24,"key":"Frozen Egg 2"},{"floor":26,"key":"StrikeDummy"},{"floor":28,"key":"Molten Egg 2"},{"floor":29,"key":"Smiling Mask"},{"floor":39,"key":"Oddly Smooth Stone"},{"floor":40,"key":"Old Coin"},{"floor":43,"key":"Girya"}],"event_choices":[{"damage_healed":0,"gold_gain":0,"player_choice":"2 cards matched","damage_taken":0,"max_hp_gain":0,"max_hp_loss":0,"event_name":"Match and Keep!","floor":2,"gold_loss":0,"cards_obtained":["Dark Shackles","Collect"]},{"damage_healed":0,"gold_gain":0,"player_choice":"Entered Light","damage_taken":14,"max_hp_gain":0,"max_hp_loss":0,"event_name":"Shining Light","floor":5,"gold_loss":0,"cards_upgraded":["Strike_R","Eruption"]},{"damage_healed":0,"gold_gain":99,"player_choice":"Stole From Cult","damage_taken":0,"max_hp_gain":0,"max_hp_loss":0,"event_name":"Nest","floor":19,"gold_loss":0},{"cards_removed":["Defend_G"],"damage_healed":0,"gold_gain":0,"player_choice":"Elegance","damage_taken":0,"max_hp_gain":0,"max_hp_loss":0,"event_name":"Back to Basics","floor":30,"gold_loss":0},{"damage_healed":0,"gold_gain":0,"player_choice":"Forge","damage_taken":0,"max_hp_gain":0,"max_hp_loss":0,"event_name":"Accursed Blacksmith","floor":37,"gold_loss":0,"cards_upgraded":["Prostrate"]},{"cards_removed":["Consecrate"],"damage_healed":0,"gold_gain":0,"player_choice":"Removed Attack","damage_taken":0,"max_hp_gain":0,"max_hp_loss":0,"event_name":"Falling","floor":45,"gold_loss":0}],"is_beta":true,"boss_relics":[{"not_picked":["Philosopher\u0027s Stone","Black Star"],"picked":"Empty Cage"},{"not_picked":["Snecko Eye","Velvet Choker"],"picked":"Tiny House"}],"items_purged_floors":[4,10,36,42],"is_endless":false,"potions_floor_spawned":[3,13,14,27,28,29,31,33,35,38,41],"killed_by":"3 Darklings","ascension_level":0}}