{"host":"23qk1co0p3p8qz56","time":1613117114,"event":{"mods":["100% Spire Juice","AchievementEnabler","Act Like it!","Arknights","BaseMod","Better Note","Better Third Choice","BetterRewards","CapriCore","Chen","Colored Map","DNKmod","Downfall","Duelist Mod","Friendly Minions","Gensokyo","Gold Saver","KinomotoSakuraMod(ñÿîVñ{?)","Koishi","LagranYue(ùfäiòNÅEåé)","Lobotomy","LobotomyExtend","Mari Mod (Legacy)","Mari\u0027s V1 Patch","MarisaÅiñ∂âJÅ@ñÇóùçπÅj","Minty Spire (QoL Compilation)","Prisma Mod","ReimuÅiîé??öÎÅj","RemiliaÅiÂQïƒ‰ª?Åj","RumiaBox-òIïƒ?ìIê_îÈ·¥éq","StSLib","The Administrix","The Alterego","The Animator","The Gatherer","The Immortal","The Senshi","Waifu the Spire","WarShipGirlsR/??è≠èóR mod","Yakumo Yukari mod","Yohane!","Yuyuko"],"gold_per_floor":[1020,768,843,853,705,705,509,525,604,638,657,657,684,684,684,786,786,802,802,802,721,732,762,762,762,762,773,688,688,688,706,706,811,811,825,845,805,805,805,819,836,836,859,859,809,822,836,865,865,865,865,865,26,61,61],"floor_reached":56,"language":"ENG","playtime":3733,"items_purged":[],"score":1278,"play_id":"c52a32f6-f299-4280-80db-9f0c63747b26","local_time":"20210212010514","is_ascension_mode":false,"campfire_choices":[{"data":"alterego_mod:AlterEgo","floor":6,"key":"SMITH"},{"data":"alterego_mod:BreastValley","floor":12,"key":"SMITH"},{"data":"alterego_mod:Cycle","floor":15,"key":"SMITH"},{"data":"alterego_mod:DiscoLights","floor":24,"key":"SMITH"},{"data":"alterego_mod:Nekomimi","floor":29,"key":"SMITH"},{"data":"alterego_mod:Clones","floor":32,"key":"SMITH"},{"floor":42,"key":"RECALL"},{"data":"alterego_mod:Clap","floor":44,"key":"SMITH"},{"data":"alterego_mod:Impale","floor":49,"key":"SMITH"},{"data":"alterego_mod:BrynhildrsRune","floor":52,"key":"SMITH"}],"circlet_count":0,"master_deck":["alterego_mod:Strike","alterego_mod:Strike","alterego_mod:Strike","alterego_mod:Strike","alterego_mod:Defend","alterego_mod:Defend","alterego_mod:Defend","alterego_mod:Defend","alterego_mod:Impale+1","alterego_mod:BigMeatyClaws+1","alterego_mod:BrynhildrsRune+1","alterego_mod:Nekomimi+1","alterego_mod:Punishment+1","alterego_mod:1TonWallop","alterego_mod:BreastValley+1","alterego_mod:ChallengeComplete","alterego_mod:Rip","alterego_mod:AlterEgo+1","alterego_mod:BeGentle","alterego_mod:DiscoLights+1","alterego_mod:Cycle+1","alterego_mod:GoddessCore+1","alterego_mod:Clap+1","alterego_mod:TrashNCrash+1","alterego_mod:Weigh+1","alterego_mod:PurpleHair+1","alterego_mod:BusterCard+1","alterego_mod:MaintainEyeContact","alterego_mod:Pet","alterego_mod:BusterCard+1","alterego_mod:HighServant+1","alterego_mod:Clones+1","alterego_mod:BrynhildrRomantia+1","alterego_mod:DeftHands+1","alterego_mod:BusterCard+1","alterego_mod:Undulate","alterego_mod:Valkyrie+1","alterego_mod:PresenceConcealment+1","alterego_mod:Smother+1","alterego_mod:Undulate+1","alterego_mod:Vow","alterego_mod:Exercise+1"],"relics":["alterego_mod:MasochisticConstitution","Ice Cream","StoneCalendar","Gambling Chip","LagranYue:RandomDrawCardRelic","LetterFromLob","theSenshi:SailorFukuRelic","Orrery","Bronze Scales","Molten Egg 2","Question Card","RedLine:ReiMu","Boot","Pantograph","EasyGame_NEW","SSSystem","Bag of Preparation","Chemical X","Thread and Needle","GodSword4","CaptainsWheel"],"acts_visited":["Exordium","TheCity","TheBeyond","TheEnding"],"potions_floor_usage":[16,23,50,50,50,55],"damage_taken":[{"damage":0,"enemies":"Small Slimes","floor":1,"turns":2},{"damage":0,"enemies":"Cultist","floor":4,"turns":2},{"damage":2,"enemies":"ats:Genji","floor":8,"turns":3},{"damage":28,"enemies":"3 Sentries","floor":10,"turns":3},{"damage":8,"enemies":"3 Louse","floor":11,"turns":2},{"damage":0,"enemies":"Lagavulin","floor":13,"turns":5},{"damage":31,"enemies":"The Guardian","floor":16,"turns":7},{"damage":35,"enemies":"Spheric Guardian","floor":18,"turns":5},{"damage":20,"enemies":"2 Thieves","floor":22,"turns":4},{"damage":24,"enemies":"theDuelist:KaibaA2","floor":23,"turns":6},{"damage":6,"enemies":"Snake Plant","floor":27,"turns":4},{"damage":0,"enemies":"Snecko","floor":31,"turns":5},{"damage":40,"enemies":"Champ","floor":33,"turns":10},{"damage":34,"enemies":"3 Darklings","floor":35,"turns":3},{"damage":22,"enemies":"3 Shapes","floor":36,"turns":3},{"damage":28,"enemies":"Transient","floor":40,"turns":5},{"damage":44,"enemies":"Spire Growth","floor":41,"turns":5},{"damage":30,"enemies":"Writhing Mass","floor":46,"turns":4},{"damage":26,"enemies":"3 Darklings","floor":47,"turns":3},{"damage":62,"enemies":"Reptomancer","floor":48,"turns":6},{"damage":57,"enemies":"Time Eater","floor":50,"turns":9},{"damage":91,"enemies":"Shield and Spear","floor":54,"turns":5},{"damage":97,"enemies":"The Heart","floor":55,"turns":6}],"seed_played":"-7272347457349740805","potions_obtained":[{"floor":1,"key":"Weak Potion"},{"floor":8,"key":"Slimebound:ThreeZeroPotion"},{"floor":11,"key":"SteroidPotion"},{"floor":18,"key":"SpeedPotion"},{"floor":22,"key":"GamblersBrew"},{"floor":31,"key":"sneckomod:MuddlingPotion"},{"floor":36,"key":"Slimebound:ThreeZeroPotion"},{"floor":46,"key":"Weak Potion"},{"floor":47,"key":"Ancient Potion"},{"floor":48,"key":"BlessingOfTheForge"},{"floor":54,"key":"LiquidBronze"}],"is_trial":false,"path_per_floor":["M","$","?","M","$","R","$","M","T","E","M","R","E","?","R","B",null,"M","?","?","$","M","E","R","?","T","M","?","R","?","M","R","B",null,"M","M","$","?","?","M","M","R","T","R","?","M","M","E","R","B",null,"R","$","E","B",null],"character_chosen":"The_Alterego","items_purchased":["alterego_mod:Punishment","alterego_mod:1TonWallop","theSenshi:SailorFukuRelic","Orrery","alterego_mod:DiscoLights","Bronze Scales","alterego_mod:MaintainEyeContact","alterego_mod:Pet","alterego_mod:BusterCard+1","alterego_mod:Vow","Chemical X","Thread and Needle","GodSword4"],"campfire_rested":0,"item_purchase_floors":[2,2,2,5,7,7,21,21,37,53,53,53,53],"current_hp_per_floor":[500,500,450,450,450,450,450,449,449,422,415,415,415,415,415,385,504,470,470,470,470,451,428,428,428,428,423,423,423,423,430,430,416,509,497,501,501,501,501,481,438,438,438,438,438,409,384,337,337,322,525,525,525,435,364],"gold":61,"neow_bonus":"UPGRADE_CARD","is_daily":false,"chose_seed":false,"campfire_upgraded":9,"win_rate":0.0,"timestamp":1613117114,"path_taken":["M","$","?","?","$","R","?","M","T","E","?","R","E","?","R","BOSS","M","?","?","$","M","E","R","?","T","?","?","R","?","M","R","BOSS","M","M","$","?","?","M","?","R","T","R","?","M","?","E","R","BOSS","R","$","E","BOSS"],"items_purchased_type":["Card","Card","Relic","Relic","Card","Relic","Card","Card","Card","Card","Relic","Relic","Relic"],"build_version":"2020-12-22","purchased_purges":0,"victory":true,"max_hp_per_floor":[500,500,500,500,500,500,500,501,501,502,503,503,503,503,503,504,504,505,505,505,505,506,507,507,507,507,508,508,508,508,508,508,509,509,510,515,515,515,515,516,517,517,517,517,517,518,519,520,520,525,525,525,525,526,527],"card_choices":[{"not_picked":["alterego_mod:BiFurious","alterego_mod:Schoolgirl"],"picked":"alterego_mod:Nekomimi","floor":1},{"not_picked":["alterego_mod:Belts","alterego_mod:Maid","alterego_mod:Stockings"],"picked":"SKIP","floor":4},{"not_picked":["alterego_mod:Skirt","alterego_mod:Pet"],"picked":"alterego_mod:BreastValley","floor":5},{"not_picked":["alterego_mod:SakuraFive","alterego_mod:PerceptionDisorder"],"picked":"alterego_mod:ChallengeComplete","floor":5},{"not_picked":["alterego_mod:Skirt","alterego_mod:RocketPunch"],"picked":"alterego_mod:Rip","floor":5},{"not_picked":["alterego_mod:RingBreak","alterego_mod:GoddessCore"],"picked":"alterego_mod:AlterEgo","floor":5},{"not_picked":["alterego_mod:Skirt","alterego_mod:Crossover"],"picked":"alterego_mod:BeGentle","floor":5},{"not_picked":["alterego_mod:Support","alterego_mod:SuperDuperMasochism"],"picked":"alterego_mod:Cycle","floor":8},{"not_picked":["alterego_mod:Cooking","alterego_mod:MagicResistance"],"picked":"alterego_mod:GoddessCore+1","floor":10},{"not_picked":["alterego_mod:Rip","alterego_mod:RocketPunch+1","alterego_mod:SakuraFive+1"],"picked":"alterego_mod:Clap","floor":11},{"not_picked":["alterego_mod:Rake+1","alterego_mod:DustData+1","alterego_mod:Birthday"],"picked":"alterego_mod:TrashNCrash","floor":13},{"not_picked":["alterego_mod:Lift","alterego_mod:VirginLaserPalladion+1","alterego_mod:SideboobHour+1"],"picked":"alterego_mod:Weigh+1","floor":16},{"not_picked":["alterego_mod:BeGentle","alterego_mod:GoddessCore+1","alterego_mod:Jiggle"],"picked":"alterego_mod:PurpleHair+1","floor":18},{"not_picked":["alterego_mod:DiscoLights","alterego_mod:HighServant","alterego_mod:PerceptionDisorder","alterego_mod:Mirror"],"picked":"SKIP","floor":22},{"not_picked":["alterego_mod:PurpleHair","alterego_mod:DiscoLights","alterego_mod:BreastValley","alterego_mod:BoobPocket"],"picked":"SKIP","floor":23},{"not_picked":["alterego_mod:Skirt+1","alterego_mod:Complex+1","alterego_mod:Mirror"],"picked":"alterego_mod:HighServant+1","floor":27},{"not_picked":["alterego_mod:1TonWallop+1","alterego_mod:Cycle","alterego_mod:BiFurious+1"],"picked":"alterego_mod:Clones","floor":31},{"not_picked":["alterego_mod:PainIsPleasure","alterego_mod:RingBreak","alterego_mod:AlterEgo"],"picked":"alterego_mod:BrynhildrRomantia+1","floor":33},{"not_picked":["alterego_mod:Cooking","alterego_mod:Schoolgirl","alterego_mod:Birthday+1"],"picked":"alterego_mod:DeftHands+1","floor":35},{"not_picked":["alterego_mod:SakuraLabyrinth","alterego_mod:Punishment","alterego_mod:BeGentle+1","alterego_mod:Pet"],"picked":"SKIP","floor":36},{"not_picked":["alterego_mod:Maid+1","alterego_mod:Pet","alterego_mod:Jiggle+1"],"picked":"alterego_mod:Undulate","floor":40},{"not_picked":["alterego_mod:MagicResistance+1","alterego_mod:MaintainEyeContact+1","alterego_mod:Bloomers"],"picked":"alterego_mod:Valkyrie+1","floor":41},{"not_picked":["alterego_mod:Rip+1","alterego_mod:Bloomers+1","alterego_mod:Bounce+1"],"picked":"alterego_mod:PresenceConcealment+1","floor":46},{"not_picked":["alterego_mod:Cooking+1","alterego_mod:Belts+1","alterego_mod:Maid+1"],"picked":"alterego_mod:Smother+1","floor":47},{"not_picked":["alterego_mod:Rip","alterego_mod:Nekomimi","alterego_mod:DestructionOfProperty+1"],"picked":"alterego_mod:Undulate+1","floor":48},{"not_picked":["alterego_mod:Stockings+1","alterego_mod:BoobPocket+1","alterego_mod:Weigh+1"],"picked":"alterego_mod:Exercise+1","floor":54}],"player_experience":170564,"relics_obtained":[{"floor":1,"key":"LetterFromLob"},{"floor":9,"key":"Molten Egg 2"},{"floor":10,"key":"Question Card"},{"floor":23,"key":"Boot"},{"floor":43,"key":"SSSystem"},{"floor":48,"key":"Bag of Preparation"},{"floor":54,"key":"CaptainsWheel"}],"event_choices":[{"damage_healed":0,"gold_gain":75,"player_choice":"Touch","damage_taken":50,"max_hp_gain":0,"max_hp_loss":0,"event_name":"FaceTrader","floor":3,"gold_loss":0},{"damage_healed":0,"gold_gain":0,"player_choice":"Grow","damage_taken":0,"max_hp_gain":0,"max_hp_loss":0,"event_name":"Living Wall","floor":14,"gold_loss":0,"cards_upgraded":["alterego_mod:TrashNCrash"]},{"damage_healed":0,"gold_gain":0,"player_choice":"Ignored","damage_taken":0,"max_hp_gain":0,"max_hp_loss":0,"event_name":"betterNote:BetterNote","floor":19,"gold_loss":0,"cards_obtained":["animator:Wiz"]},{"damage_healed":0,"gold_gain":0,"player_choice":"Read","damage_taken":0,"max_hp_gain":0,"max_hp_loss":0,"event_name":"The Library","floor":20,"gold_loss":0,"cards_obtained":["alterego_mod:BusterCard"]},{"damage_healed":0,"gold_gain":0,"player_choice":"Copied","damage_taken":0,"max_hp_gain":0,"max_hp_loss":0,"event_name":"Duplicator","floor":25,"gold_loss":0,"cards_obtained":["alterego_mod:BusterCard"]},{"damage_healed":0,"gold_gain":0,"player_choice":"Obtained Relic","damage_taken":0,"relics_obtained":["Pantograph"],"max_hp_gain":0,"max_hp_loss":0,"event_name":"Addict","floor":28,"gold_loss":85},{"damage_healed":0,"gold_gain":0,"player_choice":"Ignored","damage_taken":0,"max_hp_gain":0,"max_hp_loss":0,"event_name":"Ghosts","floor":30,"gold_loss":0},{"damage_healed":0,"gold_gain":0,"player_choice":"Upgraded","damage_taken":0,"max_hp_gain":0,"max_hp_loss":0,"event_name":"Upgrade Shrine","floor":39,"gold_loss":0,"cards_upgraded":["alterego_mod:Punishment"]}],"is_beta":false,"boss_relics":[{"not_picked":["SacredBark","Ectoplasm"],"picked":"RedLine:ReiMu"},{"not_picked":["Busted Crown","LagranYue:ContractPerformanceRelic"],"picked":"EasyGame_NEW"}],"items_purged_floors":[],"is_endless":false,"potions_floor_spawned":[1,8,11,18,22,31,36,46,47,48,54],"ascension_level":0}}