{"host":"yvu3aug1k0ccfbbf","time":1613095725,"event":{"mods":["AchievementEnabler","Aspiration","BaseMod","Colored Map","Colored Powertips","Energized Spire","Infinite Spire","Minty Spire (QoL Compilation)","Replay The Spire","StSLib"],"gold_per_floor":[114,127,137,148,32,32,32,32,55,55,73,113,38,76,76,76,76],"floor_reached":16,"language":"ENG","playtime":1050,"items_purged":["Injury"],"score":132,"play_id":"666c5f4b-01f2-4ddd-aead-306c369aee56","local_time":"20210212100845","is_ascension_mode":true,"campfire_choices":[{"data":"Redo","floor":6,"key":"SMITH"},{"data":"Zap","floor":10,"key":"SMITH"},{"floor":15,"key":"REST"}],"circlet_count":0,"master_deck":["Strike_B","Strike_B","Defend_B","Defend_B","Defend_B","Zap+1","Dualcast","Rebound","Steam","Chaos","Crystallizer","Redo+1","Gash","Hologram","Seek"],"relics":["Replay:Drink Me","Golden Idol","infinitespire:Lucky Rock","Ice Cream","Omamori"],"acts_visited":["Exordium"],"potions_floor_usage":[12,16],"damage_taken":[{"damage":4,"enemies":"Jaw Worm","floor":1,"turns":8},{"damage":5,"enemies":"2 Louse","floor":2,"turns":3},{"damage":1,"enemies":"Cultist","floor":3,"turns":5},{"damage":11,"enemies":"Gremlin Gang","floor":4,"turns":9},{"damage":0,"enemies":"2 Fungi Beasts","floor":11,"turns":3},{"damage":22,"enemies":"Gremlin Nob","floor":12,"turns":4},{"damage":8,"enemies":"3 Sentries","floor":14,"turns":7},{"damage":41,"enemies":"Fading Forest","floor":16,"turns":11}],"seed_played":"382197057300881689","potions_obtained":[{"floor":1,"key":"Milkshake"},{"floor":3,"key":"CultistPotion"}],"is_trial":false,"path_per_floor":["M","M","M","M","$","R","$","?","T","R","M","E","$","E","R","B"],"character_chosen":"DEFECT","items_purchased":["Crystallizer","Redo"],"campfire_rested":1,"item_purchase_floors":[5,5],"current_hp_per_floor":[53,48,47,36,36,36,36,36,36,36,36,14,14,6,23,0,0],"gold":76,"neow_bonus":"BOSS_RELIC","is_daily":false,"chose_seed":false,"campfire_upgraded":2,"win_rate":0.0,"timestamp":1613095725,"path_taken":["M","M","M","M","$","R","$","?","T","R","M","E","$","E","R","BOSS"],"items_purchased_type":["Card","Card"],"build_version":"2020-12-22","purchased_purges":1,"victory":false,"max_hp_per_floor":[57,57,57,57,57,57,57,57,57,57,57,57,57,57,57,57,57],"card_choices":[{"not_picked":["Cold Snap","Time Bomb"],"picked":"Rebound","floor":1},{"not_picked":["Compile Driver","Sweeping Beam"],"picked":"Steam","floor":2},{"not_picked":["Auto Shields","Hello World"],"picked":"Chaos","floor":3},{"not_picked":["Panic Button","Steam Power","Steam"],"picked":"SKIP","floor":4},{"not_picked":["Ball Lightning","Defragment"],"picked":"Gash","floor":11},{"not_picked":["FTL","Double Energy"],"picked":"Hologram","floor":12},{"not_picked":["Multi-Cast","Beam Cell"],"picked":"Seek","floor":14}],"player_experience":571342,"relics_obtained":[{"floor":9,"key":"infinitespire:Lucky Rock"},{"floor":12,"key":"Ice Cream"},{"floor":14,"key":"Omamori"}],"event_choices":[{"damage_healed":0,"gold_gain":0,"player_choice":"Take Wound","damage_taken":0,"relics_obtained":["Golden Idol"],"max_hp_gain":0,"max_hp_loss":0,"event_name":"Golden Idol","floor":8,"gold_loss":0,"cards_obtained":["Injury"]}],"is_beta":false,"boss_relics":[],"items_purged_floors":[13],"is_endless":false,"potions_floor_spawned":[1,3],"killed_by":"Fading Forest","ascension_level":4}}