{"host":"gzsdmyo07u314vug","time":1613139371,"event":{"mods":["2.2 Compatiblity","Astrologer","BaseMod","Colored Powertips","GifTheSpireLib","Gremlin Mod","Hermit","Jorbs\u0027s Wanderer Trilogy","Minty Spire (QoL Compilation)","Quick Restart","Rare Cards Sparkle","Relic Stats","Replay The Spire","Robot Space Explorer","Shop Mod","StSLib","The Bladedancer","The Bug Knight","The Construct","The Cursed","The Elementalist","The Hierophant","The IronCluck","The Marked","The Necromancer","The Runesmith","The Servant 0.9.4","Unceasing Turn Reminder","everything is the same but u backflip on backflip","slay the spire mod where everything is the same but ironclad has a cowboy hat"],"gold_per_floor":[15,15,25,25,40,40,65,33,33,32,32,32,32,21,21,126,126,191,66,133,194,194,194,265,265,291,191,191,38,140,244,244,437,437,546,421,559,259,259,375,375,375,375,477,477,125,233,356,356,320],"floor_reached":51,"language":"ENG","playtime":2035,"items_purged":["hierophant:Strike_Hierophant","hierophant:Strike_Hierophant","hierophant:Defend_Hierophant","hierophant:Punish","hierophant:Defend_Hierophant"],"score":1183,"play_id":"da26ee61-dbc5-4d92-95a6-1734c671ee63","local_time":"20210212111611","is_ascension_mode":true,"campfire_choices":[{"data":"hierophant:Repentance","floor":6,"key":"SMITH"},{"data":"hierophant:PristineSoul","floor":11,"key":"SMITH"},{"data":"hierophant:ChurchCoffers","floor":15,"key":"SMITH"},{"data":"hierophant:PristineSoul","floor":23,"key":"SMITH"},{"data":"hierophant:BulkyChest","floor":28,"key":"SMITH"},{"data":"hierophant:PristineSoul","floor":32,"key":"SMITH"},{"data":"hierophant:PassingBell","floor":41,"key":"SMITH"},{"data":"hierophant:Shelter","floor":41,"key":"SMITH"},{"data":"hierophant:HolyVerse","floor":45,"key":"SMITH"},{"data":"hierophant:Encroach","floor":45,"key":"SMITH"},{"data":"Mayhem","floor":49,"key":"SMITH"},{"data":"hierophant:Invocation","floor":49,"key":"SMITH"}],"circlet_count":0,"master_deck":["hierophant:Defend_Hierophant","hierophant:ChurchCoffers+1","hierophant:Shelter+1","hierophant:Repentance+1","Flash of Steel","hierophant:PassingBell+1","hierophant:Encroach+1","hierophant:Smite","hierophant:PristineSoul+1","hierophant:BulkyChest+1","hierophant:HolyVerse+1","hierophant:OrnateBuckler+1","hierophant:PristineSoul+1","hierophant:Repentance+1","hierophant:PristineSoul+1","hierophant:Invocation+1","Mayhem+1","hierophant:Repentance+1"],"relics":["hierophant:PropheticMaskRelic","BranchBurnRelic","ReplayTheSpireMod:Shallot","Eternal Feather","Divine Protection","Runic Dome","Runesmith:AutoHammer","Replay:Bandana","DollysMirror","ReplayTheSpireMod:DimensionalGlitch","Replay:Arrowhead","Blood Vial","Gremlin Horn","Replay:Accelerometer","Replay:Multitool","Replay:Bottled Flurry"],"acts_visited":["Exordium","TheCity","TheBeyond"],"potions_floor_usage":[16,50],"damage_taken":[{"damage":4.0,"enemies":"Jaw Worm","floor":1.0,"turns":4.0},{"damage":0.0,"enemies":"2 Louse","floor":3.0,"turns":1.0},{"damage":1,"enemies":"Cultist","floor":5,"turns":3},{"damage":27,"enemies":"3 Sentries","floor":7,"turns":4},{"damage":4,"enemies":"Looter","floor":8,"turns":4},{"damage":4,"enemies":"Blue Slaver","floor":10,"turns":3},{"damage":3,"enemies":"Exordium Thugs","floor":14,"turns":3},{"damage":42,"enemies":"Hexaghost","floor":16,"turns":11},{"damage":0,"enemies":"Spheric Guardian","floor":18,"turns":3},{"damage":1,"enemies":"3 Byrds","floor":20,"turns":3},{"damage":8,"enemies":"Cultist and Chosen","floor":21,"turns":6},{"damage":0,"enemies":"Gremlin Leader","floor":24,"turns":9},{"damage":0,"enemies":"Snake Plant","floor":30,"turns":5},{"damage":0,"enemies":"Shelled Parasite and Fungi","floor":31,"turns":4},{"damage":0,"enemies":"Collector","floor":33,"turns":7},{"damage":0,"enemies":"Orb Walker","floor":35,"turns":4},{"damage":28,"enemies":"2 Orb Walkers","floor":37,"turns":5},{"damage":10,"enemies":"Giant Head","floor":40,"turns":8},{"damage":0,"enemies":"3 Darklings","floor":44,"turns":3},{"damage":0,"enemies":"Sphere and 2 Shapes","floor":47,"turns":3},{"damage":0,"enemies":"Reptomancer","floor":48,"turns":5},{"damage":5,"enemies":"Time Eater","floor":50,"turns":7}],"seed_played":"-2825146281812250484","potions_obtained":[{"floor":5,"key":"EssenceOfSteel"},{"floor":10,"key":"EssenceOfSteel"},{"floor":16,"key":"Energy Potion"},{"floor":18,"key":"construct:ShiftPotion"}],"is_trial":false,"path_per_floor":["M","?","M","?","M","R","E","M","T","M","R","?","T","M","R","B",null,"M","$","M","M","?","R","E","?","T","$","R","$","M","M","R","B",null,"M","$","?","$","?","E","R","T","T","M","R","$","M","E","R","B",null],"character_chosen":"HIEROPHANT","items_purchased":["hierophant:HolyVerse","DollysMirror","Blood Vial","Mayhem"],"campfire_rested":0,"item_purchase_floors":[19,29,38,46],"current_hp_per_floor":[71,64,64,64,63,63,50,46,46,42,51,44,44,53,59,32,75,75,75,74,66,66,75,75,61,61,61,70,70,80,80,80,80,80,80,80,52,52,52,43,52,52,52,60,69,69,76,76,76,76],"gold":320,"neow_bonus":"REMOVE_TWO","is_daily":false,"chose_seed":false,"campfire_upgraded":12,"win_rate":0.0,"timestamp":1613139371,"path_taken":["M","?","M","?","?","R","E","M","T","M","R","?","?","M","R","BOSS","M","$","M","M","?","R","E","?","T","?","R","$","?","M","R","BOSS","M","$","?","$","?","E","R","?","T","M","R","$","M","E","R","BOSS"],"items_purchased_type":["Card","Relic","Relic","Card"],"build_version":"2020-12-22","purchased_purges":5,"victory":true,"max_hp_per_floor":[75,75,75,75,75,75,75,75,75,75,75,75,75,75,75,75,75,75,75,75,75,75,75,75,80,80,80,80,80,80,80,80,80,80,80,80,80,80,76,76,76,76,76,76,76,76,76,76,76,76],"relic_stats":{"Blood Vial":3,"Gremlin Horn":[8,8],"counters":[22,105],"Eternal Feather":51,"obtain_stats":[{"Divine Protection":13,"Replay:Accelerometer":42,"Gremlin Horn":40,"hierophant:PropheticMaskRelic":0,"Dead Branch":2,"Eternal Feather":9,"Replay:Multitool":43,"Replay:Arrowhead":37,"Blood Vial":38,"BranchBurnRelic":6,"Runic Dome":17,"Replay:Bandana":26,"ReplayTheSpireMod:Shallot":7,"DollysMirror":29,"Replay:Bottled Flurry":48,"Runesmith:AutoHammer":24,"ReplayTheSpireMod:DimensionalGlitch":34},{"Divine Protection":6,"Replay:Accelerometer":18,"Gremlin Horn":18,"hierophant:PropheticMaskRelic":0,"Dead Branch":1,"Eternal Feather":5,"Replay:Multitool":18,"Replay:Arrowhead":17,"Blood Vial":17,"BranchBurnRelic":3,"Runic Dome":8,"Replay:Bandana":12,"ReplayTheSpireMod:Shallot":4,"DollysMirror":12,"Replay:Bottled Flurry":21,"Runesmith:AutoHammer":12,"ReplayTheSpireMod:DimensionalGlitch":15},{"Divine Protection":19,"Replay:Accelerometer":87,"Gremlin Horn":87,"hierophant:PropheticMaskRelic":0,"Dead Branch":4,"Eternal Feather":16,"Replay:Multitool":87,"Replay:Arrowhead":79,"Blood Vial":79,"BranchBurnRelic":8,"Runic Dome":33,"Replay:Bandana":54,"ReplayTheSpireMod:Shallot":12,"DollysMirror":54,"Replay:Bottled Flurry":98,"Runesmith:AutoHammer":54,"ReplayTheSpireMod:DimensionalGlitch":70}]},"card_choices":[{"not_picked":["hierophant:MorningPrayer","hierophant:Community"],"picked":"hierophant:Shelter","floor":1.0},{"not_picked":["hierophant:AuricBeam","hierophant:FieryStrike","hierophant:RustyCrate"],"picked":"SKIP","floor":3.0},{"not_picked":["hierophant:Patience","hierophant:ArchangelShield"],"picked":"hierophant:PassingBell","floor":5},{"not_picked":["hierophant:TollTheBells","hierophant:MintersHammer"],"picked":"hierophant:Encroach","floor":7},{"not_picked":["hierophant:Doubloon","hierophant:SolarFlare"],"picked":"hierophant:Smite","floor":8},{"not_picked":["hierophant:PassingBell","hierophant:FieryStrike"],"picked":"hierophant:PristineSoul","floor":10},{"not_picked":["hierophant:FieryStrike","hierophant:Exaltation","hierophant:MirrorShield"],"picked":"SKIP","floor":14},{"not_picked":["hierophant:AuricForm","hierophant:Anathema"],"picked":"hierophant:BulkyChest","floor":16},{"not_picked":["hierophant:PassingBell","hierophant:Smite+1","hierophant:DisplayOfPower"],"picked":"SKIP","floor":18},{"not_picked":["hierophant:Doubloon","hierophant:DisplayOfPower","hierophant:OrnateJavelin"],"picked":"SKIP","floor":20},{"not_picked":["hierophant:Prophecy+1","hierophant:HammerAndAnvil"],"picked":"hierophant:OrnateBuckler+1","floor":21},{"not_picked":["hierophant:Blessing","hierophant:Upheaval+1","hierophant:EyeForCoin"],"picked":"SKIP","floor":24},{"not_picked":["hierophant:PassingBell","hierophant:RustyCrate"],"picked":"hierophant:PristineSoul","floor":30},{"not_picked":["hierophant:CoinFling","hierophant:PassingBell","hierophant:SealAway"],"picked":"SKIP","floor":31},{"not_picked":["hierophant:BulkyChest","hierophant:AuricForm"],"picked":"hierophant:Invocation","floor":33},{"not_picked":["hierophant:PassingBell","hierophant:Blessing+1","hierophant:Endure+1"],"picked":"SKIP","floor":35},{"not_picked":["hierophant:FaithHealing+1","hierophant:Doubloon","hierophant:DisplayOfPower+1"],"picked":"SKIP","floor":40},{"not_picked":["hierophant:Shelter","hierophant:EyeForCoin","hierophant:Alms"],"picked":"SKIP","floor":44},{"not_picked":["hierophant:Encroach+1","hierophant:DisplayOfPower"],"picked":"hierophant:Repentance+1","floor":47},{"not_picked":["hierophant:AuricBeam+1","hierophant:FaithHealing","hierophant:OrnateBuckler+1"],"picked":"SKIP","floor":48}],"player_experience":863840,"relics_obtained":[{"floor":7,"key":"ReplayTheSpireMod:Shallot"},{"floor":9,"key":"Eternal Feather"},{"floor":13,"key":"Divine Protection"},{"floor":24,"key":"Runesmith:AutoHammer"},{"floor":26,"key":"Replay:Bandana"},{"floor":37,"key":"Replay:Arrowhead"},{"floor":40,"key":"Gremlin Horn"},{"floor":42,"key":"Replay:Accelerometer"},{"floor":43,"key":"Replay:Multitool"},{"floor":48,"key":"Replay:Bottled Flurry"}],"event_choices":[{"damage_healed":0.0,"max_hp_gain":0.0,"max_hp_loss":0.0,"gold_gain":0.0,"event_name":"Scrap Ooze","player_choice":"Success","floor":2.0,"gold_loss":0.0,"damage_taken":7.0,"relics_obtained":["Dead Branch"]},{"damage_healed":0,"gold_gain":0,"player_choice":"2 cards matched","damage_taken":0,"max_hp_gain":0,"max_hp_loss":0,"event_name":"Match and Keep!","floor":4,"gold_loss":0,"cards_obtained":["hierophant:Repentance","Flash of Steel"]},{"cards_removed":["hierophant:Strike_Hierophant"],"damage_healed":0,"gold_gain":0,"player_choice":"Card Removal","damage_taken":7,"max_hp_gain":0,"max_hp_loss":0,"event_name":"Golden Wing","floor":12,"gold_loss":0},{"damage_healed":0,"gold_gain":0,"player_choice":"Read","damage_taken":0,"max_hp_gain":0,"max_hp_loss":0,"event_name":"The Library","floor":22,"gold_loss":0,"cards_obtained":["hierophant:PristineSoul"]},{"damage_healed":0,"gold_gain":0,"player_choice":"Shed Blood","damage_taken":19,"max_hp_gain":5,"max_hp_loss":0,"event_name":"Forgotten Altar","floor":25,"gold_loss":0},{"damage_healed":0,"gold_gain":0,"player_choice":"Fight","damage_taken":0,"max_hp_gain":0,"max_hp_loss":0,"event_name":"Mysterious Sphere","floor":37,"gold_loss":0},{"damage_healed":0,"gold_gain":0,"player_choice":"Max HP","damage_taken":0,"max_hp_gain":0,"max_hp_loss":4,"event_name":"Winding Halls","floor":39,"gold_loss":0}],"is_beta":false,"boss_relics":[{"not_picked":["Ectoplasm","Runic Pyramid"],"picked":"Runic Dome"},{"not_picked":["Kintsugi","Astrolabe"],"picked":"ReplayTheSpireMod:DimensionalGlitch"}],"items_purged_floors":[19,27,36,38,46],"is_endless":false,"potions_floor_spawned":[5,10,16,18,21,24,33,37,44],"ascension_level":4}}