{"host":"ue7jlgf7uv134an9","time":1613100655,"event":{"mods":["BaseMod","Better Third Choice","Colored Map","Defuse TimeMaze Blight","Minty Spire (QoL Compilation)","Quick Restart","Rare Cards Sparkle","Relic Stats","StSLib","UnlockEverythingMod"],"gold_per_floor":[109,124,136,136,155,155,155],"floor_reached":6,"language":"ENG","playtime":231,"items_purged":[],"score":76,"play_id":"e58eee70-5a5d-4687-9595-f1115c86f867","local_time":"20210211223055","is_ascension_mode":true,"campfire_choices":[],"circlet_count":0,"master_deck":["AscendersBane","Strike_G","Strike_G","Strike_G","Strike_G","Strike_G","Defend_G","Defend_G","Defend_G","Defend_G","Defend_G","Survivor","Neutralize","Poisoned Stab","Masterful Stab","Dagger Spray","Cloak And Dagger"],"relics":["Runic Pyramid"],"acts_visited":["Exordium"],"potions_floor_usage":[],"damage_taken":[{"damage":2,"enemies":"Jaw Worm","floor":1,"turns":5},{"damage":1,"enemies":"Small Slimes","floor":2,"turns":4},{"damage":0,"enemies":"Cultist","floor":3,"turns":3},{"damage":9,"enemies":"3 Louse","floor":5,"turns":3},{"damage":59,"enemies":"Gremlin Nob","floor":6,"turns":4}],"seed_played":"334206703178503592","potions_obtained":[],"is_trial":false,"path_per_floor":["M","M","M","?","M","E"],"character_chosen":"THE_SILENT","items_purchased":[],"campfire_rested":0,"item_purchase_floors":[],"current_hp_per_floor":[57,56,56,56,47,0,0],"gold":155,"neow_bonus":"BOSS_RELIC","is_daily":false,"chose_seed":false,"campfire_upgraded":0,"win_rate":0.0,"timestamp":1613100655,"path_taken":["M","M","M","?","M","E"],"items_purchased_type":[],"build_version":"2020-12-22","purchased_purges":0,"victory":false,"max_hp_per_floor":[66,66,66,66,66,66,66],"relic_stats":{"counters":[5,19],"obtain_stats":[{"Ring of the Snake":0,"Runic Pyramid":0},{"Ring of the Snake":0,"Runic Pyramid":0},{"Ring of the Snake":0,"Runic Pyramid":0}]},"card_choices":[{"not_picked":["Deadly Poison","Bane"],"picked":"Poisoned Stab","floor":1},{"not_picked":["Acrobatics","Flying Knee"],"picked":"Masterful Stab","floor":2},{"not_picked":["Reflex","Flechettes"],"picked":"Dagger Spray","floor":3},{"not_picked":["Finisher","Escape Plan"],"picked":"Cloak And Dagger","floor":5}],"player_experience":66178,"relics_obtained":[],"event_choices":[{"damage_healed":0,"gold_gain":0,"player_choice":"Ignored","damage_taken":0,"max_hp_gain":0,"max_hp_loss":0,"event_name":"Golden Idol","floor":4,"gold_loss":0}],"is_beta":false,"boss_relics":[],"items_purged_floors":[],"is_endless":false,"potions_floor_spawned":[],"killed_by":"Gremlin Nob","ascension_level":20}}