{"host":"m0bekkrd201b63ug","time":1613165044,"event":{"mods":["AchievementEnabler","BaseMod","Colored Powertips","Highlight Path","Minty Spire (QoL Compilation)","Rare Cards Sparkle","StSLib","SuperFastMode","everything is the same but u backflip on backflip","slay the spire mod where everything is the same but ironclad has a cowboy hat"],"gold_per_floor":[17,17,92,66,66,66,98,98,98,115,115,141,157,176,176,251,251,261,261,294,7,23,23,23,23],"floor_reached":24,"language":"ENG","playtime":1650,"items_purged":[],"score":398,"play_id":"90f68605-5c14-463f-8bd2-32632c11b684","local_time":"20210212192404","is_ascension_mode":true,"campfire_choices":[{"data":"Cloak And Dagger","floor":6.0,"key":"SMITH"},{"floor":8.0,"key":"REST"},{"floor":15,"key":"REST"},{"data":"Envenom","floor":23,"key":"SMITH"}],"circlet_count":0,"master_deck":["AscendersBane","Strike_G","Strike_G","Strike_G","Strike_G","Defend_G","Defend_G","Defend_G","Defend_G","Defend_G","Survivor","Neutralize","Dodge and Roll","Tools of the Trade","Cloak And Dagger+1","Caltrops","PiercingWail","Tools of the Trade","Infinite Blades","Footwork","Envenom+1","Poisoned Stab","Footwork","Prepared","Backflip+1"],"relics":["Ring of the Snake","Turnip","Darkstone Periapt","Pear","Bird Faced Urn","HoveringKite","Letter Opener"],"acts_visited":["Exordium","TheCity"],"potions_floor_usage":[12,20,24,24],"damage_taken":[{"damage":0.0,"enemies":"Cultist","floor":1.0,"turns":4.0},{"damage":20.0,"enemies":"3 Sentries","floor":7.0,"turns":18.0},{"damage":0.0,"enemies":"Jaw Worm","floor":10.0,"turns":6.0},{"damage":46,"enemies":"Lagavulin","floor":12,"turns":9},{"damage":0,"enemies":"2 Louse","floor":13,"turns":3},{"damage":11,"enemies":"Large Slime","floor":14,"turns":9},{"damage":32,"enemies":"The Guardian","floor":16,"turns":20},{"damage":3,"enemies":"Spheric Guardian","floor":18,"turns":9},{"damage":14,"enemies":"Chosen","floor":20,"turns":6},{"damage":26,"enemies":"Snecko","floor":22,"turns":9},{"damage":83,"enemies":"Gremlin Leader","floor":24,"turns":7}],"seed_played":"2264647445162519220","potions_obtained":[{"floor":7.0,"key":"PowerPotion"},{"floor":14,"key":"FearPotion"},{"floor":16,"key":"ColorlessPotion"},{"floor":20,"key":"Regen Potion"}],"is_trial":false,"path_per_floor":["M","?","?","$","?","R","E","R","T","M","?","E","M","M","R","B",null,"M","?","M","$","M","R","E"],"character_chosen":"THE_SILENT","items_purchased":["Cloak And Dagger","Letter Opener"],"campfire_rested":2,"item_purchase_floors":[4,21],"current_hp_per_floor":[59,59,48,48,48,48,28,47,57,57,57,11,17,14,36,14,61,70,70,66,66,54,54,0,0],"gold":23,"neow_bonus":"ONE_RARE_RELIC","is_daily":false,"chose_seed":false,"campfire_upgraded":2,"win_rate":0.0,"timestamp":1613165044,"path_taken":["M","?","?","$","?","R","E","R","T","?","?","E","M","M","R","BOSS","M","?","?","$","M","R","E"],"items_purchased_type":["Card","Relic"],"build_version":"2020-12-22","purchased_purges":0,"victory":false,"max_hp_per_floor":[66,66,66,66,66,66,66,66,76,76,76,76,76,76,76,76,76,76,76,76,76,76,76,76,76],"card_choices":[{"not_picked":["Deadly Poison","Calculated Gamble"],"picked":"Dodge and Roll","floor":1.0},{"not_picked":["Dagger Throw","Distraction"],"picked":"Caltrops","floor":7.0},{"not_picked":["Slice","Deadly Poison"],"picked":"PiercingWail","floor":10.0},{"not_picked":["Deadly Poison","Sucker Punch"],"picked":"Tools of the Trade","floor":12},{"not_picked":["Deflect","Predator"],"picked":"Infinite Blades","floor":13},{"not_picked":["Poisoned Stab","Dash"],"picked":"Footwork","floor":14},{"not_picked":["Corpse Explosion","Grand Finale"],"picked":"Envenom","floor":16},{"not_picked":["Dodge and Roll","Prepared+1"],"picked":"Poisoned Stab","floor":18},{"not_picked":["Prepared","Quick Slash","Deadly Poison"],"picked":"SKIP","floor":20},{"not_picked":["Quick Slash","Deadly Poison"],"picked":"Prepared","floor":20},{"not_picked":["Sucker Punch","Crippling Poison"],"picked":"Backflip+1","floor":22}],"player_experience":255908,"relics_obtained":[{"floor":7.0,"key":"Darkstone Periapt"},{"floor":9.0,"key":"Pear"},{"floor":12,"key":"Bird Faced Urn"}],"event_choices":[{"damage_healed":0.0,"max_hp_gain":0.0,"max_hp_loss":0.0,"gold_gain":0.0,"cards_transformed":["Strike_G"],"event_name":"Living Wall","player_choice":"Change","floor":2.0,"gold_loss":0.0,"damage_taken":0.0,"cards_obtained":["Tools of the Trade"]},{"damage_healed":0.0,"max_hp_gain":0.0,"max_hp_loss":0.0,"gold_gain":75.0,"event_name":"World of Goop","player_choice":"Gather Gold","floor":3.0,"gold_loss":0.0,"damage_taken":11.0},{"damage_healed":0.0,"max_hp_gain":0.0,"max_hp_loss":0.0,"gold_gain":0.0,"event_name":"Liars Game","player_choice":"Ignored","floor":5.0,"gold_loss":0.0,"damage_taken":0.0},{"damage_healed":0,"gold_gain":0,"player_choice":"Searched \u00270\u0027 times","damage_taken":0,"max_hp_gain":0,"max_hp_loss":0,"event_name":"Dead Adventurer","floor":11,"gold_loss":0},{"damage_healed":0,"gold_gain":0,"player_choice":"Copied","damage_taken":0,"max_hp_gain":0,"max_hp_loss":0,"event_name":"Duplicator","floor":19,"gold_loss":0,"cards_obtained":["Footwork"]}],"is_beta":false,"boss_relics":[{"not_picked":["SlaversCollar","Empty Cage"],"picked":"HoveringKite"}],"items_purged_floors":[],"is_endless":false,"potions_floor_spawned":[7,14,16,18,20],"killed_by":"Gremlin Leader","ascension_level":19}}