{"host":"r4wzpqnzjxxipuax","time":1613109547,"event":{"mods":["AchievementEnabler","BaseMod","Colored Map","Marisa????????","Minty Spire (QoL Compilation)","StSLib","The Cursed","The Senshi"],"gold_per_floor":[110,185,185,197,214,214,224,224,224,224,242,259,278,313,313,408,408,426,426,440,365,378,378,131,131,201,219,219,249,249,267,267,363,363,374,393,244,244,259,259,259],"floor_reached":40,"language":"ENG","playtime":1928,"items_purged":["Strike_MRS"],"score":485,"play_id":"30fae22f-196b-4afc-a839-cd58c36332f6","local_time":"20210211225907","is_ascension_mode":false,"campfire_choices":[{"data":"NonDirectionalLaser","floor":6.0,"key":"SMITH"},{"data":"FairyDestructionRay","floor":8.0,"key":"SMITH"},{"data":"UnstableBomb","floor":10.0,"key":"SMITH"},{"data":"BlazeAway","floor":15.0,"key":"SMITH"},{"floor":23.0,"key":"RECALL"},{"data":"GalacticHalo","floor":28.0,"key":"SMITH"},{"data":"ShootingEcho","floor":32.0,"key":"SMITH"}],"circlet_count":0,"master_deck":["Strike_MRS","Defend_MRS","Defend_MRS","MasterSpark","UpSweep","UnstableBomb+1","NonDirectionalLaser+1","DoubleSpark","FairyDestructionRay+1","ChargeUpSpray","DoubleSpark","NonDirectionalLaser","BlazeAway+1","AbsoluteMagnitude","AlicesGift+1","ShootingEcho+1","GalacticHalo+1","Ghostly","Ghostly","Ghostly","Ghostly","Ghostly","FinalSpark","AlicesGift+1","DeepEcoloBomb+1","DoubleSpark+1","DoubleSpark+1"],"relics":["MiniHakkero","NeowsBlessing","SproutingBranch","Philosopher\u0027s Stone","GremlinMask","Singing Bowl","BreadOfAWashokuLover","Sundial","Vajra","Astrolabe","Strawberry"],"acts_visited":["TheBeyond"],"potions_floor_usage":[],"damage_taken":[{"damage":0.0,"enemies":"Small Slimes","floor":1.0,"turns":1.0},{"damage":0.0,"enemies":"Jaw Worm","floor":4.0,"turns":1.0},{"damage":0.0,"enemies":"Cultist","floor":5.0,"turns":1.0},{"damage":7.0,"enemies":"Blue Slaver","floor":7.0,"turns":3.0},{"damage":3.0,"enemies":"Exordium Thugs","floor":11.0,"turns":3.0},{"damage":0.0,"enemies":"3 Louse","floor":12.0,"turns":1.0},{"damage":0.0,"enemies":"2 Fungi Beasts","floor":13.0,"turns":1.0},{"damage":4.0,"enemies":"3 Sentries","floor":14.0,"turns":3.0},{"damage":7.0,"enemies":"Slime Boss","floor":16.0,"turns":5.0},{"damage":0.0,"enemies":"Spheric Guardian","floor":18.0,"turns":2.0},{"damage":7.0,"enemies":"Chosen","floor":20.0,"turns":3.0},{"damage":14.0,"enemies":"Shelled Parasite and Fungi","floor":22.0,"turns":3.0},{"damage":16.0,"enemies":"Snecko","floor":27.0,"turns":3.0},{"damage":43.0,"enemies":"Book of Stabbing","floor":29.0,"turns":4.0},{"damage":2.0,"enemies":"Sentry and Sphere","floor":31.0,"turns":3.0},{"damage":23.0,"enemies":"Automaton","floor":33.0,"turns":8.0},{"damage":5.0,"enemies":"3 Darklings","floor":35.0,"turns":3.0},{"damage":2.0,"enemies":"Orb Walker","floor":36.0,"turns":3.0},{"damage":8.0,"enemies":"Writhing Mass","floor":39.0,"turns":5.0},{"damage":0,"enemies":"Nemesis","floor":40,"turns":1}],"seed_played":"1054020697258820653","potions_obtained":[{"floor":1.0,"key":"Energy Potion"},{"floor":5.0,"key":"Fruit Juice"},{"floor":11.0,"key":"Explosive Potion"},{"floor":12.0,"key":"ShroomBrew"},{"floor":20.0,"key":"SpeedPotion"},{"floor":22.0,"key":"SteroidPotion"},{"floor":29.0,"key":"Explosive Potion"},{"floor":36.0,"key":"Ancient Potion"},{"floor":39.0,"key":"Energy Potion"}],"is_trial":false,"path_per_floor":["M","?","?","M","M","R","M","R","T","R","M","M","M","E","R","B",null,"M","?","M","$","M","R","$","T","T","M","R","E","?","M","R","B",null,"M","M","$","?","M","E"],"character_chosen":"MARISA","items_purchased":["Singing Bowl","Strawberry"],"campfire_rested":0,"item_purchase_floors":[24,37],"current_hp_per_floor":[75,64,57,57,57,57,50,50,50,50,47,52,52,48,48,55,80,80,80,77,77,70,70,70,70,70,63,63,34,34,41,41,20,43,40,44,51,49,49,49,49],"gold":259,"neow_bonus":"THREE_ENEMY_KILL","is_daily":false,"chose_seed":false,"campfire_upgraded":6,"win_rate":0.0,"timestamp":1613109547,"path_taken":["M","?","?","M","M","R","M","R","T","R","?","?","M","E","R","BOSS","M","?","M","$","M","R","$","?","T","M","R","E","?","M","R","BOSS","M","M","$","?","M","E"],"items_purchased_type":["Relic","Relic"],"build_version":"2020-12-22","purchased_purges":1,"victory":false,"max_hp_per_floor":[75,75,75,75,75,75,75,75,75,75,75,80,80,80,80,80,80,80,80,80,80,80,80,80,80,80,80,80,82,41,43,43,43,43,43,45,52,49,51,51,51],"card_choices":[{"not_picked":["IllusionStar","ManaConvection"],"picked":"UnstableBomb","floor":1.0},{"not_picked":["GalacticHalo","UnstableBomb"],"picked":"NonDirectionalLaser","floor":4.0},{"not_picked":["GrandCross","WitchLeyline"],"picked":"DoubleSpark","floor":5.0},{"not_picked":["OneTimeOff","GrandCross"],"picked":"FairyDestructionRay","floor":7.0},{"not_picked":["PowerUp","DoubleSpark"],"picked":"ChargeUpSpray","floor":11.0},{"not_picked":["6A","WitchOfGreed"],"picked":"DoubleSpark","floor":12.0},{"not_picked":["AsteroidBelt","DoubleSpark"],"picked":"NonDirectionalLaser","floor":13.0},{"not_picked":["SprinkleStarSeal","IllusionStar"],"picked":"BlazeAway","floor":14.0},{"not_picked":["SuperNova","CollectingQuirk"],"picked":"AbsoluteMagnitude","floor":16.0},{"not_picked":["OneTimeOff+1","UnstableBomb"],"picked":"AlicesGift+1","floor":18.0},{"not_picked":["EarthLightRay","WitchOfGreed","DeepEcoloBomb+1"],"picked":"SKIP","floor":20.0},{"not_picked":["DragonMeteor","OrrerysSun"],"picked":"ShootingEcho","floor":22.0},{"not_picked":["FairyDestructionRay","MagicChant"],"picked":"GalacticHalo","floor":27.0},{"not_picked":["MysteriousBeam","PowerUp+1","GrandCross"],"picked":"Singing Bowl","floor":29.0},{"not_picked":["WitchOfGreed","SporeBomb+1","ManaConvection"],"picked":"Singing Bowl","floor":31.0},{"not_picked":["BlazingStar","MaximisePower"],"picked":"FinalSpark","floor":33.0},{"not_picked":["SuperPerseids","RefractionSpark+1"],"picked":"DoubleSpark+1","floor":35.0},{"not_picked":["GalacticHalo","DarkMatter+1","6A"],"picked":"Singing Bowl","floor":36.0},{"not_picked":["MagicAbsorber+1","IllusionStar+1","GalacticHalo"],"picked":"Singing Bowl","floor":39.0}],"player_experience":283641,"relics_obtained":[{"floor":14.0,"key":"SproutingBranch"},{"floor":25.0,"key":"BreadOfAWashokuLover"},{"floor":26.0,"key":"Sundial"},{"floor":29.0,"key":"Vajra"}],"event_choices":[{"damage_healed":0.0,"max_hp_gain":0.0,"max_hp_loss":0.0,"gold_gain":75.0,"event_name":"World of Goop","player_choice":"Gather Gold","floor":2.0,"gold_loss":0.0,"damage_taken":11.0},{"cards_removed":["Strike_MRS"],"damage_healed":0.0,"max_hp_gain":0.0,"max_hp_loss":0.0,"gold_gain":0.0,"event_name":"Golden Wing","player_choice":"Card Removal","floor":3.0,"gold_loss":0.0,"damage_taken":7.0},{"damage_healed":0.0,"max_hp_gain":0.0,"max_hp_loss":0.0,"gold_gain":0.0,"event_name":"FaceTrader","player_choice":"Trade","floor":19.0,"gold_loss":0.0,"damage_taken":0.0,"relics_obtained":["GremlinMask"]},{"damage_healed":0.0,"max_hp_gain":0.0,"max_hp_loss":41.0,"gold_gain":0.0,"event_name":"Ghosts","player_choice":"Became a Ghost","floor":30.0,"gold_loss":0.0,"damage_taken":0.0,"cards_obtained":["Ghostly","Ghostly","Ghostly","Ghostly","Ghostly"]},{"damage_healed":0.0,"max_hp_gain":0.0,"max_hp_loss":3.0,"gold_gain":0.0,"event_name":"Winding Halls","player_choice":"Max HP","floor":38.0,"gold_loss":0.0,"damage_taken":0.0}],"is_beta":false,"boss_relics":[{"not_picked":["Calling Bell","Tiny House"],"picked":"Philosopher\u0027s Stone"},{"not_picked":["Busted Crown","Velvet Choker"],"picked":"Astrolabe"}],"items_purged_floors":[21],"is_endless":false,"potions_floor_spawned":[1,5,11,12,20,22,29,36,39],"killed_by":"Nemesis","ascension_level":0}}