{"host":"j37i0m9ltjmpbz2t","time":1613136416,"event":{"mods":["BaseMod","Minty Spire (QoL Compilation)","StSLib","WarShipGirlsR/’ΩΩ¢…Ÿ≈ÆR mod"],"gold_per_floor":[1014,1014,1089,1089,1089,1120,593,593,663,679,696,696,729,742,742,844,844,859,556,556,566,583,610,610,638,689,721,189,219,219,235,235,335,335,352,363,113,133,144,175,175,206,277,277,277,303,303,303,303,303,303,303,148,182,182],"floor_reached":56,"language":"ZHS","playtime":4073,"items_purged":["rmod:strick","rmod:strick","rmod:defend"],"score":2191,"play_id":"20fd7ea0-ae69-4c3e-8974-5050aa77f253","local_time":"20210212212656","is_ascension_mode":true,"campfire_choices":[{"floor":8.0,"key":"REST"},{"data":"rmod:lonelyqueen","floor":12.0,"key":"SMITH"},{"data":"rmod:tearstotiara","floor":15.0,"key":"SMITH"},{"data":"rmod:basicallowance","floor":24.0,"key":"SMITH"},{"data":"rmod:royalracing","floor":32.0,"key":"SMITH"},{"data":"rmod:lonelyqueen","floor":41.0,"key":"SMITH"},{"data":"rmod:highspeedmaneuver","floor":45.0,"key":"SMITH"},{"floor":47.0,"key":"DIG"},{"floor":49.0,"key":"RECALL"},{"floor":52.0,"key":"DIG"}],"circlet_count":0,"master_deck":["AscendersBane","rmod:basicallowance+1","rmod:maingunfire+1","rmod:lonelyqueen+1","rmod:tearstotiara+1","rmod:lonelyqueen+1","rmod:overbreakdown","rmod:firesupport","rmod:royalracing+1","rmod:highspeedmaneuver+1","rmod:fuelsupply+1","rmod:expeditionaryescort","rmod:robin+1"],"relics":["rmod:firstchargereward","Regal Pillow","Ginger","rmod:extraamm","Ornamental Fan","Blood Vial","rmod:monthlycard","Omamori","InkBottle","Gambling Chip","Shovel","Boot","Pantograph","ClockworkSouvenir","Pocketwatch","Empty Cage","Toxic Egg 2","Mercury Hourglass","Darkstone Periapt","Sundial","Pear","Happy Flower","Molten Egg 2","Kunai","Shuriken"],"acts_visited":["TheCity","TheBeyond","TheEnding"],"potions_floor_usage":[],"damage_taken":[{"damage":0.0,"enemies":"2 Louse","floor":1.0,"turns":2.0},{"damage":26.0,"enemies":"3 Sentries","floor":6.0,"turns":10.0},{"damage":0.0,"enemies":"Small Slimes","floor":10.0,"turns":2.0},{"damage":0.0,"enemies":"Jaw Worm","floor":11.0,"turns":4.0},{"damage":12.0,"enemies":"Gremlin Nob","floor":13.0,"turns":3.0},{"damage":0.0,"enemies":"3 Louse","floor":14.0,"turns":3.0},{"damage":30.0,"enemies":"Slime Boss","floor":16.0,"turns":10.0},{"damage":0.0,"enemies":"Spheric Guardian","floor":18.0,"turns":2.0},{"damage":4.0,"enemies":"2 Thieves","floor":21.0,"turns":5.0},{"damage":4.0,"enemies":"Snecko","floor":22.0,"turns":7.0},{"damage":6.0,"enemies":"Slavers","floor":23.0,"turns":13.0},{"damage":6.0,"enemies":"Book of Stabbing","floor":25.0,"turns":8.0},{"damage":8.0,"enemies":"Gremlin Leader","floor":27.0,"turns":7.0},{"damage":7.0,"enemies":"Slavers","floor":29.0,"turns":6.0},{"damage":0.0,"enemies":"Centurion and Healer","floor":31.0,"turns":5.0},{"damage":0.0,"enemies":"Champ","floor":33.0,"turns":7.0},{"damage":0.0,"enemies":"3 Darklings","floor":35.0,"turns":3.0},{"damage":0.0,"enemies":"Orb Walker","floor":36.0,"turns":3.0},{"damage":0.0,"enemies":"Spire Growth","floor":38.0,"turns":3.0},{"damage":0.0,"enemies":"4 Shapes","floor":39.0,"turns":4.0},{"damage":0.0,"enemies":"Nemesis","floor":40.0,"turns":4.0},{"damage":0.0,"enemies":"Reptomancer","floor":42.0,"turns":4.0},{"damage":0.0,"enemies":"Giant Head","floor":46.0,"turns":5.0},{"damage":0.0,"enemies":"Awakened One","floor":50.0,"turns":11.0},{"damage":0.0,"enemies":"Shield and Spear","floor":54.0,"turns":1.0},{"damage":7,"enemies":"The Heart","floor":55,"turns":4}],"seed_played":"5514107692156177408","potions_obtained":[{"floor":1.0,"key":"EntropicBrew"},{"floor":13.0,"key":"BlessingOfTheForge"},{"floor":14.0,"key":"Swift Potion"},{"floor":18.0,"key":"SteroidPotion"},{"floor":31.0,"key":"BlessingOfTheForge"},{"floor":33.0,"key":"FearPotion"},{"floor":38.0,"key":"FearPotion"}],"is_trial":false,"path_per_floor":["M","?","?","?","?","E","$","R","T","M","M","R","E","M","R","B",null,"M","$","?","M","M","E","R","E","T","E","$","E","?","M","R","B",null,"M","M","$","M","M","E","R","E","T","$","R","E","R","T","R","B",null,"R","$","E","B",null],"character_chosen":"PRAEFECT","items_purchased":["Ginger","rmod:extraamm","Omamori","rmod:overbreakdown","Pantograph","ClockworkSouvenir","Toxic Egg 2","rmod:expeditionaryescort"],"campfire_rested":1,"item_purchase_floors":[7,7,19,19,28,28,37,53],"current_hp_per_floor":[50,50,39,32,32,6,6,43,43,43,43,43,31,33,33,5,58,60,60,60,58,56,52,52,48,48,42,42,37,37,39,39,66,73,75,75,75,75,75,75,75,75,75,75,75,85,85,85,85,85,85,85,85,85,78],"gold":182,"neow_bonus":"REMOVE_TWO","is_daily":false,"chose_seed":false,"campfire_upgraded":6,"win_rate":0.0,"timestamp":1613136416,"path_taken":["M","?","?","?","?","E","$","R","T","M","M","R","E","M","R","BOSS","M","$","?","?","M","E","R","E","T","E","$","E","?","M","R","BOSS","M","M","$","M","M","E","R","E","T","$","R","E","R","?","R","BOSS","R","$","E","BOSS"],"items_purchased_type":["Relic","Relic","Relic","Card","Relic","Relic","Relic","Card"],"build_version":"2020-12-22","purchased_purges":3,"victory":true,"max_hp_per_floor":[75,75,75,75,75,75,75,75,75,75,75,75,75,75,75,75,75,75,75,75,75,75,75,75,75,75,75,75,75,75,75,75,75,75,75,75,75,75,75,75,75,75,75,75,75,85,85,85,85,85,85,85,85,85,85],"card_choices":[{"not_picked":["rmod:aviationdawn","rmod:diamondstrike"],"picked":"rmod:lonelyqueen","floor":1.0},{"not_picked":["rmod:diamondstrike","rmod:fuelsupply","rmod:circuitoustactics"],"picked":"SKIP","floor":6.0},{"not_picked":["rmod:steelsupply","rmod:launchingtorpedo","rmod:supportescort"],"picked":"SKIP","floor":10.0},{"not_picked":["rmod:lastglory","rmod:aluminumsupply"],"picked":"rmod:tearstotiara","floor":11.0},{"not_picked":["rmod:intelligenceanalysis","rmod:spoils","rmod:u235"],"picked":"SKIP","floor":13.0},{"not_picked":["rmod:circuitoustactics","rmod:highspeedshooting"],"picked":"rmod:lonelyqueen","floor":14.0},{"not_picked":["rmod:supportescort","rmod:fletcherpendant","rmod:slowdown+1"],"picked":"SKIP","floor":18.0},{"not_picked":["rmod:wife+1","rmod:bulid","rmod:highspeedshooting"],"picked":"SKIP","floor":21.0},{"not_picked":["rmod:concentratefire","rmod:garrisonisland","rmod:highspeedshooting"],"picked":"SKIP","floor":22.0},{"not_picked":["rmod:maintain","rmod:concentratefire+1","rmod:heivgo"],"picked":"SKIP","floor":23.0},{"not_picked":["rmod:slowdown","rmod:aluminumsupply","rmod:circuitoustactics"],"picked":"SKIP","floor":25.0},{"not_picked":["rmod:combined+1","rmod:tearstotiara+1"],"picked":"rmod:firesupport","floor":27.0},{"not_picked":["rmod:wife","rmod:unsinkable","rmod:intelligenceanalysis"],"picked":"SKIP","floor":29.0},{"not_picked":["rmod:victimresponsibility","rmod:rockthrower+1"],"picked":"rmod:royalracing","floor":31.0},{"not_picked":["rmod:seals","rmod:u235"],"picked":"rmod:highspeedmaneuver","floor":33.0},{"not_picked":["rmod:luckystar","rmod:aviationdawn","rmod:supportescort"],"picked":"SKIP","floor":35.0},{"not_picked":["rmod:ammunitionsupply","rmod:unsinkable+1"],"picked":"rmod:fuelsupply+1","floor":36.0},{"not_picked":["rmod:tearstotiara+1","rmod:bulid+1","rmod:ammunitionsupply+1"],"picked":"SKIP","floor":38.0},{"not_picked":["rmod:gendarmerie+1","rmod:garrisonisland","rmod:combined+1"],"picked":"SKIP","floor":39.0},{"not_picked":["rmod:slowdown+1","rmod:robin+1","rmod:generalist+1"],"picked":"SKIP","floor":40.0},{"not_picked":["rmod:slowdown+1","rmod:robin+1","rmod:generalist+1"],"picked":"SKIP","floor":40.0},{"not_picked":["rmod:unsinkable+1","rmod:wasp","rmod:expedition+1"],"picked":"SKIP","floor":42.0},{"not_picked":["rmod:wolves+1","rmod:combined","rmod:unsinkable+1"],"picked":"SKIP","floor":46.0},{"not_picked":["rmod:salvage+1","rmod:auspiciousomen+1"],"picked":"rmod:robin+1","floor":54.0}],"player_experience":225638,"relics_obtained":[{"floor":6.0,"key":"Regal Pillow"},{"floor":9.0,"key":"Ornamental Fan"},{"floor":13.0,"key":"Blood Vial"},{"floor":20.0,"key":"InkBottle"},{"floor":23.0,"key":"Gambling Chip"},{"floor":25.0,"key":"Shovel"},{"floor":27.0,"key":"Boot"},{"floor":29.0,"key":"Pocketwatch"},{"floor":40.0,"key":"Mercury Hourglass"},{"floor":42.0,"key":"Darkstone Periapt"},{"floor":43.0,"key":"Sundial"},{"floor":46.0,"key":"Pear"},{"floor":47.0,"key":"Happy Flower"},{"floor":48.0,"key":"Molten Egg 2"},{"floor":52.0,"key":"Kunai"},{"floor":54.0,"key":"Shuriken"}],"event_choices":[{"damage_healed":0.0,"max_hp_gain":0.0,"max_hp_loss":0.0,"gold_gain":75.0,"event_name":"World of Goop","player_choice":"Gather Gold","floor":3.0,"gold_loss":0.0,"damage_taken":11.0},{"cards_removed":["rmod:defend"],"damage_healed":0.0,"max_hp_gain":0.0,"max_hp_loss":0.0,"gold_gain":0.0,"event_name":"Golden Wing","player_choice":"Card Removal","floor":4.0,"gold_loss":0.0,"damage_taken":7.0},{"damage_healed":0.0,"max_hp_gain":0.0,"max_hp_loss":0.0,"gold_gain":0.0,"event_name":"Accursed Blacksmith","player_choice":"Forge","floor":5.0,"gold_loss":0.0,"damage_taken":0.0,"cards_upgraded":["rmod:maingunfire"]},{"damage_healed":0.0,"max_hp_gain":0.0,"max_hp_loss":0.0,"gold_gain":0.0,"event_name":"Wheel of Change","player_choice":"Relic","floor":20.0,"gold_loss":0.0,"damage_taken":0.0},{"damage_healed":0.0,"max_hp_gain":0.0,"max_hp_loss":0.0,"gold_gain":0.0,"event_name":"Wheel of Change","player_choice":"Cursed","floor":30.0,"gold_loss":0.0,"damage_taken":0.0,"cards_obtained":["Decay"]}],"is_beta":false,"boss_relics":[{"not_picked":["Ectoplasm","rmod:mogul"],"picked":"rmod:monthlycard"},{"not_picked":["Coffee Dripper","SacredBark"],"picked":"Empty Cage"}],"items_purged_floors":[7,19,28],"is_endless":false,"potions_floor_spawned":[1,13,14,18,22,31,33,38],"ascension_level":10}}