{"host":"Jackie","time":1613090533,"event":{"mods":["BaseMod","Highlight Path","Minty Spire (QoL Compilation)","Relic Stats","Slay the Relics Exporter","StSLib","Twitch Decklist"],"gold_per_floor":[115,132,57,57,69,104,104,129,129,129,143,155,186,202,202,276,276,289,289,6,206,221,221,237,267,291,291,302,330,330,330,330],"floor_reached":31,"language":"ENG","playtime":4579,"items_purged":["Strike_B"],"score":590,"play_id":"86f6fc82-8c38-497e-9c05-369294610c2e","local_time":"20210211164213","is_ascension_mode":true,"campfire_choices":[{"data":"Cold Snap","floor":7,"key":"SMITH"},{"floor":10,"key":"REST"},{"data":"Hologram","floor":15,"key":"SMITH"},{"floor":23,"key":"REST"},{"floor":27,"key":"REST"}],"circlet_count":0,"master_deck":["AscendersBane","Strike_B","Strike_B","Defend_B","Defend_B","Defend_B","Zap","Dualcast","Cold Snap+1","Skim","Cold Snap","Core Surge","Ball Lightning","Hologram+1","Echo Form","Coolheaded","Biased Cognition","Turbo","Defragment","White Noise","Undo","Rainbow","Genetic Algorithm"],"relics":["Strawberry","Letter Opener","Juzu Bracelet","CaptainsWheel","Philosopher\u0027s Stone","Nloth\u0027s Gift","OrangePellets","Incense Burner","Art of War","Bottled Lightning"],"acts_visited":["Exordium","TheCity"],"potions_floor_usage":[6,8,13,16,16,29,30],"damage_taken":[{"damage":0,"enemies":"2 Louse","floor":1,"turns":2},{"damage":5,"enemies":"Small Slimes","floor":2,"turns":4},{"damage":0,"enemies":"Cultist","floor":5,"turns":3},{"damage":21,"enemies":"3 Sentries","floor":6,"turns":7},{"damage":17,"enemies":"Lagavulin","floor":8,"turns":6},{"damage":0,"enemies":"Large Slime","floor":11,"turns":3},{"damage":3,"enemies":"Gremlin Gang","floor":12,"turns":4},{"damage":9,"enemies":"Gremlin Nob","floor":13,"turns":3},{"damage":12,"enemies":"Exordium Wildlife","floor":14,"turns":3},{"damage":26,"enemies":"The Guardian","floor":16,"turns":13},{"damage":36,"enemies":"3 Byrds","floor":18,"turns":5},{"damage":1,"enemies":"Chosen","floor":22,"turns":4},{"damage":4,"enemies":"Centurion and Healer","floor":24,"turns":8},{"damage":18,"enemies":"Gremlin Leader","floor":25,"turns":7},{"damage":0,"enemies":"3 Cultists","floor":28,"turns":5},{"damage":25,"enemies":"Book of Stabbing","floor":29,"turns":7},{"damage":25,"enemies":"Colosseum Slavers","floor":30,"turns":4},{"damage":13,"enemies":"Slavers","floor":31,"turns":1}],"seed_played":"3461706634366663940","potions_obtained":[{"floor":1,"key":"SkillPotion"},{"floor":2,"key":"CultistPotion"},{"floor":5,"key":"EssenceOfDarkness"},{"floor":11,"key":"FearPotion"},{"floor":12,"key":"PotionOfCapacity"},{"floor":14,"key":"SkillPotion"},{"floor":25,"key":"AttackPotion"},{"floor":28,"key":"Dexterity Potion"}],"is_trial":false,"path_per_floor":["M","M","?","?","M","E","R","E","T","R","M","M","E","M","R","B",null,"M","?","$","?","M","R","M","E","T","R","M","E","?","E"],"character_chosen":"DEFECT","items_purchased":["OrangePellets","Defragment"],"campfire_rested":3,"item_purchase_floors":[20,20],"current_hp_per_floor":[71,66,66,59,59,45,45,28,28,53,53,50,41,29,29,3,65,29,29,29,29,28,53,49,31,31,56,56,31,6,0,0],"gold":330,"neow_bonus":"TEN_PERCENT_HP_BONUS","is_daily":false,"chose_seed":false,"campfire_upgraded":2,"win_rate":0.0,"timestamp":1613090533,"path_taken":["M","M","?","?","M","E","R","E","T","R","M","M","E","M","R","BOSS","M","?","?","?","M","R","M","E","T","R","M","E","?","E"],"items_purchased_type":["Relic","Card"],"build_version":"2020-12-18","purchased_purges":1,"victory":false,"max_hp_per_floor":[78,78,78,78,78,85,85,85,85,85,85,85,85,85,85,85,85,85,85,85,85,85,85,85,85,85,85,85,85,85,85,85],"relic_stats":{"OrangePellets":[4],"counters":[18,89],"Juzu Bracelet":1,"Nloth\u0027s Gift":1,"Art of War":[3],"Letter Opener":[139],"obtain_stats":[{"OrangePellets":20,"CaptainsWheel":13,"Strawberry":6,"Philosopher\u0027s Stone":17,"Juzu Bracelet":9,"Nloth\u0027s Gift":19,"Incense Burner":25,"Art of War":26,"Letter Opener":8,"Bottled Lightning":29,"Cracked Core":0},{"OrangePellets":11,"CaptainsWheel":8,"Strawberry":4,"Philosopher\u0027s Stone":10,"Juzu Bracelet":5,"Nloth\u0027s Gift":11,"Incense Burner":14,"Art of War":14,"Letter Opener":5,"Bottled Lightning":16,"Cracked Core":0},{"OrangePellets":53,"CaptainsWheel":32,"Strawberry":16,"Philosopher\u0027s Stone":48,"Juzu Bracelet":22,"Nloth\u0027s Gift":53,"Incense Burner":72,"Art of War":72,"Letter Opener":22,"Bottled Lightning":84,"Cracked Core":0}]},"card_choices":[{"not_picked":["Skim","Leap"],"picked":"Cold Snap","floor":1},{"not_picked":["Redo","Stack"],"picked":"Skim","floor":2},{"not_picked":["Chaos","Streamline"],"picked":"Cold Snap","floor":5},{"not_picked":["Static Discharge","FTL"],"picked":"Core Surge","floor":6},{"not_picked":["Reprogram","Scrape"],"picked":"Ball Lightning","floor":8},{"not_picked":["Ball Lightning","Fusion"],"picked":"Hologram","floor":11},{"not_picked":["Auto Shields","BootSequence","Leap"],"picked":"SKIP","floor":12},{"not_picked":["Lockon","Steam"],"picked":"Echo Form","floor":13},{"not_picked":["Go for the Eyes","Streamline"],"picked":"Coolheaded","floor":14},{"not_picked":["Thunder Strike","Echo Form"],"picked":"Biased Cognition","floor":16},{"not_picked":["Go for the Eyes","Lockon+1"],"picked":"Turbo","floor":18},{"not_picked":["Streamline","Reprogram"],"picked":"White Noise","floor":22},{"not_picked":["Hyperbeam","Compile Driver"],"picked":"Undo","floor":24},{"not_picked":["Rip and Tear","Reboot"],"picked":"Rainbow","floor":25},{"not_picked":["Sweeping Beam","Doom and Gloom"],"picked":"Genetic Algorithm","floor":28},{"not_picked":["Streamline+1","Steam Power","Rebound"],"picked":"SKIP","floor":29},{"not_picked":["Streamline+1","Steam Power","Rebound"],"picked":"SKIP","floor":29}],"player_experience":2217212,"relics_obtained":[{"floor":6,"key":"Strawberry"},{"floor":8,"key":"Letter Opener"},{"floor":9,"key":"Juzu Bracelet"},{"floor":13,"key":"CaptainsWheel"},{"floor":25,"key":"Incense Burner"},{"floor":26,"key":"Art of War"},{"floor":29,"key":"Bottled Lightning"}],"event_choices":[{"cards_removed":["Defend_B"],"damage_healed":0,"gold_gain":0,"player_choice":"Card Removal","damage_taken":0,"max_hp_gain":0,"max_hp_loss":0,"event_name":"The Cleric","floor":3,"gold_loss":75},{"cards_removed":["Strike_B"],"damage_healed":0,"gold_gain":0,"player_choice":"Card Removal","damage_taken":7,"max_hp_gain":0,"max_hp_loss":0,"event_name":"Golden Wing","floor":4,"gold_loss":0},{"damage_healed":0,"gold_gain":0,"player_choice":"Traded Relic","damage_taken":0,"relics_obtained":["Nloth\u0027s Gift"],"max_hp_gain":0,"max_hp_loss":0,"event_name":"N\u0027loth","floor":19,"relics_lost":["Cracked Core"],"gold_loss":0},{"damage_healed":0,"gold_gain":200,"player_choice":"Gold","damage_taken":0,"max_hp_gain":0,"max_hp_loss":0,"event_name":"Wheel of Change","floor":21,"gold_loss":0},{"damage_healed":0,"gold_gain":0,"player_choice":"Fight","damage_taken":0,"max_hp_gain":0,"max_hp_loss":0,"event_name":"Colosseum","floor":30,"gold_loss":0},{"damage_healed":0,"gold_gain":0,"player_choice":"Fled From Nobs","damage_taken":0,"max_hp_gain":0,"max_hp_loss":0,"event_name":"Colosseum","floor":30,"gold_loss":0}],"is_beta":true,"boss_relics":[{"not_picked":["Pandora\u0027s Box","Tiny House"],"picked":"Philosopher\u0027s Stone"}],"items_purged_floors":[20],"is_endless":false,"potions_floor_spawned":[1,2,5,11,12,14,25,28,30],"killed_by":"Slavers","ascension_level":20}}