{"host":"sygfylmorsvdndbx","time":1613152640,"event":{"mods":["AchievementEnabler","BaseMod","Bestiary","Highlight Path","Minty Spire (QoL Compilation)","Permanent Neow","Quick Restart","Relic Stats"],"gold_per_floor":[112,37,50,50,62,62,92,92,146,146,161,174,200,220,220,323,323,340,280,19,32,48,48,65,95,150,166,197,207,24,24,24,124,124,138,157,167,185,200,200,233,250,328,355,85,85,119,119,119,119,119,119,17,52,52],"floor_reached":56,"language":"ENG","playtime":6696,"items_purged":["Strike_G","Strike_G"],"score":1941,"play_id":"5338790b-de51-4de9-935f-4f54d6acaa00","local_time":"20210212125720","is_ascension_mode":true,"campfire_choices":[{"data":"Masterful Stab","floor":6.0,"key":"SMITH"},{"floor":8.0,"key":"REST"},{"data":"Corpse Explosion","floor":10.0,"key":"SMITH"},{"data":"Die Die Die","floor":15.0,"key":"SMITH"},{"data":"Tools of the Trade","floor":23.0,"key":"SMITH"},{"floor":32.0,"key":"REST"},{"data":"Well Laid Plans","floor":40.0,"key":"SMITH"},{"floor":46.0,"key":"REST"},{"floor":49.0,"key":"RECALL"},{"data":"Footwork","floor":52.0,"key":"SMITH"}],"circlet_count":0,"master_deck":["AscendersBane","Strike_G+1","Strike_G","Defend_G","Defend_G+1","Defend_G","Defend_G","Neutralize+1","Die Die Die+1","Dagger Throw","Masterful Stab+1","Backstab+1","Corpse Explosion+1","Deflect","Burst","Phantasmal Killer","Noxious Fumes+1","Footwork+1","Tools of the Trade+1","Terror+1","Footwork+1","Deflect+1","Cloak And Dagger+1","Escape Plan+1","Tools of the Trade","Master of Strategy+1","Doppelganger+1","Acrobatics+1","Well Laid Plans+1","Burst+1","Backflip+1","Bullet Time+1","Corpse Explosion+1","Cloak And Dagger+1","Blur+1","Dodge and Roll+1","Outmaneuver+1","Adrenaline+1","Backflip+1","Deflect+1","Adrenaline+1"],"relics":["Ring of the Snake","Whetstone","Vajra","Ice Cream","HoveringKite","Toxic Egg 2","Shuriken","Nloth\u0027s Gift","Black Star","Blue Candle","The Specimen","Gremlin Horn","Orichalcum","Frozen Egg 2","CeramicFish","Turnip","Boot","Pantograph"],"acts_visited":["Exordium","TheCity","TheBeyond","TheEnding"],"potions_floor_usage":[55],"damage_taken":[{"damage":3.0,"enemies":"Jaw Worm","floor":1.0,"turns":7.0},{"damage":0.0,"enemies":"Cultist","floor":3.0,"turns":4.0},{"damage":0.0,"enemies":"Small Slimes","floor":5.0,"turns":2.0},{"damage":9.0,"enemies":"Lagavulin","floor":7.0,"turns":5.0},{"damage":0.0,"enemies":"Looter","floor":11.0,"turns":1.0},{"damage":0.0,"enemies":"Blue Slaver","floor":12.0,"turns":2.0},{"damage":2.0,"enemies":"Gremlin Nob","floor":13.0,"turns":3.0},{"damage":0.0,"enemies":"Red Slaver","floor":14.0,"turns":1.0},{"damage":11.0,"enemies":"The Guardian","floor":16.0,"turns":9.0},{"damage":5.0,"enemies":"Shell Parasite","floor":18.0,"turns":2.0},{"damage":0.0,"enemies":"3 Byrds","floor":21.0,"turns":2.0},{"damage":4.0,"enemies":"Sentry and Sphere","floor":22.0,"turns":3.0},{"damage":0.0,"enemies":"Centurion and Healer","floor":24.0,"turns":2.0},{"damage":12.0,"enemies":"Book of Stabbing","floor":25.0,"turns":5.0},{"damage":20.0,"enemies":"Snake Plant","floor":27.0,"turns":4.0},{"damage":6.0,"enemies":"Gremlin Leader","floor":28.0,"turns":7.0},{"damage":28.0,"enemies":"Snecko","floor":29.0,"turns":6.0},{"damage":13.0,"enemies":"Automaton","floor":33.0,"turns":9.0},{"damage":4.0,"enemies":"Orb Walker","floor":35.0,"turns":3.0},{"damage":9.0,"enemies":"3 Darklings","floor":36.0,"turns":4.0},{"damage":4.0,"enemies":"Sphere and 2 Shapes","floor":37.0,"turns":3.0},{"damage":0.0,"enemies":"Spire Growth","floor":38.0,"turns":4.0},{"damage":0.0,"enemies":"Jaw Worm Horde","floor":39.0,"turns":2.0},{"damage":13.0,"enemies":"Giant Head","floor":41.0,"turns":6.0},{"damage":2.0,"enemies":"Maw","floor":42.0,"turns":6.0},{"damage":21.0,"enemies":"Nemesis","floor":44.0,"turns":7.0},{"damage":0.0,"enemies":"Reptomancer","floor":47.0,"turns":4.0},{"damage":15.0,"enemies":"Awakened One","floor":50.0,"turns":8.0},{"damage":58.0,"enemies":"Shield and Spear","floor":54.0,"turns":5.0},{"damage":23,"enemies":"The Heart","floor":55,"turns":12}],"seed_played":"-113171354633482281","potions_obtained":[{"floor":1.0,"key":"CunningPotion"},{"floor":5.0,"key":"Explosive Potion"},{"floor":12.0,"key":"FairyPotion"},{"floor":18.0,"key":"CunningPotion"},{"floor":33.0,"key":"Explosive Potion"},{"floor":36.0,"key":"SteroidPotion"},{"floor":38.0,"key":"SpeedPotion"}],"is_trial":false,"path_per_floor":["M","$","M","?","M","R","E","R","T","R","M","M","E","M","R","B",null,"M","?","$","M","M","R","M","E","T","M","E","M","$","?","R","B",null,"M","M","M","M","M","R","E","M","T","E","$","R","E","?","R","B",null,"R","$","E","B",null],"character_chosen":"THE_SILENT","items_purchased":["Toxic Egg 2","Master of Strategy+1","Dodge and Roll+1","Outmaneuver+1","Regen Potion","SkillPotion","Backflip+1","Deflect+1"],"campfire_rested":3,"item_purchase_floors":[20,30,45,45,45,53,53,53],"current_hp_per_floor":[42,42,42,28,28,28,19,40,40,40,40,40,38,38,38,27,59,54,54,54,54,50,50,50,38,38,18,12,19,19,19,40,27,59,55,46,42,42,42,42,29,27,27,6,6,27,27,27,27,27,59,59,59,1,3],"gold":52,"neow_bonus":"THREE_RARE_CARDS","is_daily":false,"chose_seed":false,"campfire_upgraded":6,"win_rate":0.0,"timestamp":1613152640,"path_taken":["M","$","M","?","M","R","E","R","T","R","M","M","E","M","R","BOSS","M","?","$","?","M","R","M","E","T","M","E","M","?","?","R","BOSS","M","M","M","M","M","R","E","M","T","E","?","R","E","?","R","BOSS","R","$","E","BOSS"],"items_purchased_type":["Relic","Card","Card","Card","Potion","Potion","Card","Card"],"build_version":"2020-12-22","purchased_purges":2,"victory":true,"max_hp_per_floor":[70,70,70,70,70,70,70,70,70,70,70,70,70,70,70,70,70,70,70,70,70,70,70,70,70,70,70,70,70,70,70,70,70,70,70,70,70,70,70,70,70,70,70,70,70,70,70,70,70,70,70,70,70,70,70],"relic_stats":{"Gremlin Horn":[6,6],"counters":[30,138],"Blue Candle":[0],"CeramicFish":36,"HoveringKite":[82],"Whetstone":["Backstab","Strike_G"],"Orichalcum":[12],"Boot":[0],"Shuriken":[43],"Pantograph":25,"Turnip":[2],"Nloth\u0027s Gift":5,"Black Star":4,"obtain_stats":[{"Ice Cream":13,"The Specimen":41,"Gremlin Horn":43,"Blue Candle":41,"CeramicFish":47,"Vajra":9,"HoveringKite":17,"Juzu Bracelet":28,"Whetstone":7,"Orichalcum":44,"Frozen Egg 2":44,"Boot":54,"Shuriken":25,"Pantograph":54,"Turnip":47,"Nloth\u0027s Gift":31,"Black Star":34,"Toxic Egg 2":20,"Ring of the Snake":0},{"Ice Cream":7,"The Specimen":24,"Gremlin Horn":25,"Blue Candle":24,"CeramicFish":27,"Vajra":4,"HoveringKite":9,"Juzu Bracelet":16,"Whetstone":4,"Orichalcum":26,"Frozen Egg 2":26,"Boot":29,"Shuriken":14,"Pantograph":29,"Turnip":27,"Nloth\u0027s Gift":17,"Black Star":18,"Toxic Egg 2":10,"Ring of the Snake":0},{"Ice Cream":24,"The Specimen":96,"Gremlin Horn":102,"Blue Candle":96,"CeramicFish":113,"Vajra":18,"HoveringKite":34,"Juzu Bracelet":59,"Whetstone":18,"Orichalcum":109,"Frozen Egg 2":109,"Boot":126,"Shuriken":48,"Pantograph":126,"Turnip":113,"Nloth\u0027s Gift":65,"Black Star":74,"Toxic Egg 2":36,"Ring of the Snake":0}],"Ring of the Snake":[60]},"card_choices":[{"not_picked":["Venomology","Burst"],"picked":"Die Die Die","floor":0.0},{"not_picked":["Concentrate","Prepared"],"picked":"Dagger Throw","floor":1.0},{"not_picked":["Dodge and Roll","Doppelganger"],"picked":"Masterful Stab","floor":3.0},{"not_picked":["Flying Knee","Escape Plan"],"picked":"Backstab","floor":5.0},{"not_picked":["Leg Sweep","Infinite Blades"],"picked":"Corpse Explosion","floor":7.0},{"not_picked":["Bouncing Flask","Flying Knee","Acrobatics"],"picked":"SKIP","floor":11.0},{"not_picked":["Underhanded Strike","Concentrate"],"picked":"Deflect","floor":12.0},{"not_picked":["Sucker Punch","Choke"],"picked":"Burst","floor":13.0},{"not_picked":["Distraction","Riddle With Holes","Dagger Throw"],"picked":"SKIP","floor":14.0},{"not_picked":["Burst","Die Die Die"],"picked":"Phantasmal Killer","floor":16.0},{"not_picked":["Dodge and Roll","Backstab"],"picked":"Noxious Fumes+1","floor":18.0},{"not_picked":["Dagger Throw","Concentrate+1"],"picked":"Terror+1","floor":21.0},{"not_picked":["Deadly Poison+1","Sucker Punch"],"picked":"Footwork+1","floor":22.0},{"not_picked":["Dagger Spray","Footwork"],"picked":"Deflect+1","floor":24.0},{"not_picked":["Heel Hook","Dash","Deadly Poison+1"],"picked":"SKIP","floor":25.0},{"not_picked":["Heel Hook","Dash","Deadly Poison+1"],"picked":"SKIP","floor":25.0},{"not_picked":["Quick Slash","Dagger Spray"],"picked":"Cloak And Dagger+1","floor":27.0},{"not_picked":["Choke","Flying Knee"],"picked":"Escape Plan+1","floor":28.0},{"not_picked":["Choke","Slice"],"picked":"Tools of the Trade","floor":29.0},{"not_picked":["Envenom","Burst+1"],"picked":"Doppelganger+1","floor":33.0},{"not_picked":["Infinite Blades","Deadly Poison+1"],"picked":"Acrobatics+1","floor":35.0},{"not_picked":["Footwork+1","Deadly Poison+1"],"picked":"Well Laid Plans","floor":36.0},{"not_picked":["Poisoned Stab+1","Dagger Throw+1"],"picked":"Burst+1","floor":37.0},{"not_picked":["Bouncing Flask+1","Riddle With Holes"],"picked":"Backflip+1","floor":38.0},{"not_picked":["Poisoned Stab","Quick Slash"],"picked":"Bullet Time+1","floor":39.0},{"not_picked":["Die Die Die","Choke"],"picked":"Corpse Explosion+1","floor":41.0},{"not_picked":["Night Terror+1","Well Laid Plans"],"picked":"Cloak And Dagger+1","floor":42.0},{"not_picked":["Accuracy+1","Crippling Poison+1"],"picked":"Blur+1","floor":44.0},{"not_picked":["Backstab","Prepared+1"],"picked":"Adrenaline+1","floor":47.0},{"not_picked":["Noxious Fumes+1","Well Laid Plans+1"],"picked":"Adrenaline+1","floor":54.0}],"player_experience":499709,"relics_obtained":[{"floor":7.0,"key":"Whetstone"},{"floor":9.0,"key":"Vajra"},{"floor":13.0,"key":"Ice Cream"},{"floor":25.0,"key":"Shuriken"},{"floor":28.0,"key":"Juzu Bracelet"},{"floor":41.0,"key":"Blue Candle"},{"floor":41.0,"key":"The Specimen"},{"floor":43.0,"key":"Gremlin Horn"},{"floor":44.0,"key":"Orichalcum"},{"floor":44.0,"key":"Frozen Egg 2"},{"floor":47.0,"key":"CeramicFish"},{"floor":47.0,"key":"Turnip"},{"floor":54.0,"key":"Boot"},{"floor":54.0,"key":"Pantograph"}],"event_choices":[{"damage_healed":0.0,"max_hp_gain":0.0,"max_hp_loss":0.0,"gold_gain":0.0,"event_name":"Shining Light","player_choice":"Entered Light","floor":4.0,"gold_loss":0.0,"damage_taken":14.0,"cards_upgraded":["Defend_G","Neutralize"]},{"damage_healed":0.0,"max_hp_gain":0.0,"max_hp_loss":0.0,"gold_gain":0.0,"cards_transformed":["Strike_G","Defend_G"],"event_name":"Designer","player_choice":"Transformed Cards","floor":19.0,"gold_loss":60.0,"damage_taken":0.0,"cards_obtained":["Footwork","Tools of the Trade"]},{"damage_healed":0.0,"max_hp_gain":0.0,"max_hp_loss":0.0,"gold_gain":0.0,"event_name":"N\u0027loth","player_choice":"Traded Relic","floor":31.0,"relics_lost":["Juzu Bracelet"],"gold_loss":0.0,"damage_taken":0.0,"relics_obtained":["Nloth\u0027s Gift"]},{"cards_removed":["Survivor"],"damage_healed":0.0,"max_hp_gain":0.0,"max_hp_loss":0.0,"gold_gain":0.0,"event_name":"Falling","player_choice":"Removed Skill","floor":48.0,"gold_loss":0.0,"damage_taken":0.0}],"is_beta":false,"boss_relics":[{"not_picked":["Fusion Hammer","Empty Cage"],"picked":"HoveringKite"},{"not_picked":["Calling Bell","Pandora\u0027s Box"],"picked":"Black Star"}],"items_purged_floors":[2,45],"is_endless":false,"potions_floor_spawned":[1,5,12,14,18,21,33,36,37,38,42,54],"ascension_level":12}}