{"host":"5pfivkovc4wibog0","time":1613093171,"event":{"mods":["2.2 Compatiblity","BaseMod","Better Third Choice","Block Reminder","Colored Powertips","Downfall","Friendly Minions","GifTheSpireLib","Hermit","Koishi","Marisa????????","Minty Spire (QoL Compilation)","Permanent Neow","Quick Restart","Rare Cards Sparkle","Reimu??????","StSLib","The Administrix","The Animator","The Cursed","TheSwordswoman"],"gold_per_floor":[112,112,186,30,45,45,106,106,406,406,436,26,26,26,26,126,126,145,145,70,80,80,80,112,112,164,175,185,185,202,131,131,227,227,245,258,276,290,301,301,134,134,134,147,164,174,174,192,192,192,192],"floor_reached":50,"language":"ENG","playtime":2196,"items_purged":["Burn","Parasite"],"score":485,"play_id":"b71318c9-b0ce-4da9-8f09-7f9609c22654","local_time":"20210212012611","is_ascension_mode":true,"campfire_choices":[{"data":"1","floor":6,"key":"LIFT"},{"data":"2","floor":8,"key":"LIFT"},{"data":"3","floor":10,"key":"LIFT"},{"data":"Limit Break","floor":15,"key":"SMITH"},{"data":"Inflame","floor":23,"key":"SMITH"},{"data":"Seeing Red","floor":29,"key":"SMITH"},{"floor":32,"key":"REST"},{"floor":40,"key":"REST"},{"data":"Berserk","floor":42,"key":"SMITH"},{"floor":49,"key":"RECALL"}],"circlet_count":0,"master_deck":["Strike_R","Strike_R","Strike_R","Strike_R","Defend_R","Defend_R","Defend_R","Defend_R","Bash","Inflame+1","Metallicize","Clothesline","Seeing Red+1","Limit Break+1","Clothesline+1","Sword Boomerang","Sword Boomerang","Berserk+1","Armaments+1","Rage","Metallicize+1"],"relics":["Burning Blood","Girya","Old Coin","Matryoshka","Bottled Tornado","SacredBark","Magic Flower","GremlinMask","Regal Pillow","Pen Nib","Runic Pyramid","Meat on the Bone","InkBottle"],"acts_visited":["Exordium","TheCity","TheBeyond"],"potions_floor_usage":[24,24,24,24,27,28,28,28,33,33,45,50,50],"damage_taken":[{"damage":3,"enemies":"2 Louse","floor":1,"turns":4},{"damage":9,"enemies":"Jaw Worm","floor":5,"turns":5},{"damage":15,"enemies":"Gremlin Nob","floor":11,"turns":4},{"damage":13,"enemies":"Gremlin Nob","floor":14,"turns":4},{"damage":16,"enemies":"Slime Boss","floor":16,"turns":8},{"damage":10,"enemies":"Spheric Guardian","floor":18,"turns":3},{"damage":30,"enemies":"Shell Parasite","floor":21,"turns":6},{"damage":11,"enemies":"Gremlin Leader","floor":24,"turns":6},{"damage":17,"enemies":"Centurion and Healer","floor":27,"turns":3},{"damage":7,"enemies":"Cultist and Chosen","floor":28,"turns":3},{"damage":26,"enemies":"Snake Plant","floor":30,"turns":3},{"damage":56,"enemies":"Automaton","floor":33,"turns":9},{"damage":7,"enemies":"Orb Walker","floor":35,"turns":2},{"damage":29,"enemies":"3 Darklings","floor":36,"turns":5},{"damage":16,"enemies":"Spire Growth","floor":37,"turns":4},{"damage":16,"enemies":"Transient","floor":38,"turns":5},{"damage":32,"enemies":"Writhing Mass","floor":39,"turns":3},{"damage":21,"enemies":"4 Shapes","floor":44,"turns":4},{"damage":15,"enemies":"Transient","floor":45,"turns":5},{"damage":24,"enemies":"Jaw Worm Horde","floor":46,"turns":4},{"damage":0,"enemies":"Maw","floor":48,"turns":6},{"damage":79,"enemies":"Awakened One","floor":50,"turns":3}],"seed_played":"-3440357324575720518","potions_obtained":[{"floor":11,"key":"Explosive Potion"},{"floor":18,"key":"ZuzhouPotion:ReiMu"},{"floor":21,"key":"EssenceOfSteel"},{"floor":24,"key":"EntropicBrew"},{"floor":36,"key":"Ancient Potion"},{"floor":37,"key":"SpeedPotion"},{"floor":38,"key":"hexamod:SoulburnPotion"},{"floor":48,"key":"Strength Potion"}],"is_trial":false,"path_per_floor":["M","?","T","$","M","R","?","R","T","R","E","$","?","?","R","B",null,"M","?","?","M","$","R","E","?","T","M","M","R","M","$","R","B",null,"M","M","M","M","M","R","$","R","T","M","M","M","?","M","R","B"],"character_chosen":"IRONCLAD","items_purchased":["Metallicize","Bottled Tornado","Limit Break","GamblersBrew","Rage"],"campfire_rested":2,"item_purchase_floors":[4,12,12,31,41],"current_hp_per_floor":[59,59,59,59,56,56,56,56,56,56,47,47,47,40,40,30,80,76,76,76,52,52,52,47,47,47,39,41,41,24,24,63,16,80,80,60,53,46,23,62,62,62,62,50,62,65,65,74,74,0,0],"gold":192,"neow_bonus":"ONE_RARE_RELIC","is_daily":false,"chose_seed":false,"campfire_upgraded":4,"win_rate":0.0,"timestamp":1613093171,"path_taken":["M","?","?","$","M","R","?","R","T","R","E","$","?","?","R","BOSS","M","?","?","M","?","R","E","?","T","M","M","R","?","$","R","BOSS","M","M","M","M","M","R","$","R","T","M","M","M","?","M","R","BOSS"],"items_purchased_type":["Card","Relic","Card","Potion","Card"],"build_version":"2020-12-22","purchased_purges":2,"victory":false,"max_hp_per_floor":[80,80,80,80,80,80,80,80,80,80,80,80,80,80,80,80,80,80,80,80,80,80,80,80,80,80,80,80,80,80,80,80,80,80,80,80,80,80,80,80,77,77,77,77,77,77,77,77,77,77,77],"card_choices":[{"not_picked":["Perfected Strike","Iron Wave"],"picked":"Inflame","floor":1},{"not_picked":["Perfected Strike","Iron Wave"],"picked":"Clothesline","floor":5},{"not_picked":["Clash","Iron Wave"],"picked":"Seeing Red","floor":11},{"not_picked":["Searing Blow","Metallicize"],"picked":"Clothesline+1","floor":18},{"not_picked":["Disarm","Headbutt","True Grit"],"picked":"SKIP","floor":21},{"not_picked":["Body Slam+1","Clash"],"picked":"Sword Boomerang","floor":24},{"not_picked":["Second Wind","Spot Weakness"],"picked":"Sword Boomerang","floor":27},{"not_picked":["Hemokinesis","Thunderclap+1","Clash"],"picked":"SKIP","floor":28},{"not_picked":["Wild Strike","Disarm","Evolve"],"picked":"SKIP","floor":30},{"not_picked":["Barricade","Bludgeon"],"picked":"Berserk","floor":33},{"not_picked":["True Grit","Pommel Strike+1","Iron Wave"],"picked":"SKIP","floor":35},{"not_picked":["Body Slam","Clothesline+1","Wild Strike+1"],"picked":"SKIP","floor":36},{"not_picked":["Carnage","Evolve","Dual Wield"],"picked":"SKIP","floor":37},{"not_picked":["Pommel Strike","Headbutt+1"],"picked":"Armaments+1","floor":38},{"not_picked":["Perfected Strike+1","Limit Break","Headbutt+1"],"picked":"SKIP","floor":39},{"not_picked":["Thunderclap+1","Spot Weakness+1"],"picked":"Metallicize+1","floor":44},{"not_picked":["Second Wind","Sever Soul","Body Slam"],"picked":"SKIP","floor":45},{"not_picked":["Dropkick+1","Anger","Ghostly Armor"],"picked":"SKIP","floor":46},{"not_picked":["Intimidate+1","Armaments+1","Double Tap"],"picked":"SKIP","floor":48}],"player_experience":37009,"relics_obtained":[{"floor":9,"key":"Old Coin"},{"floor":11,"key":"Matryoshka"},{"floor":24,"key":"Magic Flower"},{"floor":26,"key":"Regal Pillow"},{"floor":26,"key":"Pen Nib"},{"floor":43,"key":"Meat on the Bone"},{"floor":43,"key":"InkBottle"}],"event_choices":[{"damage_healed":59,"gold_gain":0,"player_choice":"Embrace Burn","damage_taken":0,"max_hp_gain":0,"max_hp_loss":80,"event_name":"betterThird:BetterShining","floor":2,"gold_loss":0},{"damage_healed":0,"gold_gain":61,"player_choice":"Gained Gold","damage_taken":0,"max_hp_gain":0,"max_hp_loss":0,"event_name":"Golden Wing","floor":7,"gold_loss":0},{"damage_healed":0,"gold_gain":0,"player_choice":"Searched \u00270\u0027 times","damage_taken":0,"max_hp_gain":0,"max_hp_loss":0,"event_name":"Dead Adventurer","floor":13,"gold_loss":0},{"cards_removed":["Strike_R"],"damage_healed":0,"gold_gain":0,"player_choice":"Gave Gold","damage_taken":0,"max_hp_gain":0,"max_hp_loss":0,"event_name":"Beggar","floor":20,"gold_loss":75},{"damage_healed":0,"gold_gain":0,"player_choice":"Trade","damage_taken":0,"relics_obtained":["GremlinMask"],"max_hp_gain":0,"max_hp_loss":0,"event_name":"FaceTrader","floor":25,"gold_loss":0},{"damage_healed":0,"gold_gain":0,"player_choice":"Memory 1","damage_taken":0,"max_hp_gain":0,"max_hp_loss":0,"event_name":"SensoryStone","floor":47,"gold_loss":0}],"is_beta":false,"boss_relics":[{"not_picked":["Cursed Key","Coffee Dripper"],"picked":"SacredBark"},{"not_picked":["Black Star","Empty Cage"],"picked":"Runic Pyramid"}],"items_purged_floors":[4,41],"is_endless":false,"potions_floor_spawned":[11,18,21,24,36,37,38,48],"killed_by":"Awakened One","ascension_level":1}}