{"host":"2n2g1vowfllvjtvi","time":1613130864,"event":{"mods":["AchievementEnabler","BaseMod","Custom Start","GifTheSpireLib","Keyboard Shortcuts","Minty Spire (QoL Compilation)","Permanent Neow","Quick Restart","StSLib","SuperFastMode"],"gold_per_floor":[112,126,126,28,28,28,42,42,65,100,116,149,149,166,166,261,261,278,298,298,397,397,397,397,397],"floor_reached":24,"language":"KOR","playtime":433,"items_purged":["Strike_P"],"score":306,"play_id":"efb4f2a1-a83e-4886-a5f6-7df69f35bd28","local_time":"20210212205424","is_ascension_mode":true,"campfire_choices":[{"data":"Eruption","floor":6,"key":"SMITH"},{"floor":15,"key":"REST"},{"floor":23,"key":"REST"}],"circlet_count":0,"master_deck":["AscendersBane","Strike_P","Strike_P","Defend_P","Defend_P","Defend_P","Defend_P","Eruption+1","Vigilance","Flash of Steel","SandsOfTime","EmptyBody","EmptyFist","DeusExMachina"],"relics":["PureWater","WarpedTongs","Orichalcum","Smiling Mask","PreservedInsect","Fusion Hammer"],"acts_visited":["Exordium","TheCity"],"potions_floor_usage":[12,12,12,18,24],"damage_taken":[{"damage":0.0,"enemies":"Cultist","floor":1.0,"turns":2.0},{"damage":12.0,"enemies":"Small Slimes","floor":2.0,"turns":6.0},{"damage":0,"enemies":"2 Louse","floor":7,"turns":3},{"damage":27,"enemies":"Gremlin Nob","floor":10,"turns":5},{"damage":3,"enemies":"Red Slaver","floor":11,"turns":5},{"damage":9,"enemies":"3 Sentries","floor":12,"turns":8},{"damage":4,"enemies":"Exordium Wildlife","floor":14,"turns":3},{"damage":6,"enemies":"The Guardian","floor":16,"turns":11},{"damage":25,"enemies":"2 Thieves","floor":18,"turns":4},{"damage":3,"enemies":"Spheric Guardian","floor":19,"turns":3},{"damage":46,"enemies":"Gremlin Leader","floor":24,"turns":7}],"seed_played":"7118978267827952056","potions_obtained":[{"floor":2.0,"key":"Block Potion"},{"floor":3.0,"key":"Explosive Potion"},{"floor":3.0,"key":"GamblersBrew"},{"floor":14,"key":"SneckoOil"},{"floor":16,"key":"FearPotion"},{"floor":19,"key":"Ancient Potion"}],"is_trial":false,"path_per_floor":["M","M","?","$","?","R","M","?","T","E","M","E","?","M","R","B",null,"M","M","?","?","?","R","E"],"character_chosen":"WATCHER","items_purchased":["EmptyBody"],"campfire_rested":2,"item_purchase_floors":[4],"current_hp_per_floor":[65,53,53,53,53,53,53,53,53,26,23,14,14,10,31,25,60,35,32,19,19,19,42,0,0],"gold":397,"neow_bonus":"RANDOM_COLORLESS","is_daily":false,"chose_seed":false,"campfire_upgraded":1,"win_rate":0.0,"timestamp":1613130864,"path_taken":["M","?","?","?","?","R","M","?","T","E","?","E","?","M","R","BOSS","M","M","?","?","?","R","E"],"items_purchased_type":["Card"],"build_version":"2020-12-22","purchased_purges":1,"victory":false,"max_hp_per_floor":[72,72,72,72,72,72,72,72,72,72,72,72,72,72,72,72,72,72,72,77,77,77,77,77,77],"card_choices":[{"not_picked":["Dramatic Entrance","Dark Shackles"],"picked":"Flash of Steel","floor":0.0},{"not_picked":["Protect","Indignation","Prostrate"],"picked":"SKIP","floor":1.0},{"not_picked":["Vengeance","LikeWater"],"picked":"SandsOfTime","floor":2.0},{"not_picked":["FollowUp","WaveOfTheHand","BowlingBash"],"picked":"SKIP","floor":7},{"not_picked":["Vengeance","LikeWater"],"picked":"EmptyFist","floor":10},{"not_picked":["LikeWater","Evaluate","Prostrate"],"picked":"SKIP","floor":11},{"not_picked":["ForeignInfluence","EmptyBody","Conclude"],"picked":"SKIP","floor":12},{"not_picked":["FlurryOfBlows","Sanctity","Fasting2"],"picked":"SKIP","floor":14},{"not_picked":["Devotion","Omniscience"],"picked":"DeusExMachina","floor":16},{"not_picked":["Protect+1","WaveOfTheHand","CrushJoints"],"picked":"SKIP","floor":18},{"not_picked":["Worship+1","Perseverance","Sanctity+1"],"picked":"SKIP","floor":19}],"player_experience":229745,"relics_obtained":[{"floor":9,"key":"Orichalcum"},{"floor":10,"key":"Smiling Mask"},{"floor":12,"key":"PreservedInsect"}],"event_choices":[{"damage_healed":0.0,"max_hp_gain":0.0,"max_hp_loss":0.0,"gold_gain":0.0,"event_name":"Lab","player_choice":"Got Potions","floor":3.0,"gold_loss":0.0,"damage_taken":0.0},{"damage_healed":0,"gold_gain":0,"player_choice":"Ignored","damage_taken":0,"max_hp_gain":0,"max_hp_loss":0,"event_name":"Liars Game","floor":5,"gold_loss":0},{"damage_healed":0,"gold_gain":0,"player_choice":"Rummage","damage_taken":0,"relics_obtained":["WarpedTongs"],"max_hp_gain":0,"max_hp_loss":0,"event_name":"Accursed Blacksmith","floor":8,"gold_loss":0,"cards_obtained":["Pain"]},{"cards_removed":["Pain"],"damage_healed":0,"gold_gain":0,"player_choice":"Removed Curses","damage_taken":0,"max_hp_gain":0,"max_hp_loss":0,"event_name":"Fountain of Cleansing","floor":13,"gold_loss":0},{"damage_healed":0,"gold_gain":0,"player_choice":"Shed Blood","damage_taken":18,"max_hp_gain":5,"max_hp_loss":0,"event_name":"Forgotten Altar","floor":20,"gold_loss":0},{"damage_healed":0,"gold_gain":99,"player_choice":"Stole From Cult","damage_taken":0,"max_hp_gain":0,"max_hp_loss":0,"event_name":"Nest","floor":21,"gold_loss":0},{"cards_removed":["Strike_P"],"damage_healed":0,"gold_gain":0,"player_choice":"Elegance","damage_taken":0,"max_hp_gain":0,"max_hp_loss":0,"event_name":"Back to Basics","floor":22,"gold_loss":0}],"is_beta":false,"boss_relics":[{"not_picked":["Runic Pyramid","Astrolabe"],"picked":"Fusion Hammer"}],"items_purged_floors":[4],"is_endless":false,"potions_floor_spawned":[2,11,14,16,19],"killed_by":"Gremlin Leader","ascension_level":10}}