{"host":"ia9e4s524g7bamk7","time":1613160686,"event":{"mods":["AchievementEnabler","BaseMod","Colored Map","Minty Spire (QoL Compilation)","Permanent Neow","Slay-I","slay the spire mod where everything is the same but ironclad has a cowboy hat"],"gold_per_floor":[109,126,144,160,85,110,124,155,155,186,186,217,217,227,227,329,329,339,353,110,121,121,121,149,149,176,205,215,215,227,102,102,197,197,214,214,234,254,264,264,299,299,323,323,323],"floor_reached":44,"language":"ENG","playtime":4646,"items_purged":["Bash","Combust","Bloodletting"],"score":738,"play_id":"88aefa10-8e4e-4e84-84d1-6fb2ad46a0aa","local_time":"20210212211126","is_ascension_mode":true,"campfire_choices":[{"data":"Armaments","floor":11,"key":"SMITH"},{"data":"Feed","floor":13,"key":"SMITH"},{"floor":15,"key":"REST"},{"data":"Power Through","floor":23,"key":"SMITH"},{"data":"Berserk","floor":25,"key":"SMITH"},{"data":"Power Through","floor":32,"key":"SMITH"},{"floor":40,"key":"RECALL"},{"floor":42,"key":"REST"}],"circlet_count":0,"master_deck":["Swift Strike","Armaments+1","Feed+1","Metallicize","Pommel Strike","Battle Trance","Iron Wave","Battle Trance","Ghostly Armor","Warcry","Berserk+1","Cleave","Carnage","Whirlwind","Pummel","Sever Soul","Offering","Disarm","Cleave","Clothesline","Power Through+1","Havoc+1","Reaper","Inflame","Second Wind","Entrench","Corruption","Power Through+1","Pommel Strike+1","Shrug It Off+1","Pommel Strike+1","Shrug It Off+1","Armaments+1","Dark Embrace+1","Dark Embrace","Iron Wave+1"],"relics":["Burning Blood","Self Forming Clay","Matryoshka","Red Skull","Thread and Needle","Prayer Wheel","Kunai","Pandora\u0027s Box","Gremlin Horn","Paper Frog","Bag of Marbles","Blue Candle","Boot","Philosopher\u0027s Stone","HornCleat"],"acts_visited":["Exordium","TheCity","TheBeyond"],"potions_floor_usage":[7,24,24,33,33],"damage_taken":[{"damage":1,"enemies":"Cultist","floor":1,"turns":4},{"damage":6,"enemies":"Jaw Worm","floor":2,"turns":4},{"damage":0,"enemies":"2 Louse","floor":3,"turns":2},{"damage":10,"enemies":"Lots of Slimes","floor":4,"turns":6},{"damage":28,"enemies":"3 Sentries","floor":6,"turns":10},{"damage":9,"enemies":"Red Slaver","floor":7,"turns":6},{"damage":35,"enemies":"Lagavulin","floor":8,"turns":8},{"damage":9,"enemies":"3 Sentries","floor":10,"turns":7},{"damage":22,"enemies":"Gremlin Nob","floor":12,"turns":5},{"damage":1,"enemies":"Blue Slaver","floor":14,"turns":6},{"damage":30,"enemies":"The Guardian","floor":16,"turns":15},{"damage":16,"enemies":"2 Thieves","floor":18,"turns":3},{"damage":34,"enemies":"Spheric Guardian","floor":19,"turns":7},{"damage":6,"enemies":"Snake Plant","floor":21,"turns":5},{"damage":31,"enemies":"Slavers","floor":24,"turns":4},{"damage":14,"enemies":"Book of Stabbing","floor":27,"turns":5},{"damage":3,"enemies":"3 Cultists","floor":28,"turns":1},{"damage":13,"enemies":"Shelled Parasite and Fungi","floor":30,"turns":5},{"damage":63,"enemies":"Collector","floor":33,"turns":9},{"damage":6,"enemies":"3 Shapes","floor":35,"turns":3},{"damage":28,"enemies":"3 Darklings","floor":37,"turns":4},{"damage":49,"enemies":"Writhing Mass","floor":38,"turns":5},{"damage":30,"enemies":"Maw","floor":39,"turns":9},{"damage":47,"enemies":"Nemesis","floor":41,"turns":7},{"damage":85,"enemies":"Giant Head","floor":44,"turns":9}],"seed_played":"-5989729357128844745","potions_obtained":[{"floor":3,"key":"GamblersBrew"},{"floor":7,"key":"BloodPotion"},{"floor":10,"key":"BlessingOfTheForge"},{"floor":19,"key":"SteroidPotion"},{"floor":30,"key":"Explosive Potion"},{"floor":38,"key":"GamblersBrew"}],"is_trial":false,"path_per_floor":["M","M","M","M","$","E","M","E","T","E","R","E","R","M","R","B",null,"M","M","$","M","?","R","E","R","T","E","M","?","M","$","R","B",null,"M","?","M","M","M","R","E","R","T","E"],"character_chosen":"IRONCLAD","items_purchased":["Reaper"],"campfire_rested":2,"item_purchase_floors":[20],"current_hp_per_floor":[77,77,84,83,83,65,66,40,40,40,40,27,27,36,68,48,96,86,62,62,71,71,71,50,50,50,49,52,52,59,59,59,46,105,124,128,106,73,59,59,22,62,62,0,0],"gold":323,"neow_bonus":"RANDOM_COLORLESS","is_daily":false,"chose_seed":false,"campfire_upgraded":5,"win_rate":0.0,"timestamp":1613160686,"path_taken":["M","M","M","M","$","E","M","E","T","E","R","E","R","?","R","BOSS","M","M","$","M","?","R","E","R","T","E","?","?","M","$","R","BOSS","M","?","?","M","M","R","E","R","T","E"],"items_purchased_type":["Card"],"build_version":"2020-12-22","purchased_purges":3,"victory":false,"max_hp_per_floor":[80,80,84,87,87,91,95,98,98,101,101,104,104,108,108,112,112,112,116,116,120,120,120,124,124,124,124,124,124,124,124,124,124,124,128,128,128,132,132,132,136,136,136,136,136],"card_choices":[{"not_picked":["Deep Breath","Good Instincts"],"picked":"Swift Strike","floor":0},{"not_picked":["Headbutt","Thunderclap"],"picked":"Armaments","floor":1},{"not_picked":["Entrench","Pommel Strike"],"picked":"Feed","floor":2},{"not_picked":["Armaments","Clash"],"picked":"Metallicize","floor":3},{"not_picked":["Sever Soul","Armaments"],"picked":"Pommel Strike","floor":4},{"not_picked":["Sword Boomerang","Perfected Strike"],"picked":"Battle Trance","floor":6},{"not_picked":["Juggernaut","Fire Breathing"],"picked":"Bloodletting","floor":7},{"not_picked":["Heavy Blade","Shrug It Off"],"picked":"Iron Wave","floor":8},{"not_picked":["Flex","Blood for Blood"],"picked":"Battle Trance","floor":10},{"not_picked":["Clothesline","Anger"],"picked":"Ghostly Armor","floor":12},{"not_picked":["Twin Strike","Second Wind"],"picked":"Warcry","floor":14},{"not_picked":["Armaments","Heavy Blade","Thunderclap"],"picked":"SKIP","floor":14},{"not_picked":["Fiend Fire","Limit Break"],"picked":"Berserk","floor":16},{"not_picked":["Twin Strike","Second Wind"],"picked":"Cleave","floor":18},{"not_picked":["Perfected Strike","Combust+1"],"picked":"Clothesline","floor":18},{"not_picked":["Perfected Strike+1","Hemokinesis+1"],"picked":"Power Through","floor":19},{"not_picked":["Infernal Blade","Wild Strike+1"],"picked":"Havoc+1","floor":19},{"not_picked":["Seeing Red","Dropkick+1"],"picked":"Inflame","floor":21},{"not_picked":["Clash","Spot Weakness","Thunderclap+1"],"picked":"SKIP","floor":21},{"not_picked":["Evolve+1","Pummel"],"picked":"Second Wind","floor":24},{"not_picked":["Bloodletting","Whirlwind"],"picked":"Entrench","floor":27},{"not_picked":["Heavy Blade+1","Anger+1"],"picked":"Corruption","floor":28},{"not_picked":["Combust+1","Thunderclap"],"picked":"Power Through","floor":28},{"not_picked":["Headbutt","Cleave"],"picked":"Pommel Strike+1","floor":30},{"not_picked":["Infernal Blade","Pummel","Heavy Blade"],"picked":"SKIP","floor":30},{"not_picked":["Searing Blow","Body Slam+1"],"picked":"Shrug It Off+1","floor":35},{"not_picked":["Heavy Blade","Headbutt","Twin Strike"],"picked":"SKIP","floor":35},{"not_picked":["Second Wind","Carnage+1"],"picked":"Pommel Strike+1","floor":37},{"not_picked":["Armaments","Burning Pact","Thunderclap+1"],"picked":"SKIP","floor":37},{"not_picked":["Wild Strike","Immolate"],"picked":"Shrug It Off+1","floor":38},{"not_picked":["Heavy Blade+1","Shrug It Off"],"picked":"Armaments+1","floor":38},{"not_picked":["Body Slam","Dual Wield+1"],"picked":"Dark Embrace+1","floor":39},{"not_picked":["Flex","Flame Barrier"],"picked":"Dark Embrace","floor":39},{"not_picked":["Twin Strike","Blood for Blood"],"picked":"Iron Wave+1","floor":41}],"player_experience":329551,"relics_obtained":[{"floor":6,"key":"Self Forming Clay"},{"floor":8,"key":"Matryoshka"},{"floor":9,"key":"Red Skull"},{"floor":9,"key":"Thread and Needle"},{"floor":10,"key":"Prayer Wheel"},{"floor":12,"key":"Kunai"},{"floor":24,"key":"Gremlin Horn"},{"floor":26,"key":"Paper Frog"},{"floor":26,"key":"Bag of Marbles"},{"floor":27,"key":"Blue Candle"},{"floor":41,"key":"HornCleat"}],"event_choices":[{"damage_healed":0,"gold_gain":0,"player_choice":"0 cards matched","damage_taken":0,"max_hp_gain":0,"max_hp_loss":0,"event_name":"Match and Keep!","floor":22,"gold_loss":0,"cards_obtained":[]},{"damage_healed":0,"gold_gain":0,"player_choice":"Opened","damage_taken":0,"relics_obtained":["Boot"],"max_hp_gain":0,"max_hp_loss":0,"event_name":"The Mausoleum","floor":29,"gold_loss":0},{"cards_removed":["Pommel Strike"],"damage_healed":5,"gold_gain":0,"player_choice":"Offered Common","damage_taken":0,"max_hp_gain":0,"max_hp_loss":0,"event_name":"Bonfire Elementals","floor":36,"gold_loss":0},{"cards_removed":["Pommel Strike"],"damage_healed":5,"gold_gain":0,"player_choice":"Offered Special","damage_taken":0,"max_hp_gain":0,"max_hp_loss":0,"event_name":"Bonfire Elementals","floor":36,"gold_loss":0}],"is_beta":false,"boss_relics":[{"not_picked":["SlaversCollar","Astrolabe"],"picked":"Pandora\u0027s Box"},{"not_picked":["Tiny House","Runic Dome"],"picked":"Philosopher\u0027s Stone"}],"items_purged_floors":[5,20,31],"is_endless":false,"potions_floor_spawned":[3,7,10,19,30,38],"killed_by":"Giant Head","ascension_level":6}}