{"host":"362zhnvmfmhc3u7b","time":1613105116,"event":{"mods":["BaseMod","Colored Powertips","Minty Spire (QoL Compilation)","Quick Restart","Rare Cards Sparkle","StSLib"],"gold_per_floor":[119,69,85,95,8,8,335,292,292,11,44,44,44,61,61,61,61],"floor_reached":16,"language":"ENG","playtime":647,"items_purged":[],"score":215,"play_id":"3e2590a1-b0a3-40de-b875-8094423c0675","local_time":"20210211234516","is_ascension_mode":true,"campfire_choices":[{"data":"Rampage","floor":6,"key":"SMITH"},{"data":"Armaments","floor":15,"key":"SMITH"}],"circlet_count":0,"master_deck":["AscendersBane","Strike_R","Strike_R","Strike_R","Strike_R","Strike_R","Defend_R","Defend_R","Defend_R","Defend_R","Bash","Headbutt","Thunderclap","Armaments+1","Whirlwind+1","Rampage+1","Iron Wave","Heavy Blade","Shrug It Off","Pommel Strike"],"relics":["Burning Blood","NeowsBlessing","Old Coin","Letter Opener","Akabeko","The Courier"],"acts_visited":["Exordium"],"potions_floor_usage":[7,8,11,16],"damage_taken":[{"damage":0,"enemies":"Cultist","floor":1,"turns":1},{"damage":0,"enemies":"2 Louse","floor":3,"turns":1},{"damage":0,"enemies":"Small Slimes","floor":4,"turns":1},{"damage":22,"enemies":"Lagavulin","floor":7,"turns":5},{"damage":9,"enemies":"Exordium Thugs","floor":8,"turns":5},{"damage":20,"enemies":"3 Sentries","floor":11,"turns":6},{"damage":10,"enemies":"Large Slime","floor":14,"turns":5},{"damage":85,"enemies":"Slime Boss","floor":16,"turns":8}],"seed_played":"8918442023294183907","potions_obtained":[{"floor":1,"key":"BlessingOfTheForge"},{"floor":3,"key":"Strength Potion"},{"floor":11,"key":"BloodPotion"}],"is_trial":false,"path_per_floor":["M","$","M","M","$","R","E","M","T","$","E","?","?","M","R","B"],"character_chosen":"IRONCLAD","items_purchased":["Thunderclap","Rampage","Akabeko","Shrug It Off","AttackPotion"],"campfire_rested":0,"item_purchase_floors":[2,5,10,10,10],"current_hp_per_floor":[74,74,75,75,75,75,59,56,56,56,42,67,67,63,63,0,0],"gold":61,"neow_bonus":"THREE_ENEMY_KILL","is_daily":false,"chose_seed":false,"campfire_upgraded":2,"win_rate":0.0,"timestamp":1613105116,"path_taken":["M","$","?","?","$","R","E","M","T","?","E","?","?","M","R","BOSS"],"items_purchased_type":["Card","Card","Relic","Card","Potion"],"build_version":"2020-12-22","purchased_purges":0,"victory":false,"max_hp_per_floor":[75,75,75,75,75,75,75,75,75,75,75,75,75,75,75,75,75],"card_choices":[{"not_picked":["Rupture","Twin Strike"],"picked":"Headbutt","floor":1},{"not_picked":["Clash","Perfected Strike"],"picked":"Armaments","floor":3},{"not_picked":["Reckless Charge","Battle Trance"],"picked":"Whirlwind","floor":4},{"not_picked":["Anger","Inflame"],"picked":"Iron Wave","floor":7},{"not_picked":["Combust","Perfected Strike"],"picked":"Heavy Blade","floor":8},{"not_picked":["Cleave","Blood for Blood","Infernal Blade"],"picked":"SKIP","floor":11},{"not_picked":["Exhume","Second Wind"],"picked":"Pommel Strike","floor":14}],"player_experience":1597673,"relics_obtained":[{"floor":7,"key":"Old Coin"},{"floor":9,"key":"Letter Opener"},{"floor":11,"key":"The Courier"}],"event_choices":[{"damage_healed":25,"gold_gain":0,"player_choice":"Banana","damage_taken":0,"max_hp_gain":0,"max_hp_loss":0,"event_name":"Big Fish","floor":12,"gold_loss":0},{"damage_healed":0,"gold_gain":0,"player_choice":"Forge","damage_taken":0,"max_hp_gain":0,"max_hp_loss":0,"event_name":"Accursed Blacksmith","floor":13,"gold_loss":0,"cards_upgraded":["Whirlwind"]}],"is_beta":false,"boss_relics":[],"items_purged_floors":[],"is_endless":false,"potions_floor_spawned":[1,3,4,11],"killed_by":"Slime Boss","ascension_level":19}}