{"host":"2pffx5rqbod9ds0c","time":1613106674,"event":{"mods":["BaseMod","Better Altar","Better Match","Better Note","Better Sensory Stone","Better Skull","Better Third Choice","Bossed Relics","Custom Start","Hubris","Minty Spire (QoL Compilation)","Quick Restart","Relic Stats","Spicy Shops","StSLib","The Edgeheg"],"gold_per_floor":[83,83,110269,110281,110293,110293,110326,110326,110326,110338,108830,108830,108830,108849,108849,108979,108979,108979,108979],"floor_reached":18,"language":"ENG","playtime":506,"items_purged":["theEdgeheg:StarterShootAttack","theEdgeheg:StarterShootAttack","theEdgeheg:GatherChaos"],"score":194,"play_id":"b1c453bb-b4c9-454f-818a-bfdc4a1534f0","local_time":"20210211211114","is_ascension_mode":true,"campfire_choices":[{"data":"theEdgeheg:BetterShoot","floor":6,"key":"SMITH"},{"data":"theEdgeheg:DualPistols","floor":8,"key":"SMITH"},{"data":"1","floor":15,"key":"LIFT"}],"circlet_count":0,"master_deck":["theEdgeheg:GunFu+1","theEdgeheg:StarterShootAttack","theEdgeheg:StarterShootAttack","theEdgeheg:StarterDodgeSkill","theEdgeheg:StarterDodgeSkill+1","theEdgeheg:StarterDodgeSkill","theEdgeheg:BloodyKatana","Dramatic Entrance","theEdgeheg:DualPistols+1","theEdgeheg:BetterShoot+1","theEdgeheg:CSGun","theEdgeheg:CSGun","theEdgeheg:GunFu"],"relics":["theEdgeheg:UltimateLifeformRelic","theEdgeheg:GreenEmeraldRelic","hubris:Metronome","MealTicket","Sling","Potion Belt","hubris:TinFlute","hubris:Reverence","Dream Catcher","Girya","Strange Spoon","Sundial","hubris:GlazedTorus","War Paint","DollysMirror","Golden Idol","Busted Crown"],"acts_visited":["Exordium","TheCity"],"potions_floor_usage":[],"damage_taken":[{"damage":1.0,"enemies":"Jaw Worm","floor":1.0,"turns":4.0},{"damage":0,"enemies":"2 Louse","floor":4,"turns":2},{"damage":0,"enemies":"Small Slimes","floor":5,"turns":1},{"damage":0,"enemies":"3 Sentries","floor":7,"turns":4},{"damage":0,"enemies":"Looter","floor":10,"turns":1},{"damage":0,"enemies":"Exordium Wildlife","floor":14,"turns":1},{"damage":2,"enemies":"The Guardian","floor":16,"turns":3},{"damage":2,"enemies":"3 Byrds","floor":18,"turns":2}],"seed_played":"-915204479333464096","potions_obtained":[{"floor":1.0,"key":"ColorlessPotion"},{"floor":16,"key":"Strength Potion"}],"is_trial":false,"path_per_floor":["M","?","$","M","M","R","E","R","T","M","$","?","?","M","R","B",null,"M"],"character_chosen":"THE_DEFAULT","items_purchased":["hubris:Metronome","MealTicket","Sling","Potion Belt","hubris:TinFlute","Girya","Strange Spoon","Sundial","hubris:GlazedTorus","War Paint","DollysMirror"],"campfire_rested":0,"item_purchase_floors":[3,3,3,3,3,11,11,11,11,11,11],"current_hp_per_floor":[3,3,3,4,5,5,5,5,5,5,5,4,3,3,3,1,2,0,0],"gold":108979,"neow_bonus":"RANDOM_COLORLESS","is_daily":false,"chose_seed":false,"campfire_upgraded":2,"win_rate":0.0,"timestamp":1613106674,"path_taken":["M","?","$","M","M","R","E","R","T","M","$","?","?","?","R","BOSS","M"],"items_purchased_type":["Relic","Relic","Relic","Relic","Relic","Relic","Relic","Relic","Relic","Relic","Relic"],"build_version":"2020-12-22","purchased_purges":3,"victory":false,"max_hp_per_floor":[5,5,5,5,5,5,5,5,5,5,5,5,5,5,5,5,5,5,5],"relic_stats":{"Strange Spoon":[4],"Dream Catcher":0,"Busted Crown":0,"counters":[8,18],"Sundial":[0],"Golden Idol":30,"MealTicket":0,"War Paint":["theEdgeheg:ChaosControlSkill","theEdgeheg:StarterDodgeSkill"],"obtain_stats":[{"Potion Belt":3,"Girya":11,"hubris:Metronome":3,"Golden Idol":13,"War Paint":11,"Sling":3,"Strange Spoon":11,"Dream Catcher":9,"Busted Crown":17,"theEdgeheg:UltimateLifeformRelic":0,"Sundial":11,"DollysMirror":11,"theEdgeheg:GreenEmeraldRelic":0,"MealTicket":3,"hubris:TinFlute":3,"hubris:Reverence":7,"hubris:GlazedTorus":11},{"Potion Belt":1,"Girya":5,"hubris:Metronome":1,"Golden Idol":5,"War Paint":5,"Sling":1,"Strange Spoon":5,"Dream Catcher":4,"Busted Crown":7,"theEdgeheg:UltimateLifeformRelic":0,"Sundial":5,"DollysMirror":5,"theEdgeheg:GreenEmeraldRelic":0,"MealTicket":1,"hubris:TinFlute":1,"hubris:Reverence":4,"hubris:GlazedTorus":5},{"Potion Belt":4,"Girya":12,"hubris:Metronome":4,"Golden Idol":12,"War Paint":12,"Sling":4,"Strange Spoon":12,"Dream Catcher":11,"Busted Crown":16,"theEdgeheg:UltimateLifeformRelic":0,"Sundial":12,"DollysMirror":12,"theEdgeheg:GreenEmeraldRelic":0,"MealTicket":4,"hubris:TinFlute":4,"hubris:Reverence":11,"hubris:GlazedTorus":12}]},"card_choices":[{"not_picked":["Discovery","Jack Of All Trades"],"picked":"Dramatic Entrance","floor":0.0},{"not_picked":["theEdgeheg:RollAndShoot","theEdgeheg:SkateboardTrick","theEdgeheg:PlayRandomCard"],"picked":"SKIP","floor":1.0},{"not_picked":["theEdgeheg:Grr","theEdgeheg:Reload"],"picked":"theEdgeheg:DualPistols","floor":4},{"not_picked":["theEdgeheg:BloodyKatana","theEdgeheg:MachineGun"],"picked":"theEdgeheg:BetterShoot","floor":5},{"not_picked":["theEdgeheg:BetterShoot","theEdgeheg:Disrobe"],"picked":"theEdgeheg:CSGun","floor":7},{"not_picked":["theEdgeheg:RedGun","theEdgeheg:BloodyKatana","theEdgeheg:ChaosCards"],"picked":"SKIP","floor":10},{"not_picked":["theEdgeheg:Fastness","theEdgeheg:SelfHarmIsNotCool","theEdgeheg:ChaosWhip"],"picked":"SKIP","floor":14},{"not_picked":["theEdgeheg:RocketLauncher","theEdgeheg:RuleOfCool"],"picked":"theEdgeheg:GunFu","floor":16}],"player_experience":766755,"relics_obtained":[{"floor":7,"key":"hubris:Reverence"},{"floor":9,"key":"Dream Catcher"}],"event_choices":[{"cards_removed":["theEdgeheg:ChaosControlSkill"],"damage_healed":0,"gold_gain":0,"player_choice":"Card Removal","damage_taken":7,"max_hp_gain":0,"max_hp_loss":0,"event_name":"Golden Wing","floor":12,"gold_loss":0},{"damage_healed":0,"gold_gain":0,"player_choice":"Take Damage","damage_taken":1,"relics_obtained":["Golden Idol"],"max_hp_gain":0,"max_hp_loss":0,"event_name":"Golden Idol","floor":13,"gold_loss":0}],"is_beta":false,"boss_relics":[{"not_picked":["Pandora\u0027s Box","hubris:GrandSneckoEye"],"picked":"Busted Crown"}],"items_purged_floors":[3,11,11],"is_endless":false,"potions_floor_spawned":[1,16],"killed_by":"3 Byrds","ascension_level":1}}