{"host":"Vegetablebread","time":1613157739,"event":{"mods":["BaseMod","Bestiary","Minty Spire (QoL Compilation)","Relic Stats","Slay the Relics Exporter"],"gold_per_floor":[99,99,99,99,99,99,99,99,99,79,79,79,79,79,79,79,79,79,79,79,0,0,0,0],"floor_reached":23,"language":"ENG","playtime":2408,"items_purged":[],"score":426,"play_id":"01f0c624-1685-4d19-8a2a-60a5fda0971e","local_time":"20210212112219","is_ascension_mode":true,"campfire_choices":[{"floor":12,"key":"REST"},{"data":"1","floor":15,"key":"LIFT"}],"circlet_count":0,"master_deck":["AscendersBane","Strike_R","Strike_R","Strike_R","Defend_R","Defend_R","Defend_R","Defend_R","Bash","Carnage","Dual Wield","Pommel Strike","Carnage","Thunderclap","Shrug It Off","Bludgeon+1","Ghostly Armor","Havoc","Shrug It Off","Corruption","Shrug It Off+1","Power Through","Reckless Charge","True Grit","Body Slam+1"],"relics":["Ectoplasm","Girya","Champion Belt","Potion Belt","Paper Frog","Mark of Pain"],"acts_visited":["Exordium","TheCity"],"potions_floor_usage":[6,13,16,23,23],"damage_taken":[{"damage":1.0,"enemies":"Cultist","floor":1.0,"turns":3.0},{"damage":0.0,"enemies":"2 Louse","floor":2.0,"turns":2.0},{"damage":2.0,"enemies":"Jaw Worm","floor":3.0,"turns":2.0},{"damage":19.0,"enemies":"Exordium Wildlife","floor":4.0,"turns":3.0},{"damage":36.0,"enemies":"Exordium Thugs","floor":5.0,"turns":6.0},{"damage":30,"enemies":"Lagavulin","floor":6,"turns":5},{"damage":3,"enemies":"Gremlin Nob","floor":8,"turns":3},{"damage":1,"enemies":"Looter","floor":10,"turns":2},{"damage":15,"enemies":"Lagavulin","floor":13,"turns":4},{"damage":0,"enemies":"Blue Slaver","floor":14,"turns":3},{"damage":16,"enemies":"Hexaghost","floor":16,"turns":8},{"damage":11,"enemies":"3 Byrds","floor":18,"turns":5},{"damage":0,"enemies":"Spheric Guardian","floor":22,"turns":3},{"damage":38,"enemies":"Gremlin Leader","floor":23,"turns":4}],"seed_played":"5412775663095122996","potions_obtained":[{"floor":1.0,"key":"Fruit Juice"},{"floor":3.0,"key":"FairyPotion"},{"floor":8,"key":"SteroidPotion"},{"floor":13,"key":"Weak Potion"},{"floor":22,"key":"PowerPotion"}],"is_trial":false,"path_per_floor":["M","M","M","M","M","E","?","E","T","M","?","R","E","M","R","B",null,"M","?","?","$","M","E"],"character_chosen":"IRONCLAD","items_purchased":["True Grit","SkillPotion"],"campfire_rested":1,"item_purchase_floors":[21,21],"current_hp_per_floor":[67,67,65,46,10,24,13,10,10,9,9,33,18,18,18,2,61,50,27,27,27,27,0,0],"gold":0,"neow_bonus":"BOSS_RELIC","is_daily":false,"chose_seed":false,"campfire_upgraded":0,"win_rate":0.0,"timestamp":1613157739,"path_taken":["M","M","?","M","M","E","?","E","T","M","?","R","E","M","R","BOSS","M","?","?","$","?","E"],"items_purchased_type":["Card","Potion"],"build_version":"2020-12-18","purchased_purges":0,"victory":false,"max_hp_per_floor":[75,75,75,75,75,80,80,80,80,80,80,80,80,80,80,80,80,80,85,85,85,85,85,85],"relic_stats":{"counters":[14,53],"Ectoplasm":366,"Champion Belt":[13],"obtain_stats":[{"Potion Belt":9,"Girya":6,"Ectoplasm":0,"Mark of Pain":17,"Champion Belt":8,"Burning Blood":0,"Paper Frog":13},{"Potion Belt":7,"Girya":6,"Ectoplasm":0,"Mark of Pain":11,"Champion Belt":7,"Burning Blood":0,"Paper Frog":9},{"Potion Belt":24,"Girya":21,"Ectoplasm":0,"Mark of Pain":41,"Champion Belt":24,"Burning Blood":0,"Paper Frog":30}]},"card_choices":[{"not_picked":["Evolve","Armaments"],"picked":"Carnage","floor":1.0},{"not_picked":["Perfected Strike","Sword Boomerang"],"picked":"Dual Wield","floor":2.0},{"not_picked":["Armaments","Anger"],"picked":"Pommel Strike","floor":3.0},{"not_picked":["Thunderclap","Body Slam"],"picked":"Carnage","floor":4.0},{"not_picked":["Cleave","Iron Wave"],"picked":"Thunderclap","floor":5.0},{"not_picked":["Entrench","Havoc"],"picked":"Shrug It Off","floor":6},{"not_picked":["Evolve","Body Slam"],"picked":"Bludgeon","floor":8},{"not_picked":["Cleave","Dual Wield"],"picked":"Ghostly Armor","floor":10},{"not_picked":["Sentinel","Cleave"],"picked":"Havoc","floor":13},{"not_picked":["Wild Strike","Combust"],"picked":"Shrug It Off","floor":14},{"not_picked":["Limit Break","Juggernaut"],"picked":"Corruption","floor":16},{"not_picked":["Twin Strike","Sword Boomerang"],"picked":"Shrug It Off+1","floor":18},{"not_picked":["Armaments","Hemokinesis"],"picked":"Body Slam+1","floor":22}],"player_experience":10512804,"relics_obtained":[{"floor":6,"key":"Girya"},{"floor":8,"key":"Champion Belt"},{"floor":9,"key":"Potion Belt"},{"floor":13,"key":"Paper Frog"}],"event_choices":[{"damage_healed":0,"gold_gain":0,"player_choice":"Fled","damage_taken":11,"max_hp_gain":0,"max_hp_loss":0,"event_name":"Scrap Ooze","floor":7,"gold_loss":0},{"damage_healed":0,"gold_gain":0,"player_choice":"Grow","damage_taken":0,"max_hp_gain":0,"max_hp_loss":0,"event_name":"Living Wall","floor":11,"gold_loss":0,"cards_upgraded":["Bludgeon"]},{"damage_healed":0,"gold_gain":0,"player_choice":"Shed Blood","damage_taken":28,"max_hp_gain":5,"max_hp_loss":0,"event_name":"Forgotten Altar","floor":19,"gold_loss":0},{"damage_healed":0,"gold_gain":0,"cards_transformed":["Strike_R","Strike_R"],"player_choice":"Became Test Subject","damage_taken":0,"max_hp_gain":0,"max_hp_loss":0,"event_name":"Drug Dealer","floor":20,"gold_loss":0,"cards_obtained":["Power Through","Reckless Charge"]}],"is_beta":true,"boss_relics":[{"not_picked":["Runic Cube","Velvet Choker"],"picked":"Mark of Pain"}],"items_purged_floors":[],"is_endless":false,"potions_floor_spawned":[1,3,8,13,22],"killed_by":"Gremlin Leader","ascension_level":20}}