{"host":"ocll6kdfqxraqtza","time":1613134885,"event":{"mods":["2.2 Compatiblity","Act Like it!","Arknights","Aspiration","BaseMod","Better Third Choice","Gensokyo","Hallownest","Hermit","Hubris","Jorbs\u0027s Wanderer Trilogy","Luminous","Marisa（霧雨　魔理沙）","Minty Spire (QoL Compilation)","Reimu（博??梦）","Reliquary","Replay The Spire","Shade Mod","StSLib","The Alterego","The Bug Knight","The Cursed","The Hierophant","The Marked","The Runesmith","TheBandit","Wandering Minibosses"],"gold_per_floor":[114,39,39,58,0,0,25,25,25,25,39,39,71,71,71,71,71],"floor_reached":16,"language":"ENG","playtime":308,"items_purged":["ats:Defend"],"score":138,"play_id":"5a8a2c55-145f-4ac5-87ec-5f649efb4f78","local_time":"20210212210125","is_ascension_mode":true,"campfire_choices":[{"data":"ats:Emotion Absorption","floor":6.0,"key":"SMITH"},{"data":"ats:Disruption Kick","floor":8.0,"key":"SMITH"},{"data":"ats:Guard Mode","floor":15,"key":"SMITH"}],"circlet_count":0,"master_deck":["ats:Strike C","ats:Strike G","ats:Strike S","ats:Armor Crushing Shot","ats:Defend","ats:Defend","ats:Defend","ats:Emotion Absorption+1","ats:Leaping Hammer","ats:Guard Mode+1","ats:Mental Burst+1","ats:Disruption Kick+1","ats:Absolute Focus","ats:Chain Hook+1","Decay"],"relics":["ats:Sanity","NeowsBlessing","ats:Originium","Bronze Scales","hubris:CuriousFeather","hubris:Icosahedron","Molten Egg 2"],"acts_visited":["Exordium"],"potions_floor_usage":[16],"damage_taken":[{"damage":0.0,"enemies":"Jaw Worm","floor":1.0,"turns":1.0},{"damage":0.0,"enemies":"Cultist","floor":4.0,"turns":1.0},{"damage":0.0,"enemies":"Gremlin Nob","floor":7.0,"turns":1.0},{"damage":7,"enemies":"2 Louse","floor":11,"turns":3},{"damage":29,"enemies":"Lagavulin","floor":13,"turns":4},{"damage":56,"enemies":"Fading Forest","floor":16,"turns":7}],"seed_played":"-7991636557174980159","potions_obtained":[{"floor":1.0,"key":"DuplicationPotion"},{"floor":7.0,"key":"Weak Potion"},{"floor":13,"key":"Block Potion"}],"is_trial":false,"path_per_floor":["M","$","?","M","$","R","E","R","T","?","M","?","E","?","R","B"],"character_chosen":"DOCTOR_CLASS","items_purchased":["ats:Mental Burst+1"],"campfire_rested":0,"item_purchase_floors":[5],"current_hp_per_floor":[72,72,72,72,72,72,72,72,72,72,65,65,36,36,36,0,0],"gold":71,"neow_bonus":"THREE_ENEMY_KILL","is_daily":false,"chose_seed":false,"campfire_upgraded":3,"win_rate":0.0,"timestamp":1613134885,"path_taken":["M","$","?","?","$","R","E","R","T","?","M","?","E","?","R","BOSS"],"items_purchased_type":["Card"],"build_version":"2020-12-22","purchased_purges":1,"victory":false,"max_hp_per_floor":[72,72,72,72,72,72,72,72,72,72,72,72,72,72,72,72,72],"card_choices":[{"not_picked":["ats:Shadow Raid","ats:Neurotoxin"],"picked":"ats:Leaping Hammer","floor":1.0},{"not_picked":["ats:Explosion Area Strengthen","ats:Sunburst"],"picked":"ats:Guard Mode","floor":4.0},{"not_picked":["ats:Composite Medical Shells","ats:Encircling Forest"],"picked":"ats:Disruption Kick","floor":7.0},{"not_picked":["ats:Red Shift","ats:Ignite"],"picked":"ats:Absolute Focus","floor":11},{"not_picked":["ats:Guard Mode","ats:Flame Of Heaven"],"picked":"ats:Chain Hook+1","floor":13}],"player_experience":531925,"relics_obtained":[{"floor":7.0,"key":"ats:Originium"},{"floor":7.0,"key":"Bronze Scales"},{"floor":9.0,"key":"hubris:CuriousFeather"},{"floor":13,"key":"ats:Originium"},{"floor":13,"key":"Molten Egg 2"}],"event_choices":[{"cards_removed":["ats:Strike V"],"damage_healed":0.0,"max_hp_gain":0.0,"max_hp_loss":0.0,"gold_gain":0.0,"event_name":"Bonfire Elementals","player_choice":"Offered Basic","floor":3.0,"gold_loss":0.0,"damage_taken":0.0},{"damage_healed":0,"gold_gain":0,"player_choice":"Cursed","damage_taken":0,"max_hp_gain":0,"max_hp_loss":0,"event_name":"Wheel of Change","floor":14,"gold_loss":0,"cards_obtained":["Decay"]}],"is_beta":false,"boss_relics":[],"items_purged_floors":[2],"is_endless":false,"potions_floor_spawned":[1,7,13],"killed_by":"Fading Forest","ascension_level":1}}