{"host":"362zhnvmfmhc3u7b","time":1613109291,"event":{"mods":["BaseMod","Colored Powertips","Minty Spire (QoL Compilation)","Quick Restart","Rare Cards Sparkle","StSLib"],"gold_per_floor":[114,114,56,26,36,36,67,67,67,98,98,110,141,154,154,231,231,242,242,242,86,99,99,118,118,166,0,33,33,58,70,70,147,147,162,21,40,40,40,40,40],"floor_reached":40,"language":"ENG","playtime":1791,"items_purged":["Writhe"],"score":907,"play_id":"dec94582-f3d3-438a-b757-1203f8d06a98","local_time":"20210212005451","is_ascension_mode":true,"campfire_choices":[{"data":"Pommel Strike","floor":6.0,"key":"SMITH"},{"data":"Bash","floor":8.0,"key":"SMITH"},{"data":"Intimidate","floor":11.0,"key":"SMITH"},{"data":"Entrench","floor":15.0,"key":"SMITH"},{"floor":23.0,"key":"REST"},{"data":"Barricade","floor":29.0,"key":"SMITH"},{"data":"Feel No Pain","floor":32.0,"key":"SMITH"}],"circlet_count":0,"master_deck":["AscendersBane","Strike_R","Strike_R","Strike_R","Strike_R","Defend_R","Defend_R","Bash+1","Pommel Strike+1","Wild Strike","Intimidate+1","Hemokinesis+1","Body Slam+1","Clothesline+1","Dropkick+1","Entrench+1","Immolate+1","Perfected Strike+1","Ghostly Armor","Cleave+1","Sever Soul+1","Barricade+1","Battle Trance","Feel No Pain+1","Feed+1","Ghostly Armor+1","Reaper+1","Body Slam+1","Writhe"],"relics":["Burning Blood","NeowsBlessing","Bag of Marbles","Molten Egg 2","Self Forming Clay","White Beast Statue","Ice Cream","Mark of Pain","Question Card","Potion Belt","PreservedInsect","Centennial Puzzle","Bottled Flame","Empty Cage"],"acts_visited":["Exordium","TheCity","TheBeyond"],"potions_floor_usage":[35,37,40,40],"damage_taken":[{"damage":0.0,"enemies":"Small Slimes","floor":1.0,"turns":1.0},{"damage":0.0,"enemies":"Jaw Worm","floor":5.0,"turns":1.0},{"damage":0.0,"enemies":"3 Sentries","floor":7.0,"turns":1.0},{"damage":12.0,"enemies":"Lagavulin","floor":10.0,"turns":6.0},{"damage":0.0,"enemies":"Cultist","floor":12.0,"turns":2.0},{"damage":21.0,"enemies":"3 Sentries","floor":13.0,"turns":6.0},{"damage":0.0,"enemies":"Large Slime","floor":14.0,"turns":2.0},{"damage":30.0,"enemies":"The Guardian","floor":16.0,"turns":12.0},{"damage":11.0,"enemies":"Chosen","floor":18.0,"turns":3.0},{"damage":24.0,"enemies":"3 Byrds","floor":22.0,"turns":4.0},{"damage":18.0,"enemies":"Centurion and Healer","floor":24.0,"turns":2.0},{"damage":6.0,"enemies":"Gremlin Leader","floor":28.0,"turns":3.0},{"damage":10.0,"enemies":"Slavers","floor":30.0,"turns":2.0},{"damage":1.0,"enemies":"3 Cultists","floor":31.0,"turns":3.0},{"damage":89.0,"enemies":"Collector","floor":33.0,"turns":9.0},{"damage":30,"enemies":"3 Darklings","floor":35,"turns":6},{"damage":0,"enemies":"Orb Walker","floor":37,"turns":2},{"damage":82,"enemies":"Reptomancer","floor":40,"turns":7}],"seed_played":"4543343751954008566","potions_obtained":[{"floor":4.0,"key":"Dexterity Potion"},{"floor":4.0,"key":"SteroidPotion"},{"floor":10.0,"key":"Swift Potion"},{"floor":13.0,"key":"Fire Potion"},{"floor":14.0,"key":"Block Potion"},{"floor":16.0,"key":"BlessingOfTheForge"},{"floor":18.0,"key":"ColorlessPotion"},{"floor":22.0,"key":"Energy Potion"},{"floor":28.0,"key":"Explosive Potion"},{"floor":30.0,"key":"FearPotion"},{"floor":31.0,"key":"FairyPotion"},{"floor":33.0,"key":"Strength Potion"},{"floor":35,"key":"Explosive Potion"},{"floor":37,"key":"ColorlessPotion"}],"is_trial":false,"path_per_floor":["M","?","$","?","M","R","E","R","T","E","R","M","E","M","R","B",null,"M","$","?","$","M","R","M","?","T","$","E","R","E","M","R","B",null,"M","$","M","?","?","E"],"character_chosen":"IRONCLAD","items_purchased":["Wild Strike","Ghostly Armor","PreservedInsect","Reaper+1","Block Potion"],"campfire_rested":1,"item_purchase_floors":[3,21,27,36,36],"current_hp_per_floor":[74,63,63,63,69,69,75,75,75,69,69,75,60,66,66,42,67,62,62,62,62,44,66,54,75,75,75,75,75,71,75,75,28,63,39,39,45,60,60,0,0],"gold":40,"neow_bonus":"THREE_ENEMY_KILL","is_daily":false,"chose_seed":false,"campfire_upgraded":6,"win_rate":0.0,"timestamp":1613109291,"path_taken":["M","?","$","?","?","R","E","R","T","E","R","M","E","M","R","BOSS","M","$","?","$","M","R","M","?","T","$","E","R","E","M","R","BOSS","M","$","M","?","?","E"],"items_purchased_type":["Card","Card","Relic","Card","Potion"],"build_version":"2020-12-22","purchased_purges":1,"victory":false,"max_hp_per_floor":[75,75,75,75,75,75,75,75,75,75,75,75,75,75,75,75,75,75,75,75,75,75,75,75,75,75,75,75,75,75,75,75,75,75,75,75,75,75,75,75,75],"card_choices":[{"not_picked":["Sword Boomerang","Havoc"],"picked":"Pommel Strike","floor":1.0},{"not_picked":["Warcry","Combust"],"picked":"Intimidate","floor":5.0},{"not_picked":["Twin Strike+1","Searing Blow+1"],"picked":"Hemokinesis+1","floor":7.0},{"not_picked":["Warcry","Blood for Blood+1"],"picked":"Body Slam+1","floor":10.0},{"not_picked":["Wild Strike+1","Armaments"],"picked":"Clothesline+1","floor":12.0},{"not_picked":["Armaments","Havoc"],"picked":"Dropkick+1","floor":13.0},{"not_picked":["Second Wind","Wild Strike+1"],"picked":"Entrench","floor":14.0},{"not_picked":["Reaper+1","Limit Break"],"picked":"Immolate+1","floor":16.0},{"not_picked":["Havoc","Body Slam+1"],"picked":"Perfected Strike+1","floor":18.0},{"not_picked":["Feel No Pain","Warcry","Havoc"],"picked":"Cleave+1","floor":22.0},{"not_picked":["Infernal Blade","Warcry","Clash+1"],"picked":"Sever Soul+1","floor":24.0},{"not_picked":["Clash+1","Thunderclap+1","Sword Boomerang+1"],"picked":"Barricade","floor":28.0},{"not_picked":["Sever Soul+1","Cleave+1","Ghostly Armor"],"picked":"Battle Trance","floor":30.0},{"not_picked":["Twin Strike+1","Warcry","Armaments"],"picked":"Feel No Pain","floor":31.0},{"not_picked":["Juggernaut","Berserk","Double Tap"],"picked":"Feed+1","floor":33.0},{"not_picked":["Warcry","Shrug It Off","Havoc+1"],"picked":"Ghostly Armor+1","floor":35},{"not_picked":["True Grit","Flex+1","Warcry"],"picked":"Body Slam+1","floor":37}],"player_experience":1597673,"relics_obtained":[{"floor":7.0,"key":"Molten Egg 2"},{"floor":9.0,"key":"Self Forming Clay"},{"floor":10.0,"key":"White Beast Statue"},{"floor":13.0,"key":"Ice Cream"},{"floor":26.0,"key":"Potion Belt"},{"floor":28.0,"key":"Centennial Puzzle"},{"floor":30.0,"key":"Bottled Flame"}],"event_choices":[{"damage_healed":0.0,"max_hp_gain":0.0,"max_hp_loss":0.0,"gold_gain":0.0,"event_name":"Scrap Ooze","player_choice":"Success","floor":2.0,"gold_loss":0.0,"damage_taken":11.0,"relics_obtained":["Bag of Marbles"]},{"damage_healed":0.0,"max_hp_gain":0.0,"max_hp_loss":0.0,"gold_gain":0.0,"event_name":"The Woman in Blue","player_choice":"Bought 2 Potions","floor":4.0,"gold_loss":0.0,"damage_taken":0.0},{"damage_healed":0.0,"max_hp_gain":0.0,"max_hp_loss":0.0,"gold_gain":0.0,"event_name":"The Mausoleum","player_choice":"Opened","floor":20.0,"gold_loss":0.0,"damage_taken":0.0,"relics_obtained":["Question Card"],"cards_obtained":["Writhe"]},{"damage_healed":21.0,"max_hp_gain":0.0,"max_hp_loss":0.0,"gold_gain":0.0,"event_name":"Wheel of Change","player_choice":"Full Heal","floor":25.0,"gold_loss":0.0,"damage_taken":0.0},{"damage_healed":15,"gold_gain":0,"player_choice":"Writhe","damage_taken":0,"max_hp_gain":0,"max_hp_loss":0,"event_name":"Winding Halls","floor":38,"gold_loss":0,"cards_obtained":["Writhe"]},{"cards_removed":["Defend_R"],"damage_healed":0,"gold_gain":0,"player_choice":"Removed Skill","damage_taken":0,"max_hp_gain":0,"max_hp_loss":0,"event_name":"Falling","floor":39,"gold_loss":0}],"is_beta":false,"boss_relics":[{"not_picked":["Coffee Dripper","Sozu"],"picked":"Mark of Pain"},{"not_picked":["Runic Cube","Runic Pyramid"],"picked":"Empty Cage"}],"items_purged_floors":[21],"is_endless":false,"potions_floor_spawned":[5,10,12,13,14,16,18,22,24,28,30,31,33,35,37],"killed_by":"Reptomancer","ascension_level":19}}