{"host":"y89x8uui45kcjy42","time":1613103204,"event":{"mods":["2.2 Compatiblity","BaseMod","CapriCore","Colored Map","Colored Powertips","Custom Start","Friendly Minions","Keyboard Shortcuts","Minty Spire (QoL Compilation)","Relic Stats","Slay the Relics Exporter","StSLib","SuperFastMode","Uncapped"],"gold_per_floor":[109,109,119,32,94,94,126,51,51,51,51,51,51,76,76,155,155,167,167,183,108,135,135,161,161,161],"floor_reached":25,"language":"KOR","playtime":729,"items_purged":["CarveReality+1"],"score":546,"play_id":"e23963f1-0ff3-4a05-afd9-acc4790978e5","local_time":"20210212131324","is_ascension_mode":true,"campfire_choices":[{"floor":6.0,"key":"RECALL"},{"data":"Panacea","floor":11.0,"key":"SMITH"},{"data":"DeceiveReality","floor":12.0,"key":"SMITH"},{"floor":15.0,"key":"REST"}],"circlet_count":0,"master_deck":["Evaluate+1","DeceiveReality+1","Pray+1","ReachHeaven+1","Study+1","ConjureBlade+1","DeusExMachina+1","Establishment+1","MasterReality+1","Panacea+1","InnerPeace+1","DeceiveReality+1"],"relics":["HolyWater","Bag of Preparation","Anchor","Vajra","Oddly Smooth Stone","Bag of Marbles","Red Mask","Membership Card","Pen Nib","WingedGreaves","Chemical X","Coffee Dripper","Blood Vial","Turnip"],"acts_visited":["Exordium","TheCity"],"potions_floor_usage":[24],"damage_taken":[{"damage":0.0,"enemies":"Cultist","floor":1.0,"turns":3.0},{"damage":3.0,"enemies":"Small Slimes","floor":3.0,"turns":3.0},{"damage":11.0,"enemies":"Gremlin Nob","floor":7.0,"turns":3.0},{"damage":10.0,"enemies":"3 Sentries","floor":14.0,"turns":4.0},{"damage":0.0,"enemies":"The Guardian","floor":16.0,"turns":4.0},{"damage":1,"enemies":"Chosen","floor":18,"turns":3},{"damage":0,"enemies":"Spheric Guardian","floor":20,"turns":3},{"damage":35,"enemies":"Gremlin Leader","floor":24,"turns":4},{"damage":35,"enemies":"Slavers","floor":25,"turns":5}],"seed_played":"-639338579055215889","potions_obtained":[{"floor":1.0,"key":"Block Potion"},{"floor":16.0,"key":"Regen Potion"}],"is_trial":false,"path_per_floor":["M","?","M","$","$","R","E","?","T","$","R","R","?","E","R","B",null,"M","?","M","?","T","R","E","E"],"character_chosen":"WATCHER","items_purchased":["Panacea","InnerPeace"],"campfire_rested":1,"item_purchase_floors":[4,5],"current_hp_per_floor":[61,61,58,58,58,58,47,47,47,47,47,47,27,17,37,37,60,59,68,68,68,68,68,33,0,0],"gold":161,"neow_bonus":"THREE_CARDS","is_daily":false,"chose_seed":false,"campfire_upgraded":2,"win_rate":0.0,"timestamp":1613103204,"path_taken":["M","?","M","$","$","R","E","?","T","$","R","R","?","E","R","BOSS","M","?","M","?","?","R","E","E"],"items_purchased_type":["Card","Card"],"build_version":"2020-12-22","purchased_purges":1,"victory":false,"max_hp_per_floor":[68,68,68,68,68,68,68,68,68,68,68,68,68,68,68,68,68,68,68,68,68,68,68,68,68,68],"relic_stats":{"Blood Vial":2,"counters":[9,32],"Pen Nib":[2],"Turnip":[0],"Bag of Preparation":[8],"Chemical X":[5],"obtain_stats":[{"Vajra":0,"Oddly Smooth Stone":0,"Pen Nib":7,"Bag of Preparation":0,"Blood Vial":22,"Anchor":0,"HolyWater":0,"WingedGreaves":4,"Turnip":24,"Bag of Marbles":0,"Red Mask":0,"Coffee Dripper":17,"Membership Card":3,"Chemical X":15,"PureWater":0},{"Vajra":0,"Oddly Smooth Stone":0,"Pen Nib":3,"Bag of Preparation":0,"Blood Vial":7,"Anchor":0,"HolyWater":0,"WingedGreaves":2,"Turnip":8,"Bag of Marbles":0,"Red Mask":0,"Coffee Dripper":5,"Membership Card":2,"Chemical X":4,"PureWater":0},{"Vajra":0,"Oddly Smooth Stone":0,"Pen Nib":9,"Bag of Preparation":0,"Blood Vial":23,"Anchor":0,"HolyWater":0,"WingedGreaves":6,"Turnip":27,"Bag of Marbles":0,"Red Mask":0,"Coffee Dripper":17,"Membership Card":6,"Chemical X":13,"PureWater":0}]},"card_choices":[{"not_picked":["Worship","Protect","FlyingSleeves"],"picked":"SKIP","floor":1.0},{"not_picked":["Crescendo","SignatureMove","ClearTheMind"],"picked":"SKIP","floor":3.0},{"not_picked":["ThirdEye","FollowUp"],"picked":"DeceiveReality","floor":7.0},{"not_picked":["CutThroughFate","Conclude","WaveOfTheHand"],"picked":"SKIP","floor":14.0},{"not_picked":["DeceiveReality","FlyingSleeves","ThirdEye"],"picked":"SKIP","floor":18},{"not_picked":["CutThroughFate","SignatureMove","SashWhip"],"picked":"SKIP","floor":20},{"not_picked":["ThirdEye+1","CutThroughFate","Crescendo"],"picked":"SKIP","floor":24}],"player_experience":688523,"relics_obtained":[{"floor":7.0,"key":"Pen Nib"},{"floor":22,"key":"Blood Vial"},{"floor":24,"key":"Turnip"}],"event_choices":[{"damage_healed":0.0,"max_hp_gain":0.0,"max_hp_loss":0.0,"gold_gain":0.0,"event_name":"Liars Game","player_choice":"Ignored","floor":2.0,"gold_loss":0.0,"damage_taken":0.0},{"cards_removed":["Alpha"],"damage_healed":0.0,"max_hp_gain":0.0,"max_hp_loss":0.0,"gold_gain":0.0,"event_name":"The Cleric","player_choice":"Card Removal","floor":8.0,"gold_loss":75.0,"damage_taken":0.0},{"damage_healed":0.0,"max_hp_gain":0.0,"max_hp_loss":0.0,"gold_gain":0.0,"event_name":"Shining Light","player_choice":"Entered Light","floor":13.0,"gold_loss":0.0,"damage_taken":20.0,"cards_upgraded":["InnerPeace"]},{"damage_healed":14,"gold_gain":0,"player_choice":"Heal","damage_taken":0,"max_hp_gain":0,"max_hp_loss":0,"event_name":"The Library","floor":19,"gold_loss":0},{"cards_removed":["BattleHymn"],"damage_healed":0,"gold_gain":0,"player_choice":"Gave Gold","damage_taken":0,"max_hp_gain":0,"max_hp_loss":0,"event_name":"Beggar","floor":21,"gold_loss":75}],"is_beta":false,"boss_relics":[{"not_picked":["Sozu","Velvet Choker"],"picked":"Coffee Dripper"}],"items_purged_floors":[4],"is_endless":false,"potions_floor_spawned":[1,16],"killed_by":"Slavers","ascension_level":20}}