{"host":"fkig9nrckec4xsh0","time":1613097702,"event":{"mods":["Act Like it!","BaseMod","Colored Map","Gensokyo","Hermit","Marisa????????","Minty Spire (QoL Compilation)","Quick Restart","Replay The Spire","StSLib"],"gold_per_floor":[361,361,361,361,46,46,61,61,61,96,307,307,307],"floor_reached":12,"language":"ENG","playtime":463,"items_purged":[],"score":109,"play_id":"e5975829-153a-41a7-8ecf-0dfac553d7e6","local_time":"20210211214142","is_ascension_mode":true,"campfire_choices":[{"data":"Gensokyo:CrescentMoonSlash","floor":6,"key":"SMITH"}],"circlet_count":0,"master_deck":["AscendersBane","Strike_B","Strike_B","Strike_B","Strike_B","Defend_B","Defend_B","Defend_B","Zap","Dualcast","Gensokyo:CrescentMoonSlash+1","Gensokyo:Shovel","Turbo","Steam Power","Reboot","Ball Lightning"],"relics":["Cracked Core","Gensokyo:OccultBall","Chemical X","Pear","Gremlin Food","Regal Pillow","Replay:Bottled Flurry"],"acts_visited":["Exordium"],"potions_floor_usage":[11],"damage_taken":[{"damage":0,"enemies":"Gensokyo:Python","floor":1,"turns":2},{"damage":8,"enemies":"Gensokyo:2_Kodama","floor":7,"turns":2},{"damage":18,"enemies":"Gensokyo:Mamizou","floor":10,"turns":9},{"damage":10,"enemies":"Gensokyo:3_Fairies","floor":11,"turns":3},{"damage":20,"enemies":"Gensokyo:Aya","floor":12,"turns":3}],"seed_played":"-7488267522384180943","potions_obtained":[{"floor":10,"key":"Toxic Potion"},{"floor":11,"key":"LiquidBronze"}],"is_trial":false,"path_per_floor":["M","?","?","?","COS","R","M","?","T","E","M","E"],"character_chosen":"DEFECT","items_purchased":[],"campfire_rested":0,"item_purchase_floors":[],"current_hp_per_floor":[68,68,58,58,58,58,50,45,45,27,17,0,0],"gold":307,"neow_bonus":"TWO_FIFTY_GOLD","is_daily":false,"chose_seed":false,"campfire_upgraded":1,"win_rate":0.0,"timestamp":1613097702,"path_taken":["M","?","?","?","COS","R","M","?","T","E","M","E"],"items_purchased_type":[],"build_version":"2020-12-22","purchased_purges":0,"victory":false,"max_hp_per_floor":[68,68,68,68,68,68,68,78,78,78,78,78,78],"card_choices":[{"not_picked":["Sweeping Beam","ReplayTheSpireMod:Calculation Training"],"picked":"Self Repair","floor":1},{"not_picked":["Rebound","Stack"],"picked":"Turbo","floor":7},{"not_picked":["Stack","ReplaySort"],"picked":"Steam Power","floor":10},{"not_picked":["Buffer","Biased Cognition"],"picked":"Reboot","floor":11},{"not_picked":["Scrape","Leap"],"picked":"Ball Lightning","floor":11}],"player_experience":421022,"relics_obtained":[{"floor":9,"key":"Gremlin Food"},{"floor":10,"key":"Replay:Bottled Flurry"}],"event_choices":[],"is_beta":false,"boss_relics":[],"items_purged_floors":[],"is_endless":false,"potions_floor_spawned":[10,11],"killed_by":"Gensokyo:Aya","ascension_level":10}}