{"host":"f2zkc2gsfwbibc34","time":1613144381,"event":{"mods":["AchievementEnabler","BaseMod","Better Note","Colored Map","Colored Powertips","Defuse TimeMaze Blight","Minty Spire (QoL Compilation)","Permanent Neow","StSLib","SuperFastMode","The Marked"],"gold_per_floor":[118,138,209,209,64,64,92,92,115,115,115,115,115,115,115,215,215,230,248,248,263,275,275,175,175,201,226,237,237,237,919,919,1015,1015,1026,1026,1026],"floor_reached":36,"language":"ENG","playtime":1012,"items_purged":["Regret","Strike_G","Strike_G"],"score":376,"play_id":"977e21d7-94c8-4d1c-a416-d0908fa28cee","local_time":"20210212163941","daily_mods":["Heirloom","Flight"],"is_ascension_mode":false,"campfire_choices":[{"data":"Footwork","floor":6,"key":"SMITH"},{"data":"Cloak And Dagger","floor":8,"key":"SMITH"},{"data":"Neutralize","floor":10,"key":"SMITH"},{"data":"Poisoned Stab","floor":11,"key":"SMITH"},{"data":"Flying Knee","floor":12,"key":"SMITH"},{"data":"Riddle With Holes","floor":15,"key":"SMITH"},{"data":"Bouncing Flask","floor":23,"key":"SMITH"},{"data":"Survivor","floor":25,"key":"SMITH"},{"floor":29,"key":"REST"},{"data":"Blade Dance","floor":30,"key":"SMITH"},{"floor":32,"key":"REST"}],"circlet_count":0,"master_deck":["Strike_G","Strike_G","Strike_G+1","Defend_G","Defend_G+1","Defend_G","Defend_G","Defend_G","Survivor+1","Neutralize+1","Footwork+1","Cloak And Dagger+1","Poisoned Stab+1","Flying Knee+1","Riddle With Holes+1","Bouncing Flask+1","Well Laid Plans","Blade Dance+1","Deflect+1","Cloak And Dagger+1","Reflex","Bouncing Flask","A Thousand Cuts","Crippling Poison"],"relics":["Ring of the Snake","FossilizedHelix","Bottled Tornado","CaptainsWheel","Bag of Preparation","Boot","HoveringKite","Blood Vial","Bag of Marbles","Calipers","Art of War","TheAbacus","Philosopher\u0027s Stone"],"acts_visited":["Exordium","TheCity","TheBeyond"],"potions_floor_usage":[33,33,33],"damage_taken":[{"damage":0,"enemies":"Cultist","floor":1,"turns":4},{"damage":0,"enemies":"Jaw Worm","floor":2,"turns":5},{"damage":13,"enemies":"Gremlin Nob","floor":7,"turns":6},{"damage":6,"enemies":"Hexaghost","floor":16,"turns":11},{"damage":0,"enemies":"Spheric Guardian","floor":18,"turns":6},{"damage":0,"enemies":"Shell Parasite","floor":19,"turns":5},{"damage":10,"enemies":"Sentry and Sphere","floor":21,"turns":5},{"damage":8,"enemies":"Shelled Parasite and Fungi","floor":22,"turns":6},{"damage":42,"enemies":"Slavers","floor":27,"turns":9},{"damage":0,"enemies":"Chosen and Byrds","floor":28,"turns":7},{"damage":30,"enemies":"Collector","floor":33,"turns":13},{"damage":7,"enemies":"3 Shapes","floor":35,"turns":4},{"damage":65,"enemies":"2 Orb Walkers","floor":36,"turns":6}],"seed_played":"-6422340001333229392","potions_obtained":[{"floor":1,"key":"Block Potion"},{"floor":7,"key":"CunningPotion"},{"floor":21,"key":"PowerPotion"},{"floor":22,"key":"Energy Potion"},{"floor":33,"key":"SteroidPotion"}],"is_trial":true,"path_per_floor":["M","M","T","?","$","R","E","R","T","R","R","R","?","?","R","B",null,"M","M","?","M","M","R","$","R","T","E","M","R","R","$","R","B",null,"M","?"],"character_chosen":"THE_SILENT","items_purchased":["Poisoned Stab","Flying Knee","Bouncing Flask","Calipers","Art of War","TheAbacus"],"campfire_rested":2,"item_purchase_floors":[5,5,31,31,31,31],"current_hp_per_floor":[70,70,70,70,70,70,57,57,57,57,57,57,57,43,43,37,70,70,70,70,60,52,52,52,52,52,12,14,35,35,35,56,28,70,63,0,0],"gold":1026,"neow_bonus":"","is_daily":false,"chose_seed":false,"campfire_upgraded":9,"win_rate":0.0,"timestamp":1613144381,"path_taken":["M","M","?","?","$","R","E","R","T","R","R","R","?","?","R","BOSS","M","M","?","?","?","R","$","R","T","E","?","R","R","$","R","BOSS","M","?"],"items_purchased_type":["Card","Card","Card","Relic","Relic","Relic"],"build_version":"2020-12-22","purchased_purges":3,"victory":false,"max_hp_per_floor":[70,70,70,70,70,70,70,70,70,70,70,70,70,70,70,70,70,70,70,70,70,70,70,70,70,70,70,70,70,70,70,70,70,70,70,70,70],"card_choices":[{"not_picked":["Underhanded Strike","Backflip"],"picked":"Footwork","floor":1},{"not_picked":["Blur","Eviscerate"],"picked":"Cloak And Dagger","floor":2},{"not_picked":["Backflip","Endless Agony"],"picked":"Riddle With Holes","floor":7},{"not_picked":["Prepared","Terror+1"],"picked":"Bouncing Flask","floor":18},{"not_picked":["PiercingWail","Deadly Poison"],"picked":"Well Laid Plans","floor":19},{"not_picked":["Dagger Throw+1","Dodge and Roll"],"picked":"Blade Dance","floor":21},{"not_picked":["Escape Plan","Backflip+1"],"picked":"Deflect+1","floor":22},{"not_picked":["Blur","Blade Dance"],"picked":"Cloak And Dagger+1","floor":27},{"not_picked":["Cloak And Dagger","Caltrops"],"picked":"Reflex","floor":28},{"not_picked":["Wraith Form v2","Venomology"],"picked":"A Thousand Cuts","floor":33},{"not_picked":["Flying Knee+1","Bane+1"],"picked":"Crippling Poison","floor":35}],"player_experience":97916,"relics_obtained":[{"floor":3,"key":"Bottled Tornado"},{"floor":7,"key":"Bag of Preparation"},{"floor":9,"key":"Boot"},{"floor":26,"key":"Blood Vial"},{"floor":27,"key":"Bag of Marbles"}],"event_choices":[{"damage_healed":0,"gold_gain":0,"player_choice":"Box","damage_taken":0,"relics_obtained":["CaptainsWheel"],"max_hp_gain":0,"max_hp_loss":0,"event_name":"Big Fish","floor":4,"gold_loss":0,"cards_obtained":["Regret"]},{"damage_healed":0,"gold_gain":0,"player_choice":"Leave","damage_taken":0,"max_hp_gain":0,"max_hp_loss":0,"event_name":"The Cleric","floor":13,"gold_loss":0},{"damage_healed":0,"gold_gain":0,"player_choice":"Entered Light","damage_taken":14,"max_hp_gain":0,"max_hp_loss":0,"event_name":"Shining Light","floor":14,"gold_loss":0,"cards_upgraded":["Defend_G","Strike_G"]},{"damage_healed":0,"gold_gain":0,"player_choice":"Bought 0 Potions","damage_taken":0,"max_hp_gain":0,"max_hp_loss":0,"event_name":"The Woman in Blue","floor":20,"gold_loss":0},{"damage_healed":0,"gold_gain":0,"player_choice":"Fight","damage_taken":0,"max_hp_gain":0,"max_hp_loss":0,"event_name":"Mysterious Sphere","floor":36,"gold_loss":0}],"is_beta":false,"boss_relics":[{"not_picked":["Tiny House","Ectoplasm"],"picked":"HoveringKite"},{"not_picked":["Calling Bell","Pandora\u0027s Box"],"picked":"Philosopher\u0027s Stone"}],"items_purged_floors":[5,24,31],"is_endless":false,"potions_floor_spawned":[1,7,21,22,33],"killed_by":"2 Orb Walkers","ascension_level":0}}