{"host":"fxrgx7wt2cpkbhka","time":1613128715,"event":{"mods":["AchievementEnabler","BaseMod","Colored Powertips","Dark Map","Minty Spire (QoL Compilation)","Permanent Neow","Quick Restart","Slay-I","StSLib","Waifu the Spire"],"gold_per_floor":[366,366,366,71,86,86,98,98,121,121,155,174,192,226,226,303,303,319,16,16,27,41,66,66,66,143,162,162,197,214,19,19,93,93,111,36,36,49,63,93,93,41,68,68,78,38,38,49,49,49,49],"floor_reached":50,"language":"ENG","playtime":1995,"items_purged":["Injury"],"score":927,"play_id":"d6ac4c8f-7c07-415b-87f1-29869953ebac","local_time":"20210212031835","is_ascension_mode":true,"campfire_choices":[{"data":"Consume","floor":6,"key":"SMITH"},{"data":"Chill","floor":8,"key":"SMITH"},{"data":"Dualcast","floor":10,"key":"SMITH"},{"data":"Go for the Eyes","floor":15,"key":"SMITH"},{"floor":24,"key":"REST"},{"floor":28,"key":"REST"},{"floor":32,"key":"REST"},{"floor":41,"key":"REST"},{"data":"White Noise","floor":44,"key":"SMITH"},{"data":"Storm","floor":47,"key":"SMITH"},{"floor":49,"key":"RECALL"}],"circlet_count":0,"master_deck":["AscendersBane","Strike_B","Strike_B","Defend_B","Defend_B","Defend_B","Defend_B","Zap","Dualcast+1","Go for the Eyes+1","Consume+1","Chill+1","Static Discharge","Ball Lightning","Leap","Echo Form","CurseOfTheBell","Melter","Cold Snap","White Noise+1","Go for the Eyes","Bandage Up","Biased Cognition","Conserve Battery","Storm+1","Go for the Eyes","Loop","Storm+1","Coolheaded","Cold Snap"],"relics":["Cracked Core","Frozen Eye","Toy Ornithopter","StoneCalendar","Cables","Calling Bell","Art of War","Ornamental Fan","Pocketwatch","Lizard Tail","Enchiridion","HornCleat","Bottled Lightning","PreservedInsect","Anchor","Busted Crown","Mercury Hourglass"],"acts_visited":["Exordium","TheCity","TheBeyond"],"potions_floor_usage":[11,14,14,23,23,30],"damage_taken":[{"damage":10,"enemies":"Small Slimes","floor":1,"turns":4},{"damage":7,"enemies":"Jaw Worm","floor":5,"turns":3},{"damage":3,"enemies":"Cultist","floor":7,"turns":4},{"damage":27,"enemies":"3 Sentries","floor":11,"turns":12},{"damage":3,"enemies":"Blue Slaver","floor":12,"turns":3},{"damage":9,"enemies":"Lots of Slimes","floor":13,"turns":4},{"damage":11,"enemies":"Gremlin Nob","floor":14,"turns":4},{"damage":10,"enemies":"Hexaghost","floor":16,"turns":9},{"damage":5,"enemies":"Chosen","floor":18,"turns":4},{"damage":10,"enemies":"Shell Parasite","floor":21,"turns":7},{"damage":20,"enemies":"Centurion and Healer","floor":22,"turns":7},{"damage":0,"enemies":"Book of Stabbing","floor":23,"turns":4},{"damage":1,"enemies":"Cultist and Chosen","floor":27,"turns":6},{"damage":12,"enemies":"Slavers","floor":29,"turns":5},{"damage":15,"enemies":"Shelled Parasite and Fungi","floor":30,"turns":5},{"damage":21,"enemies":"Champ","floor":33,"turns":7},{"damage":0,"enemies":"Orb Walker","floor":35,"turns":4},{"damage":0,"enemies":"3 Shapes","floor":38,"turns":5},{"damage":10,"enemies":"Spire Growth","floor":39,"turns":4},{"damage":44,"enemies":"Reptomancer","floor":40,"turns":4},{"damage":0,"enemies":"Maw","floor":45,"turns":4},{"damage":3,"enemies":"Writhing Mass","floor":48,"turns":4},{"damage":114,"enemies":"Time Eater","floor":50,"turns":10}],"seed_played":"-4234933809400729566","potions_obtained":[{"floor":5,"key":"ColorlessPotion"},{"floor":12,"key":"Weak Potion"},{"floor":13,"key":"PowerPotion"},{"floor":16,"key":"FocusPotion"},{"floor":21,"key":"AttackPotion"},{"floor":29,"key":"EssenceOfSteel"},{"floor":30,"key":"LiquidBronze"},{"floor":35,"key":"Dexterity Potion"}],"is_trial":false,"path_per_floor":["M","?","?","$","M","R","M","R","T","R","E","M","M","E","R","B",null,"M","$","?","M","M","E","R","?","T","M","R","E","M","$","R","B",null,"M","$","?","M","M","E","R","$","T","R","M","?","R","M","R","B"],"character_chosen":"DEFECT","items_purchased":["Consume","Frozen Eye","Lizard Tail","Anchor","Go for the Eyes","Storm","Cold Snap"],"campfire_rested":4,"item_purchase_floors":[4,4,19,31,31,36,42],"current_hp_per_floor":[54,59,59,59,52,52,49,49,49,49,27,24,15,14,14,4,58,53,53,37,27,7,17,39,39,39,42,64,60,54,54,76,55,71,75,75,75,75,66,26,48,48,48,48,56,56,56,57,57,0,0],"gold":49,"neow_bonus":"TWO_FIFTY_GOLD","is_daily":false,"chose_seed":false,"campfire_upgraded":6,"win_rate":0.0,"timestamp":1613128715,"path_taken":["M","?","?","$","M","R","M","R","T","R","E","?","M","E","R","BOSS","M","$","?","M","M","E","R","?","T","M","R","E","?","$","R","BOSS","M","$","?","?","M","E","R","$","T","R","?","?","R","?","R","BOSS"],"items_purchased_type":["Card","Relic","Relic","Relic","Card","Card","Card"],"build_version":"2020-12-22","purchased_purges":1,"victory":false,"max_hp_per_floor":[71,76,76,76,76,76,76,76,76,76,76,76,76,76,76,76,76,76,76,76,76,76,76,76,76,76,76,76,76,76,76,76,76,76,76,76,76,76,76,76,76,76,76,76,76,76,76,76,76,76,76],"card_choices":[{"not_picked":["Conserve Battery","Coolheaded"],"picked":"Go for the Eyes","floor":1},{"not_picked":["Stack","Sweeping Beam","Hologram"],"picked":"SKIP","floor":5},{"not_picked":["Lockon","Rebound"],"picked":"Chill","floor":7},{"not_picked":["Chill","Coolheaded"],"picked":"Static Discharge","floor":11},{"not_picked":["Streamline","Rebound"],"picked":"Ball Lightning","floor":12},{"not_picked":["Barrage","Fusion"],"picked":"Leap","floor":13},{"not_picked":["Tempest","Beam Cell","Darkness"],"picked":"SKIP","floor":14},{"not_picked":["Machine Learning","Rainbow"],"picked":"Echo Form","floor":16},{"not_picked":["Coolheaded","Tempest"],"picked":"Melter","floor":18},{"not_picked":["Barrage+1","Scrape"],"picked":"Cold Snap","floor":21},{"not_picked":["Ball Lightning","Redo+1"],"picked":"White Noise","floor":22},{"not_picked":["Tempest","Melter"],"picked":"Go for the Eyes","floor":23},{"not_picked":["Double Energy","Steam Power"],"picked":"Conserve Battery","floor":27},{"not_picked":["Streamline","Hologram","Steam+1"],"picked":"SKIP","floor":29},{"not_picked":["Rebound+1","Leap"],"picked":"Storm","floor":30},{"not_picked":[],"picked":"Loop","floor":35},{"not_picked":["Go for the Eyes"],"picked":"SKIP","floor":38},{"not_picked":["Reprogram+1"],"picked":"SKIP","floor":39},{"not_picked":["Static Discharge"],"picked":"SKIP","floor":40},{"not_picked":["Barrage+1"],"picked":"SKIP","floor":45},{"not_picked":["Recycle"],"picked":"SKIP","floor":48}],"player_experience":772169,"relics_obtained":[{"floor":9,"key":"Toy Ornithopter"},{"floor":11,"key":"StoneCalendar"},{"floor":14,"key":"Cables"},{"floor":17,"key":"Art of War"},{"floor":17,"key":"Ornamental Fan"},{"floor":17,"key":"Pocketwatch"},{"floor":20,"key":"Enchiridion"},{"floor":23,"key":"HornCleat"},{"floor":26,"key":"Bottled Lightning"},{"floor":29,"key":"PreservedInsect"},{"floor":40,"key":"Mercury Hourglass"}],"event_choices":[{"damage_healed":0,"gold_gain":0,"player_choice":"Donut","damage_taken":0,"max_hp_gain":5,"max_hp_loss":0,"event_name":"Big Fish","floor":2,"gold_loss":0},{"cards_removed":["Strike_B"],"damage_healed":0,"gold_gain":0,"player_choice":"Purged","damage_taken":0,"max_hp_gain":0,"max_hp_loss":0,"event_name":"Purifier","floor":3,"gold_loss":0},{"damage_healed":0,"gold_gain":0,"player_choice":"Obtained Book","damage_taken":16,"max_hp_gain":0,"max_hp_loss":0,"event_name":"Cursed Tome","floor":20,"gold_loss":0},{"damage_healed":0,"gold_gain":0,"player_choice":"2 cards matched","damage_taken":0,"max_hp_gain":0,"max_hp_loss":0,"event_name":"Match and Keep!","floor":25,"gold_loss":0,"cards_obtained":["Bandage Up","Biased Cognition"]},{"damage_healed":0,"gold_gain":0,"cards_transformed":["Strike_B"],"player_choice":"Transformed","damage_taken":0,"max_hp_gain":0,"max_hp_loss":0,"event_name":"Transmorgrifier","floor":37,"gold_loss":0,"cards_obtained":["Coolheaded"]},{"damage_healed":0,"gold_gain":0,"player_choice":"Upgrade","damage_taken":0,"max_hp_gain":0,"max_hp_loss":0,"event_name":"Designer","floor":46,"gold_loss":40,"cards_upgraded":["Storm"]}],"is_beta":false,"boss_relics":[{"not_picked":["Empty Cage","Velvet Choker"],"picked":"Calling Bell"},{"not_picked":["SlaversCollar","Astrolabe"],"picked":"Busted Crown"}],"items_purged_floors":[4],"is_endless":false,"potions_floor_spawned":[5,12,13,16,21,22,29,30,35,45,48],"killed_by":"Time Eater","ascension_level":14}}