{"host":"8a72fthmlk1o8pdb","time":1613113592,"event":{"mods":["AchievementEnabler","Aspiration","Astrologer","Bard","BaseMod","Beaked The Cultist","Better Sensory Stone","Better Skull","Better Third Choice","ChefMod","Colored Map","Colored Powertips","Dark Map","Downfall","Friendly Minions","GifTheSpireLib","Googly Eyes","Gremlin Mod","Hermit","Hubris","JesterMod","Jorbs\u0027s Wanderer Trilogy","Marisa????????","Minty Spire (QoL Compilation)","Permanent Neow","Random Character Button","Rare Cards Sparkle","Relic Stats","Reliquary","Robot Space Explorer","Shade Mod","Shop Mod","Somnambulant","StSLib","The Animator","The Blue Laboratory","The Construct","The Cursed","The Disciple","The Hayseed","The Hierophant","The Jungle","The Marked","The Mystic","The Necromancer","The Poker Player","The Problem Sleuth","The Runesmith","thorton"],"gold_per_floor":[112,112,126,144,164,198,41,41,41,6,6,31,31,48,48,146,146,163,163,179,190,190,190,190,190],"floor_reached":24,"language":"ENG","playtime":1120,"items_purged":["Strike_B"],"score":256,"play_id":"57c13cd2-3d3d-40aa-b51c-97583a910f99","local_time":"20210211230632","is_ascension_mode":false,"campfire_choices":[{"floor":8,"key":"REST"},{"data":"Defragment","floor":11,"key":"SMITH"},{"floor":13,"key":"DIG"},{"data":"Streamline","floor":15,"key":"SMITH"},{"floor":23,"key":"REST"}],"circlet_count":0,"master_deck":["Strike_B","Strike_B","Strike_B","Defend_B","Defend_B","Defend_B","Defend_B","Zap","Dualcast","White Noise+1","Defragment+1","Gash","Cold Snap","hubris:PowerSurge","Streamline+1","Buffer","Chaos+1","Glacier"],"relics":["Cracked Core","Shovel","Lantern","aspiration:DSix","hubris:CrystalStatue","SacredBark"],"acts_visited":["Exordium","TheCity"],"potions_floor_usage":[16,21,21,21],"damage_taken":[{"damage":2,"enemies":"Small Slimes","floor":1,"turns":3},{"damage":1,"enemies":"Jaw Worm","floor":3,"turns":3},{"damage":1,"enemies":"2 Louse","floor":4,"turns":3},{"damage":0,"enemies":"Large Slime","floor":5,"turns":4},{"damage":28,"enemies":"Gremlin Nob","floor":6,"turns":4},{"damage":9,"enemies":"Lagavulin","floor":12,"turns":6},{"damage":0,"enemies":"Red Slaver","floor":14,"turns":4},{"damage":0,"enemies":"Slime Boss","floor":16,"turns":7},{"damage":14,"enemies":"2 Thieves","floor":18,"turns":4},{"damage":10,"enemies":"Spheric Guardian","floor":20,"turns":4},{"damage":7,"enemies":"Snake Plant","floor":21,"turns":5},{"damage":55,"enemies":"Gremlin Leader","floor":24,"turns":7}],"seed_played":"1340704923113644401","potions_obtained":[{"floor":4,"key":"Strength Potion"},{"floor":6,"key":"blueLaboratory:BottledHope"},{"floor":16,"key":"sneckomod:MuddlingPotion"},{"floor":18,"key":"GamblersBrew"}],"is_trial":false,"path_per_floor":["M","?","M","M","M","E","$","R","T","?","R","E","R","M","R","B",null,"M","?","M","M","?","R","E"],"character_chosen":"DEFECT","items_purchased":["hubris:PowerSurge"],"campfire_rested":2,"item_purchase_floors":[7],"current_hp_per_floor":[52,52,51,50,50,22,22,44,44,62,62,53,53,53,53,53,75,61,61,51,44,30,54,0,0],"gold":190,"neow_bonus":"ONE_RARE_RELIC","is_daily":false,"chose_seed":false,"campfire_upgraded":2,"win_rate":0.0,"timestamp":1613113592,"path_taken":["M","?","M","M","M","E","$","R","T","?","R","E","R","M","R","BOSS","M","?","M","M","?","R","E"],"items_purchased_type":["Card"],"build_version":"2020-12-22","purchased_purges":1,"victory":false,"max_hp_per_floor":[75,75,75,75,75,75,75,75,75,75,75,75,75,75,75,75,75,75,75,75,75,80,80,80,80],"relic_stats":{"Shovel":1,"counters":[12,54],"obtain_stats":[{"Lantern":6,"Shovel":0,"hubris:CrystalStatue":13,"SacredBark":17,"Cracked Core":0,"aspiration:DSix":12},{"Lantern":5,"Shovel":0,"hubris:CrystalStatue":6,"SacredBark":8,"Cracked Core":0,"aspiration:DSix":6},{"Lantern":17,"Shovel":0,"hubris:CrystalStatue":23,"SacredBark":34,"Cracked Core":0,"aspiration:DSix":23}]},"card_choices":[{"not_picked":["Barrage","Compile Driver"],"picked":"White Noise","floor":1},{"not_picked":["Go for the Eyes","Hologram"],"picked":"Defragment","floor":3},{"not_picked":["Aggregate","Sweeping Beam"],"picked":"Gash","floor":4},{"not_picked":["Capacitor","Steam"],"picked":"Cold Snap","floor":5},{"not_picked":["Sweeping Beam","Steam","Beam Cell"],"picked":"SKIP","floor":6},{"not_picked":["Barrage","Ball Lightning","Rip and Tear"],"picked":"SKIP","floor":12},{"not_picked":["hubris:SpecializedCircuitry","BootSequence"],"picked":"Streamline","floor":14},{"not_picked":["Amplify","Fission"],"picked":"Buffer","floor":16},{"not_picked":["Go for the Eyes","Streamline"],"picked":"Chaos+1","floor":18},{"not_picked":["Steam Power","Streamline"],"picked":"Glacier","floor":20},{"not_picked":["Stack+1","Capacitor","Compile Driver+1"],"picked":"SKIP","floor":21}],"player_experience":183048,"relics_obtained":[{"floor":6,"key":"Lantern"},{"floor":12,"key":"aspiration:DSix"},{"floor":13,"key":"hubris:CrystalStatue"}],"event_choices":[{"damage_healed":0,"gold_gain":0,"player_choice":"Grow","damage_taken":0,"max_hp_gain":0,"max_hp_loss":0,"event_name":"Living Wall","floor":2,"gold_loss":0,"cards_upgraded":["White Noise"]},{"damage_healed":18,"gold_gain":0,"player_choice":"Healed","damage_taken":0,"max_hp_gain":0,"max_hp_loss":0,"event_name":"The Cleric","floor":10,"gold_loss":35},{"damage_healed":0,"gold_gain":0,"player_choice":"Shed Blood","damage_taken":19,"max_hp_gain":5,"max_hp_loss":0,"event_name":"Forgotten Altar","floor":22,"gold_loss":0}],"is_beta":false,"boss_relics":[{"not_picked":["Fusion Hammer","aspiration:RunesmithSkillbook"],"picked":"SacredBark"}],"items_purged_floors":[7],"is_endless":false,"potions_floor_spawned":[4,6,16,18],"killed_by":"Gremlin Leader","ascension_level":0}}