{"host":"uugffeicp4fcvkyi","time":1607862410,"event":{"mods":["Aspiration","BaseMod","Better Note","Conjunction","Conspire","Googly Eyes","Minty Spire (QoL Compilation)","Permanent Neow","Replay The Spire","StSLib","TheArtist","Wandering Minibosses","everything is the same but u backflip on backflip"],"gold_per_floor":[211,211,229,239,239,239,272,272,299,311,311,311,311,94,94,198,198,198],"floor_reached":17,"playtime":1444,"items_purged":["artistmod:StrokeStrike"],"score":153,"play_id":"de640a2c-7ed1-48f4-86a7-bed022cc613a","local_time":"20201213072650","is_ascension_mode":false,"campfire_choices":[{"data":"artistmod:VibrantVision","floor":6,"key":"SMITH"},{"data":"artistmod:MeanMagenta","floor":8,"key":"SMITH"},{"data":"artistmod:BrushBash","floor":11,"key":"SMITH"},{"data":"1","floor":13,"key":"LIFT"},{"data":"2","floor":15,"key":"LIFT"}],"circlet_count":0,"master_deck":["artistmod:StrokeStrike","artistmod:StrokeStrike","artistmod:StrokeStrike","artistmod:DaringDefend","artistmod:DaringDefend","artistmod:DaringDefend","artistmod:DaringDefend","artistmod:BrushBash+1","artistmod:DarkenDrawing+1","artistmod:VibrantVision+1","artistmod:MeanMagenta+1","artistmod:RedRage","artistmod:RadicalRainbows"],"relics":["artistmod:BlueBrush","Divine Protection","aspiration:ChemicalBlood","Girya","Pandora\u0027s Box"],"acts_visited":["Exordium","TheCity"],"potions_floor_usage":[7,14],"damage_taken":[{"damage":11,"enemies":"2 Louse","floor":1,"turns":3},{"damage":1,"enemies":"Cultist","floor":3,"turns":3},{"damage":5,"enemies":"Small Slimes","floor":4,"turns":5},{"damage":20,"enemies":"3 Sentries","floor":7,"turns":8},{"damage":0,"enemies":"conspire:2 RoseBushes","floor":10,"turns":6},{"damage":13,"enemies":"Fading Forest","floor":16,"turns":11}],"seed_played":"-716350896326406616","potions_obtained":[{"floor":3,"key":"Languid Potion"},{"floor":4,"key":"Explosive Potion"},{"floor":16,"key":"SpeedPotion"}],"is_trial":false,"path_per_floor":["M","?","M","M","?","R","E","R","T","M","R","T","R","$","R","B",null],"character_chosen":"THE_ARTIST","items_purchased":["Fruit Juice","artistmod:RedRage"],"campfire_rested":0,"item_purchase_floors":[14,14],"current_hp_per_floor":[60,60,59,54,59,59,39,39,39,39,39,39,39,44,44,41,81,81],"gold":198,"neow_bonus":"HUNDRED_GOLD","is_daily":false,"chose_seed":false,"campfire_upgraded":3,"win_rate":0.0,"timestamp":1607862410,"path_taken":["M","?","M","?","?","R","E","R","T","M","R","?","R","$","R","BOSS"],"items_purchased_type":["Potion","Card"],"build_version":"2020-11-30","purchased_purges":1,"victory":false,"max_hp_per_floor":[71,71,71,71,76,76,76,76,76,76,76,76,76,81,81,81,81,81],"card_choices":[{"not_picked":["artistmod:RedRazzing","artistmod:PurplePain","artistmod:GrowingGreens"],"picked":"SKIP","floor":1},{"not_picked":["artistmod:ClearChroma","artistmod:PrismaticPain","artistmod:GreenGreed"],"picked":"SKIP","floor":3},{"not_picked":["artistmod:BlueBurst","artistmod:CanvasCatapult"],"picked":"artistmod:VibrantVision","floor":4},{"not_picked":["artistmod:BlueBrews","artistmod:RedRage"],"picked":"artistmod:MeanMagenta","floor":7},{"not_picked":["artistmod:CursedClash","artistmod:MagentaMadness","artistmod:ArtisticAgony"],"picked":"SKIP","floor":10},{"not_picked":["artistmod:BlackBang","artistmod:PaintProfusion"],"picked":"artistmod:RadicalRainbows","floor":16}],"player_experience":2995348,"relics_obtained":[{"floor":7,"key":"Divine Protection"},{"floor":9,"key":"aspiration:ChemicalBlood"},{"floor":12,"key":"Girya"}],"event_choices":[{"damage_healed":0,"gold_gain":0,"player_choice":"Forge","damage_taken":0,"max_hp_gain":0,"max_hp_loss":0,"event_name":"Accursed Blacksmith","floor":2,"gold_loss":0,"cards_upgraded":["artistmod:DarkenDrawing"]},{"damage_healed":0,"gold_gain":0,"player_choice":"Donut","damage_taken":0,"max_hp_gain":5,"max_hp_loss":0,"event_name":"Big Fish","floor":5,"gold_loss":0}],"is_beta":false,"boss_relics":[{"not_picked":["conspire:SeveredTorchhead","ReplayTheSpireMod:DimensionalGlitch"],"picked":"Pandora\u0027s Box"}],"items_purged_floors":[14],"is_endless":false,"potions_floor_spawned":[3,4,16],"ascension_level":0}}