{"host":"k6qwgpygxbgz06bg","time":1607876194,"event":{"mods":["BaseMod","Beaked The Cultist","Better Third Choice","BetterRewards","Clockwork Mod","Colored Map","Downfall","Friendly Minions","Infinite Spire","Marisa????????","Minty Spire (QoL Compilation)","Replay The Spire","StSLib","The Administrix","The Bug Knight","The Cursed","The Gatherer","The Mystic","The Witch"],"gold_per_floor":[99,29,29,29,64,89,142,142,169,169,190,290,290,312,330,439,439,439,58,83,83,83,93,93,18,18,18,18,35,20,38,57,162,162,162,162,162],"floor_reached":36,"playtime":2857,"items_purged":["hexamod:Strike"],"score":478,"play_id":"48ad6306-cbdc-4216-9ecd-4e8f124da4b7","local_time":"20201213171634","is_ascension_mode":false,"campfire_choices":[{"data":"hexamod:Sear","floor":1,"key":"SMITH"},{"data":"hexamod:InspiringFlames","floor":4,"key":"SMITH"},{"data":"hexamod:Rewind","floor":8,"key":"SMITH"},{"data":"hexamod:NecessarySacrifice","floor":10,"key":"SMITH"},{"data":"hexamod:EmpoweringStance","floor":18,"key":"SMITH"},{"floor":25,"key":"REST"},{"data":"hexamod:GhostOfSpirePresent","floor":27,"key":"SMITH"},{"data":"hexamod:Again","floor":35,"key":"SMITH"}],"circlet_count":0,"master_deck":["hexamod:Defend+1","hexamod:Defend+1","hexamod:Defend+1","hexamod:Sear+1","hexamod:Float+1","hexamod:HauntingEcho","hexamod:EmpoweredFlame","hexamod:InspiringFlames+1","hexamod:Rewind+1","hexamod:NecessarySacrifice+1","hexamod:GhostflameInferno+1","hexamod:GhostOfSpireFuture+1","hexamod:HexaLevel","hexamod:GhostOfSpirePresent+1","hexamod:EmpoweringStance+1","hexamod:RadiantFlame+1","hexamod:StepThrough+1","hexamod:TimeOfNeed","hexamod:TimeWarp+1","hexamod:GhostShield","hexamod:EtherealExpedition+1","hexamod:FirstSeal","hexamod:Again","hexamod:SixthSeal","hexamod:RainOfEmbers+1","hexamod:PhantomFireball+1","hexamod:Again+1","hexamod:CrushingStance","hexamod:FifthSeal","hexamod:TimeOfNeed"],"relics":["hexamod:SpiritBrand","downfall:HeartsMalice","Bag of Marbles","Potion Belt","SacredBark","Matryoshka","Anchor","Blood Vial","downfall:HeartBlessingBlue","War Paint","White Beast Statue","Sozu","hexamod:TheBrokenSeal"],"acts_visited":["Exordium","TheCity","TheBeyond"],"potions_floor_usage":[12,16,16,16,16,16,29,32,32,33,33,33,33,36],"damage_taken":[{"damage":0,"enemies":"downfall:FleeingMerchant","floor":2,"turns":1},{"damage":0,"enemies":"Small Slimes","floor":3,"turns":1},{"damage":0,"enemies":"Gremlin Nob","floor":5,"turns":1},{"damage":0,"enemies":"Cultist","floor":6,"turns":3},{"damage":0,"enemies":"2 Louse","floor":9,"turns":3},{"damage":0,"enemies":"Large Slime","floor":11,"turns":3},{"damage":15,"enemies":"downfall:Heads","floor":12,"turns":6},{"damage":19,"enemies":"Exordium Thugs","floor":14,"turns":5},{"damage":1,"enemies":"Exordium Wildlife","floor":15,"turns":3},{"damage":0,"enemies":"downfall:Silent","floor":16,"turns":6},{"damage":0,"enemies":"downfall:FleeingMerchant","floor":19,"turns":4},{"damage":55,"enemies":"Gremlin Leader","floor":20,"turns":7},{"damage":14,"enemies":"Spheric Guardian","floor":23,"turns":5},{"damage":30,"enemies":"Shell Parasite","floor":29,"turns":7},{"damage":15,"enemies":"downfall:FleeingMerchant","floor":30,"turns":4},{"damage":11,"enemies":"Centurion and Healer","floor":31,"turns":8},{"damage":12,"enemies":"Cultist and Chosen","floor":32,"turns":6},{"damage":25,"enemies":"downfall:Watcher","floor":33,"turns":8},{"damage":141,"enemies":"Orin","floor":36,"turns":7}],"seed_played":"-8636162876630513317","potions_obtained":[{"floor":5,"key":"Explosive Potion"},{"floor":6,"key":"Block Potion"},{"floor":13,"key":"hexamod:DoubleChargePotion"},{"floor":13,"key":"PowerPotion"},{"floor":13,"key":"Explosive Potion"},{"floor":14,"key":"AttackPotion"},{"floor":15,"key":"Languid Potion"},{"floor":22,"key":"CultistPotion"},{"floor":23,"key":"Languid Potion"},{"floor":23,"key":"SteroidPotion"},{"floor":29,"key":"DistilledChaos"},{"floor":30,"key":"SkillPotion"},{"floor":31,"key":"EssenceOfSteel"},{"floor":32,"key":"hexamod:InfernoChargePotion"},{"floor":32,"key":"hexamod:EctoCoolerPotion"},{"floor":33,"key":"AttackPotion"}],"is_trial":false,"path_per_floor":["R","$","M","R","E","M","T","R","M","R","M","?","?","M","M","B",null,"R","$","E","?","?","M","T","R","?","R","T","M","$","M","M","B",null,"R","?"],"character_chosen":"THE_SPIRIT","items_purchased":["hexamod:EmpoweredFlame","Matryoshka","hexamod:StepThrough+1"],"campfire_rested":1,"item_purchase_floors":[2,19,19],"current_hp_per_floor":[70,70,70,70,70,70,70,70,70,70,70,55,55,36,35,35,70,70,70,15,15,15,8,8,42,42,42,42,21,22,27,31,15,80,80,0,0],"gold":162,"neow_bonus":"THREE_ENEMY_KILL","is_daily":false,"chose_seed":false,"campfire_upgraded":7,"win_rate":0.0,"timestamp":1607876194,"path_taken":["R","$","M","R","E","M","T","R","M","R","M","?","?","M","M","BOSS","R","?","E","?","?","M","T","R","?","R","?","?","?","M","M","BOSS","R","?"],"items_purchased_type":["Card","Relic","Card"],"build_version":"2020-11-30","purchased_purges":1,"victory":false,"max_hp_per_floor":[70,70,70,70,70,70,70,70,70,70,70,70,70,70,70,70,70,70,70,70,70,70,70,70,80,80,80,80,80,80,80,80,80,80,80,90,90],"card_choices":[{"not_picked":["hexamod:ThermalTransfer","hexamod:Hexaguard"],"picked":"hexamod:HauntingEcho","floor":2},{"not_picked":["hexamod:FastForward","hexamod:ThermalTransfer"],"picked":"hexamod:InspiringFlames","floor":3},{"not_picked":["hexamod:Firestarter","hexamod:StepThrough"],"picked":"hexamod:SecondSeal","floor":5},{"not_picked":["hexamod:RetreatToShadows","hexamod:GhostShield"],"picked":"hexamod:Rewind","floor":6},{"not_picked":["hexamod:Firestarter","hexamod:BurningTouch"],"picked":"hexamod:NecessarySacrifice","floor":9},{"not_picked":["hexamod:SwordOfDarkness","hexamod:ShieldOfDarkness"],"picked":"hexamod:GhostflameInferno","floor":11},{"not_picked":["hexamod:ShieldOfDarkness","hexamod:AdvancingGuard"],"picked":"hexamod:GhostOfSpireFuture","floor":12},{"not_picked":["hexamod:RecurringNightmare","hexamod:RetreatToShadows"],"picked":"hexamod:GhostOfSpirePresent","floor":14},{"not_picked":["hexamod:RainOfEmbers","hexamod:SwordOfDarkness"],"picked":"hexamod:EmpoweringStance","floor":15},{"not_picked":["hexamod:EmpoweringStance","hexamod:GhostflameInferno"],"picked":"hexamod:FifthSeal","floor":16},{"not_picked":["hexamod:ThirdSeal","hexamod:FifthSeal"],"picked":"hexamod:FourthSeal","floor":19},{"not_picked":["hexamod:CrushingStance","hexamod:InspiringFlames+1"],"picked":"hexamod:RadiantFlame","floor":19},{"not_picked":["hexamod:ThirdSeal","hexamod:FifthSeal"],"picked":"hexamod:FirstSeal","floor":20},{"not_picked":["hexamod:RainOfEmbers","hexamod:Hexaguard"],"picked":"hexamod:ThirdSeal","floor":20},{"not_picked":["hexamod:SpectersWail","hexamod:FirstSeal"],"picked":"hexamod:SixthSeal","floor":23},{"not_picked":["hexamod:ThermalTransfer","hexamod:NightmareStrike"],"picked":"hexamod:GhostShield","floor":23},{"not_picked":["hexamod:HauntingEcho","hexamod:NightmareGuise"],"picked":"hexamod:EtherealExpedition","floor":29},{"not_picked":["hexamod:ThirdSeal","hexamod:FourthSeal"],"picked":"hexamod:FirstSeal","floor":29},{"not_picked":["hexamod:InspiringFlames","hexamod:AdvancingGuard"],"picked":"hexamod:Again","floor":29},{"not_picked":["hexamod:ThirdSeal","hexamod:SecondSeal"],"picked":"hexamod:SixthSeal","floor":30},{"not_picked":["hexamod:FastForward","hexamod:StepThrough"],"picked":"hexamod:RainOfEmbers","floor":30},{"not_picked":["hexamod:HexaLevel","hexamod:RainOfEmbers"],"picked":"hexamod:PhantomFireball+1","floor":31},{"not_picked":["hexamod:HeatCrush","hexamod:StepThrough"],"picked":"hexamod:Again","floor":32},{"not_picked":["hexamod:InspiringFlames","hexamod:FastForward","hexamod:ShieldOfDarkness"],"picked":"SKIP","floor":32},{"not_picked":["hexamod:EmpoweringStance","hexamod:SixthSeal"],"picked":"hexamod:CrushingStance","floor":33},{"not_picked":["hexamod:SixthSeal","hexamod:FourthSeal"],"picked":"hexamod:FifthSeal","floor":33},{"not_picked":["hexamod:VolcanoVisage","hexamod:SixthSeal"],"picked":"hexamod:TimeOfNeed","floor":33}],"player_experience":192684,"relics_obtained":[{"floor":5,"key":"Bag of Marbles"},{"floor":7,"key":"Potion Belt"},{"floor":20,"key":"Anchor"},{"floor":24,"key":"Blood Vial"},{"floor":28,"key":"War Paint"},{"floor":28,"key":"White Beast Statue"}],"event_choices":[{"damage_healed":0,"gold_gain":0,"player_choice":"Got Potions","damage_taken":0,"max_hp_gain":0,"max_hp_loss":0,"event_name":"Lab","floor":13,"gold_loss":0},{"damage_healed":0,"gold_gain":0,"cards_transformed":["hexamod:Defend","hexamod:Strike"],"player_choice":"Became Test Subject","damage_taken":0,"max_hp_gain":0,"max_hp_loss":0,"event_name":"Drug Dealer","floor":21,"gold_loss":0,"cards_obtained":["hexamod:TimeOfNeed","hexamod:TimeWarp"]},{"damage_healed":0,"gold_gain":0,"player_choice":"Fight","damage_taken":0,"max_hp_gain":0,"max_hp_loss":0,"event_name":"OrinTheCat","floor":36,"gold_loss":0}],"is_beta":false,"boss_relics":[{"not_picked":["Replay:Bronze Core","Ring of Chaos"],"picked":"SacredBark"},{"not_picked":["Calling Bell","Black Star"],"picked":"Sozu"}],"items_purged_floors":[19],"is_endless":false,"potions_floor_spawned":[5,6,14,15,23,30,31,32],"killed_by":"Orin","ascension_level":0}}