{"host":"cijhj3091wf4aho3","time":1607824065,"event":{"mods":["BaseMod","Colored Map","Colored Powertips","Friendly Minions","GifTheSpireLib","Highlight Path","Minty Spire (QoL Compilation)","Permanent Neow","Random Character Button","Relic Sorter","Relic Stats","StSLib","everything is the same but u backflip on backflip","slay the spire mod where everything is the same but ironclad has a cowboy hat"],"gold_per_floor":[131,166,216,275,25,25,0,20,20],"floor_reached":8,"playtime":242,"items_purged":["Strike_B"],"score":74,"play_id":"251afe44-d4e3-49a0-967a-0fff0179d39b","local_time":"20201212174745","is_ascension_mode":true,"campfire_choices":[{"floor":6,"key":"REST"}],"circlet_count":0,"master_deck":["AscendersBane","Strike_B","Strike_B","Strike_B","Defend_B","Defend_B","Defend_B","Defend_B","Zap","Dualcast","HandOfGreed","Beam Cell","Skim","Self Repair","Conserve Battery"],"relics":["Cracked Core","Vajra"],"acts_visited":["Exordium"],"potions_floor_usage":[],"damage_taken":[{"damage":1,"enemies":"2 Louse","floor":1,"turns":2},{"damage":0,"enemies":"Cultist","floor":2,"turns":3},{"damage":13,"enemies":"Small Slimes","floor":3,"turns":5},{"damage":47,"enemies":"Gremlin Gang","floor":4,"turns":7},{"damage":31,"enemies":"3 Sentries","floor":8,"turns":3}],"seed_played":"1297929240068530648","potions_obtained":[{"floor":3,"key":"PotionOfCapacity"},{"floor":4,"key":"Weak Potion"}],"is_trial":false,"path_per_floor":["M","M","M","M","$","R","?","E"],"character_chosen":"DEFECT","items_purchased":["Vajra","Conserve Battery"],"campfire_rested":1,"item_purchase_floors":[5,5],"current_hp_per_floor":[67,67,54,7,7,27,27,0,0],"gold":20,"neow_bonus":"RANDOM_COLORLESS_2","is_daily":false,"chose_seed":false,"campfire_upgraded":0,"win_rate":0.0,"timestamp":1607824065,"path_taken":["M","M","M","M","$","R","?","E"],"items_purchased_type":["Relic","Card"],"build_version":"2020-11-30","purchased_purges":1,"victory":false,"max_hp_per_floor":[68,68,68,68,68,68,68,68,68],"relic_stats":{"counters":[5,20],"obtain_stats":[{"Vajra":5,"Cracked Core":0},{"Vajra":4,"Cracked Core":0},{"Vajra":17,"Cracked Core":0}]},"card_choices":[{"not_picked":["The Bomb","Violence"],"picked":"HandOfGreed","floor":0},{"not_picked":["Barrage","Rip and Tear","Reprogram"],"picked":"SKIP","floor":1},{"not_picked":["Coolheaded","Gash"],"picked":"Beam Cell","floor":2},{"not_picked":["Consume","Go for the Eyes"],"picked":"Skim","floor":3},{"not_picked":["Leap","Steam"],"picked":"Self Repair","floor":4}],"player_experience":229439,"relics_obtained":[],"event_choices":[{"damage_healed":0,"gold_gain":0,"player_choice":"Left Gold","damage_taken":0,"max_hp_gain":0,"max_hp_loss":0,"event_name":"World of Goop","floor":7,"gold_loss":25}],"is_beta":false,"boss_relics":[],"items_purged_floors":[5],"is_endless":false,"potions_floor_spawned":[3,4],"killed_by":"3 Sentries","ascension_level":11}}