{"host":"vcmmzzj6okc5j399","time":1607840058,"event":{"mods":["BaseMod","Downfall","Minty Spire (QoL Compilation)","StSLib"],"gold_per_floor":[99,118,118,293,325,475,475,485,496,527,527,537,557,571,590,695,695,545,558,558,558,558,575,602,634,634],"floor_reached":25,"playtime":3009,"items_purged":[],"score":258,"play_id":"3b8502da-bc78-4e2e-90a8-81ef3e8032f8","local_time":"20201213151418","is_ascension_mode":false,"campfire_choices":[{"data":"champ:Taunt","floor":1.0,"key":"SMITH"},{"floor":3.0,"key":"RECALL"},{"data":"champ:Improvising","floor":18,"key":"SMITH"}],"circlet_count":0,"master_deck":["champ:Strike","champ:Strike","champ:Strike","champ:Defend","champ:Defend","champ:Defend","champ:Execute","champ:Taunt+1","champ:ArenaPreparation","champ:Backstep","Slimebound:Icky","champ:AdrenalArmor","champ:VampiricStrike","champ:LastStand","champ:DefensiveStyle","champ:Duel","champ:Improvising+1","champ:DefensiveStyle+1","champ:ArenaPreparation+1","champ:CheapShot+1","champ:BerserkersShout+1","champ:Encircle","champ:ViciousMockery"],"relics":["champ:ChampionCrown","Eternal Feather","Bottled Lightning","Astrolabe","downfall:HeartBlessingBlue","downfall:HeartBlessingRed","Centennial Puzzle","Lantern"],"acts_visited":["Exordium","TheCity"],"potions_floor_usage":[],"damage_taken":[{"damage":8.0,"enemies":"Jaw Worm","floor":2.0,"turns":3.0},{"damage":69.0,"enemies":"3 Sentries","floor":5.0,"turns":13.0},{"damage":13.0,"enemies":"2 Louse","floor":8.0,"turns":3.0},{"damage":16.0,"enemies":"Cultist","floor":9.0,"turns":6.0},{"damage":44.0,"enemies":"Gremlin Nob","floor":10.0,"turns":5.0},{"damage":12.0,"enemies":"3 Louse","floor":12.0,"turns":2.0},{"damage":14.0,"enemies":"Blue Slaver","floor":13.0,"turns":4.0},{"damage":19.0,"enemies":"Lots of Slimes","floor":14.0,"turns":5.0},{"damage":38.0,"enemies":"Gremlin Gang","floor":15.0,"turns":4.0},{"damage":34.0,"enemies":"downfall:Watcher","floor":16.0,"turns":14.0},{"damage":38,"enemies":"3 Byrds","floor":19,"turns":6},{"damage":23,"enemies":"Snecko","floor":23,"turns":6},{"damage":49,"enemies":"Slavers","floor":25,"turns":7}],"seed_played":"-6753428420201178193","potions_obtained":[{"floor":2.0,"key":"BlessingOfTheForge"},{"floor":10.0,"key":"champ:OpenerPotion"},{"floor":12.0,"key":"SneckoOil"},{"floor":14.0,"key":"champ:TechniquePotion"},{"floor":16.0,"key":"Strength Potion"},{"floor":20,"key":"CultistPotion"}],"is_trial":false,"path_per_floor":["R","M","R","?","E","?","T","M","M","E","?","M","M","M","M","B",null,"R","M","?","?","?","M","T","E"],"character_chosen":"THE_CHAMP","items_purchased":[],"campfire_rested":0,"item_purchase_floors":[],"current_hp_per_floor":[99,96,96,96,60,60,60,60,56,38,71,81,82,86,91,92,99,109,108,108,86,86,96,96,65,65],"gold":634,"neow_bonus":"TEN_PERCENT_HP_BONUS","is_daily":false,"chose_seed":false,"campfire_upgraded":2,"win_rate":0.0,"timestamp":1607840058,"path_taken":["R","M","R","?","E","?","T","M","M","E","?","M","?","M","M","BOSS","R","M","?","?","?","M","T","E"],"items_purchased_type":[],"build_version":"2020-11-30","purchased_purges":0,"victory":false,"max_hp_per_floor":[99,99,99,99,99,99,99,99,99,99,99,99,99,99,99,99,99,109,109,109,114,114,114,114,114,114],"card_choices":[{"not_picked":["champ:BladeFlurry","champ:Encircle"],"picked":"champ:ArenaPreparation","floor":2.0},{"not_picked":["champ:Duel","champ:Circumvent"],"picked":"champ:Backstep","floor":5.0},{"not_picked":["champ:FanOfKnives","champ:TornadoPunch"],"picked":"champ:AdrenalArmor","floor":8.0},{"not_picked":["champ:Backstep","champ:Duel"],"picked":"champ:VampiricStrike","floor":9.0},{"not_picked":["champ:AdrenalArmor","champ:FocusedDefense"],"picked":"champ:CalledShot","floor":10.0},{"not_picked":["champ:TornadoPunch","champ:Haymaker","champ:Circumvent"],"picked":"SKIP","floor":12.0},{"not_picked":["champ:DefensiveStyle","champ:CrookedStrike"],"picked":"champ:LastStand","floor":13.0},{"not_picked":["champ:Lariat","champ:GladiatorsShout"],"picked":"champ:DefensiveStyle","floor":14.0},{"not_picked":["champ:Lariat","champ:Encircle"],"picked":"champ:Duel","floor":15.0},{"not_picked":["champ:VampiricStrike","champ:PerfectForm"],"picked":"champ:Improvising","floor":16.0},{"not_picked":["champ:RecklessLeap","champ:FocusedBerserking"],"picked":"champ:BerserkersShout+1","floor":19},{"not_picked":["champ:DefensiveShout","champ:Circumvent"],"picked":"champ:Encircle","floor":23},{"not_picked":["champ:PreciseThrust","champ:BladeFlurry+1"],"picked":"champ:ViciousMockery","floor":25}],"player_experience":224130,"relics_obtained":[{"floor":5.0,"key":"Eternal Feather"},{"floor":10.0,"key":"Bottled Lightning"},{"floor":24,"key":"Centennial Puzzle"},{"floor":25,"key":"Lantern"}],"event_choices":[{"damage_healed":33.0,"max_hp_gain":0.0,"max_hp_loss":0.0,"gold_gain":0.0,"event_name":"Big Fish","player_choice":"Banana","floor":11.0,"gold_loss":0.0,"damage_taken":0.0},{"cards_removed":["Doubt"],"damage_healed":0,"gold_gain":0,"player_choice":"Elegance","damage_taken":0,"max_hp_gain":0,"max_hp_loss":0,"event_name":"Back to Basics","floor":22,"gold_loss":0}],"is_beta":false,"boss_relics":[{"not_picked":["Runic Pyramid","Sozu"],"picked":"Astrolabe"}],"items_purged_floors":[],"is_endless":false,"potions_floor_spawned":[2,10,12,14,16,23,25],"killed_by":"Slavers","ascension_level":0}}