{"host":"qt939hhvrbc28rjp","time":1607847902,"event":{"mods":["BaseMod","Minty Spire (QoL Compilation)","Quick Restart","StSLib","SuperFastMode"],"gold_per_floor":[118,118,138,213,7,7,36,51,51,51,63,63,96,111,111,188,188,208,208,3,53,53,87,87,49,49,49,77,93,93,93,93,165,165,181,181,181,181,192,192,220,240,240,273,285,307,319,12,12,12],"floor_reached":51,"playtime":2993,"items_purged":["Strike_B","Defend_B"],"score":1422,"play_id":"bede0848-62c4-4dff-b9e7-52dc9ca4ec30","local_time":"20201213172502","is_ascension_mode":true,"campfire_choices":[{"data":"Zap","floor":6.0,"key":"SMITH"},{"data":"Loop","floor":10.0,"key":"SMITH"},{"floor":12.0,"key":"REST"},{"data":"Creative AI","floor":15.0,"key":"SMITH"},{"floor":24.0,"key":"REST"},{"data":"Self Repair","floor":27.0,"key":"SMITH"},{"data":"Defragment","floor":32.0,"key":"SMITH"},{"floor":40.0,"key":"REST"},{"floor":49,"key":"REST"}],"circlet_count":0,"master_deck":["AscendersBane","Strike_B","Strike_B","Strike_B","Defend_B","Defend_B","Defend_B","Zap+1","Dualcast","Capacitor","Loop+1","Ball Lightning","Glacier","Melter","Creative AI+1","Go for the Eyes","Rainbow","Redo+1","Force Field","Defragment+1","Heatsinks","Self Repair+1","White Noise","Core Surge","Panacea","Madness","Madness","Defragment+1","Aggregate+1","Seek","Buffer","Consume","Undo"],"relics":["Cracked Core","NeowsBlessing","Membership Card","HornCleat","Letter Opener","WingedGreaves","SlaversCollar","Bird Faced Urn","Regal Pillow","The Courier","Anchor","Fusion Hammer","Boot","Question Card","MawBank","Orrery","Bag of Preparation","Symbiotic Virus"],"acts_visited":["Exordium","TheCity","TheBeyond"],"potions_floor_usage":[50,50,50,50],"damage_taken":[{"damage":0.0,"enemies":"Small Slimes","floor":1.0,"turns":1.0},{"damage":0.0,"enemies":"Jaw Worm","floor":3.0,"turns":1.0},{"damage":0.0,"enemies":"3 Sentries","floor":7.0,"turns":1.0},{"damage":0.0,"enemies":"Cultist","floor":8.0,"turns":3.0},{"damage":28.0,"enemies":"Exordium Wildlife","floor":11.0,"turns":5.0},{"damage":25.0,"enemies":"Lagavulin","floor":13.0,"turns":6.0},{"damage":5.0,"enemies":"3 Louse","floor":14.0,"turns":3.0},{"damage":14.0,"enemies":"The Guardian","floor":16.0,"turns":10.0},{"damage":21.0,"enemies":"Chosen","floor":18.0,"turns":4.0},{"damage":47.0,"enemies":"Slavers","floor":23.0,"turns":6.0},{"damage":27.0,"enemies":"Gremlin Leader","floor":28.0,"turns":9.0},{"damage":14.0,"enemies":"Shell Parasite","floor":29.0,"turns":8.0},{"damage":24.0,"enemies":"Champ","floor":33.0,"turns":10.0},{"damage":42.0,"enemies":"Orb Walker","floor":35.0,"turns":6.0},{"damage":39.0,"enemies":"3 Darklings","floor":39.0,"turns":7.0},{"damage":25.0,"enemies":"Giant Head","floor":41.0,"turns":10.0},{"damage":5.0,"enemies":"Maw","floor":42.0,"turns":7.0},{"damage":35.0,"enemies":"Nemesis","floor":44.0,"turns":7.0},{"damage":33.0,"enemies":"Sphere and 2 Shapes","floor":46.0,"turns":5.0},{"damage":77,"enemies":"Awakened One","floor":50,"turns":13}],"seed_played":"3493596785442246229","potions_obtained":[{"floor":3.0,"key":"SteroidPotion"},{"floor":7.0,"key":"SpeedPotion"},{"floor":13.0,"key":"Swift Potion"},{"floor":14.0,"key":"PotionOfCapacity"},{"floor":18.0,"key":"PowerPotion"},{"floor":29.0,"key":"Strength Potion"},{"floor":39.0,"key":"LiquidBronze"},{"floor":41.0,"key":"PotionOfCapacity"},{"floor":44.0,"key":"SkillPotion"},{"floor":46.0,"key":"EssenceOfSteel"}],"is_trial":false,"path_per_floor":["M","?","M","?","$","R","E","M","T","R","M","R","E","M","R","B",null,"M","?","$","?","?","E","R","$","T","R","E","M","?","?","R","B",null,"M","?","?","?","M","R","E","M","T","E","?","M","?","$","R","B",null],"character_chosen":"DEFECT","items_purchased":["Membership Card","Bird Faced Urn","Defragment","Self Repair","Orrery","Bag of Preparation","EntropicBrew","Symbiotic Virus"],"campfire_rested":4,"item_purchase_floors":[5,20,20,25,48,48,48,48],"current_hp_per_floor":[64,69,69,58,58,58,58,58,58,58,30,52,27,22,22,8,59,38,38,38,38,38,15,52,52,52,52,59,76,76,76,76,76,76,62,62,48,48,37,74,76,76,76,73,73,59,55,55,76,63],"gold":12,"neow_bonus":"THREE_ENEMY_KILL","is_daily":false,"chose_seed":false,"campfire_upgraded":5,"win_rate":0.0,"timestamp":1607847902,"path_taken":["M","?","M","?","?","R","E","M","T","R","M","R","E","M","R","BOSS","M","?","$","?","?","E","R","?","T","R","E","?","?","?","R","BOSS","M","?","?","?","M","R","E","?","T","E","?","M","?","$","R","BOSS"],"items_purchased_type":["Relic","Relic","Card","Card","Relic","Relic","Potion","Relic"],"build_version":"2020-11-30","purchased_purges":2,"victory":true,"max_hp_per_floor":[71,76,76,76,76,76,76,76,76,76,76,76,76,76,76,76,76,76,76,76,76,76,76,76,76,76,76,76,76,76,76,76,76,76,76,76,76,76,76,76,76,76,76,76,76,76,76,76,76,76],"card_choices":[{"not_picked":["Streamline","Fusion"],"picked":"Capacitor","floor":1.0},{"not_picked":["Steam","Leap"],"picked":"Loop","floor":3.0},{"not_picked":["Barrage","Fusion"],"picked":"Ball Lightning","floor":7.0},{"not_picked":["Gash","Hologram"],"picked":"Glacier","floor":8.0},{"not_picked":["Steam","Compile Driver"],"picked":"Melter","floor":11.0},{"not_picked":["Genetic Algorithm","Coolheaded"],"picked":"Creative AI","floor":13.0},{"not_picked":["Fusion","Reprogram"],"picked":"Go for the Eyes","floor":14.0},{"not_picked":["Hyperbeam","Reboot"],"picked":"Rainbow","floor":16.0},{"not_picked":["Darkness","Coolheaded"],"picked":"Redo+1","floor":18.0},{"not_picked":["Melter","Cold Snap"],"picked":"Heatsinks","floor":23.0},{"not_picked":["Rebound","Compile Driver","Blizzard"],"picked":"SKIP","floor":28.0},{"not_picked":["Stack","Turbo"],"picked":"White Noise","floor":29.0},{"not_picked":["Seek","Thunder Strike"],"picked":"Core Surge","floor":33.0},{"not_picked":["Stack","Auto Shields","Chaos"],"picked":"SKIP","floor":35.0},{"not_picked":["Trip","Mind Blast"],"picked":"Panacea","floor":36.0},{"not_picked":["Streamline+1","Compile Driver+1","Undo"],"picked":"SKIP","floor":39.0},{"not_picked":["Reinforced Body","Stack"],"picked":"Aggregate+1","floor":41.0},{"not_picked":["Stack+1","Cold Snap","Sweeping Beam"],"picked":"SKIP","floor":42.0},{"not_picked":["Coolheaded+1","Hologram","Machine Learning"],"picked":"Seek","floor":44.0},{"not_picked":["Static Discharge","Force Field+1","Redo","Hologram"],"picked":"SKIP","floor":46.0},{"not_picked":["Hologram+1","Streamline","Compile Driver+1"],"picked":"Buffer","floor":48},{"not_picked":["Doom and Gloom","Redo","Leap+1"],"picked":"Consume","floor":48},{"not_picked":["Coolheaded","Recycle","Turbo"],"picked":"Undo","floor":48}],"player_experience":1372932,"relics_obtained":[{"floor":7.0,"key":"HornCleat"},{"floor":9.0,"key":"Letter Opener"},{"floor":13.0,"key":"WingedGreaves"},{"floor":23.0,"key":"Regal Pillow"},{"floor":26.0,"key":"The Courier"},{"floor":28.0,"key":"Anchor"},{"floor":41.0,"key":"Boot"},{"floor":43.0,"key":"Question Card"},{"floor":44.0,"key":"MawBank"}],"event_choices":[{"damage_healed":0.0,"max_hp_gain":5.0,"max_hp_loss":0.0,"gold_gain":0.0,"event_name":"Big Fish","player_choice":"Donut","floor":2.0,"gold_loss":0.0,"damage_taken":0.0},{"damage_healed":0.0,"max_hp_gain":0.0,"max_hp_loss":0.0,"gold_gain":75.0,"event_name":"World of Goop","player_choice":"Gather Gold","floor":4.0,"gold_loss":0.0,"damage_taken":11.0},{"damage_healed":0.0,"max_hp_gain":0.0,"max_hp_loss":0.0,"gold_gain":0.0,"event_name":"The Library","player_choice":"Read","floor":19.0,"gold_loss":0.0,"damage_taken":0.0,"cards_obtained":["Force Field"]},{"damage_healed":0.0,"max_hp_gain":0.0,"max_hp_loss":0.0,"gold_gain":50.0,"event_name":"Nest","player_choice":"Stole From Cult","floor":21.0,"gold_loss":0.0,"damage_taken":0.0},{"cards_removed":["Defend_B"],"damage_healed":0.0,"max_hp_gain":0.0,"max_hp_loss":0.0,"gold_gain":0.0,"event_name":"Back to Basics","player_choice":"Elegance","floor":22.0,"gold_loss":0.0,"damage_taken":0.0},{"damage_healed":0.0,"max_hp_gain":0.0,"max_hp_loss":0.0,"gold_gain":0.0,"event_name":"Vampires","player_choice":"Ignored","floor":30.0,"gold_loss":0.0,"damage_taken":0.0},{"damage_healed":0.0,"max_hp_gain":0.0,"max_hp_loss":0.0,"gold_gain":0.0,"event_name":"The Mausoleum","player_choice":"Ignored","floor":31.0,"gold_loss":0.0,"damage_taken":0.0},{"damage_healed":0.0,"max_hp_gain":0.0,"max_hp_loss":0.0,"gold_gain":0.0,"event_name":"SensoryStone","player_choice":"Memory 1","floor":36.0,"gold_loss":0.0,"damage_taken":0.0},{"damage_healed":0.0,"max_hp_gain":0.0,"max_hp_loss":0.0,"gold_gain":0.0,"event_name":"Winding Halls","player_choice":"Embrace Madness","floor":37.0,"gold_loss":0.0,"damage_taken":14.0,"cards_obtained":["Madness","Madness"]},{"damage_healed":0.0,"max_hp_gain":0.0,"max_hp_loss":0.0,"gold_gain":0.0,"event_name":"Duplicator","player_choice":"Copied","floor":38.0,"gold_loss":0.0,"damage_taken":0.0,"cards_obtained":["Defragment"]},{"damage_healed":0.0,"max_hp_gain":0.0,"max_hp_loss":0.0,"gold_gain":0.0,"event_name":"Tomb of Lord Red Mask","player_choice":"Ignored","floor":45.0,"gold_loss":0.0,"damage_taken":0.0},{"damage_healed":0.0,"max_hp_gain":0.0,"max_hp_loss":0.0,"gold_gain":0.0,"event_name":"The Woman in Blue","player_choice":"Bought 0 Potions","floor":47.0,"gold_loss":0.0,"damage_taken":0.0}],"is_beta":false,"boss_relics":[{"not_picked":["Runic Dome","Cursed Key"],"picked":"SlaversCollar"},{"not_picked":["Astrolabe","Empty Cage"],"picked":"Fusion Hammer"}],"items_purged_floors":[5,48],"is_endless":false,"potions_floor_spawned":[3,7,13,14,18,29,39,41,44,46],"ascension_level":18}}