{"host":"apvnte8t1esriuig","time":1607865823,"event":{"mods":["2.2 Compatiblity","AchievementEnabler","BaseMod","Infinite Spire","Minty Spire (QoL Compilation)","Rare Cards Sparkle","StSLib"],"gold_per_floor":[135,171,171,231,231,333,333,333,333,408,408,65,65,149,149,386,386,440,524,524,524,581,581,196,196,196,289,289,39,144,189,189,408,558,597,597,597],"floor_reached":36,"playtime":1195,"items_purged":["Streamline","Fusion"],"score":928,"play_id":"8b64e6b2-1817-4d62-adcd-cea8287d7539","local_time":"20201213142343","daily_mods":["Draft","Vintage","Colorless Cards","Heirloom","Time Dilation","Flight","DeadlyEvents","Elite Swarm","Midas"],"is_ascension_mode":true,"campfire_choices":[{"floor":7,"key":"REST"},{"floor":8,"key":"REST"},{"floor":11,"key":"REST"},{"floor":15,"key":"REST"},{"floor":23,"key":"REST"},{"floor":28,"key":"REST"},{"floor":32,"key":"REST"}],"circlet_count":0,"master_deck":["Demon Form","Wraith Form v2","Echo Form","DevaForm","AscendersBane","Conserve Battery","Sweeping Beam","Barrage","Capacitor+1","Storm","Turbo","Swift Strike","Redo","Sweeping Beam","Cold Snap","Conserve Battery","Conserve Battery","Echo Form","infinitespire:UltimateForm","Creative AI","Electrodynamics","Defragment","Panache"],"relics":["Cracked Core","Incense Burner","infinitespire:ShieldingShard","Mango","infinitespire:Lucky Rock","Omamori","Anchor","StrikeDummy","Membership Card","Question Card","Art of War","Nuclear Battery","Molten Egg 2","Red Mask","Torii","Black Star","Bottled Tornado","Ice Cream","infinitespire:SolderingIron","Potion Belt","infinitespire:Golems Mask","Emotion Chip","Unceasing Top","infinitespire:Joker Card","Tiny Chest","Pen Nib","Meat on the Bone","Regal Pillow","Tiny House","Frozen Egg 2"],"acts_visited":["Exordium","TheCity","TheBeyond"],"potions_floor_usage":[36,36],"damage_taken":[{"damage":8,"enemies":"Cultist","floor":1,"turns":4},{"damage":0,"enemies":"2 Louse","floor":2,"turns":4},{"damage":12,"enemies":"Small Slimes","floor":4,"turns":4},{"damage":26,"enemies":"Gremlin Nob","floor":6,"turns":4},{"damage":17,"enemies":"3 Sentries","floor":10,"turns":7},{"damage":4,"enemies":"Lagavulin","floor":14,"turns":5},{"damage":35,"enemies":"Slime Boss","floor":16,"turns":5},{"damage":15,"enemies":"Shell Parasite","floor":18,"turns":5},{"damage":27,"enemies":"Masked Bandits","floor":19,"turns":5},{"damage":0,"enemies":"Spheric Guardian","floor":22,"turns":3},{"damage":20,"enemies":"Slavers","floor":27,"turns":4},{"damage":8,"enemies":"Book of Stabbing","floor":30,"turns":5},{"damage":0,"enemies":"Centurion and Healer","floor":31,"turns":4},{"damage":37,"enemies":"Collector","floor":33,"turns":5},{"damage":1,"enemies":"3 Darklings","floor":35,"turns":4},{"damage":17,"enemies":"infinitespire:Three Voidlings","floor":36,"turns":4},{"damage":70,"enemies":"Nightmare_Alpha","floor":36,"turns":5}],"seed_played":"3760178961519848180","potions_obtained":[{"floor":2,"key":"SkillPotion"},{"floor":4,"key":"DistilledChaos"},{"floor":22,"key":"Explosive Potion"},{"floor":27,"key":"LiquidBronze"},{"floor":30,"key":"Dexterity Potion"}],"is_trial":true,"path_per_floor":["M","M","$","M","$","E","R","R","T","E","R","$","?","E","R","B",null,"M","?","AVR","?","M","R","$","T","T","E","R","$","E","M","R","B",null,"M","?"],"character_chosen":"DEFECT","items_purchased":["Membership Card","Question Card","Defragment","Ice Cream","infinitespire:SolderingIron","infinitespire:Joker Card","Tiny Chest"],"campfire_rested":7,"item_purchase_floors":[12,12,24,24,24,29,29],"current_hp_per_floor":[56,70,70,58,58,32,57,82,82,65,85,85,85,81,85,50,76,61,34,34,34,34,59,59,59,59,39,64,64,56,56,85,48,81,80,0,0],"gold":597,"neow_bonus":"","is_daily":false,"chose_seed":false,"campfire_upgraded":0,"win_rate":0.0,"timestamp":1607865823,"path_taken":["M","M","$","M","$","E","R","R","T","E","R","$","?","E","R","BOSS","M","?","AVR","?","?","R","$","?","T","E","R","$","E","M","R","BOSS","M","?"],"items_purchased_type":["Relic","Relic","Card","Relic","Relic","Relic","Relic"],"build_version":"2020-11-30","purchased_purges":2,"victory":false,"max_hp_per_floor":[71,85,85,85,85,85,85,85,85,85,85,85,85,85,85,85,85,85,85,85,85,85,85,85,85,85,85,85,85,85,85,85,85,90,90,90,90],"card_choices":[{"not_picked":["Leap","Swift Strike"],"picked":"Conserve Battery","floor":0},{"not_picked":["Turbo","Trip"],"picked":"Sweeping Beam","floor":0},{"not_picked":["PanicButton","Stack"],"picked":"Streamline","floor":0},{"not_picked":["Compile Driver","Leap"],"picked":"Barrage","floor":0},{"not_picked":["Gash","Leap"],"picked":"Capacitor","floor":0},{"not_picked":["Discovery","Cold Snap"],"picked":"Storm","floor":0},{"not_picked":["Finesse","Streamline"],"picked":"Turbo","floor":0},{"not_picked":["PanicButton","Leap"],"picked":"Swift Strike","floor":0},{"not_picked":["Leap","Skim"],"picked":"Redo","floor":0},{"not_picked":["Redo","Beam Cell"],"picked":"Steam","floor":0},{"not_picked":["Redo","Go for the Eyes"],"picked":"Sweeping Beam","floor":0},{"not_picked":["Leap","Beam Cell"],"picked":"Cold Snap","floor":0},{"not_picked":["Steam","Swift Strike"],"picked":"Conserve Battery","floor":0},{"not_picked":["Sweeping Beam","Beam Cell"],"picked":"Conserve Battery","floor":0},{"not_picked":["Streamline","Redo"],"picked":"Fusion","floor":0},{"not_picked":["Meteor Strike","Secret Weapon","Chrysalis"],"picked":"SKIP","floor":6},{"not_picked":["Hyperbeam","Seek"],"picked":"Echo Form","floor":10},{"not_picked":["infinitespire:SevenWalls","infinitespire:Punishment"],"picked":"infinitespire:UltimateForm","floor":13},{"not_picked":["Multi-Cast","Amplify","Echo Form"],"picked":"Creative AI","floor":14},{"not_picked":["Hyperbeam","Buffer","Violence"],"picked":"Electrodynamics","floor":16},{"not_picked":["Secret Technique","Chrysalis","Magnetism","Multi-Cast"],"picked":"SKIP","floor":27},{"not_picked":["Metamorphosis","Secret Technique","Apotheosis","Biased Cognition"],"picked":"SKIP","floor":30},{"not_picked":["Secret Weapon","Metamorphosis","Violence"],"picked":"Panache","floor":33}],"player_experience":307997,"relics_obtained":[{"floor":1,"key":"infinitespire:ShieldingShard"},{"floor":2,"key":"Mango"},{"floor":4,"key":"infinitespire:Lucky Rock"},{"floor":6,"key":"Omamori"},{"floor":9,"key":"Anchor"},{"floor":10,"key":"StrikeDummy"},{"floor":14,"key":"Art of War"},{"floor":18,"key":"Molten Egg 2"},{"floor":19,"key":"Red Mask"},{"floor":22,"key":"Bottled Tornado"},{"floor":25,"key":"Potion Belt"},{"floor":26,"key":"infinitespire:Golems Mask"},{"floor":27,"key":"Emotion Chip"},{"floor":27,"key":"Unceasing Top"},{"floor":30,"key":"Pen Nib"},{"floor":30,"key":"Meat on the Bone"},{"floor":31,"key":"Regal Pillow"},{"floor":35,"key":"Frozen Egg 2"}],"event_choices":[{"damage_healed":0,"gold_gain":0,"player_choice":"Fought Bandits","damage_taken":0,"max_hp_gain":0,"max_hp_loss":0,"event_name":"Masked Bandits","floor":19,"gold_loss":0},{"cards_removed":["Steam"],"damage_healed":0,"gold_gain":0,"player_choice":"Elegance","damage_taken":0,"max_hp_gain":0,"max_hp_loss":0,"event_name":"Back to Basics","floor":21,"gold_loss":0}],"is_beta":false,"boss_relics":[{"not_picked":["Sozu","Velvet Choker"],"picked":"Nuclear Battery"},{"not_picked":["Fusion Hammer","Cursed Key"],"picked":"Tiny House"}],"items_purged_floors":[12,24],"is_endless":false,"potions_floor_spawned":[2,4,16,22,27,30,36],"killed_by":"Nightmare_Alpha","ascension_level":20}}