{"host":"4oozkyb2rmpv0j2l","time":1607851128,"event":{"mods":["Act Like it!","Aspiration","BaseMod","Colored Map","Conspire","Gensokyo","Hallownest","Hubris","Lobotomy","LobotomyExtend","Marisa£¨ìFÓê¡¡Ä§ÀíÉ³£©","Minty Spire (QoL Compilation)","Quick Restart","Rare Cards Sparkle","Reimu£¨²©ÀöÁéÃÎ£©","Replay The Spire","Robot Space Explorer","Shop Mod","Spicy Shops","StSLib","TestMod","The Animator","The Bladedancer","The Bug Knight","The Cursed","The Hierophant","The Necromancer","The Servant 0.9.4","WarShipGirlsR/Õ½½¢ÉÙÅ®R mod","Youmu£¨»êÆÇÑýÃÎ£©","Yuri Mod","Yuyuko","¡¾¶«·½¶þ´Î´´×÷¡¿°ËÔÆ×Ïmod","¡¾ÒÅÎï¿¨ÅÆ¡¿REMEMod"],"gold_per_floor":[112,112,128,53,67,105,105,138,138,63,78,78,117,137,137,247,247,266,66,151,199,199,297,297,384,384,384,384,296,381,427,509,653,653,731,731,800,429,516,516,596,675,701,813,862,309,389,209,209,347],"floor_reached":51,"playtime":3506,"items_purged":["Defend_MRS","Defend_MRS","Defend_MRS","NonDirectionalLaser","NonDirectionalLaser"],"score":1164,"play_id":"34c49ded-32fc-4b24-9f64-51c2f84a96cf","local_time":"20201213171848","is_ascension_mode":true,"campfire_choices":[{"data":"animator:Saitama","floor":7,"key":"SMITH"},{"data":"MasterSpark","floor":15,"key":"SMITH"},{"floor":24,"key":"REST"},{"data":"SatelliteIllusion","floor":27,"key":"SMITH"},{"floor":40,"key":"REST"}],"circlet_count":0,"master_deck":["MasterSpark+1","animator:Saitama+1","MagicChant+1","SatelliteIllusion+1","conspire:SpireCoStock+1","conspire:SpireCoStock","conspire:SpireCoStock","conspire:SpireCoStock","GrandCross+1","animator:Saitama+1","animator:Saitama+1","SuperPerseids+1","SuperPerseids","Acceleration","Singularity","UltimateShortwave"],"relics":["MiniHakkero","testmod-TestBox","REME_ComplimentaryCards","testmod-DeterminationOfClimber","testmod-Temperance","LetterFromLob","Gensokyo:CelestialsFlawlessClothing","Strawberry","REME_PuzzleBoxRelic","Darkstone Periapt","ReplayTheSpireMod:CursedCoin","testmod-Prudence","InkBottle","White Beast Statue","Question Card","Bronze Scales","MerchantsRug","Ancient Tea Set","conspire:SlowCooker","Guide Book","Pet Ghost","REME_HourglassOfDeath","testmod-IndustrialRevolution","CaptainsWheel","Membership Card","BreadOfAWashokuLover","Potion Belt","Hallownest:StagBellRelic1"],"acts_visited":["Gensokyo:Gensokyo","Gensokyo:Gensokyoer","Hallownest:KingdomsEdge"],"potions_floor_usage":[16,16,16,30,35],"damage_taken":[{"damage":0,"enemies":"Gensokyo:3_Fairies","floor":1,"turns":3},{"damage":3,"enemies":"Gensokyo:Gryphon","floor":3,"turns":2},{"damage":5,"enemies":"Gensokyo:2_Kodama","floor":5,"turns":2},{"damage":0,"enemies":"Gensokyo:Cirno","floor":6,"turns":4},{"damage":9,"enemies":"Gensokyo:Aya","floor":8,"turns":4},{"damage":0,"enemies":"Gensokyo:2_Rabbits","floor":11,"turns":1},{"damage":0,"enemies":"Gensokyo:Cirno","floor":13,"turns":4},{"damage":0,"enemies":"Gensokyo:Kitsune","floor":14,"turns":1},{"damage":13,"enemies":"Gensokyo:Kokoro","floor":16,"turns":3},{"damage":12,"enemies":"Gensokyo:Chomper","floor":18,"turns":3},{"damage":31,"enemies":"Gensokyo:AngelMirror","floor":20,"turns":2},{"damage":36,"enemies":"Gensokyo:Slime_Group","floor":21,"turns":3},{"damage":22,"enemies":"Gensokyo:Tenshi","floor":23,"turns":2},{"damage":17,"enemies":"Gensokyo:Koishi","floor":25,"turns":2},{"damage":30,"enemies":"Gensokyo:Reisen","floor":30,"turns":3},{"damage":0,"enemies":"Gensokyo:Chomper_and_Gloop","floor":31,"turns":2},{"damage":0,"enemies":"Gensokyo:Eternal_Rivals","floor":33,"turns":2},{"damage":34,"enemies":"Hallownest:2_Littles","floor":35,"turns":3},{"damage":40,"enemies":"Hallownest:Shield_Heavy","floor":37,"turns":3},{"damage":7,"enemies":"Hallownest:2_Wing_and_1_Kings","floor":39,"turns":2},{"damage":0,"enemies":"Hallownest:eliteCollector","floor":41,"turns":1},{"damage":20,"enemies":"Hallownest:2_Wandering_and_1_Horned","floor":42,"turns":3},{"damage":3,"enemies":"Hallownest:StalkingDevout","floor":44,"turns":2},{"damage":12,"enemies":"Hallownest:Xero_Hu_Marmu","floor":45,"turns":2},{"damage":9,"enemies":"Hallownest:Shield_Sturdy","floor":47,"turns":2},{"damage":0,"enemies":"Hallownest:Radiance","floor":50,"turns":1}],"seed_played":"6074231637675549109","potions_obtained":[{"floor":8,"key":"SteroidPotion"},{"floor":11,"key":"AttackPotion"},{"floor":13,"key":"GamblersBrew"},{"floor":16,"key":"SteroidPotion"},{"floor":18,"key":"FearPotion"},{"floor":25,"key":"Explosive Potion"},{"floor":30,"key":"LiquidMemories"},{"floor":35,"key":"FearPotion"},{"floor":39,"key":"ColorlessPotion"},{"floor":47,"key":"Toxic Potion"},{"floor":50,"key":"Elixir"}],"is_trial":false,"path_per_floor":["M","?","M","$","M","E","R","E","T","$","M","?","E","M","R","B",null,"M","?","M","M","?","E","R","E","T","R","?","$","E","M","R_BF","B",null,"M","?","M","$","M","R","E","M","T","E","M","$","M","?","R_BF","B",null],"character_chosen":"MARISA","items_purchased":["ReplayTheSpireMod:CursedCoin","Bronze Scales","MerchantsRug","Guide Book","SuperPerseids","Pet Ghost","Membership Card","UltimateShortwave","BreadOfAWashokuLover","Potion Belt"],"campfire_rested":2,"item_purchase_floors":[10,29,29,38,38,38,46,46,46,46],"current_hp_per_floor":[75,57,57,57,54,66,66,63,63,69,73,39,43,45,45,39,88,77,77,52,25,34,25,51,46,46,46,46,46,26,35,35,60,88,60,60,30,30,36,62,83,79,79,87,86,86,88,88,80,88],"gold":347,"neow_bonus":"DOUBLE_BOSS_RELIC","is_daily":false,"chose_seed":false,"campfire_upgraded":3,"win_rate":0.0,"timestamp":1607851128,"path_taken":["M","?","?","?","M","E","R","E","T","$","M","?","E","M","R","BOSS","M","?","M","M","?","E","R","E","T","R","?","?","E","M","R_BF","BOSS","M","?","M","$","M","R","E","M","T","E","M","$","?","?","R_BF","BOSS"],"items_purchased_type":["Relic","Relic","Relic","Relic","Card","Relic","Relic","Card","Relic","Relic"],"build_version":"2020-11-30","purchased_purges":5,"victory":true,"max_hp_per_floor":[75,75,75,75,75,82,82,82,82,88,88,88,88,88,88,88,88,88,88,88,88,88,88,88,88,88,88,88,88,88,88,88,88,88,88,88,88,88,88,88,88,88,88,88,88,88,88,88,88,88],"card_choices":[{"not_picked":["DoubleSpark","GrandCross"],"picked":"NonDirectionalLaser","floor":1},{"not_picked":["DoubleSpark","GrandCross"],"picked":"NonDirectionalLaser","floor":1},{"not_picked":["6A","MagicAbsorber","DragonMeteor"],"picked":"SKIP","floor":3},{"not_picked":["UnstableBomb","ShootTheMoon","DoubleSpark"],"picked":"SKIP","floor":5},{"not_picked":["WitchOfGreed","SuperNova","MeteoricShower"],"picked":"SKIP","floor":6},{"not_picked":["MysteriousBeam","LuminesStrike","GalacticHalo"],"picked":"SKIP","floor":8},{"not_picked":["DC","UnstableBomb","GalacticHalo"],"picked":"SKIP","floor":11},{"not_picked":["MeteoricShower","EnergyRecoil"],"picked":"MagicChant","floor":13},{"not_picked":["OpenUniverse","OortCloud","ShootingEcho"],"picked":"SKIP","floor":14},{"not_picked":["SuperNova","AbsoluteMagnitude"],"picked":"SatelliteIllusion","floor":16},{"not_picked":["IllusionStar","MysteriousBeam","6A+1"],"picked":"SKIP","floor":18},{"not_picked":["6A","GravityBeat"],"picked":"PowerUp","floor":20},{"not_picked":["EarthLightRay","AsteroidBelt","WitchOfGreed+1"],"picked":"SKIP","floor":21},{"not_picked":["6A","Occultation","DeepEcoloBomb"],"picked":"SKIP","floor":23},{"not_picked":["DeepEcoloBomb","EnergyFlow","AsteroidBelt+1"],"picked":"SKIP","floor":25},{"not_picked":["OrrerysSun","WitchLeyline","GasGiant","GravityBeat"],"picked":"SKIP","floor":30},{"not_picked":["NonDirectionalLaser","GalacticHalo","GasGiant","GrandCross+1"],"picked":"SKIP","floor":31},{"not_picked":["StarDustReverie","BigCrunch","BinaryStars"],"picked":"UltimateShortwave","floor":33},{"not_picked":["IllusionStar+1","AsteroidBelt","PowerUp+1"],"picked":"GrandCross+1","floor":35},{"not_picked":["Occultation","UnstableBomb+1","NonDirectionalLaser"],"picked":"SuperPerseids","floor":37},{"not_picked":["WitchOfGreed+1","EnergyRecoil+1","WitchLeyline+1","MachineGunSpark"],"picked":"SKIP","floor":39},{"not_picked":["BinaryStars","SprinkleStarSeal+1","DoubleSpark"],"picked":"Acceleration","floor":41},{"not_picked":["WitchOfGreed+1","MysteriousBeam","PowerUp"],"picked":"Singularity","floor":42},{"not_picked":["UnstableBomb+1","SporeBomb+1","EarthLightRay","LuminesStrike"],"picked":"SKIP","floor":44},{"not_picked":["MysteriousBeam","ShootingEcho","SporeBomb","Acceleration+1"],"picked":"SKIP","floor":45},{"not_picked":["LuminesStrike","IllusionStar+1","FairyDestructionRay","ChargeUpSpray+1"],"picked":"SKIP","floor":47}],"player_experience":437885,"relics_obtained":[{"floor":1,"key":"LetterFromLob"},{"floor":6,"key":"Strawberry"},{"floor":8,"key":"REME_PuzzleBoxRelic"},{"floor":9,"key":"Darkstone Periapt"},{"floor":13,"key":"War Paint"},{"floor":23,"key":"InkBottle"},{"floor":25,"key":"White Beast Statue"},{"floor":26,"key":"Question Card"},{"floor":30,"key":"Ancient Tea Set"},{"floor":41,"key":"REME_HourglassOfDeath"},{"floor":43,"key":"testmod-IndustrialRevolution"},{"floor":44,"key":"CaptainsWheel"}],"event_choices":[{"damage_healed":0,"gold_gain":0,"player_choice":"Invest 4","damage_taken":0,"max_hp_gain":0,"max_hp_loss":0,"event_name":"conspire:Investor","floor":19,"gold_loss":0}],"is_beta":false,"boss_relics":[{"not_picked":["Replay:Bronze Core","testmod-Recursion"],"picked":"testmod-Prudence"},{"not_picked":["testmod-StringDisintegrator","conspire:SeveredTorchhead"],"picked":"conspire:SlowCooker"}],"items_purged_floors":[4,10,10,46,46],"is_endless":false,"potions_floor_spawned":[8,11,13,16,18,25,30,31,33,35,37,39,41,42,44,45,47,50],"ascension_level":2}}