{"host":"n529wyrjhujcvty3","time":1607851238,"event":{"mods":["Act Like it!","BaseMod","Better Third Choice","Marisa¡]Ãú«B¡@Å]²z¨F¡^","Minty Spire (QoL Compilation)","Shop Mod","StSLib","Td1madao Mod","The Runesmith","Yuyuko"],"gold_per_floor":[115,115,115,134,146,146,179,179,206,220,238,27,27,302,302,405,405,420,420,420],"floor_reached":19,"playtime":1890,"items_purged":[],"score":167,"play_id":"7a7891dc-04e1-4375-95f0-e5131087115b","local_time":"20201213172038","is_ascension_mode":false,"campfire_choices":[{"data":"Black Contract","floor":6,"key":"SMITH"},{"data":"Im Angry","floor":13,"key":"SMITH"},{"data":"Break Into","floor":15,"key":"SMITH"}],"circlet_count":0,"master_deck":["Strike_C","Strike_C","Defend_C","Defend_C","Defend_C","Defend_C","Knight Kick","Chip","Black Contract+1","Awareness","Break Into+1","Ruin Defend","Pod Fire","Lunge","Preparedness","Fire Blade","Backup","Im Angry+1","Regret","Moon Tear","Trader+1"],"relics":["Apod","Funny","Juzu Bracelet","Centennial Puzzle","Cursed Key"],"acts_visited":["Exordium","TheCity"],"potions_floor_usage":[11,16,18,19],"damage_taken":[{"damage":0,"enemies":"Small Slimes","floor":1,"turns":3},{"damage":1,"enemies":"Cultist","floor":4,"turns":3},{"damage":0,"enemies":"2 Louse","floor":5,"turns":6},{"damage":12,"enemies":"3 Sentries","floor":7,"turns":12},{"damage":0,"enemies":"2 Fungi Beasts","floor":10,"turns":3},{"damage":3,"enemies":"Red Slaver","floor":11,"turns":3},{"damage":40,"enemies":"The Guardian","floor":16,"turns":7},{"damage":16,"enemies":"3 Byrds","floor":18,"turns":7},{"damage":68,"enemies":"Masked Bandits","floor":19,"turns":7}],"seed_played":"5487352026370741317","potions_obtained":[{"floor":4,"key":"Dexterity Potion"},{"floor":7,"key":"Energy Potion"},{"floor":10,"key":"SteroidPotion"},{"floor":11,"key":"GamblersBrew"},{"floor":16,"key":"Ancient Potion"}],"is_trial":false,"path_per_floor":["M","?","?","M","M","R","E","T","T","M","M","$","R","?","R","B",null,"M","?"],"character_chosen":"TD1MADAO_CLASS","items_purchased":["Backup","Im Angry"],"campfire_rested":0,"item_purchase_floors":[12,12],"current_hp_per_floor":[63,56,56,56,63,63,57,57,57,61,60,60,60,60,60,24,63,55,0,0],"gold":420,"neow_bonus":"THREE_RARE_CARDS","is_daily":false,"chose_seed":false,"campfire_upgraded":3,"win_rate":0.0,"timestamp":1607851238,"path_taken":["M","?","?","M","?","R","E","?","T","M","M","$","R","?","R","BOSS","M","?"],"items_purchased_type":["Card","Card"],"build_version":"2020-11-30","purchased_purges":0,"victory":false,"max_hp_per_floor":[63,63,63,63,63,63,63,63,63,63,63,63,63,63,63,63,63,63,63,63],"card_choices":[{"not_picked":["Memory Alloy","Black Warm Hole"],"picked":"Black Contract","floor":0},{"not_picked":["Machining","Paralysis"],"picked":"Awareness","floor":1},{"not_picked":["Awareness","Lunge"],"picked":"Ruin Defend","floor":4},{"not_picked":["Black Shadow","Sub Weapons"],"picked":"Pod Fire","floor":5},{"not_picked":["De Ware Chip","Here Defend Chip"],"picked":"Lunge","floor":7},{"not_picked":["Preloading","Awareness"],"picked":"Preparedness","floor":10},{"not_picked":["Three Hit","Lore"],"picked":"Fire Blade","floor":11},{"not_picked":["Pod Laser","Black Contract"],"picked":"Moon Tear","floor":16},{"not_picked":["Fire Up","Afterwards+1"],"picked":"Trader+1","floor":18}],"player_experience":328044,"relics_obtained":[{"floor":7,"key":"Funny"},{"floor":8,"key":"Juzu Bracelet"},{"floor":9,"key":"Centennial Puzzle"}],"event_choices":[{"cards_removed":["Strike_C"],"damage_healed":0,"gold_gain":0,"player_choice":"Card Removal","damage_taken":7,"max_hp_gain":0,"max_hp_loss":0,"event_name":"Golden Wing","floor":2,"gold_loss":0},{"damage_healed":0,"gold_gain":0,"cards_transformed":["Strike_C"],"player_choice":"Transformed","damage_taken":0,"max_hp_gain":0,"max_hp_loss":0,"event_name":"Transmorgrifier","floor":3,"gold_loss":0,"cards_obtained":["Break Into"]},{"damage_healed":0,"gold_gain":275,"player_choice":"Desecrate","damage_taken":0,"max_hp_gain":0,"max_hp_loss":0,"event_name":"Golden Shrine","floor":14,"gold_loss":0,"cards_obtained":["Regret"]},{"damage_healed":0,"gold_gain":0,"player_choice":"Fought Bandits","damage_taken":0,"max_hp_gain":0,"max_hp_loss":0,"event_name":"Masked Bandits","floor":19,"gold_loss":0}],"is_beta":false,"boss_relics":[{"not_picked":["Runic Pyramid","Philosopher\u0027s Stone"],"picked":"Cursed Key"}],"items_purged_floors":[],"is_endless":false,"potions_floor_spawned":[4,7,10,11,16],"killed_by":"Masked Bandits","ascension_level":0}}