{"host":"Ilker","time":1607833765,"event":{"mods":["BaseMod","Bestiary","Block Reminder","Colored Map","DeckTracker","Highlight Path","Minty Spire (QoL Compilation)","Quick Restart","Relic Sorter","Relic Stats"],"gold_per_floor":[113,34,34,34,51,79,79,114,114,130,149,149,166,193,193,265,265,278,278,32,50,21,21,49,49,49,61,0,0,15,25,25,100,100,120,120,133,83,100,100,126,126,126,126,142,142,142],"floor_reached":46,"playtime":2646,"items_purged":[],"score":1051,"play_id":"9334fd39-e6d4-42d9-a44d-88aa37de442f","local_time":"20201213072925","is_ascension_mode":true,"campfire_choices":[{"data":"True Grit","floor":7.0,"key":"SMITH"},{"data":"Rupture","floor":12.0,"key":"SMITH"},{"floor":15.0,"key":"REST"},{"data":"Feel No Pain","floor":23.0,"key":"SMITH"},{"floor":25.0,"key":"REST"},{"data":"Dark Embrace","floor":32.0,"key":"SMITH"},{"data":"Reaper","floor":40.0,"key":"SMITH"},{"data":"Shockwave","floor":42,"key":"SMITH"},{"floor":44,"key":"RECALL"}],"circlet_count":0,"master_deck":["AscendersBane","Strike_R","Strike_R","Strike_R","Strike_R","Strike_R","Defend_R","Defend_R","Defend_R","Defend_R","Bash","Pommel Strike","Hemokinesis","Anger","True Grit+1","Rupture+1","Hemokinesis","Sentinel","Twin Strike","Whirlwind+1","Offering","Combust","Feel No Pain+1","Immolate","Intimidate+1","Headbutt","Shrug It Off","Decay","Shrug It Off","Dark Embrace+1","Reaper+1","Flame Barrier","Master of Strategy","Violence","Impatience","Battle Trance","Blood for Blood","Shockwave+1","Warcry"],"relics":["Burning Blood","Philosopher\u0027s Stone","Lizard Tail","Mark of Pain","NeowsBlessing","Mummified Hand","Kunai","InkBottle","Shuriken","Mercury Hourglass","StrikeDummy"],"acts_visited":["Exordium","TheCity","TheBeyond"],"potions_floor_usage":[41,45],"damage_taken":[{"damage":0.0,"enemies":"Cultist","floor":1.0,"turns":1.0},{"damage":0.0,"enemies":"Jaw Worm","floor":5.0,"turns":1.0},{"damage":0.0,"enemies":"Lagavulin","floor":6.0,"turns":2.0},{"damage":34.0,"enemies":"3 Sentries","floor":8.0,"turns":9.0},{"damage":3.0,"enemies":"2 Louse","floor":10.0,"turns":2.0},{"damage":4.0,"enemies":"2 Fungi Beasts","floor":11.0,"turns":4.0},{"damage":9.0,"enemies":"Exordium Wildlife","floor":13.0,"turns":4.0},{"damage":22.0,"enemies":"Lagavulin","floor":14.0,"turns":5.0},{"damage":40.0,"enemies":"Hexaghost","floor":16.0,"turns":7.0},{"damage":9.0,"enemies":"3 Byrds","floor":18.0,"turns":5.0},{"damage":23.0,"enemies":"Spheric Guardian","floor":21.0,"turns":4.0},{"damage":31.0,"enemies":"Gremlin Leader","floor":24.0,"turns":4.0},{"damage":41.0,"enemies":"Snake Plant","floor":27.0,"turns":4.0},{"damage":3.0,"enemies":"3 Cultists","floor":30.0,"turns":3.0},{"damage":10.0,"enemies":"Cultist and Chosen","floor":31.0,"turns":3.0},{"damage":28.0,"enemies":"Champ","floor":33.0,"turns":7.0},{"damage":0.0,"enemies":"3 Shapes","floor":35.0,"turns":3.0},{"damage":16.0,"enemies":"3 Darklings","floor":37.0,"turns":3.0},{"damage":18.0,"enemies":"Transient","floor":39.0,"turns":6.0},{"damage":32,"enemies":"Giant Head","floor":41,"turns":6},{"damage":41,"enemies":"Spire Growth","floor":45,"turns":3},{"damage":23,"enemies":"Writhing Mass","floor":46,"turns":3}],"seed_played":"-8432199684301202050","potions_obtained":[{"floor":8.0,"key":"ElixirPotion"},{"floor":10.0,"key":"EssenceOfSteel"},{"floor":13.0,"key":"DuplicationPotion"},{"floor":16.0,"key":"SkillPotion"},{"floor":21.0,"key":"Block Potion"},{"floor":24.0,"key":"Energy Potion"},{"floor":31.0,"key":"SkillPotion"},{"floor":33.0,"key":"ColorlessPotion"},{"floor":39.0,"key":"Dexterity Potion"},{"floor":41,"key":"GamblersBrew"}],"is_trial":false,"path_per_floor":["M","$","$","?","M","E","R","E","T","M","M","R","M","E","R","B",null,"M","?","$","M","$","R","E","R","T","M","?","?","M","M","R","B",null,"M","?","M","?","M","R","E","R","T","R","M","M"],"character_chosen":"IRONCLAD","items_purchased":["Hemokinesis","Feel No Pain","Immolate","Headbutt"],"campfire_rested":2,"item_purchase_floors":[2,20,20,22],"current_hp_per_floor":[74,74,74,74,75,75,75,47,47,50,52,52,49,33,55,21,62,59,59,59,42,42,42,17,39,39,41,41,41,44,40,40,18,61,67,57,55,55,62,62,57,57,57,57,22,0,0],"gold":142,"neow_bonus":"THREE_ENEMY_KILL","is_daily":false,"chose_seed":false,"campfire_upgraded":6,"win_rate":0.0,"timestamp":1607833765,"path_taken":["M","?","$","?","M","E","R","E","T","M","?","R","M","E","R","BOSS","M","?","$","M","$","R","E","R","T","M","?","?","M","M","R","BOSS","M","?","M","?","M","R","E","R","T","R","?","?"],"items_purchased_type":["Card","Card","Card","Card"],"build_version":"2020-12-07","purchased_purges":0,"victory":false,"max_hp_per_floor":[75,75,75,75,75,75,75,75,75,75,75,75,75,75,75,75,75,75,75,75,75,75,75,75,75,75,75,75,75,75,75,75,75,75,75,75,75,75,75,75,75,75,75,75,75,75,75],"relic_stats":{"Lizard Tail":37,"counters":[22,88],"Mummified Hand":[35],"Shuriken":[37],"Kunai":[39],"obtain_stats":[{"Lizard Tail":24,"NeowsBlessing":0,"Shuriken":9,"Mummified Hand":14,"Philosopher\u0027s Stone":34,"Mark of Pain":17,"Kunai":6,"StrikeDummy":41,"Burning Blood":0,"InkBottle":8,"Mercury Hourglass":26},{"Lizard Tail":12,"NeowsBlessing":0,"Shuriken":4,"Mummified Hand":8,"Philosopher\u0027s Stone":16,"Mark of Pain":9,"Kunai":3,"StrikeDummy":20,"Burning Blood":0,"InkBottle":4,"Mercury Hourglass":12},{"Lizard Tail":48,"NeowsBlessing":0,"Shuriken":13,"Mummified Hand":28,"Philosopher\u0027s Stone":65,"Mark of Pain":35,"Kunai":4,"StrikeDummy":82,"Burning Blood":0,"InkBottle":13,"Mercury Hourglass":48}],"Burning Blood":115,"InkBottle":[30],"Mercury Hourglass":[143]},"card_choices":[{"not_picked":["Armaments","Twin Strike"],"picked":"Pommel Strike","floor":1.0},{"not_picked":["Armaments","Clash"],"picked":"Anger","floor":5.0},{"not_picked":["Hemokinesis","Flex"],"picked":"True Grit","floor":6.0},{"not_picked":["Headbutt","Limit Break"],"picked":"Rupture","floor":8.0},{"not_picked":["Pommel Strike","Body Slam"],"picked":"Hemokinesis","floor":10.0},{"not_picked":["Havoc","Inflame"],"picked":"Sentinel","floor":11.0},{"not_picked":["Wild Strike","Clothesline"],"picked":"Twin Strike","floor":13.0},{"not_picked":["Sentinel","True Grit"],"picked":"Whirlwind","floor":14.0},{"not_picked":["Fiend Fire","Impervious"],"picked":"Offering","floor":16.0},{"not_picked":["Whirlwind","Seeing Red"],"picked":"Combust","floor":18.0},{"not_picked":["Cleave","Rage"],"picked":"Intimidate+1","floor":21.0},{"not_picked":["Sword Boomerang","Perfected Strike","Cleave"],"picked":"SKIP","floor":24.0},{"not_picked":["Uppercut","Thunderclap"],"picked":"Shrug It Off","floor":27.0},{"not_picked":["Sever Soul","Thunderclap"],"picked":"Shrug It Off","floor":30.0},{"not_picked":["Flex","Blood for Blood"],"picked":"Dark Embrace","floor":31.0},{"not_picked":["Offering","Exhume"],"picked":"Reaper","floor":33.0},{"not_picked":["Searing Blow+1","Armaments"],"picked":"Flame Barrier","floor":35.0},{"not_picked":["Magnetism","PanicButton"],"picked":"Master of Strategy","floor":36.0},{"not_picked":["Panache","Master of Strategy"],"picked":"Violence","floor":36.0},{"not_picked":["Mind Blast","Madness"],"picked":"Impatience","floor":36.0},{"not_picked":["Sword Boomerang","Clothesline"],"picked":"Battle Trance","floor":37.0},{"not_picked":["Wild Strike","Twin Strike"],"picked":"Blood for Blood","floor":39.0},{"not_picked":["Iron Wave","Infernal Blade+1"],"picked":"Shockwave","floor":41},{"not_picked":["Wild Strike","Sword Boomerang"],"picked":"Warcry","floor":45}],"player_experience":1656717,"relics_obtained":[{"floor":6.0,"key":"Kunai"},{"floor":8.0,"key":"InkBottle"},{"floor":9.0,"key":"Shuriken"},{"floor":14.0,"key":"Mummified Hand"},{"floor":24.0,"key":"Lizard Tail"},{"floor":26.0,"key":"Mercury Hourglass"},{"floor":41,"key":"StrikeDummy"}],"event_choices":[{"damage_healed":0.0,"max_hp_gain":0.0,"max_hp_loss":0.0,"gold_gain":0.0,"event_name":"WeMeetAgain","player_choice":"Ignored","floor":4.0,"gold_loss":0.0,"damage_taken":0.0},{"damage_healed":0.0,"max_hp_gain":0.0,"max_hp_loss":0.0,"gold_gain":0.0,"event_name":"Cursed Tome","player_choice":"Ignored","floor":19.0,"gold_loss":0.0,"damage_taken":0.0},{"damage_healed":0.0,"max_hp_gain":0.0,"max_hp_loss":0.0,"gold_gain":0.0,"event_name":"Masked Bandits","player_choice":"Paid Fearfully","floor":28.0,"gold_loss":61.0,"damage_taken":0.0},{"damage_healed":0.0,"max_hp_gain":0.0,"max_hp_loss":0.0,"gold_gain":0.0,"event_name":"Forgotten Altar","player_choice":"Smashed Altar","floor":29.0,"gold_loss":0.0,"damage_taken":0.0,"cards_obtained":["Decay"]},{"damage_healed":0.0,"max_hp_gain":0.0,"max_hp_loss":0.0,"gold_gain":0.0,"event_name":"SensoryStone","player_choice":"Memory 3","floor":36.0,"gold_loss":0.0,"damage_taken":10.0},{"damage_healed":0.0,"max_hp_gain":0.0,"max_hp_loss":0.0,"gold_gain":0.0,"event_name":"Designer","player_choice":"Upgrade","floor":38.0,"gold_loss":50.0,"damage_taken":0.0,"cards_upgraded":["Whirlwind"]}],"is_beta":true,"boss_relics":[{"not_picked":["SlaversCollar","Astrolabe"],"picked":"Mark of Pain"},{"not_picked":["Snecko Eye","Black Blood"],"picked":"Philosopher\u0027s Stone"}],"items_purged_floors":[],"is_endless":false,"potions_floor_spawned":[8,10,13,16,21,24,31,33,39,41],"killed_by":"Writhing Mass","ascension_level":20}}