{"host":"Sumable","time":1607846596,"event":{"mods":["AchievementEnabler","BaseMod","Better Note","BetterRewards","Googly Eyes","Hermit","Minty Spire (QoL Compilation)","Quick Restart","Shop Mod","StSLib","The Cursed","everything is the same but u backflip on backflip","slay the spire mod where everything is the same but ironclad has a cowboy hat"],"gold_per_floor":[112,112,187,187,187,218,218,251,263,287,315,345,382,410,422,537,549,579,591,615,95,95,95,129,129,129,129,129],"floor_reached":27,"playtime":2666,"items_purged":[],"score":336,"play_id":"38212fff-6e72-4113-a0e1-44dad8e28f30","local_time":"20201213010316","is_ascension_mode":true,"campfire_choices":[{"floor":7.0,"key":"REST"},{"floor":15.0,"key":"REST"},{"floor":23,"key":"REST"}],"circlet_count":0,"master_deck":["Strike_G","Strike_G","Strike_G","Strike_G","Strike_G","Defend_G","Defend_G","Defend_G","Defend_G","Defend_G","Survivor","Neutralize","Skewer","Noxious Fumes","Dagger Spray","Bouncing Flask","Bouncing Flask","Shame"],"relics":["Ring of the Snake","Akabeko","MawBank","StoneCalendar","Singing Bowl","Busted Crown","Incense Burner","Medical Kit","Centennial Puzzle","Ancient Tea Set","Molten Egg 2"],"acts_visited":["Exordium","TheCity"],"potions_floor_usage":[16,18,27],"damage_taken":[{"damage":0.0,"enemies":"2 Louse","floor":1.0,"turns":3.0},{"damage":38.0,"enemies":"Lagavulin","floor":6.0,"turns":9.0},{"damage":21.0,"enemies":"Gremlin Nob","floor":8.0,"turns":5.0},{"damage":0.0,"enemies":"Small Slimes","floor":10.0,"turns":2.0},{"damage":0.0,"enemies":"Jaw Worm","floor":11.0,"turns":1.0},{"damage":0.0,"enemies":"Lots of Slimes","floor":12.0,"turns":1.0},{"damage":24.0,"enemies":"3 Sentries","floor":13.0,"turns":6.0},{"damage":0.0,"enemies":"Large Slime","floor":14.0,"turns":1.0},{"damage":34,"enemies":"The Guardian","floor":16,"turns":8},{"damage":8,"enemies":"Chosen","floor":18,"turns":2},{"damage":3,"enemies":"3 Byrds","floor":20,"turns":3},{"damage":55,"enemies":"Book of Stabbing","floor":24,"turns":5},{"damage":48,"enemies":"Gremlin Leader","floor":27,"turns":2}],"seed_played":"4712867654032875179","potions_obtained":[{"floor":0.0,"key":"PowerPotion"},{"floor":0.0,"key":"Fruit Juice"},{"floor":0.0,"key":"Regen Potion"},{"floor":8.0,"key":"Strength Potion"},{"floor":11.0,"key":"BlessingOfTheForge"},{"floor":14.0,"key":"Explosive Potion"},{"floor":16,"key":"DistilledChaos"},{"floor":24,"key":"SneckoOil"}],"is_trial":false,"path_per_floor":["M","?","?","?","$","E","R","E","T","M","M","M","E","M","R","B",null,"M","?","M","$","?","R","E","?","T","E"],"character_chosen":"THE_SILENT","items_purchased":["Incense Burner","Bouncing Flask","Medical Kit"],"campfire_rested":3,"item_purchase_floors":[21,21,21],"current_hp_per_floor":[70,70,59,64,64,46,70,49,49,49,49,49,25,27,51,19,68,62,62,61,61,61,87,34,39,39,0,0],"gold":129,"neow_bonus":"THREE_SMALL_POTIONS","is_daily":false,"chose_seed":false,"campfire_upgraded":0,"win_rate":0.0,"timestamp":1607846596,"path_taken":["M","?","?","?","$","E","R","E","T","?","?","M","E","M","R","BOSS","M","?","M","$","?","R","E","?","T","E"],"items_purchased_type":["Relic","Card","Relic"],"build_version":"2020-12-07","purchased_purges":0,"victory":false,"max_hp_per_floor":[70,70,70,75,75,80,80,80,80,80,80,80,80,82,82,84,84,86,86,88,88,88,88,90,90,90,90,90],"card_choices":[{"not_picked":["Eviscerate","Predator"],"picked":"Slice","floor":1.0},{"not_picked":["Bane","Blur"],"picked":"Skewer","floor":6.0},{"not_picked":["Dodge and Roll","Flying Knee","Bouncing Flask"],"picked":"SKIP","floor":8.0},{"not_picked":["Acrobatics","Endless Agony"],"picked":"Noxious Fumes","floor":10.0},{"not_picked":["Leg Sweep","Cloak And Dagger"],"picked":"Dagger Spray","floor":11.0},{"not_picked":["All Out Attack","Flying Knee","Setup"],"picked":"SKIP","floor":12.0},{"not_picked":["Backflip","Deadly Poison"],"picked":"Bouncing Flask","floor":13.0},{"not_picked":["Masterful Stab","Outmaneuver","Bane"],"picked":"Singing Bowl","floor":14.0},{"not_picked":["After Image","Tools of the Trade","Unload"],"picked":"Singing Bowl","floor":16},{"not_picked":["Deflect+1"],"picked":"Singing Bowl","floor":18},{"not_picked":["Dagger Throw+1"],"picked":"Singing Bowl","floor":20},{"not_picked":["Concentrate+1"],"picked":"Singing Bowl","floor":24}],"player_experience":939810,"relics_obtained":[{"floor":6.0,"key":"Akabeko"},{"floor":8.0,"key":"MawBank"},{"floor":9.0,"key":"StoneCalendar"},{"floor":13.0,"key":"Singing Bowl"},{"floor":24,"key":"Ancient Tea Set"},{"floor":26,"key":"Molten Egg 2"}],"event_choices":[{"damage_healed":0.0,"max_hp_gain":0.0,"max_hp_loss":0.0,"gold_gain":0.0,"event_name":"The Cleric","player_choice":"Leave","floor":2.0,"gold_loss":0.0,"damage_taken":0.0},{"damage_healed":0.0,"max_hp_gain":0.0,"max_hp_loss":0.0,"gold_gain":75.0,"event_name":"World of Goop","player_choice":"Gather Gold","floor":3.0,"gold_loss":0.0,"damage_taken":11.0},{"damage_healed":0.0,"max_hp_gain":5.0,"max_hp_loss":0.0,"gold_gain":0.0,"event_name":"Big Fish","player_choice":"Donut","floor":4.0,"gold_loss":0.0,"damage_taken":0.0},{"damage_healed":0,"gold_gain":0,"player_choice":"Ignored","damage_taken":0,"max_hp_gain":0,"max_hp_loss":0,"event_name":"Ghosts","floor":19,"gold_loss":0},{"damage_healed":0,"gold_gain":0,"player_choice":"Stole Relic","damage_taken":0,"relics_obtained":["Centennial Puzzle"],"max_hp_gain":0,"max_hp_loss":0,"event_name":"Addict","floor":22,"gold_loss":0,"cards_obtained":["Shame"]},{"cards_removed":["Slice"],"damage_healed":5,"gold_gain":0,"player_choice":"Offered Common","damage_taken":0,"max_hp_gain":0,"max_hp_loss":0,"event_name":"Bonfire Elementals","floor":25,"gold_loss":0},{"cards_removed":["Slice"],"damage_healed":5,"gold_gain":0,"player_choice":"Offered Special","damage_taken":0,"max_hp_gain":0,"max_hp_loss":0,"event_name":"Bonfire Elementals","floor":25,"gold_loss":0}],"is_beta":true,"boss_relics":[{"not_picked":["Snecko Eye","Tiny House"],"picked":"Busted Crown"}],"items_purged_floors":[],"is_endless":false,"potions_floor_spawned":[8,11,14,16,24],"killed_by":"Gremlin Leader","ascension_level":5}}