{"host":"qw1m3zcvi888b4j7","time":1607902268,"event":{"mods":["AchievementEnabler","BaseMod","Block Reminder","Colored Map","Colored Powertips","Consume Value Calculator","DeckTracker","Highlight Path","Minty Spire (QoL Compilation)","Quick Restart","Rare Cards Sparkle","Relic Sorter","Relic Stats"],"gold_per_floor":[112,130,15,15,15,45,60,91,116,41,59,9,9,28,28,28,28],"floor_reached":16,"playtime":542,"items_purged":["Regret"],"score":142,"play_id":"79813680-c926-4e7e-bd09-d9a788c68c95","local_time":"20201214003108","is_ascension_mode":true,"campfire_choices":[{"data":"Armaments","floor":13,"key":"SMITH"},{"floor":15,"key":"REST"}],"circlet_count":0,"master_deck":["Strike_R+1","Strike_R","Strike_R","Strike_R","Strike_R","Defend_R","Defend_R","Defend_R+1","Defend_R+1","Bash","Armaments+1","Fire Breathing","Madness+1","Shrug It Off","Infernal Blade","Thunderclap","Bludgeon","Twin Strike","Bloodletting","Armaments","Pommel Strike"],"relics":["Burning Blood","NeowsBlessing","Smiling Mask","War Paint","Ginger"],"acts_visited":["Exordium"],"potions_floor_usage":[8,11,11,16],"damage_taken":[{"damage":0,"enemies":"Cultist","floor":1,"turns":1},{"damage":0,"enemies":"Jaw Worm","floor":2,"turns":1},{"damage":0,"enemies":"Lagavulin","floor":6,"turns":1},{"damage":7,"enemies":"2 Louse","floor":7,"turns":3},{"damage":44,"enemies":"Gremlin Nob","floor":8,"turns":5},{"damage":15,"enemies":"Large Slime","floor":11,"turns":5},{"damage":5,"enemies":"Looter","floor":14,"turns":2},{"damage":87,"enemies":"The Guardian","floor":16,"turns":11}],"seed_played":"3343888915939850341","potions_obtained":[{"floor":6,"key":"SteroidPotion"},{"floor":7,"key":"BlessingOfTheForge"},{"floor":11,"key":"BloodPotion"},{"floor":14,"key":"Energy Potion"}],"is_trial":false,"path_per_floor":["M","M","$","?","?","E","M","E","T","$","M","$","R","M","R","B"],"character_chosen":"IRONCLAD","items_purchased":["Madness","Shrug It Off","Twin Strike","Armaments"],"campfire_rested":1,"item_purchase_floors":[3,3,10,12],"current_hp_per_floor":[80,80,80,80,64,70,69,31,31,31,38,38,38,39,63,0,0],"gold":28,"neow_bonus":"THREE_ENEMY_KILL","is_daily":false,"chose_seed":false,"campfire_upgraded":1,"win_rate":0.0,"timestamp":1607902268,"path_taken":["M","M","$","?","?","E","M","E","T","?","M","$","R","M","R","BOSS"],"items_purchased_type":["Card","Card","Card","Card"],"build_version":"2020-11-30","purchased_purges":1,"victory":false,"max_hp_per_floor":[80,80,80,80,80,80,80,80,80,80,80,80,80,80,80,80,80],"relic_stats":{"counters":[8,29],"Ginger":[2],"War Paint":["Defend_R","Defend_R"],"Smiling Mask":25,"obtain_stats":[{"NeowsBlessing":0,"Ginger":8,"War Paint":6,"Smiling Mask":4,"Burning Blood":0},{"NeowsBlessing":0,"Ginger":5,"War Paint":3,"Smiling Mask":2,"Burning Blood":0},{"NeowsBlessing":0,"Ginger":11,"War Paint":3,"Smiling Mask":2,"Burning Blood":0}],"Burning Blood":30},"card_choices":[{"not_picked":["Headbutt","Pommel Strike"],"picked":"Armaments","floor":1},{"not_picked":["Headbutt","Perfected Strike"],"picked":"Fire Breathing","floor":2},{"not_picked":["Dark Embrace","Heavy Blade"],"picked":"Infernal Blade","floor":6},{"not_picked":["Pommel Strike","Intimidate"],"picked":"Thunderclap","floor":7},{"not_picked":["Twin Strike","Iron Wave"],"picked":"Bludgeon","floor":8},{"not_picked":["Twin Strike","Headbutt"],"picked":"Bloodletting","floor":11},{"not_picked":["Carnage","Headbutt"],"picked":"Pommel Strike","floor":14}],"player_experience":54512,"relics_obtained":[{"floor":6,"key":"War Paint"},{"floor":8,"key":"Ginger"}],"event_choices":[{"damage_healed":0,"gold_gain":0,"player_choice":"Box","damage_taken":0,"relics_obtained":["Smiling Mask"],"max_hp_gain":0,"max_hp_loss":0,"event_name":"Big Fish","floor":4,"gold_loss":0,"cards_obtained":["Regret"]},{"damage_healed":0,"gold_gain":0,"player_choice":"Entered Light","damage_taken":16,"max_hp_gain":0,"max_hp_loss":0,"event_name":"Shining Light","floor":5,"gold_loss":0,"cards_upgraded":["Strike_R","Madness"]}],"is_beta":false,"boss_relics":[],"items_purged_floors":[10],"is_endless":false,"potions_floor_spawned":[6,7,11,14],"killed_by":"The Guardian","ascension_level":1}}