{"host":"hb254truj5uxpodn","time":1607848219,"event":{"mods":["2.2 Compatiblity","AchievementEnabler","Aspiration","Bard","BaseMod","Bestiary","Better Altar","Better Match","Better Note","Better Sensory Stone","Better Skull","Better Third Choice","Better Vampires","BetterRewards","Colored Map","Colored Powertips","Conspire","Downfall","Energized Spire","Friendly Minions","GifTheSpireLib","Highlight Path","Hubris","Infinite Spire","Minty Spire (QoL Compilation)","Permanent Neow","Practice Mode","Quick Restart","Relic Stats","Replay The Spire","Shop Mod","Spicy Shops","StSLib","SuperFastMode","Uncapped","vexMod"],"gold_per_floor":[118,138,156,156,156,156,182,182,182,196,206,127,138,38,38,134,134,154,254,274,294,312,312,312,312,312,312,329,329,344,127,127,224,224,235,235,235,289,289,289,289,395,442,572,572,717,792,872,872,952,981,981,1004,730,774,774,813,845,845,895,895,929,990,990,990,1178,1178,1229,1141,1141,1187,1222,1314,1314,1314,1314,1314,1392,1392,1468,1468,1468,1654,1654,1691,1542,1551,1631,1631,1631,1677,1764,1764,1764,1764,1764,1724,1805,1805,1900,1900,1990,1990,1990,2026,2113,2203],"floor_reached":108,"playtime":31594,"items_purged":["Normality","conspire:GhostlyDefend","conspire:GhostlyStrike","conspire:GhostlyDefend","conspire:GhostlyStrike","Parasite","bard:StudiedStrike","conspire:GhostlyStrike","bard:DiscordantVoice"],"score":1899,"play_id":"023528b4-7edc-4902-9196-57ef82598af4","local_time":"20201213003019","is_ascension_mode":false,"campfire_choices":[{"floor":6.0,"key":"RECALL"},{"floor":8.0,"key":"REST"},{"floor":15.0,"key":"REST"},{"data":"bard:Shifting","floor":23.0,"key":"SMITH"},{"data":"bard:Aphasia","floor":25,"key":"SMITH"},{"data":"bard:Blink","floor":27,"key":"SMITH"},{"data":"bard:Sift","floor":29,"key":"SMITH"},{"floor":32,"key":"REST"},{"data":"Madness","floor":40,"key":"SMITH"},{"floor":45,"key":"REST"},{"floor":49,"key":"REST"},{"data":"Madness","floor":56,"key":"SMITH"},{"data":"bard:CovetousAura","floor":61,"key":"SMITH"},{"data":"Pot Of Greed","floor":65,"key":"SMITH"},{"data":"Pot Of Greed","floor":75,"key":"SMITH"},{"data":"Pot Of Greed","floor":77,"key":"SMITH"},{"data":"bard:DeathMetal","floor":79,"key":"SMITH"},{"data":"bard:HideousLaughter","floor":82,"key":"SMITH"},{"data":"bard:PowerWordStun","floor":90,"key":"SMITH"},{"data":"infinitespire:Starlight","floor":96,"key":"SMITH"},{"data":"bard:Sift","floor":99,"key":"SMITH"},{"data":"bard:EchoEcho","floor":104,"key":"SMITH"}],"circlet_count":0,"master_deck":["bard:Riposte","bard:Inspire","bard:EchoEcho+1","bard:ViciousMockery","bard:Sift+1","conspire:Banana+1","bard:FalseLife+1","bard:Blink+1","bard:Aphasia+1","bard:Shifting+1","bard:HideousLaughter+1","bard:FalseLife+1","bard:Gamble+1","bard:Heroism+1","bard:CovetousAura+1","Madness+1","Madness+1","conspire:Banana+1","bard:Parry+1","Pot Of Greed+1","Pot Of Greed+1","Pot Of Greed+1","bard:Flourish+1","bard:StudiedStrike+1","bard:QuickSong+1","bard:Thunderwave","bard:Sift+1","bard:Sift+1","bard:DeathMetal+1","bard:PowerWordStun+1","infinitespire:Starlight+1","bard:Gamble+1","Sadistic Nature","Pot Of Greed","conspire:Banana","bard:OffKey"],"relics":["bard:PitchPipe","bard:BagPipes","Art of War","Medical Kit","ReplayTheSpireMod:CursedCoin","aspiration:SecretTechniqueScroll","bard:StrangeHarp","Replay:Bottled Eggs","Membership Card","Busted Crown","Replay:Bandana","Grinning Jar","infinitespire:Satchel","aspiration:Nostalgia","Burning Blood","hubris:EvacipatedBox","infinitespire:WardingShard","aspiration:Earplugs","Quantum Egg","bard:DeepVero","hubris:BottledRain","vexMod:MemoryStick","Garlic","Sozu","Pondfish Scales","CeramicFish","Vajra","Pear","Centennial Puzzle","bard:OilPainting","Replay:Mystery Machine","infinitespire:CheckeredPen","ReplayTheSpireMod:ShopPack","hubris:TinFlute"],"acts_visited":["Exordium","TheCity","TheBeyond","Exordium","TheCity","TheBeyond","TheEnding"],"potions_floor_usage":[107],"damage_taken":[{"damage":4.0,"enemies":"Cultist","floor":1.0,"turns":4.0},{"damage":2.0,"enemies":"2 Louse","floor":2.0,"turns":3.0},{"damage":10.0,"enemies":"conspire:RoseBush","floor":3.0,"turns":1.0},{"damage":36.0,"enemies":"3 Sentries","floor":7.0,"turns":10.0},{"damage":0.0,"enemies":"Looter","floor":10.0,"turns":4.0},{"damage":5.0,"enemies":"2 Fungi Beasts","floor":11.0,"turns":3.0},{"damage":6.0,"enemies":"Gremlin Gang","floor":13.0,"turns":5.0},{"damage":40.0,"enemies":"The Guardian","floor":16.0,"turns":13.0},{"damage":7.0,"enemies":"3 Byrds","floor":18.0,"turns":7.0},{"damage":7.0,"enemies":"conspire:FuzzyDice","floor":20.0,"turns":8.0},{"damage":0.0,"enemies":"Snecko","floor":21.0,"turns":5.0},{"damage":0.0,"enemies":"conspire:HollyBat","floor":22.0,"turns":8.0},{"damage":6,"enemies":"Snake Plant","floor":28,"turns":5},{"damage":0,"enemies":"Centurion and Healer","floor":30,"turns":6},{"damage":4,"enemies":"hubris:MusketHawk","floor":33,"turns":11},{"damage":11,"enemies":"3 Shapes","floor":35,"turns":5},{"damage":7,"enemies":"Orb Walker","floor":38,"turns":3},{"damage":39,"enemies":"Writhing Mass","floor":42,"turns":7},{"damage":0,"enemies":"Maw","floor":44,"turns":8},{"damage":2,"enemies":"Nemesis","floor":46,"turns":11},{"damage":24,"enemies":"Spire Growth","floor":47,"turns":5},{"damage":16,"enemies":"Jaw Worm Horde","floor":48,"turns":5},{"damage":0,"enemies":"Jaw Worm","floor":51,"turns":2},{"damage":0,"enemies":"2 Louse","floor":53,"turns":1},{"damage":0,"enemies":"Small Slimes","floor":55,"turns":2},{"damage":0,"enemies":"Looter","floor":57,"turns":3},{"damage":0,"enemies":"2 Fungi Beasts","floor":58,"turns":3},{"damage":0,"enemies":"3 Louse","floor":60,"turns":4},{"damage":0,"enemies":"Blue Slaver","floor":62,"turns":2},{"damage":0,"enemies":"Exordium Thugs","floor":63,"turns":4},{"damage":17,"enemies":"Hexaghost","floor":66,"turns":7},{"damage":0,"enemies":"Chosen","floor":68,"turns":3},{"damage":0,"enemies":"Spheric Guardian","floor":71,"turns":3},{"damage":0,"enemies":"Snake Plant","floor":72,"turns":3},{"damage":1,"enemies":"Gremlin Leader","floor":73,"turns":4},{"damage":6,"enemies":"Shelled Parasite and Fungi","floor":78,"turns":4},{"damage":0,"enemies":"Centurion and Healer","floor":80,"turns":4},{"damage":0,"enemies":"hubris:MusketHawk","floor":83,"turns":6},{"damage":0,"enemies":"Orb Walker","floor":85,"turns":2},{"damage":6,"enemies":"3 Darklings","floor":88,"turns":4},{"damage":0,"enemies":"Spire Growth","floor":91,"turns":4},{"damage":6,"enemies":"Writhing Mass","floor":92,"turns":5},{"damage":0,"enemies":"4 Shapes","floor":98,"turns":4},{"damage":0,"enemies":"Maw","floor":100,"turns":5},{"damage":0,"enemies":"Time Eater","floor":102,"turns":6},{"damage":0,"enemies":"Shield and Spear","floor":106,"turns":4},{"damage":1,"enemies":"The Heart","floor":107,"turns":6}],"seed_played":"4015233540322726899","potions_obtained":[{"floor":10.0,"key":"Milkshake"},{"floor":11.0,"key":"SneckoOil"},{"floor":13.0,"key":"FearPotion"},{"floor":63,"key":"infinitespire:BlackPotion"}],"is_trial":false,"path_per_floor":["M","M","M","?","?","R","E","R","T","M","M","$","M","$","R","B",null,"M","?","M","M","M","R","AVR","R","T","R","M","R","M","$","R","B",null,"M","?","AVR","M","?","R","?","M","T","M","R","E","M","M","R","B","M","$","M","$","M","R","M","M","T","M","R","M","M","?","R","B",null,"M","$","?","M","M","E","AVR","R","T","R","M","R","M","$","R","B",null,"M","$","AVR","M","$","R","M","M","PTL","PTL","T","R","?","M","R","M","R_BF","B",null,"R","$","E","B",null],"character_chosen":"BARD","items_purchased":["Medical Kit","ReplayTheSpireMod:CursedCoin","Membership Card","hubris:EvacipatedBox","infinitespire:WardingShard","aspiration:Earplugs","Pondfish Scales","Vajra","BargainBundle","Centennial Puzzle","bard:OilPainting","Replay:Mystery Machine","infinitespire:CheckeredPen","ReplayTheSpireMod:ShopPack","bard:OffKey"],"campfire_rested":5,"item_purchase_floors":[12,12,31,52,54,54,86,89,105,105,105,105,105,105,105],"current_hp_per_floor":[66,64,54,54,54,54,20,41,41,43,40,40,36,36,59,21,80,75,75,74,76,78,78,78,78,78,78,74,74,76,76,92,90,94,85,85,85,80,68,68,68,33,33,37,68,70,54,42,77,122,126,102,110,110,116,116,124,131,131,135,135,139,143,143,143,136,147,149,149,149,153,155,159,159,159,159,159,163,163,167,167,167,171,171,175,175,175,179,169,169,183,187,187,187,197,197,197,201,201,205,205,209,209,209,209,214,219],"gold":2203,"neow_bonus":"NOSTALGIA","is_daily":false,"chose_seed":false,"campfire_upgraded":16,"win_rate":0.0,"timestamp":1607848219,"path_taken":["M","?","M","?","?","R","E","R","T","M","M","$","M","$","R","BOSS","M","?","M","?","M","R","AVR","R","T","R","M","R","M","$","R","BOSS","M","?","AVR","M","?","R","?","M","T","M","R","E","M","M","R","BOSS","M","?","?","$","M","R","M","M","T","M","R","M","M","?","R","BOSS","M","?","?","M","M","E","AVR","R","T","R","M","R","M","$","R","BOSS","M","?","AVR","M","?","R","?","M","PTL","PTL","T","R","?","M","R","?","R_BF","BOSS","R","$","E","BOSS"],"items_purchased_type":["Relic","Relic","Relic","Relic","Relic","Relic","Relic","Relic","Relic","Relic","Relic","Relic","Relic","Relic","Card"],"build_version":"2020-11-30","purchased_purges":9,"victory":true,"max_hp_per_floor":[70,70,70,70,70,70,72,72,72,74,76,76,78,78,78,80,80,82,82,84,86,88,88,88,88,88,88,90,90,92,92,92,94,94,96,96,96,98,98,98,98,102,102,106,106,110,114,118,118,122,126,123,125,125,125,125,127,131,131,135,135,139,143,143,143,147,147,149,149,149,153,155,159,159,159,159,159,163,163,167,167,167,171,171,175,175,175,179,179,179,183,187,187,187,197,197,197,201,201,205,205,209,209,209,209,214,219],"relic_stats":{"Sozu":5,"Centennial Puzzle":[3],"Busted Crown":88,"counters":[48,238],"CeramicFish":54,"Art of War":[15],"Medical Kit":[19],"obtain_stats":[{"bard:BagPipes":0,"vexMod:MemoryStick":74,"bard:OilPainting":105,"CeramicFish":87,"Vajra":89,"Replay:Mystery Machine":105,"Burning Blood":50,"hubris:EvacipatedBox":52,"Sozu":84,"Replay:Bandana":37,"Centennial Puzzle":105,"bard:DeepVero":67,"Replay:Bottled Eggs":26,"hubris:TinFlute":106,"BargainBundle":105,"Pear":95,"bard:PitchPipe":0,"ReplayTheSpireMod:CursedCoin":12,"aspiration:Nostalgia":50,"Quantum Egg":59,"aspiration:SecretTechniqueScroll":17,"infinitespire:CheckeredPen":105,"bard:StrangeHarp":24,"Medical Kit":12,"Pondfish Scales":86,"Busted Crown":34,"infinitespire:WardingShard":54,"infinitespire:Satchel":46,"aspiration:Earplugs":54,"Art of War":7,"Garlic":76,"Membership Card":31,"Grinning Jar":43,"hubris:BottledRain":73,"ReplayTheSpireMod:ShopPack":105},{"bard:BagPipes":0,"vexMod:MemoryStick":36,"bard:OilPainting":46,"CeramicFish":40,"Vajra":41,"Replay:Mystery Machine":46,"Burning Blood":23,"hubris:EvacipatedBox":24,"Sozu":39,"Replay:Bandana":16,"Centennial Puzzle":46,"bard:DeepVero":32,"Replay:Bottled Eggs":12,"hubris:TinFlute":47,"BargainBundle":46,"Pear":43,"bard:PitchPipe":0,"ReplayTheSpireMod:CursedCoin":6,"aspiration:Nostalgia":23,"Quantum Egg":28,"aspiration:SecretTechniqueScroll":8,"infinitespire:CheckeredPen":46,"bard:StrangeHarp":12,"Medical Kit":6,"Pondfish Scales":40,"Busted Crown":15,"infinitespire:WardingShard":25,"infinitespire:Satchel":20,"aspiration:Earplugs":25,"Art of War":4,"Garlic":36,"Membership Card":14,"Grinning Jar":18,"hubris:BottledRain":36,"ReplayTheSpireMod:ShopPack":46},{"bard:BagPipes":0,"vexMod:MemoryStick":184,"bard:OilPainting":228,"CeramicFish":200,"Vajra":204,"Replay:Mystery Machine":228,"Burning Blood":143,"hubris:EvacipatedBox":145,"Sozu":198,"Replay:Bandana":98,"Centennial Puzzle":228,"bard:DeepVero":171,"Replay:Bottled Eggs":71,"hubris:TinFlute":232,"BargainBundle":228,"Pear":213,"bard:PitchPipe":0,"ReplayTheSpireMod:CursedCoin":25,"aspiration:Nostalgia":143,"Quantum Egg":154,"aspiration:SecretTechniqueScroll":43,"infinitespire:CheckeredPen":228,"bard:StrangeHarp":71,"Medical Kit":25,"Pondfish Scales":200,"Busted Crown":93,"infinitespire:WardingShard":146,"infinitespire:Satchel":127,"aspiration:Earplugs":146,"Art of War":18,"Garlic":184,"Membership Card":82,"Grinning Jar":108,"hubris:BottledRain":184,"ReplayTheSpireMod:ShopPack":228}],"Burning Blood":41},"card_choices":[{"not_picked":["bard:CuttingWords","bard:TinyHut"],"picked":"bard:EchoEcho","floor":1.0},{"not_picked":["bard:InspiringSong","bard:Thunderwave"],"picked":"bard:ViciousMockery","floor":2.0},{"not_picked":["bard:Thunderwave","bard:Parry"],"picked":"bard:Sift","floor":3.0},{"not_picked":["bard:BucklerBash","bard:Fermata"],"picked":"bard:FalseLife","floor":7.0},{"not_picked":["bard:Haste","bard:Parry"],"picked":"bard:Blink","floor":10.0},{"not_picked":["bard:CuttingWords","bard:QuickSong"],"picked":"bard:Aphasia","floor":11.0},{"not_picked":["bard:Sift","bard:QuickSong","bard:FeastOnFear"],"picked":"SKIP","floor":13.0},{"not_picked":["bard:MnemonicVestments","bard:Invisibility"],"picked":"bard:Shifting","floor":16.0},{"not_picked":["bard:FeastOnFear","bard:QuickSong+1","bard:BucklerBash"],"picked":"SKIP","floor":18.0},{"not_picked":["bard:Gamble","bard:CuttingWords"],"picked":"bard:HideousLaughter","floor":20.0},{"not_picked":["bard:PhantasmalForce","bard:FeastOnFear"],"picked":"bard:FalseLife","floor":21.0},{"not_picked":["bard:Aphasia","bard:LingeringPerformance+1"],"picked":"bard:Gamble+1","floor":22.0},{"not_picked":["bard:Gamble","bard:CuttingWords","bard:PrismaticSpray"],"picked":"SKIP","floor":28},{"not_picked":["bard:Blink","bard:CuttingWords"],"picked":"bard:Heroism","floor":30},{"not_picked":["bard:BottledSong","bard:MnemonicVestments"],"picked":"bard:CovetousAura","floor":33},{"not_picked":[],"picked":"bard:DiscordantVoice","floor":35},{"not_picked":["bard:LingeringPerformance+1"],"picked":"SKIP","floor":38},{"not_picked":[],"picked":"bard:Parry","floor":42},{"not_picked":[],"picked":"bard:StudiedStrike","floor":44},{"not_picked":[],"picked":"bard:Flourish+1","floor":46},{"not_picked":[],"picked":"bard:StudiedStrike+1","floor":47},{"not_picked":[],"picked":"bard:QuickSong+1","floor":48},{"not_picked":[],"picked":"bard:Thunderwave","floor":51},{"not_picked":["bard:LingeringEcho"],"picked":"SKIP","floor":53},{"not_picked":["bard:BucklerBash"],"picked":"SKIP","floor":55},{"not_picked":[],"picked":"bard:Sift","floor":57},{"not_picked":["bard:DervishDance"],"picked":"SKIP","floor":58},{"not_picked":["bard:EchoEcho"],"picked":"SKIP","floor":60},{"not_picked":["bard:EchoEcho"],"picked":"SKIP","floor":60},{"not_picked":["bard:Parry"],"picked":"SKIP","floor":62},{"not_picked":[],"picked":"bard:Sift","floor":63},{"not_picked":[],"picked":"bard:DeathMetal","floor":66},{"not_picked":["bard:LingeringEcho"],"picked":"SKIP","floor":68},{"not_picked":["bard:InspiringSong"],"picked":"SKIP","floor":71},{"not_picked":["bard:TinyHut"],"picked":"SKIP","floor":72},{"not_picked":["bard:LingeringEcho"],"picked":"SKIP","floor":73},{"not_picked":["bard:LingeringPerformance+1"],"picked":"SKIP","floor":78},{"not_picked":["bard:StudiedStrike"],"picked":"SKIP","floor":80},{"not_picked":[],"picked":"bard:PowerWordStun","floor":83},{"not_picked":["bard:CuttingWords"],"picked":"SKIP","floor":85},{"not_picked":["bard:LingeringEcho"],"picked":"SKIP","floor":88},{"not_picked":["bard:ThickOfTheFight+1"],"picked":"SKIP","floor":91},{"not_picked":["bard:Rest"],"picked":"SKIP","floor":92},{"not_picked":[],"picked":"bard:Gamble+1","floor":98},{"not_picked":["bard:HideousLaughter"],"picked":"SKIP","floor":100},{"not_picked":[],"picked":"Sadistic Nature","floor":105},{"not_picked":[],"picked":"conspire:Banana","floor":105},{"not_picked":["bard:HideousLaughter"],"picked":"SKIP","floor":106}],"player_experience":1069604,"relics_obtained":[{"floor":7.0,"key":"Art of War"},{"floor":26,"key":"Replay:Bottled Eggs"},{"floor":43,"key":"Grinning Jar"},{"floor":46,"key":"infinitespire:Satchel"},{"floor":59,"key":"Quantum Egg"},{"floor":73,"key":"hubris:BottledRain"},{"floor":76,"key":"Garlic"},{"floor":95,"key":"Pear"},{"floor":106,"key":"hubris:TinFlute"}],"event_choices":[{"damage_healed":0.0,"max_hp_gain":0.0,"max_hp_loss":0.0,"gold_gain":0.0,"event_name":"conspire:LoneGhost","player_choice":"Agree","floor":4.0,"gold_loss":0.0,"damage_taken":0.0},{"damage_healed":0.0,"max_hp_gain":0.0,"max_hp_loss":0.0,"gold_gain":1.0,"event_name":"betterStone:BetterStone","player_choice":"4","floor":5.0,"gold_loss":0.0,"damage_taken":0.0,"cards_obtained":["conspire:Banana"]},{"damage_healed":0.0,"max_hp_gain":0.0,"max_hp_loss":0.0,"gold_gain":100.0,"event_name":"Golden Shrine","player_choice":"Pray","floor":19.0,"gold_loss":0.0,"damage_taken":0.0},{"damage_healed":0,"gold_gain":0,"player_choice":"Ignored","damage_taken":0,"max_hp_gain":0,"max_hp_loss":0,"event_name":"Mysterious Sphere","floor":36,"gold_loss":0},{"damage_healed":0,"gold_gain":0,"player_choice":"Embrace Madness","damage_taken":12,"max_hp_gain":0,"max_hp_loss":0,"event_name":"Winding Halls","floor":39,"gold_loss":0,"cards_obtained":["Madness","Madness"]},{"damage_healed":0,"gold_gain":0,"player_choice":"Copied","damage_taken":0,"max_hp_gain":0,"max_hp_loss":0,"event_name":"Duplicator","floor":41,"gold_loss":0,"cards_obtained":["conspire:Banana"]},{"cards_removed":["conspire:GhostlyDefend"],"damage_healed":0,"gold_gain":0,"player_choice":"Purged","damage_taken":0,"max_hp_gain":0,"max_hp_loss":0,"event_name":"Purifier","floor":64,"gold_loss":0},{"cards_removed":["conspire:Banana"],"damage_healed":0,"gold_gain":0,"player_choice":"Give","damage_taken":0,"max_hp_gain":0,"max_hp_loss":0,"event_name":"betterNote:BetterNote","floor":70,"gold_loss":0,"cards_obtained":["None"]},{"damage_healed":0,"gold_gain":0,"player_choice":"Upgraded Two","damage_taken":0,"max_hp_gain":0,"max_hp_loss":0,"event_name":"Designer","floor":97,"gold_loss":40,"cards_upgraded":["bard:Heroism","bard:Parry"]}],"is_beta":false,"boss_relics":[{"not_picked":["Tiny House","Calling Bell"],"picked":"aspiration:SecretTechniqueScroll"},{"not_picked":["conspire:RunicOctahedron","Replay:Bronze Core"],"picked":"Busted Crown"},{"not_picked":["vexMod:EndlessSickness","conspire:SeveredTorchhead","conspire:RunicOctahedron"],"picked":"bard:DeepVero"},{"not_picked":["energizedSpire:OgreHead","Astrolabe","aspiration:RandomNobGenerator"],"picked":"Sozu"}],"items_purged_floors":[12,14,24,31,37,52,54,69,74],"is_endless":false,"potions_floor_spawned":[10,11,13,16,22,28,35,42,44,46,48,57,58,63,66,72,73,80,85,88,92,100,106],"ascension_level":0}}