{"host":"Ruben","time":1607877625,"event":{"mods":["AchievementEnabler","Aspiration","Bard","BaseMod","Beaked The Cultist","Better Altar","Better Match","Better Note","Better Sensory Stone","Better Skull","Better Third Choice","BetterRewards","CCEM","Clawfect","Colored Map","Conspire","Downfall","GifTheSpireLib","Googly Eyes","Halation","Hermit","Highlight Path","Hubris","Hunter ??","Infinite Spire","Jedi Mod","Jorbs\u0027s Wanderer Trilogy","Mad Scientist","Marisa????????","Mimic Mod","Minty Spire (QoL Compilation)","Permanent Neow","Replay The Spire","Shade Mod","Shop Mod","Spicy Shops","StSLib","Stuff the Spire","The Administrix","The Blackbeard","The Bug Knight","The Construct","The Cursed","The Disciple","The Gatherer","The Hierophant","The IronCluck","The Jungle","The Mystic","The Necromancer","The Problem Sleuth","The Runesmith","The Servant 0.9.4","The Spell Scribe","The Witch","Unceasing Turn Reminder","[IsaacMod]????","everything is the same but u backflip on backflip","slay the spire mod where everything is the same but ironclad has a cowboy hat"],"gold_per_floor":[116,64,64,79,79,210,210,238,275,275,288,323,340,360,360,456,456,472,29,29,57,70,70,97,97,177,209,225,243,243,271,271,375,375,410,85,85,112,139,139,179,179,117,155,183,228,256,289,289,289],"floor_reached":51,"playtime":4684,"items_purged":["Strike_G"],"score":1241,"play_id":"33179362-0f04-4c65-850a-fd6db0645008","local_time":"20201213174025","is_ascension_mode":true,"campfire_choices":[{"data":"Accuracy","floor":7,"key":"SMITH"},{"data":"After Image","floor":10,"key":"SMITH"},{"floor":15,"key":"REST"},{"data":"Strike_G","floor":23,"key":"PURGE"},{"floor":25,"key":"REST"},{"floor":30,"key":"REST"},{"floor":32,"key":"REST"},{"data":"Wraith","floor":40,"key":"PURGE"},{"data":"Strike_G","floor":42,"key":"PURGE"},{"data":"Defend_G","floor":49,"key":"PURGE"}],"circlet_count":0,"master_deck":["Strike_G","Strike_G","Defend_G","Defend_G","Defend_G","Defend_G","Survivor","Neutralize","Backflip","Infinite Blades+1","Study","Deadly Poison","Blade Dance","After Image+1","Dodge and Roll","infinitespire:Neurotoxin","Deadly Poison","Blade Dance","hubris:NaturalOne","Envenom","StuffTheSpire:Shiver","Flying Knee","Accuracy","hubris:DuctTapeCard","Prepared","Deadly Poison","Catalyst","Replay:Bag of Tricks","Distraction+1","Bane","Bane+1","Doppelganger","hubris:TrickCloak","Pot Of Greed","Pot Of Greed","Pot Of Greed","Thinking Ahead","Pot Of Greed","Secret Technique","expansioncontent:CaCaw","Cloak And Dagger","Concentrate+1","Backflip+1","Catalyst","Flying Knee+1","Acrobatics+1","Accuracy+1","Hidden Blade","Pot Of Greed"],"relics":["HushsDoor","Sozu","PunchingBag","HowToJump","hubris:Icosahedron","Peace Pipe","Replay:Wax Seal","aspiration:HummingbirdHeart","Fusion Hammer","SteamSale","DollysMirror","hubris:64BitClover","hubris:DuctTape","hubris:TenFootPole","hubris:DeckOfHolding","Bag of Marbles","Boot","infinitespire:EvilPickle","MagicMushroom","ReplayTheSpireMod:ShopPack","jedi:catwich","Blue Candle","Grinning Jar","halation:Sosunser","ReplayFunnel","Meat on the Bone","aspiration:HiddenCompartment","jedi:angrymask","D6","CCEMRelics:Pendulum"],"acts_visited":["Exordium","TheCity","TheBeyond"],"potions_floor_usage":[],"damage_taken":[{"damage":1,"enemies":"Cultist","floor":1,"turns":4},{"damage":6,"enemies":"Small Slimes","floor":4,"turns":3},{"damage":13,"enemies":"3 Sentries","floor":6,"turns":10},{"damage":13,"enemies":"Lagavulin","floor":8,"turns":7},{"damage":1,"enemies":"Jaw Worm","floor":9,"turns":4},{"damage":9,"enemies":"Jaw Worm","floor":11,"turns":2},{"damage":3,"enemies":"3 Sentries","floor":12,"turns":6},{"damage":1,"enemies":"Exordium Wildlife","floor":13,"turns":3},{"damage":3,"enemies":"2 Fungi Beasts","floor":14,"turns":4},{"damage":8,"enemies":"Fading Forest","floor":16,"turns":11},{"damage":2,"enemies":"Shell Parasite","floor":18,"turns":5},{"damage":1,"enemies":"conspire:MimicChest","floor":21,"turns":6},{"damage":11,"enemies":"Spheric Guardian","floor":22,"turns":6},{"damage":11,"enemies":"HollowMod:Nosk","floor":24,"turns":6},{"damage":0,"enemies":"conspire:Head Lice","floor":27,"turns":5},{"damage":21,"enemies":"Chosen and Byrds","floor":28,"turns":5},{"damage":5,"enemies":"conspire:HollyBat","floor":29,"turns":6},{"damage":24,"enemies":"Slavers","floor":31,"turns":5},{"damage":3,"enemies":"Pondfish","floor":33,"turns":9},{"damage":3,"enemies":"3 Shapes","floor":35,"turns":2},{"damage":0,"enemies":"Orb Walker","floor":39,"turns":3},{"damage":0,"enemies":"HollowMod:StalkingDevout","floor":41,"turns":4},{"damage":8,"enemies":"3 Darklings","floor":43,"turns":5},{"damage":4,"enemies":"beaked:SuperParasite","floor":44,"turns":4},{"damage":2,"enemies":"3 Darklings","floor":45,"turns":3},{"damage":0,"enemies":"R_Hoarder","floor":46,"turns":3},{"damage":2,"enemies":"4 Shapes","floor":47,"turns":4},{"damage":0,"enemies":"Writhing Mass","floor":48,"turns":4},{"damage":39,"enemies":"infinitespire:MassOfShapes","floor":50,"turns":7}],"seed_played":"-9121458242520970137","potions_obtained":[],"is_trial":false,"path_per_floor":["M","$","?","M","?","E","R","E","MIM","R","M","E","M","M","R","B",null,"M","$","?","?","M","R","E","R","T","E","M","M","R","E","R","B",null,"M","$","?","T","M","R","E","R","MIM","E","M","E","M","M","R","B",null],"character_chosen":"THE_SILENT","items_purchased":["Infinite Blades+1","StuffTheSpire:Shiver","SteamSale","Accuracy","DollysMirror","hubris:64BitClover","ReplayTheSpireMod:ShopPack","jedi:catwich","Blue Candle","Grinning Jar","halation:Sosunser"],"campfire_rested":4,"item_purchase_floors":[2,17,19,19,19,19,36,36,36,36,36],"current_hp_per_floor":[69,69,64,58,58,45,45,32,31,31,22,19,18,15,36,50,67,65,65,65,64,53,53,42,62,62,62,41,36,56,32,52,49,74,71,71,71,71,72,72,73,73,66,63,62,63,62,63,63,37],"gold":289,"neow_bonus":"BOSS_RELIC","is_daily":false,"chose_seed":false,"campfire_upgraded":2,"win_rate":0.0,"timestamp":1607877625,"path_taken":["M","?","?","M","?","E","R","E","MIM","R","M","E","M","M","R","BOSS","M","$","?","?","M","R","E","R","T","E","M","?","R","E","R","BOSS","M","$","?","?","M","R","E","R","MIM","E","M","E","M","M","R","BOSS"],"items_purchased_type":["Card","Card","Relic","Card","Relic","Relic","Relic","Relic","Relic","Relic","Relic"],"build_version":"2020-12-07","purchased_purges":1,"victory":true,"max_hp_per_floor":[70,70,70,70,70,70,70,70,70,70,70,70,70,70,70,70,67,67,67,67,67,67,67,67,67,67,67,67,67,67,67,67,67,74,74,74,74,74,74,74,74,74,74,74,74,74,74,74,74,74],"card_choices":[{"not_picked":[],"picked":"ChaosCard","floor":0},{"not_picked":["StuffTheSpire:BumpUp","Flying Knee"],"picked":"Backflip","floor":1},{"not_picked":["StuffTheSpire:ClusterCrunch","StuffTheSpire:Python"],"picked":"Deadly Poison","floor":4},{"not_picked":["jedi:collectorvenom","Setup"],"picked":"Accuracy","floor":6},{"not_picked":["Deflect","Flying Knee"],"picked":"Blade Dance","floor":8},{"not_picked":["conspire:PoisonWeapons","ReplayTheSpireMod:Tripwire"],"picked":"After Image","floor":9},{"not_picked":["Underhanded Strike","hubris:SlightOfHand"],"picked":"Dodge and Roll","floor":11},{"not_picked":["Deadly Poison","Quick Slash"],"picked":"infinitespire:Neurotoxin","floor":12},{"not_picked":["Flying Knee","Predator"],"picked":"Deadly Poison","floor":13},{"not_picked":["Caltrops","Bomb"],"picked":"Blade Dance","floor":14},{"not_picked":["Die Die Die","Malaise"],"picked":"Envenom","floor":16},{"not_picked":["hubris:SlightOfHand","Quick Slash"],"picked":"Flying Knee","floor":18},{"not_picked":["Slice+1","Underhanded Strike"],"picked":"Prepared","floor":21},{"not_picked":["Dodge and Roll+1","Deflect+1"],"picked":"Deadly Poison","floor":22},{"not_picked":["Masterful Stab","StuffTheSpire:Injection"],"picked":"Catalyst","floor":24},{"not_picked":["Prepared+1","Reflex"],"picked":"Replay:Bag of Tricks","floor":27},{"not_picked":["Dagger Throw","Sucker Punch"],"picked":"Distraction+1","floor":28},{"not_picked":["Tactician","Flying Knee"],"picked":"Bane","floor":29},{"not_picked":["Eviscerate","StuffTheSpire:BrimstoneBlast"],"picked":"Bane+1","floor":31},{"not_picked":["Unload","Malaise"],"picked":"Doppelganger","floor":33},{"not_picked":["hubris:SlightOfHand","StuffTheSpire:Fury"],"picked":"hubris:TrickCloak","floor":35},{"not_picked":["expansioncontent:DashGenerateEvil","DoctorFetus"],"picked":"Thinking Ahead","floor":36},{"not_picked":["expansioncontent:DecasProtection","DoctorFetus"],"picked":"Secret Technique","floor":36},{"not_picked":["hubris:Insight","expansioncontent:ChargeUp"],"picked":"expansioncontent:CaCaw","floor":36},{"not_picked":["Skewer","ReplayTheSpireMod:Exploit Weakness"],"picked":"Cloak And Dagger","floor":39},{"not_picked":["hubris:TrickCloak+1","Acrobatics"],"picked":"Concentrate+1","floor":41},{"not_picked":["Underhanded Strike","Setup+1"],"picked":"Backflip+1","floor":43},{"not_picked":["Adrenaline","Predator"],"picked":"Catalyst","floor":44},{"not_picked":["StuffTheSpire:Python+1","StuffTheSpire:ClusterCrunch+1"],"picked":"Flying Knee+1","floor":45},{"not_picked":["StuffTheSpire:Injection+1","StuffTheSpire:FinalStruggle"],"picked":"Acrobatics+1","floor":46},{"not_picked":["Dash","ReplayTheSpireMod:Speed Training"],"picked":"Accuracy+1","floor":47},{"not_picked":["StuffTheSpire:Fury","Prepared+1"],"picked":"Hidden Blade","floor":48}],"player_experience":232390,"relics_obtained":[{"floor":6,"key":"Peace Pipe"},{"floor":8,"key":"Replay:Wax Seal"},{"floor":12,"key":"aspiration:HummingbirdHeart"},{"floor":21,"key":"hubris:DuctTape"},{"floor":24,"key":"hubris:TenFootPole"},{"floor":26,"key":"hubris:DeckOfHolding"},{"floor":27,"key":"Bag of Marbles"},{"floor":31,"key":"Boot"},{"floor":38,"key":"ReplayFunnel"},{"floor":41,"key":"Meat on the Bone"},{"floor":43,"key":"aspiration:HiddenCompartment"},{"floor":44,"key":"jedi:angrymask"},{"floor":45,"key":"D6"},{"floor":46,"key":"CCEMRelics:Pendulum"}],"event_choices":[{"damage_healed":0,"gold_gain":0,"player_choice":"Ignored","damage_taken":0,"max_hp_gain":0,"max_hp_loss":0,"event_name":"OrinTheCat","floor":37,"gold_loss":0}],"is_beta":true,"boss_relics":[{"not_picked":["Runic Pyramid","CCEMRelics:GreenEgg"],"picked":"Fusion Hammer"},{"not_picked":[]},{"not_picked":["hubris:CrackedHourglass","aspiration:PoetsPen_weak"],"picked":"MagicMushroom"},{"not_picked":[]}],"items_purged_floors":[19],"is_endless":false,"potions_floor_spawned":[1,4,6,11,12,24,27,28,33,41,44,45,48],"ascension_level":1}}