{"host":"e9x02d116nyd6j9y","time":1607837640,"event":{"mods":["BaseMod","Minty Spire (QoL Compilation)","SuperFastMode","everything is the same but u backflip on backflip"],"gold_per_floor":[119,129,149,224,235,268,268,280,280,280,280,109,129,153,153,276,276,292,306,105,105,118,118,118,118],"floor_reached":24,"playtime":1234,"items_purged":["Defend_G","Dagger Spray"],"score":200,"play_id":"a91ae2ce-3815-4245-820e-316ddff22d25","local_time":"20201213143400","is_ascension_mode":false,"campfire_choices":[{"floor":7,"key":"REST"},{"floor":15,"key":"REST"},{"data":"Noxious Fumes","floor":23,"key":"SMITH"}],"circlet_count":0,"master_deck":["Strike_G","Strike_G","Strike_G","Defend_G+1","Defend_G","Defend_G+1","Defend_G","Survivor","Neutralize","Dodge and Roll","Noxious Fumes+1","Dagger Throw","Backstab","Acrobatics","PiercingWail","Dash","Dagger Spray","Blade Dance","Envenom","A Thousand Cuts+1","Prepared+1","Adrenaline+1","Noxious Fumes","All Out Attack","Underhanded Strike"],"relics":["Ring of the Snake","NeowsBlessing","Tingsha","War Paint","Golden Idol","Astrolabe","CultistMask"],"acts_visited":["Exordium","TheCity"],"potions_floor_usage":[16,19],"damage_taken":[{"damage":0,"enemies":"Cultist","floor":1,"turns":1},{"damage":0,"enemies":"Small Slimes","floor":2,"turns":1},{"damage":0,"enemies":"2 Louse","floor":3,"turns":1},{"damage":2,"enemies":"Blue Slaver","floor":5,"turns":5},{"damage":45,"enemies":"Gremlin Nob","floor":6,"turns":6},{"damage":1,"enemies":"Lots of Slimes","floor":8,"turns":5},{"damage":0,"enemies":"Exordium Wildlife","floor":13,"turns":3},{"damage":0,"enemies":"Looter","floor":14,"turns":2},{"damage":19,"enemies":"The Guardian","floor":16,"turns":14},{"damage":22,"enemies":"Spheric Guardian","floor":18,"turns":4},{"damage":0,"enemies":"Chosen","floor":19,"turns":4},{"damage":12,"enemies":"Snake Plant","floor":22,"turns":6},{"damage":32,"enemies":"Chosen and Byrds","floor":24,"turns":4}],"seed_played":"1207266209119216443","potions_obtained":[{"floor":1,"key":"Weak Potion"},{"floor":2,"key":"Poison Potion"},{"floor":5,"key":"Weak Potion"},{"floor":14,"key":"Fire Potion"},{"floor":22,"key":"Regen Potion"}],"is_trial":false,"path_per_floor":["M","M","M","?","M","E","R","M","T","?","?","$","M","M","R","B",null,"M","M","$","?","M","R","M"],"character_chosen":"THE_SILENT","items_purchased":["Dagger Spray","Dash","Noxious Fumes","All Out Attack"],"campfire_rested":2,"item_purchase_floors":[12,12,20,20],"current_hp_per_floor":[70,70,70,59,57,12,33,32,32,32,32,32,32,32,51,32,65,43,43,43,43,31,31,0,0],"gold":118,"neow_bonus":"THREE_ENEMY_KILL","is_daily":false,"chose_seed":false,"campfire_upgraded":1,"win_rate":0.0,"timestamp":1607837640,"path_taken":["M","M","M","?","M","E","R","M","T","?","?","?","M","?","R","BOSS","M","?","$","?","M","R","?"],"items_purchased_type":["Card","Card","Card","Card"],"build_version":"2020-11-30","purchased_purges":2,"victory":false,"max_hp_per_floor":[70,70,70,70,70,70,70,70,70,65,65,65,65,65,65,65,65,65,65,65,65,65,65,65,65],"card_choices":[{"not_picked":["Distraction","Choke"],"picked":"Dodge and Roll","floor":1},{"not_picked":["Skewer","Endless Agony"],"picked":"Noxious Fumes","floor":2},{"not_picked":["Slice","Noxious Fumes"],"picked":"Dagger Throw","floor":3},{"not_picked":["Blade Dance","Deflect"],"picked":"Backstab","floor":5},{"not_picked":["Predator","Doppelganger"],"picked":"Acrobatics","floor":6},{"not_picked":["Deadly Poison","Deflect"],"picked":"PiercingWail","floor":8},{"not_picked":["Dagger Throw","Bouncing Flask"],"picked":"Dagger Spray","floor":13},{"not_picked":["Escape Plan","Underhanded Strike"],"picked":"Blade Dance","floor":14},{"not_picked":["Venomology","Phantasmal Killer"],"picked":"Envenom","floor":16},{"not_picked":["Crippling Poison","Predator","Skewer+1"],"picked":"SKIP","floor":18},{"not_picked":["Leg Sweep+1","Reflex"],"picked":"Dagger Spray","floor":19},{"not_picked":["Backflip","Slice"],"picked":"Underhanded Strike","floor":22}],"player_experience":3784,"relics_obtained":[{"floor":6,"key":"Tingsha"},{"floor":9,"key":"War Paint"}],"event_choices":[{"damage_healed":0,"gold_gain":75,"player_choice":"Gather Gold","damage_taken":11,"max_hp_gain":0,"max_hp_loss":0,"event_name":"World of Goop","floor":4,"gold_loss":0},{"damage_healed":0,"gold_gain":0,"player_choice":"Lose Max HP","damage_taken":0,"relics_obtained":["Golden Idol"],"max_hp_gain":0,"max_hp_loss":5,"event_name":"Golden Idol","floor":10,"gold_loss":0},{"damage_healed":0,"gold_gain":0,"player_choice":"Fled","damage_taken":0,"max_hp_gain":0,"max_hp_loss":0,"event_name":"Scrap Ooze","floor":11,"gold_loss":0},{"damage_healed":0,"gold_gain":0,"player_choice":"Trade","damage_taken":0,"relics_obtained":["CultistMask"],"max_hp_gain":0,"max_hp_loss":0,"event_name":"FaceTrader","floor":21,"gold_loss":0}],"is_beta":false,"boss_relics":[{"not_picked":["Ectoplasm","Philosopher\u0027s Stone"],"picked":"Astrolabe"}],"items_purged_floors":[12,20],"is_endless":false,"potions_floor_spawned":[1,2,5,14,22],"killed_by":"Chosen and Byrds","ascension_level":0}}