{"host":"hszimsrtxxc2k25w","time":1607886690,"event":{"mods":["AchievementEnabler","BaseMod","Colored Map","DeckTracker","Minty Spire (QoL Compilation)","Rare Cards Sparkle","SuperFastMode"],"gold_per_floor":[17,27,27,40,65,65,85,85,85,106,127,127,171,186,186,279,279,293,293,293,30,45,45,45],"floor_reached":23,"playtime":555,"items_purged":[],"score":371,"play_id":"c9299b60-fa2e-46e2-bbb3-b8e6a777e54e","local_time":"20201214041130","is_ascension_mode":true,"campfire_choices":[{"data":"Deadly Poison","floor":6.0,"key":"SMITH"},{"floor":12.0,"key":"REST"},{"floor":15.0,"key":"REST"}],"circlet_count":0,"master_deck":["AscendersBane","Strike_G","Strike_G","Defend_G","Defend_G","Defend_G","Defend_G","Defend_G","Survivor","Neutralize","Riddle With Holes","Cloak And Dagger","Crippling Poison+1","Catalyst","PiercingWail","Deadly Poison+1","Die Die Die","PiercingWail","Bouncing Flask","Envenom","Night Terror","PiercingWail","Apotheosis","Noxious Fumes"],"relics":["Ring of the Snake","Golden Idol","Lantern","Dream Catcher","Sozu"],"acts_visited":["Exordium","TheCity"],"potions_floor_usage":[16],"damage_taken":[{"damage":11.0,"enemies":"Jaw Worm","floor":1.0,"turns":5.0},{"damage":4.0,"enemies":"Small Slimes","floor":2.0,"turns":3.0},{"damage":4.0,"enemies":"Cultist","floor":4.0,"turns":4.0},{"damage":21.0,"enemies":"Blue Slaver","floor":5.0,"turns":5.0},{"damage":10.0,"enemies":"Looter","floor":7.0,"turns":3.0},{"damage":0.0,"enemies":"Exordium Thugs","floor":10.0,"turns":3.0},{"damage":0.0,"enemies":"Lots of Slimes","floor":11.0,"turns":1.0},{"damage":16.0,"enemies":"3 Sentries","floor":13.0,"turns":5.0},{"damage":8.0,"enemies":"Exordium Wildlife","floor":14.0,"turns":3.0},{"damage":16,"enemies":"The Guardian","floor":16,"turns":8},{"damage":6,"enemies":"3 Byrds","floor":18,"turns":4},{"damage":12,"enemies":"Shell Parasite","floor":22,"turns":5},{"damage":33,"enemies":"Gremlin Leader","floor":23,"turns":4}],"seed_played":"708945185609601279","potions_obtained":[{"floor":1.0,"key":"FearPotion"},{"floor":5.0,"key":"FearPotion"},{"floor":13.0,"key":"Weak Potion"},{"floor":14.0,"key":"Fire Potion"}],"is_trial":false,"path_per_floor":["M","M","?","M","M","R","M","?","T","M","M","R","E","M","R","B",null,"M","?","?","$","M","E"],"character_chosen":"THE_SILENT","items_purchased":["Apotheosis","Noxious Fumes"],"campfire_rested":2,"item_purchase_floors":[21,21],"current_hp_per_floor":[48,44,44,40,19,19,9,9,9,9,9,27,11,3,21,5,46,40,40,40,40,28,0,0],"gold":45,"neow_bonus":"TRANSFORM_TWO_CARDS","is_daily":false,"chose_seed":false,"campfire_upgraded":1,"win_rate":0.0,"timestamp":1607886690,"path_taken":["M","M","?","M","M","R","M","?","T","M","M","R","E","?","R","BOSS","M","?","?","$","M","E"],"items_purchased_type":["Card","Card"],"build_version":"2020-11-30","purchased_purges":0,"victory":false,"max_hp_per_floor":[66,66,60,60,60,60,60,60,60,60,60,60,60,60,60,60,60,60,60,60,60,60,60,60],"card_choices":[{"not_picked":["Dagger Spray","PiercingWail"],"picked":"Crippling Poison","floor":1.0},{"not_picked":["Underhanded Strike","PiercingWail"],"picked":"Catalyst","floor":2.0},{"not_picked":["Terror","Finisher"],"picked":"PiercingWail","floor":4.0},{"not_picked":["Dagger Throw","Flying Knee"],"picked":"Deadly Poison","floor":5.0},{"not_picked":["Outmaneuver","Acrobatics"],"picked":"Die Die Die","floor":7.0},{"not_picked":["Poisoned Stab","Flying Knee"],"picked":"PiercingWail","floor":10.0},{"not_picked":["Bane","Cloak And Dagger","Outmaneuver"],"picked":"SKIP","floor":11.0},{"not_picked":["Deflect","Backflip"],"picked":"Bouncing Flask","floor":13.0},{"not_picked":["Slice","Sucker Punch","Quick Slash"],"picked":"SKIP","floor":14.0},{"not_picked":["Blade Dance","Deadly Poison"],"picked":"Envenom","floor":15.0},{"not_picked":["Doppelganger","Grand Finale"],"picked":"Night Terror","floor":16},{"not_picked":["Deadly Poison","Poisoned Stab","Terror"],"picked":"SKIP","floor":18},{"not_picked":["Flechettes","Acrobatics","Outmaneuver"],"picked":"SKIP","floor":22}],"player_experience":582196,"relics_obtained":[{"floor":9.0,"key":"Lantern"},{"floor":13.0,"key":"Dream Catcher"}],"event_choices":[{"damage_healed":0.0,"max_hp_gain":0.0,"max_hp_loss":6.0,"gold_gain":0.0,"event_name":"Golden Idol","player_choice":"Lose Max HP","floor":3.0,"gold_loss":0.0,"damage_taken":0.0,"relics_obtained":["Golden Idol"]},{"damage_healed":0.0,"max_hp_gain":0.0,"max_hp_loss":0.0,"gold_gain":0.0,"event_name":"Upgrade Shrine","player_choice":"Upgraded","floor":8.0,"gold_loss":0.0,"damage_taken":0.0,"cards_upgraded":["Crippling Poison"]},{"cards_removed":["Strike_G"],"damage_healed":0,"gold_gain":0,"player_choice":"Elegance","damage_taken":0,"max_hp_gain":0,"max_hp_loss":0,"event_name":"Back to Basics","floor":19,"gold_loss":0},{"damage_healed":0,"gold_gain":0,"player_choice":"Copied","damage_taken":0,"max_hp_gain":0,"max_hp_loss":0,"event_name":"Duplicator","floor":20,"gold_loss":0,"cards_obtained":["PiercingWail"]}],"is_beta":false,"boss_relics":[{"not_picked":["Runic Dome","WristBlade"],"picked":"Sozu"}],"items_purged_floors":[],"is_endless":false,"potions_floor_spawned":[1,5,13,14],"killed_by":"Gremlin Leader","ascension_level":18}}