{"host":"knjiz4erwy0yt202","time":1606426182,"event":{"mods":["2.2 Compatiblity","Aspiration","BaseMod","Better Altar","Better Match","Better Note","Better Sensory Stone","Better Skull","Better Third Choice","BetterRewards","Colored Powertips","Custom Start","DeckTracker","Energized Spire","Hubris","Minty Spire (QoL Compilation)","Quick Restart","Replay The Spire","Shop Mod","Spicy Shops","Spikes Relics","StSLib","The Blue Laboratory","Uncapped","Wandering Minibosses"],"gold_per_floor":[111,111,149,324,338,370,445,445,445,460,473,12,28,47,47,47,47],"floor_reached":16,"playtime":1099,"items_purged":["Bash","Doubt"],"score":107,"play_id":"2a9c6fbc-7911-43c3-a0dc-c34c6bc70e64","local_time":"20201126132942","is_ascension_mode":true,"campfire_choices":[{"floor":8,"key":"REST"},{"data":"Perfected Strike","floor":15,"key":"SMITH"},{"data":"Perfected Strike","floor":15,"key":"SMITH"}],"circlet_count":0,"master_deck":["Strike_R","Strike_R","Strike_R","Strike_R","Strike_R","Defend_R","Defend_R","Defend_R","Defend_R","Perfected Strike+1","Flex","Shrug It Off","Seeing Red","Flex","Flex","Perfected Strike+1","Inflame"],"relics":["Burning Blood","Frozen Eye","StrikeDummy","MerchantsRug","Potion Belt","SnailShell","Replay:Arrowhead","DollysMirror"],"acts_visited":["Exordium"],"potions_floor_usage":[6,10,16],"damage_taken":[{"damage":0,"enemies":"Small Slimes","floor":1,"turns":2},{"damage":0,"enemies":"2 Louse","floor":5,"turns":2},{"damage":23,"enemies":"Lagavulin","floor":6,"turns":5},{"damage":28,"enemies":"Jaw Worm","floor":10,"turns":8},{"damage":23,"enemies":"Exordium Thugs","floor":11,"turns":5},{"damage":6,"enemies":"Large Slime","floor":13,"turns":5},{"damage":5,"enemies":"Looter","floor":14,"turns":2},{"damage":9,"enemies":"Slime Boss","floor":16,"turns":7}],"seed_played":"-7710177092147535787","potions_obtained":[{"floor":1,"key":"ColorlessPotion"},{"floor":5,"key":"blueLaboratory:FruitPunch"},{"floor":14,"key":"blueLaboratory:FrostheartPotion"}],"is_trial":false,"path_per_floor":["M","?","$","?","M","E","?","R","T","M","M","$","M","M","R","B"],"character_chosen":"IRONCLAD","items_purchased":["BargainBundle","Frozen Eye","StrikeDummy","aspiration:Nostalgia","MerchantsRug","Perfected Strike","Flex","Replay:Arrowhead","DollysMirror"],"campfire_rested":1,"item_purchase_floors":[0,0,0,0,0,0,0,12,12],"current_hp_per_floor":[50,43,43,43,49,34,23,47,47,25,8,8,8,9,9,0,0],"gold":47,"neow_bonus":"","is_daily":false,"chose_seed":false,"campfire_upgraded":2,"win_rate":0.0,"timestamp":1606426182,"path_taken":["M","?","$","?","M","E","?","R","T","M","M","$","M","M","R","BOSS"],"items_purchased_type":["Relic","Relic","Relic","Relic","Relic","Card","Card","Relic","Relic"],"build_version":"2020-11-30","purchased_purges":2,"victory":false,"max_hp_per_floor":[80,80,80,80,80,82,82,82,82,82,82,82,82,82,82,82,82],"card_choices":[{"not_picked":["Entrench","Hemokinesis"],"picked":"Shrug It Off","floor":1},{"not_picked":["Wild Strike","ReplayTheSpireMod:Corrosion Curse"],"picked":"Seeing Red","floor":5},{"not_picked":["hubris:StunningStrike","Carnage"],"picked":"Flex","floor":6},{"not_picked":["Heavy Blade","Headbutt"],"picked":"Flex","floor":10},{"not_picked":["Twin Strike","Iron Wave","Demonic Infusion"],"picked":"SKIP","floor":11},{"not_picked":["Hemokinesis","Wild Strike"],"picked":"Inflame","floor":13},{"not_picked":["Sword Boomerang","Dual Wield","Wild Strike"],"picked":"SKIP","floor":14}],"player_experience":125003,"relics_obtained":[{"floor":6,"key":"SnailShell"},{"floor":9,"key":"hubris:Zylophone"}],"event_choices":[{"damage_healed":0,"gold_gain":0,"player_choice":"Relic ","damage_taken":7,"max_hp_gain":0,"max_hp_loss":0,"event_name":"betterThird:BetterScrap","floor":2,"gold_loss":0,"cards_obtained":["ReplayTheSpireMod:The Works"]},{"damage_healed":0,"gold_gain":175,"player_choice":"AGREE","damage_taken":149,"max_hp_gain":0,"max_hp_loss":0,"event_name":"betterThird:BetterSerpent","floor":4,"gold_loss":0},{"damage_healed":0,"gold_gain":75,"player_choice":"Gold","damage_taken":11,"max_hp_gain":0,"max_hp_loss":0,"event_name":"betterThird:BetterGoop","floor":7,"gold_loss":0}],"is_beta":false,"boss_relics":[],"items_purged_floors":[0,12],"is_endless":false,"potions_floor_spawned":[1,5,14],"killed_by":"Slime Boss","ascension_level":1}}