{"host":"ul103bh19qas5vs8","time":1607865895,"event":{"mods":["BaseMod","Googly Eyes","Minty Spire (QoL Compilation)","Replay The Spire","Shop Mod","StSLib","[IsaacMod]ÒÔÈö¼âËþ"],"gold_per_floor":[109,109,52,69,89,117,117,148,148,175,189,289,316,329,329,428,428,441,452,377,377,377],"floor_reached":21,"playtime":968,"items_purged":["Strike_P","Defend_P"],"score":327,"play_id":"5956e237-d165-4585-9a57-a2ab04736ca6","local_time":"20201213212455","is_ascension_mode":true,"campfire_choices":[{"data":"Collect","floor":7,"key":"SMITH"},{"data":"EpicFetus","floor":15,"key":"SMITH"}],"circlet_count":0,"master_deck":["Strike_P","Defend_P","Defend_P","Eruption","Vigilance","EpicFetus+1","SpiritShield","ReachHeaven+1","TalkToTheHand","Collect+1","DeusExMachina","Replay:Anticipation","Conclude","FearNoEvil","Wish","LessonLearned"],"relics":["PureWater","HushsDoor","Leech","Letter Opener","Oddly Smooth Stone","Replay:Bottled Steam","Omamori","Prayer Wheel","Empty Cage"],"acts_visited":["Exordium","TheCity"],"potions_floor_usage":[6],"damage_taken":[{"damage":13,"enemies":"2 Louse","floor":1,"turns":2},{"damage":1,"enemies":"Cultist","floor":4,"turns":3},{"damage":2,"enemies":"Jaw Worm","floor":5,"turns":3},{"damage":20,"enemies":"3 Sentries","floor":6,"turns":4},{"damage":4,"enemies":"Lagavulin","floor":8,"turns":6},{"damage":19,"enemies":"3 Sentries","floor":10,"turns":5},{"damage":7,"enemies":"Exordium Wildlife","floor":11,"turns":3},{"damage":0,"enemies":"Lagavulin","floor":13,"turns":4},{"damage":2,"enemies":"Blue Slaver","floor":14,"turns":4},{"damage":0,"enemies":"The Guardian","floor":16,"turns":6},{"damage":23,"enemies":"2 Thieves","floor":18,"turns":3},{"damage":0,"enemies":"Spheric Guardian","floor":19,"turns":3}],"seed_played":"3481887523090022409","potions_obtained":[{"floor":1,"key":"AttackPotion"},{"floor":4,"key":"Adrenaline Potion"},{"floor":5,"key":"LiquidBronze"},{"floor":10,"key":"Block Potion"},{"floor":11,"key":"SteroidPotion"},{"floor":13,"key":"StancePotion"}],"is_trial":false,"path_per_floor":["M","?","$","M","M","E","R","E","T","E","M","?","E","M","R","B",null,"M","M","$","M"],"character_chosen":"WATCHER","items_purchased":["ReachHeaven+1","LessonLearned"],"campfire_rested":0,"item_purchase_floors":[3,17],"current_hp_per_floor":[52,52,52,53,53,37,37,38,38,23,18,18,21,22,22,27,56,35,38,38,40,40],"gold":377,"neow_bonus":"TRANSFORM_TWO_CARDS","is_daily":false,"chose_seed":false,"campfire_upgraded":2,"win_rate":0.0,"timestamp":1607865895,"path_taken":["M","?","$","?","M","E","R","E","T","E","M","?","E","M","R","BOSS","M","M","$","M"],"items_purchased_type":["Card","Card"],"build_version":"2020-11-30","purchased_purges":2,"victory":false,"max_hp_per_floor":[65,65,65,65,65,65,65,65,65,65,65,65,65,65,65,65,56,56,56,56,56,56],"card_choices":[{"not_picked":[],"picked":"EpicFetus","floor":0},{"not_picked":["Replay:Cycle","Replay:ManipulateFuture","Weave"],"picked":"SKIP","floor":1},{"not_picked":["WindmillStrike","CarveReality","Consecrate"],"picked":"SKIP","floor":4},{"not_picked":["FlurryOfBlows","ReachHeaven"],"picked":"TalkToTheHand","floor":5},{"not_picked":["FollowUp","Replay:Battleflow"],"picked":"Collect","floor":6},{"not_picked":["SandsOfTime","Bomb"],"picked":"DeusExMachina","floor":8},{"not_picked":["Protect","Halt"],"picked":"Replay:Anticipation","floor":10},{"not_picked":["Halt","Meditate"],"picked":"Conclude","floor":11},{"not_picked":["ForeignInfluence","Collect"],"picked":"FearNoEvil","floor":13},{"not_picked":["Replay:Cycle","ReachHeaven","PathToVictory"],"picked":"SKIP","floor":14},{"not_picked":["WreathOfFlame","Pray","Crescendo"],"picked":"SKIP","floor":14},{"not_picked":["Alpha","Vault"],"picked":"Wish","floor":16},{"not_picked":["BowlingBash","CutThroughFate+1","BattleHymn"],"picked":"SKIP","floor":18},{"not_picked":["Consecrate","FlurryOfBlows+1","EmptyBody"],"picked":"SKIP","floor":18},{"not_picked":["Consecrate+1","Protect","LikeWater"],"picked":"SKIP","floor":19},{"not_picked":["EmptyMind","WreathOfFlame","Replay:AtTheReady"],"picked":"SKIP","floor":19}],"player_experience":91052,"relics_obtained":[{"floor":6,"key":"Letter Opener"},{"floor":8,"key":"Oddly Smooth Stone"},{"floor":9,"key":"Replay:Bottled Steam"},{"floor":10,"key":"Omamori"},{"floor":13,"key":"Prayer Wheel"}],"event_choices":[{"damage_healed":0,"gold_gain":0,"cards_transformed":["Replay:Battleflow"],"player_choice":"Change","damage_taken":0,"max_hp_gain":0,"max_hp_loss":0,"event_name":"Living Wall","floor":2,"gold_loss":0,"cards_obtained":["Replay:BluntJabs"]}],"is_beta":false,"boss_relics":[{"not_picked":["Busted Crown","Cursed Key"],"picked":"Empty Cage"},{"not_picked":[]}],"items_purged_floors":[17,20],"is_endless":false,"potions_floor_spawned":[1,4,5,10,11,13,16,18,19],"killed_by":"Snake Plant","ascension_level":3}}