{"host":"qzvr69t6v3frb6bz","time":1607903036,"event":{"mods":["Aspiration","BaseMod","Better Altar","Better Match","Better Note","Better Sensory Stone","Better Skull","Better Third Choice","BetterRewards","Colored Map","Colored Powertips","Downfall","Highlight Path","Hubris","Infinite Spire","Minty Spire (QoL Compilation)","Replay The Spire","Shop Mod","StSLib","The Bug Knight","The Cursed","The Jungle","The Servant 0.9.4"],"gold_per_floor":[99,99,99,9,9,37,61,71,83,110,128,38,57,57,69,166,166,91,91,108,123,253,178,178,178,205,205,221,221,221,221,239,239,258,353,353,278,278,278,278,349,367,367,367,377,407,424,424,424,474,485,485],"floor_reached":53,"playtime":6707,"items_purged":["hexamod:Strike"],"score":883,"play_id":"8267bad2-4e08-4898-971c-25912cae08a0","local_time":"20201213234356","is_ascension_mode":false,"campfire_choices":[{"floor":1.0,"key":"RECALL"},{"data":"hexamod:CatchUp","floor":18.0,"key":"SMITH"},{"data":"hexamod:VolcanoVisage","floor":23.0,"key":"SMITH"},{"data":"hexamod:HeatMetal","floor":25.0,"key":"SMITH"},{"data":"hexamod:EmpoweredFlame","floor":27.0,"key":"SMITH"},{"data":"hexamod:SearingWound","floor":37.0,"key":"SMITH"},{"data":"hexamod:Rewind","floor":44,"key":"SMITH"}],"circlet_count":0,"master_deck":["hexamod:Strike+1","hexamod:Strike+1","hexamod:Strike+1","hexamod:Defend+1","hexamod:Defend+1","hexamod:Defend+1","hexamod:Sear+1","hexamod:Float+1","hexamod:CatchUp+1","hexamod:GhostflameInferno+1","hexamod:PhantomFireball+1","hexamod:EtherealExpedition+1","hexamod:TurnItUp+1","hexamod:GhostOfSpirePast+1","hexamod:ExtraCrispy+1","hexamod:VolcanoVisage+1","AbeCurse","hubris:Fate+1","hexamod:HeatMetal+1","hexamod:EmpoweredFlame+1","hexamod:SpectralAdrenaline+1","hexamod:SearingWound+1","infinitespire:SealOfDarkness+","hexamod:Rewind+1","hexamod:ChargedBarrage+1","infinitespire:TheBestDefense"],"relics":["hexamod:SpiritBrand","hubris:Icosahedron","infinitespire:Beetle Shell","Mango","Abe\u0027s Treasure","downfall:HeartBlessingRed","infinitespire:Lucky Rock","Gambling Chip","downfall:HeartBlessingGreen","Onion Ring","hubris:GlazedTorus","downfall:HeartBlessingBlue","hubris:KleinBottle","Pear","infinitespire:Lucky Rock","Toy Ornithopter","Mummified Hand","Counterbalance"],"acts_visited":["Exordium","TheCity","TheBeyond"],"potions_floor_usage":[46,47,50],"damage_taken":[{"damage":5.0,"enemies":"downfall:FleeingMerchant","floor":4.0,"turns":4.0},{"damage":23.0,"enemies":"Lagavulin","floor":6.0,"turns":9.0},{"damage":4.0,"enemies":"Small Slimes","floor":8.0,"turns":3.0},{"damage":8.0,"enemies":"2 Louse","floor":9.0,"turns":3.0},{"damage":6.0,"enemies":"HollowMod:MossKnight","floor":10.0,"turns":7.0},{"damage":6.0,"enemies":"Jaw Worm","floor":11.0,"turns":4.0},{"damage":0.0,"enemies":"downfall:FleeingMerchant","floor":12.0,"turns":4.0},{"damage":5.0,"enemies":"Blue Slaver","floor":13.0,"turns":4.0},{"damage":2.0,"enemies":"Gremlin Gang","floor":15.0,"turns":4.0},{"damage":10.0,"enemies":"downfall:Silent","floor":16.0,"turns":8.0},{"damage":4.0,"enemies":"Centurion and Healer","floor":20.0,"turns":4.0},{"damage":15.0,"enemies":"Snake Plant","floor":21.0,"turns":4.0},{"damage":9.0,"enemies":"Nightmare","floor":22.0,"turns":6.0},{"damage":18.0,"enemies":"Book of Stabbing","floor":26.0,"turns":4.0},{"damage":2.0,"enemies":"Cultist and Chosen","floor":28.0,"turns":4.0},{"damage":2.0,"enemies":"Snecko","floor":32.0,"turns":3.0},{"damage":3.0,"enemies":"Snake Plant","floor":34.0,"turns":3.0},{"damage":7.0,"enemies":"downfall:Ironclad","floor":35.0,"turns":7.0},{"damage":0,"enemies":"Orb Walker","floor":42,"turns":1},{"damage":2,"enemies":"3 Shapes","floor":45,"turns":5},{"damage":4,"enemies":"Giant Head","floor":46,"turns":8},{"damage":15,"enemies":"3 Darklings","floor":47,"turns":3},{"damage":47,"enemies":"infinitespire:Three Voidlings","floor":49,"turns":5},{"damage":15,"enemies":"2 Orb Walkers","floor":50,"turns":4},{"damage":2,"enemies":"Maw","floor":51,"turns":7},{"damage":2,"enemies":"downfall:Watcher","floor":52,"turns":8}],"seed_played":"-4962785198138693392","potions_obtained":[{"floor":6.0,"key":"Elixir"},{"floor":8.0,"key":"Cursed Concoction"},{"floor":10.0,"key":"LifebloodPotion"},{"floor":20.0,"key":"LiquidMemories"},{"floor":42,"key":"DuplicationPotion"},{"floor":47,"key":"Fire Potion"},{"floor":50,"key":"SteroidPotion"}],"is_trial":false,"path_per_floor":["R_BF","?","?","$","?","E","T","M","M","E","M","$","M","?","M","B",null,"R","AVR","M","M","NM","R","T","R","E","R","M","?","PTL","PTL","M","?","M","B",null,"R","?","?","$","?","M","T","R","M","E","M","AVR","?","?","M","B",null],"character_chosen":"THE_SPIRIT","items_purchased":["hexamod:GhostflameInferno","hubris:KleinBottle"],"campfire_rested":0,"item_purchase_floors":[4,40],"current_hp_per_floor":[70,70,70,65,70,47,47,43,35,43,37,37,32,32,30,20,89,89,89,85,70,61,61,61,61,43,43,41,33,33,33,31,31,28,21,89,99,99,99,80,90,90,90,90,88,84,74,74,43,33,31,29],"gold":485,"neow_bonus":"ONE_RANDOM_RARE_CARD","is_daily":false,"chose_seed":false,"campfire_upgraded":6,"win_rate":0.0,"timestamp":1607903036,"path_taken":["R_BF","?","?","$","?","E","T","M","M","E","M","$","?","?","M","BOSS","R","AVR","M","M","NM","R","T","R","E","R","?","?","PTL","PTL","?","?","M","BOSS","R","?","?","?","?","M","T","R","M","E","?","AVR","?","?","M","BOSS"],"items_purchased_type":["Card","Relic"],"build_version":"2020-11-30","purchased_purges":1,"victory":true,"max_hp_per_floor":[70,70,70,70,75,75,75,75,75,89,89,89,89,89,89,89,89,89,89,89,89,89,89,89,89,89,89,89,89,89,89,89,89,89,89,89,99,99,99,99,109,109,109,109,109,109,109,109,109,109,109,109],"card_choices":[{"not_picked":["hexamod:InspiringFlames","hexamod:GhostOfSpireFuture"],"picked":"hexamod:CatchUp","floor":4.0},{"not_picked":["hexamod:ExtraCrispy","hexamod:FastForward","hexamod:HeatCrush"],"picked":"SKIP","floor":6.0},{"not_picked":["hexamod:HeatShield","hexamod:NightmareStrike"],"picked":"hexamod:PhantomFireball","floor":8.0},{"not_picked":["hexamod:NightmareStrike","hexamod:BurningTouch"],"picked":"hexamod:EtherealExpedition","floor":9.0},{"not_picked":["hexamod:BacktrackSmack","hexamod:SpectersWail"],"picked":"hexamod:TurnItUp","floor":10.0},{"not_picked":["hexamod:PhantomFireball","hexamod:HauntingEcho","hexamod:GhostflameBarrier"],"picked":"SKIP","floor":11.0},{"not_picked":["hexamod:BacktrackSmack","hexamod:Haunt"],"picked":"hexamod:GhostOfSpirePast","floor":12.0},{"not_picked":["hexamod:ShieldOfDarkness","hexamod:BurningTouch","hexamod:GhostLash"],"picked":"SKIP","floor":13.0},{"not_picked":["hexamod:Hexaguard","hexamod:CrushingStance","hexamod:ThermalTransfer"],"picked":"SKIP","floor":15.0},{"not_picked":["hexamod:GhostflameInferno","hexamod:FifthSeal"],"picked":"hexamod:VolcanoVisage","floor":16.0},{"not_picked":["hexamod:Firestarter","hexamod:BurningTouch","hexamod:ThermalTransfer"],"picked":"SKIP","floor":20.0},{"not_picked":["hexamod:GhostLash","hexamod:NightmareGuise","hexamod:PhantomCloak"],"picked":"SKIP","floor":21.0},{"not_picked":["hexamod:NightmareStrike+1","hexamod:Hexaguard"],"picked":"hexamod:HeatMetal","floor":22.0},{"not_picked":["hexamod:AdvancingGuard+1","hexamod:GhostOfSpireFuture"],"picked":"hexamod:EmpoweredFlame","floor":26.0},{"not_picked":["hexamod:BacktrackSmack","hexamod:NightmareGuise","hexamod:FastForward"],"picked":"SKIP","floor":28.0},{"not_picked":["hexamod:Haunt","hexamod:EtherealExpedition","hexamod:InspiringFlames+1"],"picked":"SKIP","floor":32.0},{"not_picked":["hexamod:ParanormalForm","hexamod:FastForward+1"],"picked":"hexamod:SpectralAdrenaline+1","floor":34.0},{"not_picked":["hexamod:TimeOfNeed","hexamod:CrushingStance"],"picked":"hexamod:SearingWound","floor":35.0},{"not_picked":["infinitespire:Oblivion","ReplayTheSpireMod:Echoes of Time"],"picked":"infinitespire:SealOfDarkness+","floor":40},{"not_picked":["hexamod:HauntingEcho","hexamod:ThermalTransfer"],"picked":"hexamod:Rewind","floor":42},{"not_picked":["hexamod:EmpoweringStance","hexamod:InspiringFlames+1","hexamod:GhostShield"],"picked":"SKIP","floor":45},{"not_picked":["hexamod:ChargedBarrage","hexamod:FastForward","hexamod:EtherealExpedition"],"picked":"SKIP","floor":46},{"not_picked":["hexamod:Again+1","hexamod:ShieldOfDarkness+1"],"picked":"hexamod:ChargedBarrage+1","floor":47},{"not_picked":["hexamod:SoulSteal","hexamod:RainOfEmbers+1","hexamod:SecondSeal"],"picked":"SKIP","floor":51},{"not_picked":["hexamod:SoulSteal","hexamod:RainOfEmbers+1","hexamod:SecondSeal"],"picked":"SKIP","floor":51}],"player_experience":503303,"relics_obtained":[{"floor":6.0,"key":"infinitespire:Beetle Shell"},{"floor":10.0,"key":"Mango"},{"floor":22.0,"key":"Gambling Chip"},{"floor":24.0,"key":"Onion Ring"},{"floor":26.0,"key":"hubris:GlazedTorus"},{"floor":41,"key":"Pear"},{"floor":43,"key":"infinitespire:Lucky Rock"},{"floor":46,"key":"Toy Ornithopter"},{"floor":50,"key":"Counterbalance"}],"event_choices":[{"damage_healed":0.0,"max_hp_gain":5.0,"max_hp_loss":0.0,"gold_gain":0.0,"event_name":"Big Fish","player_choice":"Donut","floor":5.0,"gold_loss":0.0,"damage_taken":0.0},{"damage_healed":0.0,"max_hp_gain":0.0,"max_hp_loss":0.0,"gold_gain":0.0,"cards_transformed":["hexamod:Defend"],"event_name":"Transmorgrifier","player_choice":"Transformed","floor":14.0,"gold_loss":0.0,"damage_taken":0.0,"cards_obtained":["hexamod:ExtraCrispy"]},{"damage_healed":0.0,"max_hp_gain":0.0,"max_hp_loss":0.0,"gold_gain":0.0,"event_name":"Purifier","player_choice":"Ignored","floor":33.0,"gold_loss":0.0,"damage_taken":0.0},{"damage_healed":0,"gold_gain":0,"player_choice":"Fight","damage_taken":0,"max_hp_gain":0,"max_hp_loss":0,"event_name":"Mysterious Sphere","floor":50,"gold_loss":0}],"is_beta":false,"boss_relics":[{"not_picked":["ChewingGum","aspiration:WatcherSkillbook"],"picked":"Abe\u0027s Treasure"},{"not_picked":["Pandora\u0027s Box","Kintsugi","aspiration:RunicSpoon"]}],"items_purged_floors":[12],"is_endless":false,"potions_floor_spawned":[6,8,10,15,20,21,42,45,47,50],"ascension_level":0}}