{"host":"vh33hu3wddwn6yt6","time":1607881085,"event":{"mods":["AchievementEnabler","Act Like it!","Aspiration","BaseMod","Better Altar","Better Match","Better Note","Better Sensory Stone","Better Skull","Better Third Choice","BetterRewards","Downfall","Hubris","Minty Spire (QoL Compilation)","Permanent Neow","Replay The Spire","Shop Mod","Spicy Shops","StSLib","SuperFastMode","The Blackbeard","The Judge","The Necromancer","The Poker Player","The Servant 0.9.4"],"gold_per_floor":[199,219,229,279,279,310,335,354,204,235,245,262,282,282,296,395,395,395,423,443,476,476,476,476,29,35,35,35],"floor_reached":26,"playtime":834,"items_purged":[],"score":279,"play_id":"174c0d40-8ae8-4a3e-ab1d-37a022ca7aab","local_time":"20201213183805","is_ascension_mode":true,"campfire_choices":[{"floor":1,"key":"RECALL"},{"data":"blackbeard:Cutlass","floor":9,"key":"SMITH"},{"data":"blackbeard:CaptainsHat","floor":18,"key":"SMITH"}],"circlet_count":0,"master_deck":["blackbeard:BlackbeardStrike","blackbeard:BlackbeardStrike","blackbeard:BlackbeardStrike","blackbeard:BlackbeardStrike","blackbeard:IntimidatingStrike","blackbeard:BlackbeardDefend","blackbeard:BlackbeardDefend","blackbeard:BlackbeardDefend","blackbeard:BlackbeardDefend","blackbeard:Cutlass+1","blackbeard:PirateHook","blackbeard:CloakAndCannonball","blackbeard:PirateHook","blackbeard:FieryDefense","blackbeard:InfiniteBarrage","blackbeard:BrownPants","blackbeard:WeaponProficiency","blackbeard:CaptainsHat+1","blackbeard:MegaUpgrade","hubris:DuctTapeCard"],"relics":["blackbeard:LoadTheCannons","hubris:OldNail","blackbeard:WhitePearl","BranchBurnRelic","downfall:HeartBlessingRed","downfall:HeartBlessingGreen","Replay:Mystery Machine","Philosopher\u0027s Stone","aspiration:Lifesprig","CeramicFish","blackbeard:HipFlask","Replay:Bandana","hubris:DuctTape"],"acts_visited":["Exordium","TheCity"],"potions_floor_usage":[4,6,6,16,16,19,20,26],"damage_taken":[{"damage":0,"enemies":"Jaw Worm","floor":2,"turns":4},{"damage":0,"enemies":"Cultist","floor":3,"turns":3},{"damage":13,"enemies":"3 Sentries","floor":4,"turns":8},{"damage":15,"enemies":"Lagavulin","floor":6,"turns":5},{"damage":0,"enemies":"2 Louse","floor":8,"turns":1},{"damage":10,"enemies":"Gremlin Nob","floor":10,"turns":4},{"damage":0,"enemies":"2 Fungi Beasts","floor":11,"turns":3},{"damage":0,"enemies":"Large Slime","floor":12,"turns":3},{"damage":0,"enemies":"Blue Slaver","floor":13,"turns":4},{"damage":1,"enemies":"Lots of Slimes","floor":15,"turns":3},{"damage":30,"enemies":"downfall:Watcher","floor":16,"turns":7},{"damage":6,"enemies":"Book of Stabbing","floor":19,"turns":5},{"damage":28,"enemies":"3 Byrds","floor":20,"turns":5},{"damage":28,"enemies":"Replay:Snechameleon","floor":21,"turns":5},{"damage":0,"enemies":"downfall:FleeingMerchant","floor":25,"turns":4},{"damage":19,"enemies":"Book of Stabbing","floor":26,"turns":3}],"seed_played":"6873849031375415644","potions_obtained":[{"floor":2,"key":"Slimebound:ThreeZeroPotion"},{"floor":4,"key":"Swift Potion"},{"floor":5,"key":"ColorlessPotion"},{"floor":5,"key":"GamblersBrew"},{"floor":10,"key":"PowerPotion"},{"floor":11,"key":"blackbeard:OrangeJuicePotion"},{"floor":13,"key":"LifebloodPotion"},{"floor":16,"key":"Explosive Potion"}],"is_trial":false,"path_per_floor":["R","M","M","E","?","E","T","M","R","E","M","M","M","?","M","B",null,"R","E","M","E","?","?","T","$","E"],"character_chosen":"BLACKBEARD_CLASS","items_purchased":["Replay:Bandana","hubris:DuctTape","ColorlessPotion"],"campfire_rested":0,"item_purchase_floors":[25,25,25],"current_hp_per_floor":[75,75,75,62,62,47,47,47,47,49,49,49,49,49,48,26,75,75,71,43,15,15,15,15,15,0,0,0],"gold":35,"neow_bonus":"HUNDRED_GOLD","is_daily":false,"chose_seed":false,"campfire_upgraded":2,"win_rate":0.0,"timestamp":1607881085,"path_taken":["R","M","M","E","?","E","T","M","R","E","M","?","M","?","M","BOSS","R","E","M","E","?","?","T","$","E"],"items_purchased_type":["Relic","Relic","Potion"],"build_version":"2020-11-30","purchased_purges":0,"victory":false,"max_hp_per_floor":[75,75,75,75,75,75,75,75,75,75,75,75,75,75,75,75,75,75,75,75,75,75,75,75,75,75,75,75],"card_choices":[{"not_picked":["blackbeard:Upgrade","blackbeard:BlindAttacks"],"picked":"blackbeard:PirateHook","floor":2},{"not_picked":["blackbeard:WeaponProficiency","blackbeard:Dagger"],"picked":"blackbeard:CloakAndCannonball","floor":3},{"not_picked":["blackbeard:FieryDefense","blackbeard:GoldenCannonball"],"picked":"blackbeard:PirateHook","floor":4},{"not_picked":["blackbeard:GoldenStrike","blackbeard:ReapersScythe"],"picked":"blackbeard:FieryDefense","floor":6},{"not_picked":["blackbeard:Sharpening","blackbeard:RemoveScurvy","blackbeard:SwordDance"],"picked":"SKIP","floor":8},{"not_picked":["blackbeard:BeatUp","blackbeard:TacticalRetreat"],"picked":"blackbeard:InfiniteBarrage","floor":10},{"not_picked":["blackbeard:Scrap","blackbeard:Bandana","blackbeard:DeadlyArsenal"],"picked":"SKIP","floor":11},{"not_picked":["blackbeard:Shrapnel","blackbeard:Dagger"],"picked":"blackbeard:BrownPants","floor":12},{"not_picked":["blackbeard:GoldenCannonball","blackbeard:PirateEarring"],"picked":"blackbeard:WeaponProficiency","floor":13},{"not_picked":["blackbeard:JollyRoger","blackbeard:CloakAndCannonball"],"picked":"blackbeard:Dagger","floor":15},{"not_picked":["blackbeard:Lifeboat","blackbeard:Salvager"],"picked":"blackbeard:CaptainsHat","floor":16},{"not_picked":["blackbeard:FishingNets","blackbeard:PowderKeg+1"],"picked":"blackbeard:MegaUpgrade","floor":19},{"not_picked":["blackbeard:Sharpening","blackbeard:Fencing+1","blackbeard:PiratesWill+1"],"picked":"SKIP","floor":20},{"not_picked":["blackbeard:SwordDance","blackbeard:CaptainsCabin","blackbeard:GoldenCannonball"],"picked":"SKIP","floor":21},{"not_picked":["blackbeard:TerrorOfTheSeas","blackbeard:Shrapnel+1"],"picked":"blackbeard:Sword","floor":25}],"player_experience":488540,"relics_obtained":[{"floor":4,"key":"Dead Branch"},{"floor":6,"key":"hubris:OldNail"},{"floor":7,"key":"blackbeard:WhitePearl"},{"floor":10,"key":"Replay:Mystery Machine"},{"floor":19,"key":"aspiration:Lifesprig"},{"floor":21,"key":"CeramicFish"},{"floor":24,"key":"blackbeard:HipFlask"}],"event_choices":[{"damage_healed":0,"gold_gain":0,"player_choice":"Got Potions","damage_taken":0,"max_hp_gain":0,"max_hp_loss":0,"event_name":"Lab","floor":5,"gold_loss":0},{"damage_healed":0,"gold_gain":0,"player_choice":"Ignored","damage_taken":0,"max_hp_gain":0,"max_hp_loss":0,"event_name":"Transmorgrifier","floor":22,"gold_loss":0}],"is_beta":false,"boss_relics":[{"not_picked":["aspiration:FutureDiary","ReplayTheSpireMod:DimensionalGlitch"],"picked":"Philosopher\u0027s Stone"}],"items_purged_floors":[],"is_endless":false,"potions_floor_spawned":[2,4,10,11,12,13,16],"killed_by":"Book of Stabbing","ascension_level":1}}