{"host":"dl5mjdlimopbuch5","time":1607901797,"event":{"mods":["AchievementEnabler","BaseMod","Colored Powertips","Googly Eyes","Minty Spire (QoL Compilation)","Quick Restart"],"gold_per_floor":[118,118,118,118,141,141,179,179,179,23,23,198,278,278,278,278,278],"floor_reached":16,"playtime":238,"items_purged":[],"score":137,"play_id":"aa1b662b-a605-452c-9ed3-d0bdd9965271","local_time":"20201213232317","is_ascension_mode":true,"campfire_choices":[{"data":"Eruption","floor":6,"key":"SMITH"},{"data":"TalkToTheHand","floor":8,"key":"SMITH"},{"data":"SashWhip","floor":11,"key":"SMITH"},{"data":"Strike_P","floor":15,"key":"SMITH"}],"circlet_count":0,"master_deck":["Strike_P","Strike_P","Strike_P","Strike_P+1","Defend_P+1","Defend_P","Defend_P","Defend_P","Eruption+1","Vigilance+1","InnerPeace+1","TalkToTheHand+1","SashWhip+1","Doubt"],"relics":["PureWater","NeowsBlessing","Golden Idol","Tiny Chest","Frozen Egg 2","War Paint"],"acts_visited":["Exordium"],"potions_floor_usage":[16],"damage_taken":[{"damage":0,"enemies":"2 Louse","floor":1,"turns":1},{"damage":0,"enemies":"Jaw Worm","floor":5,"turns":1},{"damage":0,"enemies":"3 Sentries","floor":7,"turns":1},{"damage":47,"enemies":"Slime Boss","floor":16,"turns":11}],"seed_played":"1902790570691135455","potions_obtained":[{"floor":5,"key":"Swift Potion"},{"floor":7,"key":"LiquidMemories"}],"is_trial":false,"path_per_floor":["M","?","$","?","M","R","E","R","T","$","R","?","?","?","R","B"],"character_chosen":"WATCHER","items_purchased":["War Paint"],"campfire_rested":0,"item_purchase_floors":[10],"current_hp_per_floor":[72,54,54,54,54,54,54,54,54,54,54,54,54,54,54,7,7],"gold":278,"neow_bonus":"THREE_ENEMY_KILL","is_daily":false,"chose_seed":false,"campfire_upgraded":4,"win_rate":0.0,"timestamp":1607901797,"path_taken":["M","?","$","?","M","R","E","R","T","$","R","?","?","?","R","BOSS"],"items_purchased_type":["Relic"],"build_version":"2020-11-30","purchased_purges":0,"victory":false,"max_hp_per_floor":[72,72,72,72,72,72,72,72,72,72,72,72,72,72,72,72,72],"card_choices":[{"not_picked":["Prostrate","ClearTheMind"],"picked":"InnerPeace","floor":1},{"not_picked":["CutThroughFate","ClearTheMind"],"picked":"TalkToTheHand","floor":5},{"not_picked":["Halt","Weave"],"picked":"SashWhip","floor":7}],"player_experience":218345,"relics_obtained":[{"floor":7,"key":"Tiny Chest"},{"floor":9,"key":"Frozen Egg 2"}],"event_choices":[{"damage_healed":0,"gold_gain":0,"player_choice":"Take Damage","damage_taken":18,"relics_obtained":["Golden Idol"],"max_hp_gain":0,"max_hp_loss":0,"event_name":"Golden Idol","floor":2,"gold_loss":0},{"damage_healed":0,"gold_gain":0,"player_choice":"Leave","damage_taken":0,"max_hp_gain":0,"max_hp_loss":0,"event_name":"The Cleric","floor":4,"gold_loss":0},{"damage_healed":0,"gold_gain":175,"player_choice":"AGREE","damage_taken":0,"max_hp_gain":0,"max_hp_loss":0,"event_name":"Liars Game","floor":12,"gold_loss":0,"cards_obtained":["Doubt"]},{"damage_healed":0,"gold_gain":80,"player_choice":"Gained Gold","damage_taken":0,"max_hp_gain":0,"max_hp_loss":0,"event_name":"Golden Wing","floor":13,"gold_loss":0},{"damage_healed":0,"gold_gain":0,"player_choice":"Forge","damage_taken":0,"max_hp_gain":0,"max_hp_loss":0,"event_name":"Accursed Blacksmith","floor":14,"gold_loss":0,"cards_upgraded":["InnerPeace"]}],"is_beta":false,"boss_relics":[],"items_purged_floors":[],"is_endless":false,"potions_floor_spawned":[5,7],"killed_by":"Slime Boss","ascension_level":3}}