{"host":"kntpungskobv1jqb","time":1607862052,"event":{"mods":["BaseMod","Minty Spire (QoL Compilation)","Replay The Spire","StSLib","SuperFastMode"],"gold_per_floor":[118,135,147,216,216,216,246,246,246,246,246],"floor_reached":10,"playtime":250,"items_purged":[],"score":112,"play_id":"076a8cf4-e7ab-4602-af7a-3bd1a804d723","local_time":"20201213202052","is_ascension_mode":true,"campfire_choices":[{"floor":6,"key":"REST"},{"floor":8,"key":"REST"}],"circlet_count":0,"master_deck":["AscendersBane","Strike_R","Strike_R","Strike_R","Strike_R","Strike_R","Defend_R","Defend_R","Defend_R","Defend_R","Bash","Twin Strike","Replay:Undeath\u0027s Touch","ReplayTheSpireMod:Corrosion Curse","Sword Boomerang","Self Repair+1","Demonic Infusion"],"relics":["Omamori","Smiling Mask","Iron Core","Tiny Chest","Letter Opener"],"acts_visited":["Exordium"],"potions_floor_usage":[3,10,10],"damage_taken":[{"damage":3,"enemies":"Jaw Worm","floor":1,"turns":5},{"damage":6,"enemies":"2 Louse","floor":2,"turns":3},{"damage":0,"enemies":"Cultist","floor":3,"turns":2},{"damage":55,"enemies":"3 Sentries","floor":7,"turns":10},{"damage":60,"enemies":"Lagavulin","floor":10,"turns":5}],"seed_played":"-1942751035808574050","potions_obtained":[{"floor":1,"key":"LiquidBronze"},{"floor":2,"key":"DistilledChaos"},{"floor":4,"key":"Weak Potion"},{"floor":7,"key":"SteroidPotion"}],"is_trial":false,"path_per_floor":["M","M","M","?","?","R","E","R","T","E"],"character_chosen":"IRONCLAD","items_purchased":[],"campfire_rested":2,"item_purchase_floors":[],"current_hp_per_floor":[71,71,75,45,45,67,22,44,44,0,0],"gold":246,"neow_bonus":"RANDOM_COMMON_RELIC","is_daily":false,"chose_seed":false,"campfire_upgraded":0,"win_rate":0.0,"timestamp":1607862052,"path_taken":["M","M","M","?","?","R","E","R","T","E"],"items_purchased_type":[],"build_version":"2020-11-30","purchased_purges":0,"victory":false,"max_hp_per_floor":[75,75,75,75,75,75,75,75,75,75,75],"card_choices":[{"not_picked":["Reckless Charge","Pommel Strike"],"picked":"Twin Strike","floor":1},{"not_picked":["ReplayReversal","Flex"],"picked":"Replay:Undeath\u0027s Touch","floor":2},{"not_picked":["Dark Embrace","Anger"],"picked":"ReplayTheSpireMod:Corrosion Curse","floor":3},{"not_picked":["Whirlwind","ReplayTheSpireMod:Strike From Hell"],"picked":"Sword Boomerang","floor":4},{"not_picked":["Sword Boomerang","ReplayTheSpireMod:GoodbyeWorld"],"picked":"Demonic Infusion","floor":7}],"player_experience":454397,"relics_obtained":[{"floor":4,"key":"Smiling Mask"},{"floor":7,"key":"Tiny Chest"},{"floor":9,"key":"Letter Opener"}],"event_choices":[],"is_beta":false,"boss_relics":[],"items_purged_floors":[],"is_endless":false,"potions_floor_spawned":[1,2,7],"killed_by":"Lagavulin","ascension_level":14}}