{"host":"y76x98twjnyyxs83","time":1607881480,"event":{"mods":["BaseMod","Colored Powertips","Minty Spire (QoL Compilation)","Permanent Neow","Quick Restart","Rare Cards Sparkle","Relic Stats","StSLib"],"gold_per_floor":[111,124,124,124,26,57,72,86,134,178,178,197,217,250,250,250,250],"floor_reached":16,"playtime":471,"items_purged":[],"score":294,"play_id":"8db7bb70-8a35-45b6-8e73-52c757751f03","local_time":"20201214014440","is_ascension_mode":true,"campfire_choices":[{"floor":11,"key":"REST"},{"data":"LessonLearned","floor":15,"key":"SMITH"}],"circlet_count":0,"master_deck":["AscendersBane","Strike_P","Strike_P","Strike_P+1","Defend_P","Defend_P","Defend_P+1","Defend_P","Eruption+1","Vigilance+1","FlurryOfBlows","ForeignInfluence+1","BattleHymn","LessonLearned+1","BowlingBash","Halt","SandsOfTime"],"relics":["Busted Crown","Golden Idol","Pear","Regal Pillow","Boot","Torii"],"acts_visited":["Exordium"],"potions_floor_usage":[6,8,10,12,16,16],"damage_taken":[{"damage":0,"enemies":"2 Louse","floor":1,"turns":3},{"damage":2,"enemies":"Cultist","floor":2,"turns":3},{"damage":16,"enemies":"Gremlin Nob","floor":6,"turns":3},{"damage":15,"enemies":"Small Slimes","floor":7,"turns":3},{"damage":11,"enemies":"3 Louse","floor":8,"turns":3},{"damage":0,"enemies":"Lagavulin","floor":10,"turns":1},{"damage":20,"enemies":"Red Slaver","floor":12,"turns":5},{"damage":8,"enemies":"Exordium Thugs","floor":13,"turns":3},{"damage":7,"enemies":"3 Sentries","floor":14,"turns":4},{"damage":29,"enemies":"The Guardian","floor":16,"turns":5}],"seed_played":"2836150483226736813","potions_obtained":[{"floor":2,"key":"BlessingOfTheForge"},{"floor":7,"key":"ColorlessPotion"},{"floor":10,"key":"ColorlessPotion"},{"floor":13,"key":"ColorlessPotion"},{"floor":14,"key":"SneckoOil"}],"is_trial":false,"path_per_floor":["M","M","?","?","$","E","M","M","T","E","R","M","M","E","R","B"],"character_chosen":"WATCHER","items_purchased":["BattleHymn","SteroidPotion"],"campfire_rested":1,"item_purchase_floors":[5,5],"current_hp_per_floor":[61,59,59,59,59,53,38,27,27,27,63,43,35,28,28,0,0],"gold":250,"neow_bonus":"BOSS_RELIC","is_daily":false,"chose_seed":false,"campfire_upgraded":1,"win_rate":0.0,"timestamp":1607881480,"path_taken":["M","M","?","?","$","E","M","M","T","E","R","?","M","E","R","BOSS"],"items_purchased_type":["Card","Potion"],"build_version":"2020-11-30","purchased_purges":0,"victory":false,"max_hp_per_floor":[68,68,62,62,62,72,72,72,72,72,72,72,72,72,72,72,72],"relic_stats":{"Regal Pillow":15,"Busted Crown":18,"Torii":2,"counters":[10,33],"Golden Idol":36,"Boot":[9],"obtain_stats":[{"Regal Pillow":9,"Busted Crown":0,"Pear":6,"Torii":14,"Golden Idol":3,"PureWater":0,"Boot":10},{"Regal Pillow":5,"Busted Crown":0,"Pear":3,"Torii":9,"Golden Idol":2,"PureWater":0,"Boot":6},{"Regal Pillow":15,"Busted Crown":0,"Pear":9,"Torii":28,"Golden Idol":6,"PureWater":0,"Boot":16}]},"card_choices":[{"not_picked":["Prostrate"],"picked":"SKIP","floor":1},{"not_picked":[],"picked":"FlurryOfBlows","floor":2},{"not_picked":[],"picked":"LessonLearned","floor":6},{"not_picked":["SashWhip"],"picked":"SKIP","floor":7},{"not_picked":["Evaluate"],"picked":"SKIP","floor":8},{"not_picked":[],"picked":"BowlingBash","floor":10},{"not_picked":["Consecrate"],"picked":"SKIP","floor":12},{"not_picked":[],"picked":"Halt","floor":13},{"not_picked":[],"picked":"SandsOfTime","floor":14}],"player_experience":1080174,"relics_obtained":[{"floor":6,"key":"Pear"},{"floor":9,"key":"Regal Pillow"},{"floor":10,"key":"Boot"},{"floor":14,"key":"Torii"}],"event_choices":[{"damage_healed":0,"gold_gain":0,"player_choice":"Lose Max HP","damage_taken":0,"relics_obtained":["Golden Idol"],"max_hp_gain":0,"max_hp_loss":6,"event_name":"Golden Idol","floor":3,"gold_loss":0},{"damage_healed":0,"gold_gain":0,"cards_transformed":["Strike_P"],"player_choice":"Transformed","damage_taken":0,"max_hp_gain":0,"max_hp_loss":0,"event_name":"Transmorgrifier","floor":4,"gold_loss":0,"cards_obtained":["ForeignInfluence"]}],"is_beta":false,"boss_relics":[],"items_purged_floors":[],"is_endless":false,"potions_floor_spawned":[2,7,10,13,14],"killed_by":"The Guardian","ascension_level":20}}