{"host":"b4asi0laiv85suj9","time":1607857468,"event":{"mods":["BaseMod","Minty Spire (QoL Compilation)","MostiFishMod","Relic Stats","StSLib","TestMod","noobMod"],"gold_per_floor":[118,130,141,153,103,103,137,137,189,215,62,62,77,109,109,207,207,226,326,345,745,761,761,795,823,874,902,920,963,963,1013,1013,1120,1120,1131,1141,1035,1045,1055,1096,1108,1149,1149,1188,1233,1233,753,773,773,773,773,773,292,319,319],"floor_reached":56,"playtime":2337,"items_purged":["Strike_R","Strike_R","Finesse","Strike_R+1"],"score":3128,"play_id":"f17ab063-589c-4792-aa82-3c5fe16f6921","local_time":"20201213190428","is_ascension_mode":true,"campfire_choices":[{"data":"MostiFishMod:Opportunism","floor":6,"key":"SMITH"},{"data":"Bash","floor":8,"key":"SMITH"},{"data":"Dark Embrace","floor":12,"key":"SMITH"},{"floor":15,"key":"RECALL"},{"data":"Body Slam","floor":23,"key":"SMITH"},{"data":"Feel No Pain","floor":32,"key":"SMITH"},{"data":"Evolve","floor":46,"key":"SMITH"},{"data":"MostiFishMod:ChineseTea","floor":49,"key":"SMITH"},{"data":"MostiFishMod:MusicBox","floor":52,"key":"SMITH"}],"circlet_count":0,"master_deck":["AscendersBane","Strike_R+1","Defend_R+1","Defend_R","Defend_R+1","Defend_R","Bash+1","MostiFishMod:Opportunism+1","BowlingBash","Feel No Pain+1","Dark Embrace+1","Body Slam+1","Finesse+1","True Grit+1","MostiFishMod:Disappear","Evolve+1","MostiFishMod:Overload","Calculated Gamble","Acrobatics+1","MostiFishMod:MusicBox+1","MostiFishMod:ChineseTea+1"],"relics":["Burning Blood","DaveBox","ice","WingedGreaves","testmod-TimeTraveler","Civilization","Question Card","PrismaticShard","Sundial","Ancient Tea Set","CeramicFish","ImportantClient","Black Star","Potion Belt","Vajra","Toy Ornithopter","White Beast Statue","Whetstone","Smiling Mask","TungstenRod","testmod-BlackFramedGlasses","Juzu Bracelet","Nunchaku","testmod-IncinerationGenerator","Pear","testmod-Antiphasic","War Paint","testmod-TurbochargingSystem","InkBottle","Paper Frog","testmod-AssaultLearning","testmod-Maize","testmod-D¨¦j¨¤vu","CombinedTypeHook","Bottled Tornado","HornCleat","Art of War"],"acts_visited":["Exordium","TheCity","TheBeyond","TheEnding"],"potions_floor_usage":[],"damage_taken":[{"damage":0.0,"enemies":"Small Slimes","floor":1.0,"turns":3.0},{"damage":0,"enemies":"Jaw Worm","floor":2,"turns":2},{"damage":0,"enemies":"Cultist","floor":3,"turns":2},{"damage":11,"enemies":"Looter","floor":4,"turns":2},{"damage":3,"enemies":"Lagavulin","floor":7,"turns":5},{"damage":2,"enemies":"3 Sentries","floor":10,"turns":6},{"damage":0,"enemies":"Large Slime","floor":13,"turns":3},{"damage":0,"enemies":"Lagavulin","floor":14,"turns":2},{"damage":35,"enemies":"Hexaghost","floor":16,"turns":6},{"damage":0,"enemies":"2 Thieves","floor":18,"turns":2},{"damage":0,"enemies":"Shell Parasite","floor":20,"turns":2},{"damage":0,"enemies":"Centurion and Healer","floor":22,"turns":3},{"damage":0,"enemies":"Gremlin Leader","floor":24,"turns":2},{"damage":0,"enemies":"Book of Stabbing","floor":25,"turns":3},{"damage":0,"enemies":"Slavers","floor":27,"turns":2},{"damage":0,"enemies":"Cultist and Chosen","floor":28,"turns":2},{"damage":0,"enemies":"Book of Stabbing","floor":29,"turns":2},{"damage":0,"enemies":"Champ","floor":33,"turns":3},{"damage":0,"enemies":"3 Shapes","floor":35,"turns":3},{"damage":0,"enemies":"Orb Walker","floor":36,"turns":1},{"damage":84,"enemies":"Transient","floor":38,"turns":5},{"damage":0,"enemies":"Writhing Mass","floor":39,"turns":3},{"damage":0,"enemies":"Nemesis","floor":40,"turns":3},{"damage":0,"enemies":"4 Shapes","floor":41,"turns":2},{"damage":0,"enemies":"Giant Head","floor":42,"turns":2},{"damage":0,"enemies":"Nemesis","floor":44,"turns":3},{"damage":0,"enemies":"2 Orb Walkers","floor":45,"turns":2},{"damage":0,"enemies":"3 Darklings","floor":48,"turns":1},{"damage":0,"enemies":"Awakened One","floor":50,"turns":3},{"damage":0,"enemies":"Shield and Spear","floor":54,"turns":2},{"damage":0,"enemies":"The Heart","floor":55,"turns":4}],"seed_played":"-7659273264098061741","potions_obtained":[{"floor":2,"key":"GamblersBrew"},{"floor":7,"key":"SkillPotion"},{"floor":10,"key":"PowerPotion"},{"floor":24,"key":"HeartOfIron"},{"floor":27,"key":"ColorlessPotion"},{"floor":36,"key":"testmod-TimePotion"}],"is_trial":false,"path_per_floor":["M","M","M","M","?","R","E","R","T","E","$","R","M","E","R","B",null,"M","?","M","?","M","R","E","E","T","E","M","E","?","T","R","B",null,"M","M","$","M","M","E","M","E","T","E","?","R","$","M","R","B",null,"R","$","E","B",null],"character_chosen":"IRONCLAD","items_purchased":["Dark Embrace","Evolve","testmod-D¨¦j¨¤vu","MostiFishMod:MusicBox","MostiFishMod:ChineseTea","CombinedTypeHook","Bottled Tornado"],"campfire_rested":0,"item_purchase_floors":[11,37,47,47,47,53,53],"current_hp_per_floor":[74,77,81,81,81,81,90,90,90,101,101,101,112,124,124,108,130,151,151,168,168,186,186,205,225,225,248,273,299,299,299,299,326,326,356,387,387,342,384,437,483,530,530,579,629,629,629,684,684,754,754,754,754,807,861],"gold":319,"neow_bonus":"ONE_RARE_RELIC","is_daily":false,"chose_seed":false,"campfire_upgraded":8,"win_rate":0.0,"timestamp":1607857468,"path_taken":["M","M","M","M","?","R","E","R","T","E","$","R","M","E","R","BOSS","M","?","?","?","M","R","E","E","T","E","M","E","?","?","R","BOSS","M","M","$","M","M","E","M","E","T","E","?","R","$","M","R","BOSS","R","$","E","BOSS"],"items_purchased_type":["Card","Card","Relic","Card","Card","Relic","Relic"],"build_version":"2020-11-30","purchased_purges":4,"victory":true,"max_hp_per_floor":[74,77,81,86,86,86,92,92,92,101,101,101,112,124,124,137,137,152,152,168,168,186,186,205,225,225,248,273,299,299,299,299,326,326,356,387,387,419,452,496,534,573,573,613,655,655,655,703,703,754,754,754,754,807,861],"relic_stats":{"counters":[31,86],"CeramicFish":81,"Juzu Bracelet":0,"Whetstone":["Strike_R","Strike_R"],"War Paint":["Defend_R","Defend_R"],"Question Card":28,"Smiling Mask":225,"Burning Blood":77,"Nunchaku":[5],"Sundial":[42],"Black Star":8,"Art of War":[1],"obtain_stats":[{"CombinedTypeHook":53,"DaveBox":0,"CeramicFish":14,"Vajra":24,"testmod-IncinerationGenerator":34,"ice":0,"Juzu Bracelet":29,"Whetstone":26,"Bottled Tornado":53,"PrismaticShard":1,"Ancient Tea Set":10,"Smiling Mask":27,"Burning Blood":0,"testmod-BlackFramedGlasses":29,"Civilization":0,"Nunchaku":31,"HornCleat":54,"Sundial":7,"WingedGreaves":0,"testmod-D¨¦j¨¤vu":47,"InkBottle":43,"ImportantClient":16,"Paper Frog":44,"Potion Belt":24,"testmod-Maize":45,"testmod-TestBox":0,"testmod-TimeTraveler":0,"Pear":40,"testmod-TurbochargingSystem":42,"War Paint":42,"Question Card":1,"White Beast Statue":25,"testmod-Antiphasic":40,"testmod-AssaultLearning":44,"Black Star":17,"Art of War":54,"Toy Ornithopter":25,"TungstenRod":27},{"CombinedTypeHook":29,"DaveBox":0,"CeramicFish":8,"Vajra":13,"testmod-IncinerationGenerator":18,"ice":0,"Juzu Bracelet":17,"Whetstone":14,"Bottled Tornado":29,"PrismaticShard":1,"Ancient Tea Set":6,"Smiling Mask":15,"Burning Blood":0,"testmod-BlackFramedGlasses":17,"Civilization":0,"Nunchaku":17,"HornCleat":30,"Sundial":5,"WingedGreaves":0,"testmod-D¨¦j¨¤vu":27,"InkBottle":25,"ImportantClient":9,"Paper Frog":26,"Potion Belt":13,"testmod-Maize":27,"testmod-TestBox":0,"testmod-TimeTraveler":0,"Pear":23,"testmod-TurbochargingSystem":25,"War Paint":25,"Question Card":1,"White Beast Statue":14,"testmod-Antiphasic":23,"testmod-AssaultLearning":26,"Black Star":9,"Art of War":30,"Toy Ornithopter":14,"TungstenRod":15},{"CombinedTypeHook":80,"DaveBox":0,"CeramicFish":25,"Vajra":40,"testmod-IncinerationGenerator":52,"ice":0,"Juzu Bracelet":49,"Whetstone":43,"Bottled Tornado":80,"PrismaticShard":3,"Ancient Tea Set":20,"Smiling Mask":45,"Burning Blood":0,"testmod-BlackFramedGlasses":49,"Civilization":0,"Nunchaku":49,"HornCleat":82,"Sundial":14,"WingedGreaves":0,"testmod-D¨¦j¨¤vu":76,"InkBottle":71,"ImportantClient":31,"Paper Frog":74,"Potion Belt":40,"testmod-Maize":76,"testmod-TestBox":0,"testmod-TimeTraveler":0,"Pear":67,"testmod-TurbochargingSystem":71,"War Paint":71,"Question Card":3,"White Beast Statue":43,"testmod-Antiphasic":67,"testmod-AssaultLearning":74,"Black Star":31,"Art of War":82,"Toy Ornithopter":43,"TungstenRod":45}],"Toy Ornithopter":0,"TungstenRod":3,"InkBottle":[6]},"card_choices":[{"not_picked":["True Grit","Clothesline","Headbutt"],"picked":"SKIP","floor":1},{"not_picked":["testmod-SubstituteBySubterfuge","Evaluate","Heatsinks"],"picked":"MostiFishMod:Opportunism","floor":2},{"not_picked":["FlurryOfBlows","MostiFishMod:PerfectParry","Crescendo"],"picked":"Finesse","floor":3},{"not_picked":["Steam","Entrench","Sucker Punch","Crescendo"],"picked":"SKIP","floor":4},{"not_picked":["Deadly Poison","Redo","Lockon"],"picked":"BowlingBash","floor":7},{"not_picked":["Entrench","Aggregate","Slice"],"picked":"Feel No Pain","floor":10},{"not_picked":["Havoc","MostiFishMod:PerfectParry","Ball Lightning"],"picked":"Body Slam","floor":13},{"not_picked":["Combust","Clothesline","CutThroughFate","Prepared"],"picked":"SKIP","floor":14},{"not_picked":["Compile Driver","Gash","MostiFishMod:PerfectParry+1","Prepared+1"],"picked":"SKIP","floor":18},{"not_picked":["Capacitor","SandsOfTime","All Out Attack+1"],"picked":"Finesse+1","floor":20},{"not_picked":["Sword Boomerang","Thunderclap","BootSequence+1","Cold Snap"],"picked":"SKIP","floor":22},{"not_picked":["Leap","Worship","Feel No Pain","JustLucky"],"picked":"SKIP","floor":24},{"not_picked":["Night Terror","Cleave","Dagger Spray","ClearTheMind"],"picked":"SKIP","floor":25},{"not_picked":["Dodge and Roll","Steam","Flying Knee+1","PiercingWail"],"picked":"SKIP","floor":27},{"not_picked":["Meditate+1","Heavy Blade","Quick Slash","Collect"],"picked":"SKIP","floor":28},{"not_picked":["Carnage+1","testmod-WeaknessCounterattack","Quick Slash"],"picked":"True Grit+1","floor":29},{"not_picked":["MostiFishMod:DisColor","MostiFishMod:StarLaLaLa","MostiFishMod:MemoryFragments"],"picked":"MostiFishMod:Disappear","floor":33},{"not_picked":["Bandage Up","PathToVictory+1","Prepared+1","testmod-ConditionedReflex"],"picked":"SKIP","floor":35},{"not_picked":["Lockon","testmod-SubstituteBySubterfuge","Slice","SignatureMove"],"picked":"SKIP","floor":36},{"not_picked":["Coolheaded+1","testmod-Mystery+1","Headbutt","Hologram"],"picked":"SKIP","floor":38},{"not_picked":["Catalyst","Heavy Blade","Dagger Throw+1","Rebound"],"picked":"SKIP","floor":39},{"not_picked":["SashWhip+1","Steam","Deadly Poison"],"picked":"MostiFishMod:Overload","floor":40},{"not_picked":["testmod-LimitFlipper+1","PiercingWail+1","Poisoned Stab","Disarm"],"picked":"SKIP","floor":41},{"not_picked":["Dagger Throw+1","Cleave","MostiFishMod:StarLaLaLa"],"picked":"Calculated Gamble","floor":42},{"not_picked":["Outmaneuver+1","testmod-DisillusionmentEcho","Iron Wave+1"],"picked":"Acrobatics+1","floor":44},{"not_picked":["Swift Strike","MostiFishMod:PerfectStrikeMKII","FlurryOfBlows","Nirvana"],"picked":"SKIP","floor":48},{"not_picked":["PathToVictory+1","Crescendo","testmod-Mystery+1","BowlingBash"],"picked":"SKIP","floor":54}],"player_experience":176106,"relics_obtained":[{"floor":1,"key":"Question Card"},{"floor":1,"key":"PrismaticShard"},{"floor":7,"key":"Sundial"},{"floor":10,"key":"Ancient Tea Set"},{"floor":14,"key":"CeramicFish"},{"floor":16,"key":"ImportantClient"},{"floor":24,"key":"Potion Belt"},{"floor":24,"key":"Vajra"},{"floor":25,"key":"Toy Ornithopter"},{"floor":25,"key":"White Beast Statue"},{"floor":26,"key":"Whetstone"},{"floor":27,"key":"Smiling Mask"},{"floor":27,"key":"TungstenRod"},{"floor":29,"key":"testmod-BlackFramedGlasses"},{"floor":29,"key":"Juzu Bracelet"},{"floor":31,"key":"Nunchaku"},{"floor":40,"key":"Pear"},{"floor":40,"key":"testmod-Antiphasic"},{"floor":42,"key":"War Paint"},{"floor":42,"key":"testmod-TurbochargingSystem"},{"floor":43,"key":"InkBottle"},{"floor":44,"key":"Paper Frog"},{"floor":44,"key":"testmod-AssaultLearning"},{"floor":45,"key":"testmod-Maize"},{"floor":54,"key":"HornCleat"},{"floor":54,"key":"Art of War"}],"event_choices":[{"cards_removed":["Strike_R"],"damage_healed":0,"gold_gain":0,"player_choice":"Card Removal","damage_taken":0,"max_hp_gain":0,"max_hp_loss":0,"event_name":"The Cleric","floor":5,"gold_loss":50},{"damage_healed":0,"gold_gain":100,"player_choice":"Pray","damage_taken":0,"max_hp_gain":0,"max_hp_loss":0,"event_name":"Golden Shrine","floor":19,"gold_loss":0},{"damage_healed":0,"gold_gain":400,"player_choice":"Sell","damage_taken":0,"max_hp_gain":0,"max_hp_loss":0,"event_name":"¶÷ÂåË¹µÄÅÌ×Ó","floor":21,"relics_lost":["testmod-TestBox"],"gold_loss":0},{"damage_healed":0,"gold_gain":0,"player_choice":"Ignored","damage_taken":0,"max_hp_gain":0,"max_hp_loss":0,"event_name":"Ghosts","floor":30,"gold_loss":0},{"damage_healed":0,"gold_gain":0,"player_choice":"Fight","damage_taken":0,"max_hp_gain":0,"max_hp_loss":0,"event_name":"Mysterious Sphere","floor":45,"gold_loss":0}],"is_beta":false,"boss_relics":[{"not_picked":["NightmareShop","Velvet Choker"],"picked":"Black Star"},{"not_picked":["Fusion Hammer","FrostBlade"],"picked":"testmod-IncinerationGenerator"}],"items_purged_floors":[11,37,47,53],"is_endless":false,"potions_floor_spawned":[2,7,10,13,24,27,28,29,33,35,36,38,39,40,41,42,44,45,48,54],"ascension_level":10}}