{"host":"5jrzbyi7mr38r3qm","time":1607870090,"event":{"mods":["Abigail Mod","AchievementEnabler","Aspiration","Astrologer","Bard","Bartender","BaseMod","BetterRewards","Colored Map","Colored Powertips","Conspire","Downfall","Friendly Minions","GifTheSpireLib","Gold Saver","Halation","Hermit","Hubris","Jedi Mod","Jorbs\u0027s Wanderer Trilogy","Kiyohime????","Koishi","Mad Scientist","Magitek Elite","Marisa????????","Minty Spire (QoL Compilation)","Nova Terra(??·??)","Prisma Mod","READ ME - Guardian Mod","Rare Cards Sparkle","Relic Stats","Remilia??????","RumiaBox-????????","Shop Mod","Small Relic Pack","Spikes Relics","StSLib","Stuff the Spire","Td1madao Mod","The Administrix","The Alterego","The Animator","The Blackbeard","The Bug Knight","The Cursed","The Disciple","The Forsaken","The Gatherer","The Hierophant","The Mystic","The Necromancer","The Poker Player","The Runesmith","The Sage","The Showman","The Valiant","The Witch","TheBandit","TheSwordswoman","vexMod"],"gold_per_floor":[962,982,982,982,982,982],"floor_reached":5,"playtime":320,"items_purged":[],"score":27,"play_id":"b1628e85-8f04-454b-9218-dbb3805bc8b6","local_time":"20201213143450","is_ascension_mode":false,"campfire_choices":[{"data":"Slimebound:CorrosiveSpit","floor":1,"key":"SMITH"},{"data":"Slimebound:ViciousTackle","floor":3,"key":"SMITH"}],"circlet_count":0,"master_deck":["Slimebound:Strike_Slimebound","Slimebound:Strike_Slimebound","Slimebound:Strike_Slimebound","Slimebound:Tackle","Slimebound:Defend_Slimebound","Slimebound:Defend_Slimebound","Slimebound:Defend_Slimebound","Slimebound:Defend_Slimebound","Slimebound:Split","Slimebound:CorrosiveSpit+1","Slimebound:ViciousTackle+1"],"relics":["Slimebound:AbsorbEndCombat","relicPack:DSword"],"acts_visited":["Exordium"],"potions_floor_usage":[],"damage_taken":[{"damage":4,"enemies":"Small Slimes","floor":2,"turns":4},{"damage":27,"enemies":"3 Sentries","floor":5,"turns":4}],"seed_played":"-1615317547056197884","potions_obtained":[],"is_trial":false,"path_per_floor":["R","M","R","?","E"],"character_chosen":"SLIMEBOUND","items_purchased":[],"campfire_rested":0,"item_purchase_floors":[],"current_hp_per_floor":[66,66,66,31,4,4],"gold":982,"neow_bonus":"TEN_PERCENT_HP_BONUS","is_daily":false,"chose_seed":false,"campfire_upgraded":2,"win_rate":0.0,"timestamp":1607870090,"path_taken":["R","M","R","?","E"],"items_purchased_type":[],"build_version":"2020-11-30","purchased_purges":0,"victory":false,"max_hp_per_floor":[66,66,66,66,66,66],"relic_stats":{"counters":[2,7],"obtain_stats":[{"relicPack:DSword":4,"Slimebound:AbsorbEndCombat":0},{"relicPack:DSword":1,"Slimebound:AbsorbEndCombat":0},{"relicPack:DSword":4,"Slimebound:AbsorbEndCombat":0}]},"card_choices":[{"not_picked":["Slimebound:SlimeSpikes","Slimebound:FinishingTackle"],"picked":"Slimebound:ViciousTackle","floor":2}],"player_experience":450486,"relics_obtained":[],"event_choices":[],"is_beta":false,"boss_relics":[],"items_purged_floors":[],"is_endless":false,"potions_floor_spawned":[],"killed_by":"3 Sentries","ascension_level":0}}