{"host":"ee5exjejqz6r5zx9","time":1607856414,"event":{"mods":["Act Like it!","BaseMod","Card Forge","Colored Powertips","Custom Start","Gensokyo","HololiveMod","Minty Spire (QoL Compilation)","MostiFishMod","Pale of the Ancients","Quick Restart","Rare Cards Sparkle","Remove Card Discount Mod","Replay The Spire","RumiaBox-露米娅的神秘盒子","Ryuuou龙王","Shop Mod","StSLib","TestMod","【东方二次创作】八云紫mod","【功能Mod】混沌之环修复补丁","【遗物卡牌】REMEMod"],"gold_per_floor":[3333,3333,3433,3444,2861,2886,2903,2935,2935,2948,2966,3295,3295,3305,3305,3382,3382,3398,3409,3409,3409,3152,3171,3199,3199,3199,3212,2955,2986,3004,3029,3029,3103,3103,3117,3132,3150,2894,2904,2935,2935,2935,2997,3016,3016,3041,3055,3071,3071,3071,3071,3071,3071,3071,3104,3104],"floor_reached":57,"playtime":2438,"items_purged":[],"score":3177,"play_id":"470515fb-925b-4f7b-b092-df776976f59e","local_time":"20201213184654","is_ascension_mode":true,"campfire_choices":[{"floor":15.0,"key":"RECALL"},{"floor":25.0,"key":"REST"},{"floor":32.0,"key":"REST"},{"floor":42,"key":"REST"},{"floor":49,"key":"REST"},{"floor":53,"key":"REST"}],"circlet_count":0,"master_deck":["AscendersBane","Calculated Gamble+1","Backflip+1","Wraith Form v2+1","Tactician+1","Reflex+1","Acrobatics+1","Adrenaline+1","Well Laid Plans+1","Footwork+1","Hololive_Yoholoon+1","Hololive_Yoholoon+1","REME_SpectralBlade+1","MostiFishMod:PerfectParry+1"],"relics":["Ring of the Snake","Hammer of Thor","Seething Fire","Anvil of the Gods","testmod-TestBox","REME_ComplimentaryCards","testmod-Justice","OrangePellets","Question Card","DaveBox","Thread and Needle","testmod-IWantAll","testmod-CrystalShield","Snack Pack","Old Coin","ImportantClient","testmod-TimeTraveler","Bag of Marbles","Sling","Boot","Medical Kit","PreservedInsect","SynthV:C4","Pantograph","Cursed Key","testmod-FatalChain","CeramicFish","Pen Nib","Mercury Hourglass"],"acts_visited":["Gensokyo:Gensokyo","Gensokyo:Gensokyoer","TheBeyond","TheEnding"],"potions_floor_usage":[50,56],"damage_taken":[{"damage":0.0,"enemies":"Gensokyo:Python","floor":1.0,"turns":3.0},{"damage":0.0,"enemies":"Gensokyo:2_Kodama","floor":4.0,"turns":1.0},{"damage":0.0,"enemies":"Gensokyo:Mamizou","floor":6.0,"turns":2.0},{"damage":0.0,"enemies":"Gensokyo:Gryphon","floor":7.0,"turns":1.0},{"damage":0.0,"enemies":"Gensokyo:Cirno","floor":8.0,"turns":4.0},{"damage":0.0,"enemies":"Gensokyo:CorruptedTreant","floor":10.0,"turns":1.0},{"damage":0.0,"enemies":"Gensokyo:Python_and_Kodama","floor":11.0,"turns":1.0},{"damage":0.0,"enemies":"Gensokyo:Aya","floor":12.0,"turns":1.0},{"damage":0.0,"enemies":"Gensokyo:5_Fairies","floor":14.0,"turns":2.0},{"damage":0.0,"enemies":"Gensokyo:Yukari","floor":16.0,"turns":1.0},{"damage":0.0,"enemies":"Gensokyo:AngelMirror","floor":18.0,"turns":1.0},{"damage":0.0,"enemies":"Gensokyo:3_Dogs","floor":19.0,"turns":1.0},{"damage":0.0,"enemies":"Gensokyo:Swordslinger","floor":23.0,"turns":1.0},{"damage":0.0,"enemies":"Gensokyo:Tenshi","floor":24.0,"turns":1.0},{"damage":0.0,"enemies":"Gensokyo:Wraith","floor":27.0,"turns":1.0},{"damage":0.0,"enemies":"Gensokyo:Koishi","floor":29.0,"turns":1.0},{"damage":0.0,"enemies":"Gensokyo:Chomper_and_Gloop","floor":30.0,"turns":1.0},{"damage":0.0,"enemies":"Gensokyo:Tenshi","floor":31.0,"turns":1.0},{"damage":0.0,"enemies":"Gensokyo:Eternal_Rivals","floor":33.0,"turns":1.0},{"damage":0.0,"enemies":"Orb Walker","floor":35.0,"turns":1.0},{"damage":0,"enemies":"3 Darklings","floor":36,"turns":1},{"damage":0,"enemies":"Transient","floor":37,"turns":1},{"damage":0,"enemies":"Maw","floor":39,"turns":1},{"damage":0,"enemies":"R_Hoarder","floor":40,"turns":3},{"damage":0,"enemies":"4 Shapes","floor":44,"turns":2},{"damage":0,"enemies":"Giant Head","floor":46,"turns":2},{"damage":0,"enemies":"Transient","floor":47,"turns":1},{"damage":0,"enemies":"Spire Growth","floor":48,"turns":1},{"damage":0,"enemies":"Replay:Hell Engine","floor":50,"turns":2},{"damage":0,"enemies":"Donu and Deca","floor":51,"turns":1},{"damage":0,"enemies":"Shield and Spear","floor":55,"turns":1},{"damage":0,"enemies":"The Heart","floor":56,"turns":5}],"seed_played":"-458634939956530912","potions_obtained":[{"floor":4.0,"key":"Weak Potion"},{"floor":7.0,"key":"FearPotion"},{"floor":24.0,"key":"AttackPotion"},{"floor":31.0,"key":"LifebloodPotion"}],"is_trial":false,"path_per_floor":["M","?","?","M","$","E","M","E","T","M","M","E","?","M","R","B",null,"M","M","?","?","$","M","E","R","T","M","$","E","M","E","R","B",null,"M","M","M","$","M","E","$","R","T","M","?","E","M","M","R","B","B",null,"R","$","E","B",null],"character_chosen":"THE_SILENT","items_purchased":["Footwork+1","Thread and Needle","testmod-IWantAll","Bag of Marbles","Sling","Medical Kit","PreservedInsect","testmod-FatalChain"],"campfire_rested":5,"item_purchase_floors":[5,5,5,22,22,28,28,38],"current_hp_per_floor":[59,59,59,59,59,59,59,59,59,61,63,66,66,66,66,66,66,66,66,66,66,66,66,66,66,66,66,66,66,66,66,66,66,66,66,66,66,66,66,66,66,66,66,66,66,66,66,66,66,66,66,66,66,66,66,66],"gold":3104,"neow_bonus":"THREE_CARDS","is_daily":false,"chose_seed":false,"campfire_upgraded":0,"win_rate":0.0,"timestamp":1607856414,"path_taken":["M","?","?","?","$","E","M","E","T","M","?","E","?","M","R","BOSS","M","M","?","?","$","M","E","R","T","M","$","E","M","E","R","BOSS","M","M","M","?","M","E","$","R","T","M","?","E","M","M","R","BOSS","BOSS","R","$","E","BOSS"],"items_purchased_type":["Card","Relic","Relic","Relic","Relic","Relic","Relic","Relic"],"build_version":"2020-11-30","purchased_purges":0,"victory":true,"max_hp_per_floor":[66,66,66,66,66,66,66,66,66,66,66,66,66,66,66,66,66,66,66,66,66,66,66,66,66,66,66,66,66,66,66,66,66,66,66,66,66,66,66,66,66,66,66,66,66,66,66,66,66,66,66,66,66,66,66,66],"card_choices":[{"not_picked":["MostiFishMod:PoisonShield","Blade Dance"],"picked":"Calculated Gamble","floor":0.0},{"not_picked":["Blade Dance","REME_GreenPollution","ReplayTheSpireMod:Shiv Toss"],"picked":"SKIP","floor":1.0},{"not_picked":["Dagger Throw","Expertise","Sucker Punch","Underhanded Strike"],"picked":"SKIP","floor":4.0},{"not_picked":["Hidden Blade","MostiFishMod:Volcan","REME_ShadowStrike","Bane"],"picked":"SKIP","floor":6.0},{"not_picked":["Choke","Expertise","Concentrate","All Out Attack"],"picked":"SKIP","floor":7.0},{"not_picked":["Deflect","PiercingWail","Cloak And Dagger","Deadly Poison"],"picked":"SKIP","floor":8.0},{"not_picked":["Acrobatics","Flying Knee","Leg Sweep","Slice"],"picked":"SKIP","floor":10.0},{"not_picked":["Footwork","Distraction","Skewer","Quick Slash"],"picked":"SKIP","floor":11.0},{"not_picked":["Toxin Wave","Flying Knee","Flechettes","Hidden Blade"],"picked":"SKIP","floor":12.0},{"not_picked":["Dash","MostiFishMod:InvigoratingSolution","Blade Dance","Concentrate"],"picked":"SKIP","floor":14.0},{"not_picked":["Reflex","Flying Knee","Slice","MostiFishMod:PerfectParry"],"picked":"SKIP","floor":18.0},{"not_picked":["Masterful Stab","Backflip+1","Toxin Wave","Bouncing Flask+1"],"picked":"SKIP","floor":19.0},{"not_picked":["Replay:Poison Smokescreen+1","Underhanded Strike","Flying Knee","Backstab"],"picked":"SKIP","floor":23.0},{"not_picked":["Prepared","Heel Hook","Dash","Quick Slash"],"picked":"SKIP","floor":24.0},{"not_picked":["Storm of Steel","Flying Knee","Outmaneuver","Skewer"],"picked":"SKIP","floor":27.0},{"not_picked":["Concentrate+1","MostiFishMod:PoisonShield","Cloak And Dagger","Blade Dance"],"picked":"SKIP","floor":29.0},{"not_picked":["Sucker Punch","ReplayTheSpireMod:Speed Training+1","Draining Mist","Poisoned Stab"],"picked":"SKIP","floor":30.0},{"not_picked":["Outmaneuver","Backflip","Slice","Distraction"],"picked":"SKIP","floor":31.0},{"not_picked":["Tools of the Trade","MostiFishMod:Volcan","MostiFishMod:VineMother"],"picked":"REME_SpectralBlade","floor":33.0},{"not_picked":["Dagger Throw","ReplayTheSpireMod:Exploit Weakness","Concentrate","Well Laid Plans"],"picked":"SKIP","floor":35.0},{"not_picked":["MostiFishMod:PerfectParry","Infinite Blades+1","Concentrate","Prepared"],"picked":"SKIP","floor":36},{"not_picked":["Infinite Blades+1","Concentrate","Prepared"],"picked":"MostiFishMod:PerfectParry","floor":36},{"not_picked":["Flying Knee","Finisher","ReplayTheSpireMod:Tripwire","Deflect"],"picked":"SKIP","floor":37},{"not_picked":["Tactician+1","Cloak And Dagger","Poisoned Stab","Dagger Spray+1"],"picked":"SKIP","floor":39},{"not_picked":["Accuracy","REME_SpectralBlade","Predator+1","Dagger Throw+1"],"picked":"SKIP","floor":40},{"not_picked":["Flying Knee","Underhanded Strike","Expertise+1","MostiFishMod:PoisonShield"],"picked":"SKIP","floor":44},{"not_picked":["Footwork","Backflip","Acrobatics","Deadly Poison"],"picked":"SKIP","floor":46},{"not_picked":["Choke","MostiFishMod:PoisonShield","Replay:Poison Smokescreen+1","Fluid Movement+1"],"picked":"SKIP","floor":47},{"not_picked":["Prepared","Slice+1","ReplayTheSpireMod:Tripwire","Cloak And Dagger"],"picked":"SKIP","floor":48},{"not_picked":["Crippling Poison","REME_GrazeFinale","Accuracy","Flying Knee+1"],"picked":"SKIP","floor":55}],"player_experience":424756,"relics_obtained":[{"floor":1.0,"key":"Question Card"},{"floor":8.0,"key":"testmod-CrystalShield"},{"floor":9.0,"key":"Snack Pack"},{"floor":12.0,"key":"Old Coin"},{"floor":16.0,"key":"ImportantClient"},{"floor":24.0,"key":"Boot"},{"floor":29.0,"key":"SynthV:C4"},{"floor":31.0,"key":"Pantograph"},{"floor":40,"key":"CeramicFish"},{"floor":46,"key":"Pen Nib"},{"floor":55,"key":"Mercury Hourglass"}],"event_choices":[{"damage_healed":0.0,"max_hp_gain":0.0,"max_hp_loss":0.0,"gold_gain":0.0,"event_name":"给自己的盒子","player_choice":"Swap Relic","floor":2.0,"relics_lost":["DaveBox"],"gold_loss":0.0,"damage_taken":0.0,"relics_obtained":["DaveBox"]},{"cards_removed":["Hololive_Yoholoon"],"damage_healed":0,"gold_gain":0,"player_choice":"Removed Attack","damage_taken":0,"max_hp_gain":0,"max_hp_loss":0,"event_name":"Falling","floor":45,"gold_loss":0}],"is_beta":false,"boss_relics":[{"not_picked":["testmod-Temperance","Ring of the Serpent"],"picked":"testmod-TimeTraveler"},{"not_picked":["Astrolabe","Replay:Ancient Bell"],"picked":"Cursed Key"}],"items_purged_floors":[],"is_endless":false,"potions_floor_spawned":[4,7,8,10,12,19,23,24,31,33,36,44,47,48],"ascension_level":20}}