{"host":"z6c1sol8rulx2ubz","time":1607892884,"event":{"mods":["AchievementEnabler","Act Like it!","BaseMod","Better Note","Better Third Choice","Downfall","Elementarium","Gold Saver","Hallownest","Hermit","Hubris","Infinite Spire","Jorbs\u0027s Wanderer Trilogy","Minty Spire (QoL Compilation)","Potionbrewer","Quick Restart","Rare Cards Sparkle","Reorder Act Four","StSLib","The Animator","The Bug Knight","The Cursed","The Necromancer","Wandering Minibosses"],"gold_per_floor":[687,687,647,523,547,547,558,211,279,261,281,309,309,332,332,435,435,453,472,489,513,513,544,563,563,563,583,583,596,613,623,623,727,727,739,754,397,397,412,412,412,412],"floor_reached":41,"playtime":4963,"items_purged":["Regret"],"score":469,"play_id":"7bd9145e-394e-4f08-95bc-2891f9cb451a","local_time":"20201213205443","is_ascension_mode":false,"campfire_choices":[{"data":"animator:Hibiki","floor":6,"key":"SMITH"},{"data":"animator:PinaCoLada","floor":15,"key":"SMITH"},{"data":"animator:Greed","floor":25,"key":"SMITH"},{"floor":28,"key":"REST"},{"floor":32,"key":"REST"},{"floor":40,"key":"RECALL"}],"circlet_count":0,"master_deck":["animator:Strike_NoGameNoLife","animator:Defend_NoGameNoLife","animator:Strike","animator:Defend","animator:Defend","animator:DolaSchwi","animator:DolaCouronne","animator:Hibiki+1","animator:Azekura","animator:KrulTepes","animator:Sloth+1","animator:PinaCoLada+1","animator:YaoHaDucy","animator:LeleiLaLalena","animator:ElricEdward","animator:DolaSchwi","animator:IzunaHatsuse","animator:Greed+1","animator:Mitsuba","animator:Bozes+1","animator:LeleiLaLalena+1","animator:Envy","animator:LeleiLaLalena","animator:HighElfArcher","animator:Konayuki+1","animator:LeleiLaLalena","animator:Ainz","animator:YaoHaDucy","animator:YaoHaDucy","animator:TukaLunaMarceau","animator:Jibril","animator:Sebas+1","animator:WinryRockbell","animator:Sebas","animator:HighElfArcher+1"],"relics":["animator:LivingPicture","animator:TheMissingPiece","Smiling Mask","betterThird:SlimedRelic","Toolbox","Blood Vial","animator:AlchemistGlove","hubris:RunicObelisk","hubris:SlimyHat","Meat on the Bone","hubris:DeckOfHolding","Philosopher\u0027s Stone","Blood Vial","animator:RacePiece","Mummified Hand"],"acts_visited":["Exordium","TheCity","TheBeyond"],"potions_floor_usage":[12,12,20,23,33,39,41,41],"damage_taken":[{"damage":1,"enemies":"Jaw Worm","floor":1,"turns":4},{"damage":5,"enemies":"Small Slimes","floor":5,"turns":5},{"damage":2,"enemies":"2 Louse","floor":7,"turns":3},{"damage":23,"enemies":"Exordium Thugs","floor":10,"turns":5},{"damage":0,"enemies":"Blue Slaver","floor":11,"turns":4},{"damage":10,"enemies":"3 Sentries","floor":12,"turns":7},{"damage":3,"enemies":"Lots of Slimes","floor":14,"turns":3},{"damage":3,"enemies":"The Guardian","floor":16,"turns":14},{"damage":0,"enemies":"Chosen","floor":18,"turns":6},{"damage":7,"enemies":"3 Cultists","floor":19,"turns":7},{"damage":18,"enemies":"Snake Plant","floor":20,"turns":3},{"damage":5,"enemies":"Slavers","floor":23,"turns":8},{"damage":0,"enemies":"Centurion and Healer","floor":24,"turns":10},{"damage":8,"enemies":"Chosen and Byrds","floor":27,"turns":8},{"damage":0,"enemies":"Snecko","floor":29,"turns":7},{"damage":2,"enemies":"Centurion and Healer","floor":30,"turns":12},{"damage":9,"enemies":"Sentry and Sphere","floor":31,"turns":6},{"damage":14,"enemies":"Automaton","floor":33,"turns":14},{"damage":27,"enemies":"3 Darklings","floor":35,"turns":6},{"damage":0,"enemies":"Orb Walker","floor":36,"turns":5},{"damage":0,"enemies":"Jaw Worm Horde","floor":39,"turns":4},{"damage":42,"enemies":"Reptomancer","floor":41,"turns":3}],"seed_played":"-6913464714462296223","potions_obtained":[{"floor":5,"key":"Energy Potion"},{"floor":10,"key":"Ancient Potion"},{"floor":16,"key":"PowerPotion"},{"floor":18,"key":"potionbrewer:NoxiousPotion"},{"floor":20,"key":"Dexterity Potion"},{"floor":27,"key":"SteroidPotion"},{"floor":30,"key":"AttackPotion"},{"floor":33,"key":"Weak Potion"},{"floor":36,"key":"DuplicationPotion"}],"is_trial":false,"path_per_floor":["M","?","?","$","M","R","M","$","T","M","M","E","?","M","R","B",null,"M","M","M","T","?","E","M","R","T","M","R","M","M","M","R","B",null,"M","M","$","?","M","R","E"],"character_chosen":"THE_ANIMATOR","items_purchased":["animator:KrulTepes","animator:PinaCoLada","animator:YaoHaDucy","Toolbox","animator:WinryRockbell","animator:Sebas","Mummified Hand"],"campfire_rested":2,"item_purchase_floors":[4,8,8,8,37,37,37],"current_hp_per_floor":[59,59,48,48,43,43,41,41,41,18,18,8,60,57,57,56,60,61,54,38,38,38,35,37,37,37,31,49,30,29,22,31,17,31,21,25,25,25,29,29,0,0],"gold":412,"neow_bonus":"RANDOM_COLORLESS_2","is_daily":false,"chose_seed":false,"campfire_upgraded":3,"win_rate":0.0,"timestamp":1607892883,"path_taken":["M","?","?","?","M","R","M","$","T","?","?","E","?","M","R","BOSS","M","M","M","?","?","E","M","R","T","M","R","M","M","?","R","BOSS","M","M","$","?","?","R","E"],"items_purchased_type":["Card","Card","Card","Relic","Card","Card","Relic"],"build_version":"2020-11-30","purchased_purges":1,"victory":false,"max_hp_per_floor":[60,60,60,60,60,60,60,60,60,60,60,60,60,60,60,60,60,61,61,61,61,61,61,61,61,61,61,61,30,31,31,31,31,31,32,32,32,32,32,32,32,32],"card_choices":[{"not_picked":["animator:KotoriKanbe","animator:Patchouli"],"picked":"animator:Hibiki","floor":0},{"not_picked":["animator:HiiragiShinya","animator:Tyuule"],"picked":"animator:Azekura","floor":1},{"not_picked":["animator:KrulTepes","animator:ElricAlphonse"],"picked":"animator:HiiragiShinya","floor":5},{"not_picked":["animator:Evileye","animator:ZankiKiguchi"],"picked":"animator:Sloth","floor":7},{"not_picked":["animator:Bozes","animator:RoryMercury"],"picked":"animator:LeleiLaLalena","floor":10},{"not_picked":["animator:Azekura","animator:DwarfShaman"],"picked":"animator:ElricEdward","floor":11},{"not_picked":["animator:PandorasActor","animator:DwarfShaman"],"picked":"animator:DolaSchwi","floor":12},{"not_picked":["animator:DolaCouronne","animator:Cocytus"],"picked":"animator:IzunaHatsuse","floor":14},{"not_picked":["animator:HigakiRinne","animator:GoblinSlayer"],"picked":"animator:Greed","floor":16},{"not_picked":["animator:CrowleyEusford","animator:Yoichi"],"picked":"animator:Mitsuba","floor":18},{"not_picked":["animator:Tet","animator:Tyuule"],"picked":"animator:Bozes+1","floor":19},{"not_picked":["animator:PandorasActor","animator:YaoHaDucy"],"picked":"animator:LeleiLaLalena+1","floor":20},{"not_picked":["animator:LizardPriest","animator:Shichika"],"picked":"animator:Envy","floor":23},{"not_picked":["animator:Kuribayashi","animator:YaoHaDucy"],"picked":"animator:LeleiLaLalena","floor":24},{"not_picked":["animator:Sebas","animator:Yoichi+1"],"picked":"animator:Father","floor":27},{"not_picked":["animator:KrulTepes","animator:Kuribayashi"],"picked":"animator:HighElfArcher","floor":29},{"not_picked":["animator:Sloth","animator:Azekura"],"picked":"animator:Konayuki+1","floor":30},{"not_picked":["animator:YaoHaDucy","animator:Tyuule"],"picked":"animator:LeleiLaLalena","floor":31},{"not_picked":["animator:PinaCoLada","animator:Albedo"],"picked":"animator:Ainz","floor":33},{"not_picked":["animator:Mikaela","animator:DolaRiku"],"picked":"animator:Jibril","floor":35},{"not_picked":["animator:RoryMercury+1","animator:DolaSchwi"],"picked":"animator:Sebas+1","floor":36},{"not_picked":["animator:Mikaela","animator:GuildGirl"],"picked":"animator:HighElfArcher+1","floor":39}],"player_experience":230793,"relics_obtained":[{"floor":12,"key":"Blood Vial"},{"floor":12,"key":"animator:AlchemistGlove"},{"floor":21,"key":"hubris:SlimyHat"},{"floor":23,"key":"Meat on the Bone"},{"floor":26,"key":"hubris:DeckOfHolding"},{"floor":33,"key":"Blood Vial"}],"event_choices":[{"damage_healed":0,"gold_gain":0,"player_choice":"Box","damage_taken":0,"relics_obtained":["Smiling Mask"],"max_hp_gain":0,"max_hp_loss":0,"event_name":"Big Fish","floor":2,"gold_loss":0,"cards_obtained":["Regret"]},{"damage_healed":0,"gold_gain":0,"player_choice":"Slimed","damage_taken":11,"max_hp_gain":0,"max_hp_loss":0,"event_name":"betterThird:BetterGoop","floor":3,"gold_loss":40},{"cards_removed":["animator:HiiragiShinya"],"damage_healed":52,"gold_gain":0,"player_choice":"Offered Uncommon","damage_taken":0,"max_hp_gain":0,"max_hp_loss":0,"event_name":"Bonfire Elementals","floor":13,"gold_loss":0},{"damage_healed":0,"gold_gain":0,"player_choice":"Ignored","damage_taken":0,"max_hp_gain":0,"max_hp_loss":0,"event_name":"betterNote:BetterNote","floor":22,"gold_loss":0,"cards_obtained":["animator:Kazuma"]},{"damage_healed":0,"gold_gain":0,"player_choice":"Upgraded","damage_taken":0,"max_hp_gain":0,"max_hp_loss":0,"event_name":"Upgrade Shrine","floor":38,"gold_loss":0,"cards_upgraded":["animator:Sloth"]}],"is_beta":false,"boss_relics":[{"not_picked":["hubris:HollowSoul","hubris:ScarierMask"],"picked":"hubris:RunicObelisk"},{"not_picked":["hubris:GrandSneckoEye","Busted Crown"],"picked":"animator:RacePiece"}],"items_purged_floors":[4],"is_endless":false,"potions_floor_spawned":[5,10,16,18,20,27,30,33,36],"killed_by":"Reptomancer","ascension_level":0}}