{"host":"2461dio7vetlq1z3","time":1607858726,"event":{"mods":["AchievementEnabler","Aspiration","BaseMod","Hermit","Lobotomy","Minty Spire (QoL Compilation)","Relic Stats","Spicy Shops","StSLib","Waifu the Spire"],"gold_per_floor":[117,117,135,135,153,153,184,204,229,248,248,262,274,331,343,489,501,561,591,1,16,46,46],"floor_reached":22,"playtime":1418,"items_purged":["Strike_P"],"score":280,"play_id":"c10c5812-78cc-439e-9cad-7b75e3ff50f3","local_time":"20201213122526","is_ascension_mode":true,"campfire_choices":[{"data":"Blasphemy","floor":6,"key":"SMITH"},{"data":"TalkToTheHand","floor":11,"key":"SMITH"},{"data":"Wish","floor":15,"key":"SMITH"}],"circlet_count":0,"master_deck":["Strike_P","Defend_P","Defend_P","Eruption+1","Vigilance","EmptyMind+1","Indignation+1","EmptyBody+1","Wallop+1","Adaptation","Blasphemy+1","BowlingBash","Perseverance","TalkToTheHand+1","JustLucky","Wish+1","WindmillStrike","Establishment","InnerPeace","Meditate","Master of Strategy","ThirdEye"],"relics":["Astrolabe","GoldenEye","Potion Belt","MawBank","Black Star","Strange Spoon"],"acts_visited":["Exordium","TheCity"],"potions_floor_usage":[16,16,19,22],"damage_taken":[{"damage":2,"enemies":"Jaw Worm","floor":1,"turns":5},{"damage":0,"enemies":"Cultist","floor":3,"turns":3},{"damage":0,"enemies":"Small Slimes","floor":5,"turns":3},{"damage":8,"enemies":"Gremlin Nob","floor":7,"turns":4},{"damage":11,"enemies":"3 Louse","floor":8,"turns":4},{"damage":2,"enemies":"Looter","floor":10,"turns":3},{"damage":0,"enemies":"Exordium Wildlife","floor":12,"turns":3},{"damage":0,"enemies":"3 Louse","floor":13,"turns":3},{"damage":5,"enemies":"Lagavulin","floor":14,"turns":10},{"damage":35,"enemies":"Slime Boss","floor":16,"turns":12},{"damage":11,"enemies":"Spheric Guardian","floor":18,"turns":5},{"damage":16,"enemies":"2 Thieves","floor":19,"turns":5},{"damage":4,"enemies":"Snake Plant","floor":21,"turns":4},{"damage":34,"enemies":"3 Cultists","floor":22,"turns":5}],"seed_played":"5379884355102587892","potions_obtained":[{"floor":1,"key":"Regen Potion"},{"floor":3,"key":"Regen Potion"},{"floor":10,"key":"Fire Potion"},{"floor":14,"key":"SteroidPotion"},{"floor":16,"key":"DistilledChaos"},{"floor":18,"key":"ColorlessPotion"},{"floor":21,"key":"Block Potion"}],"is_trial":false,"path_per_floor":["M","?","M","?","M","R","E","M","T","M","R","M","M","E","R","B",null,"M","M","$","M","M"],"character_chosen":"WATCHER","items_purchased":["Strange Spoon","Master of Strategy"],"campfire_rested":0,"item_purchase_floors":[20,20],"current_hp_per_floor":[63,49,49,49,49,49,41,30,30,28,28,28,28,23,23,42,65,54,38,38,34,0,0],"gold":46,"neow_bonus":"BOSS_RELIC","is_daily":false,"chose_seed":false,"campfire_upgraded":3,"win_rate":0.0,"timestamp":1607858726,"path_taken":["M","?","M","?","M","R","E","M","T","M","R","M","?","E","R","BOSS","M","?","$","M","M"],"items_purchased_type":["Relic","Card"],"build_version":"2020-11-30","purchased_purges":1,"victory":false,"max_hp_per_floor":[72,72,72,72,72,72,72,72,72,72,72,72,72,72,72,72,72,72,72,72,72,72,72],"relic_stats":{"Strange Spoon":[5],"counters":[14,69],"Astrolabe":["EmptyMind","Indignation","EmptyBody"],"Black Star":0,"GoldenEye":[20],"MawBank":72,"obtain_stats":[{"Potion Belt":9,"Strange Spoon":20,"Astrolabe":0,"Black Star":17,"PureWater":0,"GoldenEye":7,"MawBank":14},{"Potion Belt":5,"Strange Spoon":12,"Astrolabe":0,"Black Star":10,"PureWater":0,"GoldenEye":4,"MawBank":9},{"Potion Belt":19,"Strange Spoon":60,"Astrolabe":0,"Black Star":50,"PureWater":0,"GoldenEye":15,"MawBank":38}]},"card_choices":[{"not_picked":["ThirdEye","PathToVictory"],"picked":"Wallop","floor":1},{"not_picked":["DeceiveReality","Protect"],"picked":"Adaptation","floor":3},{"not_picked":["EmptyBody","ClearTheMind"],"picked":"Blasphemy","floor":5},{"not_picked":["Evaluate","SashWhip"],"picked":"BowlingBash","floor":7},{"not_picked":["EmptyFist","EmptyBody"],"picked":"Perseverance","floor":8},{"not_picked":["FlyingSleeves","CutThroughFate"],"picked":"TalkToTheHand","floor":10},{"not_picked":["EmptyBody","FlyingSleeves"],"picked":"JustLucky","floor":12},{"not_picked":["ClearTheMind","WheelKick"],"picked":"Wish","floor":13},{"not_picked":["Brilliance","Prostrate"],"picked":"WindmillStrike","floor":14},{"not_picked":["Judgement","Alpha"],"picked":"Establishment","floor":16},{"not_picked":["JustLucky","Indignation+1"],"picked":"InnerPeace","floor":18},{"not_picked":["FlurryOfBlows","SandsOfTime+1"],"picked":"Meditate","floor":19},{"not_picked":["Vengeance","EmptyFist"],"picked":"ThirdEye","floor":21}],"player_experience":666910,"relics_obtained":[{"floor":7,"key":"GoldenEye"},{"floor":9,"key":"Potion Belt"},{"floor":14,"key":"MawBank"}],"event_choices":[{"damage_healed":0,"gold_gain":0,"player_choice":"Entered Light","damage_taken":14,"max_hp_gain":0,"max_hp_loss":0,"event_name":"Shining Light","floor":2,"gold_loss":0,"cards_upgraded":["Eruption","Wallop"]},{"cards_removed":["Defend_P"],"damage_healed":0,"gold_gain":0,"player_choice":"Forget","damage_taken":0,"max_hp_gain":0,"max_hp_loss":0,"event_name":"Living Wall","floor":4,"gold_loss":0}],"is_beta":false,"boss_relics":[{"not_picked":["Runic Dome","Ectoplasm"],"picked":"Black Star"}],"items_purged_floors":[20],"is_endless":false,"potions_floor_spawned":[1,3,10,14,16,18,21],"killed_by":"3 Cultists","ascension_level":8}}