{"host":"fbqvzfq8f1yzoo4u","time":1607867227,"event":{"mods":["BaseMod","Minty Spire (QoL Compilation)","Replay The Spire","StSLib"],"gold_per_floor":[111,36,119,119,133,133,2,2,55,97,118,156,185,185,185,272,281,296,296,317,317,317],"floor_reached":21,"playtime":981,"items_purged":["Pain"],"score":424,"play_id":"8b03e06c-4738-4d17-b57c-6734de1edd6e","local_time":"20201213214707","is_ascension_mode":true,"campfire_choices":[{"data":"Well Laid Plans","floor":6,"key":"SMITH"},{"floor":15,"key":"REST"}],"circlet_count":0,"master_deck":["AscendersBane","Strike_G","Strike_G","Strike_G","Strike_G","Defend_G","Defend_G","Defend_G","Defend_G","Survivor","Neutralize","Bane","PiercingWail","Bane","Acrobatics","Well Laid Plans+1","Pot Of Greed","Pot Of Greed","Footwork","Poisoned Stab","Noxious Fumes","Sneak Up","Tools of the Trade","AbeCurse","Flechettes"],"relics":["NeowsBlessing","Garlic","Grinning Jar","CeramicFish","Sizzling Blood","BranchBurnRelic","Abe\u0027s Treasure"],"acts_visited":["Exordium","TheCity"],"potions_floor_usage":[12,12,21],"damage_taken":[{"damage":0,"enemies":"Small Slimes","floor":1,"turns":1},{"damage":0,"enemies":"Jaw Worm","floor":5,"turns":1},{"damage":0,"enemies":"Lagavulin","floor":10,"turns":1},{"damage":0,"enemies":"2 Louse","floor":11,"turns":4},{"damage":7,"enemies":"Replay:BlueRogue","floor":12,"turns":5},{"damage":1,"enemies":"Looter","floor":13,"turns":4},{"damage":49,"enemies":"Hexaghost","floor":16,"turns":11},{"damage":24,"enemies":"3 Byrds","floor":18,"turns":7},{"damage":36,"enemies":"Spheric Guardian","floor":20,"turns":8},{"damage":4,"enemies":"Chosen and Byrds","floor":21,"turns":4}],"seed_played":"2316906798506613767","potions_obtained":[{"floor":1,"key":"Reflective Coating"},{"floor":10,"key":"Fire Potion"},{"floor":20,"key":"LiquidMemories"}],"is_trial":false,"path_per_floor":["M","?","?","?","M","R","$","?","T","E","M","E","M","?","R","B",null,"M","?","M","M"],"character_chosen":"THE_SILENT","items_purchased":["FearPotion"],"campfire_rested":1,"item_purchase_floors":[7],"current_hp_per_floor":[59,59,59,59,59,59,59,48,48,48,48,41,40,44,65,31,60,40,40,8,4,4],"gold":317,"neow_bonus":"THREE_ENEMY_KILL","is_daily":false,"chose_seed":false,"campfire_upgraded":1,"win_rate":0.0,"timestamp":1607867227,"path_taken":["M","?","?","?","M","R","$","?","T","E","M","E","?","?","R","BOSS","M","?","M","M"],"items_purchased_type":["Potion"],"build_version":"2020-11-30","purchased_purges":1,"victory":false,"max_hp_per_floor":[66,66,66,66,66,66,66,66,66,66,66,66,66,70,70,70,70,70,70,70,70,70],"card_choices":[{"not_picked":["ReplayTheSpireMod:Scrap Shanks","Infinite Blades"],"picked":"Bane","floor":1},{"not_picked":["ReplayTheSpireMod:Tripwire","Acrobatics"],"picked":"PiercingWail","floor":3},{"not_picked":["Concentrate","Choke"],"picked":"Bane","floor":3},{"not_picked":["Quick Slash","Blade Dance"],"picked":"Acrobatics","floor":3},{"not_picked":["Cloak And Dagger","Blade Dance"],"picked":"Well Laid Plans","floor":5},{"not_picked":["Deadly Poison","ReplayTheSpireMod:Speed Training"],"picked":"Footwork","floor":10},{"not_picked":["Skewer","Prepared"],"picked":"Poisoned Stab","floor":11},{"not_picked":["Sucker Punch","Deflect"],"picked":"Noxious Fumes","floor":12},{"not_picked":["Deadly Poison","ReplayTheSpireMod:Tripwire"],"picked":"Sneak Up","floor":13},{"not_picked":["Venomology","Storm of Steel"],"picked":"Tools of the Trade","floor":16},{"not_picked":["Accuracy","Dagger Throw","Blade Dance"],"picked":"SKIP","floor":18},{"not_picked":["Dodge and Roll","Sucker Punch"],"picked":"Flechettes","floor":20}],"player_experience":580186,"relics_obtained":[{"floor":9,"key":"Grinning Jar"},{"floor":10,"key":"CeramicFish"},{"floor":12,"key":"Dead Branch"}],"event_choices":[{"cards_removed":["Defend_G"],"damage_healed":0,"gold_gain":0,"player_choice":"Card Removal","damage_taken":0,"max_hp_gain":0,"max_hp_loss":0,"event_name":"The Cleric","floor":2,"gold_loss":75},{"damage_healed":0,"gold_gain":0,"player_choice":"Success","damage_taken":11,"relics_obtained":["Garlic"],"max_hp_gain":0,"max_hp_loss":0,"event_name":"Scrap Ooze","floor":8,"gold_loss":0}],"is_beta":false,"boss_relics":[{"not_picked":["Coffee Dripper","Black Star"],"picked":"Abe\u0027s Treasure"}],"items_purged_floors":[7],"is_endless":false,"potions_floor_spawned":[1,10,11,20],"killed_by":"Chosen and Byrds","ascension_level":20}}