{"host":"95780gohsonvnbsu","time":1607825857,"event":{"mods":["Aspiration","BaseMod","Better Match","Better Note","Better Sensory Stone","Colored Map","Conspire","Downfall","Hubris","Infinite Spire","Minty Spire (QoL Compilation)","StSLib","slay the spire mod where everything is the same but ironclad has a cowboy hat"],"gold_per_floor":[111,122,122,140,155,189,189,209,209,241,241,241,259,274,274,378,378,358,370,63,76,76,76,100,100,100,100,118,135,135,160,160,259,259,273,273,273,285,285,314,314,325,351,351,62,76,89,107,107,107],"floor_reached":51,"playtime":2364,"items_purged":[],"score":786,"play_id":"a2c2bcbd-e14d-45c9-91f9-a771cd572cfb","local_time":"20201212211737","is_ascension_mode":false,"campfire_choices":[{"data":"Prepared","floor":7,"key":"SMITH"},{"floor":15,"key":"REST"},{"data":"Choke","floor":23,"key":"SMITH"},{"data":"Tools of the Trade","floor":25,"key":"SMITH"},{"data":"Calculated Gamble","floor":32,"key":"SMITH"},{"data":"Neutralize","floor":41,"key":"SMITH"},{"data":"Prepared","floor":44,"key":"SMITH"},{"data":"Sadistic Nature","floor":49,"key":"SMITH"}],"circlet_count":0,"master_deck":["Strike_G","Strike_G","Strike_G","Strike_G","Defend_G","Defend_G","Defend_G","Defend_G","Defend_G","Survivor","Neutralize+1","Dodge and Roll","Dagger Throw","Prepared+1","Underhanded Strike","Footwork+1","conspire:DoublingDagger+1","Dodge and Roll+1","Adrenaline+1","Tools of the Trade+1","Choke+1","Calculated Gamble+1","Sadistic Nature+1","Trip","Prepared+1","Blade Dance+1","Underhanded Strike"],"relics":["Ring of the Snake","NeowsBlessing","Tough Bandages","Boot","Anchor","hubris:Towel","infinitespire:CheckeredPen","aspiration:SecretTechniqueScroll","GremlinMask","Regal Pillow","Ornamental Fan","aspiration:Stabinomicon","conspire:SpecialSausage","Art of War","aspiration:HummingbirdHeart","Strawberry","Calipers"],"acts_visited":["Exordium","TheCity","TheBeyond"],"potions_floor_usage":[1,5,6,10,16],"damage_taken":[{"damage":0,"enemies":"2 Louse","floor":1,"turns":1},{"damage":0,"enemies":"Cultist","floor":2,"turns":1},{"damage":0,"enemies":"Jaw Worm","floor":4,"turns":1},{"damage":5,"enemies":"Exordium Wildlife","floor":5,"turns":7},{"damage":24,"enemies":"Gremlin Nob","floor":6,"turns":4},{"damage":0,"enemies":"Exordium Thugs","floor":8,"turns":4},{"damage":17,"enemies":"Lagavulin","floor":10,"turns":6},{"damage":0,"enemies":"3 Louse","floor":13,"turns":2},{"damage":0,"enemies":"Large Slime","floor":14,"turns":4},{"damage":31,"enemies":"Hexaghost","floor":16,"turns":16},{"damage":9,"enemies":"2 Thieves","floor":18,"turns":4},{"damage":0,"enemies":"3 Byrds","floor":19,"turns":4},{"damage":6,"enemies":"Centurion and Healer","floor":21,"turns":7},{"damage":21,"enemies":"3 Cultists","floor":28,"turns":8},{"damage":2,"enemies":"Shelled Parasite and Fungi","floor":29,"turns":4},{"damage":0,"enemies":"Book of Stabbing","floor":31,"turns":4},{"damage":11,"enemies":"Collector","floor":33,"turns":4},{"damage":0,"enemies":"Orb Walker","floor":35,"turns":2},{"damage":2,"enemies":"3 Darklings","floor":38,"turns":5},{"damage":13,"enemies":"Nemesis","floor":40,"turns":5},{"damage":0,"enemies":"Spire Growth","floor":42,"turns":3},{"damage":7,"enemies":"4 Shapes","floor":46,"turns":4},{"damage":0,"enemies":"3 Darklings","floor":47,"turns":5},{"damage":0,"enemies":"Maw","floor":48,"turns":3},{"damage":2,"enemies":"Donu and Deca","floor":50,"turns":7}],"seed_played":"966229551573667891","potions_obtained":[{"floor":1,"key":"EntropicBrew"},{"floor":6,"key":"LiquidBronze"},{"floor":14,"key":"DistilledChaos"},{"floor":16,"key":"sneckomod:MuddlingPotion"},{"floor":21,"key":"Dexterity Potion"},{"floor":33,"key":"Fire Potion"}],"is_trial":false,"path_per_floor":["M","M","?","M","M","E","R","M","T","E","?","T","M","M","R","B",null,"M","M","$","M","?","R","T","R","T","?","M","M","?","E","R","B",null,"M","?","?","M","?","E","R","M","T","R","$","M","M","M","R","B",null],"character_chosen":"THE_SILENT","items_purchased":["Adrenaline","Tools of the Trade","Calipers"],"campfire_rested":1,"item_purchase_floors":[20,20,45],"current_hp_per_floor":[70,70,70,70,65,41,41,41,41,24,24,24,24,24,45,14,70,61,61,61,55,55,55,55,55,55,55,34,32,80,80,80,69,80,80,80,80,78,78,65,65,65,72,72,72,65,65,65,65,63],"gold":107,"neow_bonus":"THREE_ENEMY_KILL","is_daily":false,"chose_seed":false,"campfire_upgraded":7,"win_rate":0.0,"timestamp":1607825857,"path_taken":["M","M","?","M","?","E","R","M","T","E","?","?","?","M","R","BOSS","M","M","$","M","?","R","?","R","T","?","M","?","?","E","R","BOSS","M","?","?","?","?","E","R","M","T","R","?","M","M","M","R","BOSS"],"items_purchased_type":["Card","Card","Relic"],"build_version":"2020-11-30","purchased_purges":0,"victory":true,"max_hp_per_floor":[70,70,70,70,70,70,70,70,70,70,70,70,70,70,70,70,70,70,70,70,70,70,70,70,70,70,70,70,70,80,80,80,80,80,80,80,80,80,80,80,80,80,87,87,87,87,87,87,87,87],"card_choices":[{"not_picked":["Concentrate","hubris:SlightOfHand"],"picked":"Dodge and Roll","floor":1},{"not_picked":["Flying Knee","Acrobatics","Terror"],"picked":"SKIP","floor":2},{"not_picked":["Backstab","Deadly Poison"],"picked":"Dagger Throw","floor":4},{"not_picked":["Outmaneuver","Calculated Gamble"],"picked":"Prepared","floor":5},{"not_picked":["PiercingWail","hubris:Counter"],"picked":"Underhanded Strike","floor":6},{"not_picked":["Corpse Explosion","Escape Plan","Deflect"],"picked":"SKIP","floor":8},{"not_picked":["Acrobatics","Distraction","Deadly Poison"],"picked":"SKIP","floor":10},{"not_picked":["All Out Attack","Outmaneuver"],"picked":"Footwork","floor":13},{"not_picked":["Flechettes","Masterful Stab","Outmaneuver"],"picked":"SKIP","floor":14},{"not_picked":["aspiration:Lunge","Grand Finale"],"picked":"Venomology","floor":16},{"not_picked":["Noxious Fumes+1","Dodge and Roll"],"picked":"conspire:DoublingDagger+1","floor":18},{"not_picked":["Accuracy","Deadly Poison"],"picked":"Dodge and Roll+1","floor":19},{"not_picked":["Dagger Spray+1","Outmaneuver"],"picked":"Choke","floor":21},{"not_picked":["Cloak And Dagger","Outmaneuver+1","Dagger Throw"],"picked":"SKIP","floor":28},{"not_picked":["hubris:SlightOfHand+1","Infinite Blades"],"picked":"Calculated Gamble","floor":29},{"not_picked":["hubris:SlightOfHand","Envenom","Endless Agony"],"picked":"SKIP","floor":31},{"not_picked":["hubris:SlightOfHand+1","Dash","Deadly Poison+1"],"picked":"SKIP","floor":35},{"not_picked":["expansioncontent:TimeRipple","expansioncontent:QuickStudy"],"picked":"Sadistic Nature","floor":36},{"not_picked":["Panacea","expansioncontent:GoopSpray"],"picked":"Trip","floor":36},{"not_picked":["Reflex","Tactician+1","Caltrops"],"picked":"SKIP","floor":38},{"not_picked":["Reflex","Dash","Crippling Poison"],"picked":"SKIP","floor":40},{"not_picked":["Deflect","Poisoned Stab+1"],"picked":"Prepared","floor":42},{"not_picked":["Distraction","Riddle With Holes","Flying Knee+1"],"picked":"SKIP","floor":46},{"not_picked":["Well Laid Plans+1","Outmaneuver+1"],"picked":"Blade Dance+1","floor":47},{"not_picked":["Distraction+1","Blade Dance"],"picked":"Underhanded Strike","floor":48}],"player_experience":315429,"relics_obtained":[{"floor":6,"key":"Tough Bandages"},{"floor":9,"key":"Boot"},{"floor":10,"key":"Anchor"},{"floor":12,"key":"infinitespire:CheckeredPen"},{"floor":24,"key":"Regal Pillow"},{"floor":26,"key":"Ornamental Fan"},{"floor":31,"key":"aspiration:Stabinomicon"},{"floor":37,"key":"Art of War"},{"floor":40,"key":"aspiration:HummingbirdHeart"},{"floor":43,"key":"Strawberry"}],"event_choices":[{"cards_removed":["Strike_G"],"damage_healed":0,"gold_gain":0,"player_choice":"Purged","damage_taken":0,"max_hp_gain":0,"max_hp_loss":0,"event_name":"Purifier","floor":3,"gold_loss":0},{"damage_healed":0,"gold_gain":0,"player_choice":"Trade","damage_taken":0,"relics_obtained":["GremlinMask"],"max_hp_gain":0,"max_hp_loss":0,"event_name":"FaceTrader","floor":22,"gold_loss":0},{"damage_healed":0,"gold_gain":0,"player_choice":"Upgraded","damage_taken":0,"max_hp_gain":0,"max_hp_loss":0,"event_name":"Upgrade Shrine","floor":27,"gold_loss":0,"cards_upgraded":["Footwork"]},{"cards_removed":["Venomology"],"damage_healed":38,"gold_gain":0,"player_choice":"Offered Rare","damage_taken":0,"max_hp_gain":10,"max_hp_loss":0,"event_name":"Bonfire Elementals","floor":30,"gold_loss":0},{"damage_healed":0,"gold_gain":3,"player_choice":"1","damage_taken":0,"max_hp_gain":0,"max_hp_loss":0,"event_name":"betterStone:BetterStone","floor":36,"gold_loss":0},{"damage_healed":0,"gold_gain":0,"player_choice":"Relic","damage_taken":0,"max_hp_gain":0,"max_hp_loss":0,"event_name":"Wheel of Change","floor":37,"gold_loss":0},{"damage_healed":0,"gold_gain":0,"player_choice":"Forge","damage_taken":0,"max_hp_gain":0,"max_hp_loss":0,"event_name":"Accursed Blacksmith","floor":39,"gold_loss":0,"cards_upgraded":["Adrenaline"]}],"is_beta":false,"boss_relics":[{"not_picked":["Philosopher\u0027s Stone","hubris:Stopwatch"],"picked":"aspiration:SecretTechniqueScroll"},{"not_picked":["Astrolabe","aspiration:RunicSpoon"],"picked":"conspire:SpecialSausage"}],"items_purged_floors":[],"is_endless":false,"potions_floor_spawned":[1,2,6,14,16,21,33,38,42],"ascension_level":0}}