{"host":"5gc11emcm5chfr5t","time":1607890193,"event":{"mods":["2.2 Compatiblity","AchievementEnabler","BaseMod","Bestiary","Better Note","Colored Map","Colored Powertips","Downfall","Googly Eyes","Minty Spire (QoL Compilation)","Rare Cards Sparkle","Say the Spire","StSLib","The Servant 0.9.4"],"gold_per_floor":[99,99,24,24,124,124,150,185,251,176,186,411,427,530,547,547,547],"floor_reached":16,"playtime":769,"items_purged":[],"score":98,"play_id":"f25c01e9-b15d-401a-8099-b63394aad820","local_time":"20201213150953","is_ascension_mode":false,"campfire_choices":[{"floor":1,"key":"RECALL"},{"data":"sneckomod:TailWhip","floor":3,"key":"SMITH"},{"data":"sneckomod:SnekBite","floor":6,"key":"SMITH"},{"floor":10,"key":"REST"}],"circlet_count":0,"master_deck":["sneckomod:Strike","sneckomod:Strike","sneckomod:Strike","sneckomod:Defend","sneckomod:Defend","sneckomod:Defend","sneckomod:TailWhip+1","sneckomod:SnekBite+1","sneckomod:Unknown","sneckomod:Unknown","sneckomod:SlitherStrike","sneckomod:SnakeSap","sneckomod:Unknown0Cost","sneckomod:IronFang","sneckomod:ImprovisedAttack","sneckomod:UnknownCommonAttack","sneckomod:UnknownUncommonSkill","sneckomod:ImprovisedGuard","Doubt","sneckomod:DiceCrush","sneckomod:SerpentIdol","sneckomod:Nope","sneckomod:RainOfDice"],"relics":["sneckomod:SneckoSoul","downfall:HeartsMalice","downfall:HeartBlessingRed","downfall:CloakOfManyFaces","CultistMask","FaceOfCleric","NlothsMask","GremlinMask","SsserpentHead","Prayer Wheel","downfall:HeartBlessingGreen","Akabeko"],"acts_visited":["Exordium"],"potions_floor_usage":[13,16,16],"damage_taken":[{"damage":0,"enemies":"Cultist","floor":2,"turns":1},{"damage":0,"enemies":"2 Louse","floor":4,"turns":1},{"damage":0,"enemies":"downfall:FaceTrader","floor":5,"turns":1},{"damage":67,"enemies":"3 Sentries","floor":8,"turns":13},{"damage":6,"enemies":"Jaw Worm","floor":9,"turns":2},{"damage":13,"enemies":"3 Louse","floor":11,"turns":3},{"damage":15,"enemies":"Gremlin Gang","floor":13,"turns":5},{"damage":4,"enemies":"Red Slaver","floor":15,"turns":3},{"damage":25,"enemies":"downfall:Ironclad","floor":16,"turns":7}],"seed_played":"-1948025894938132674","potions_obtained":[{"floor":9,"key":"LiquidBronze"},{"floor":11,"key":"PowerPotion"},{"floor":15,"key":"Block Potion"}],"is_trial":false,"path_per_floor":["R","M","R","M","?","R","T","E","M","R","M","?","M","T","M","B"],"character_chosen":"THE_SNECKO","items_purchased":[],"campfire_rested":1,"item_purchase_floors":[],"current_hp_per_floor":[90,90,90,90,91,91,91,25,21,49,38,38,28,28,25,0,0],"gold":547,"neow_bonus":"THREE_ENEMY_KILL","is_daily":false,"chose_seed":false,"campfire_upgraded":2,"win_rate":0.0,"timestamp":1607890193,"path_taken":["R","M","R","M","?","R","T","E","?","R","M","?","M","?","M","BOSS"],"items_purchased_type":[],"build_version":"2020-11-30","purchased_purges":0,"victory":false,"max_hp_per_floor":[90,90,90,90,91,91,91,92,94,94,96,96,97,97,98,98,98],"card_choices":[{"not_picked":["sneckomod:SoulRoll","sneckomod:UnknownClassSLIMEBOUND"],"picked":"sneckomod:SlitherStrike","floor":2},{"not_picked":["sneckomod:QuickMove","sneckomod:UnknownUncommonPower"],"picked":"sneckomod:SnakeSap","floor":4},{"not_picked":["sneckomod:QuickBite","sneckomod:UnknownClassRED"],"picked":"sneckomod:Unknown0Cost","floor":5},{"not_picked":["sneckomod:SnekBeam","sneckomod:UnknownStrike"],"picked":"sneckomod:IronFang","floor":8},{"not_picked":["sneckomod:UnknownWeak","sneckomod:WideSting"],"picked":"sneckomod:ImprovisedAttack","floor":9},{"not_picked":["sneckomod:SoulCleanse","sneckomod:CheapStock"],"picked":"sneckomod:UnknownCommonAttack","floor":9},{"not_picked":["sneckomod:UnknownVulnerable","sneckomod:WideSting"],"picked":"sneckomod:UnknownUncommonSkill","floor":11},{"not_picked":["sneckomod:UnknownBlock","sneckomod:SoulCleanse"],"picked":"sneckomod:ImprovisedGuard","floor":11},{"not_picked":["sneckomod:UnknownUncommonAttack","sneckomod:WideSting"],"picked":"sneckomod:DiceCrush","floor":13},{"not_picked":["sneckomod:DangerNoodle","sneckomod:SoulDraw"],"picked":"sneckomod:SerpentIdol","floor":13},{"not_picked":["sneckomod:UnknownClassHEXA_GHOST_PURPLE","sneckomod:UnknownStrike"],"picked":"sneckomod:Nope","floor":15},{"not_picked":["sneckomod:DiceCrush","sneckomod:ImprovisedGuard"],"picked":"sneckomod:RainOfDice","floor":15}],"player_experience":345863,"relics_obtained":[{"floor":5,"key":"downfall:CloakOfManyFaces"},{"floor":8,"key":"Prayer Wheel"},{"floor":14,"key":"Akabeko"}],"event_choices":[],"is_beta":false,"boss_relics":[],"items_purged_floors":[],"is_endless":false,"potions_floor_spawned":[9,11,15],"killed_by":"downfall:Ironclad","ascension_level":0}}