{"host":"n4fty02wqqi95laq","time":1607838508,"event":{"mods":["BaseMod","Highlight Path","Minty Spire (QoL Compilation)","Quick Restart","Rare Cards Sparkle","StSLib"],"gold_per_floor":[110,185,185,200,200,200,226,244,244,244,258,278,308,328,328,399,399,418,67,67,80,92,92,106,126,126,138,162,174,218,248,260,349,361,383,112,112,122,132,157,157,188,188,213,248,265,290,326,326,326,326,326,326,39,68,68,68],"floor_reached":56,"playtime":2517,"items_purged":["Strike_P","Strike_P","Strike_P+1"],"score":2473,"play_id":"7fdf07a7-e6a3-4435-8b0a-0fd8bc57c0ef","local_time":"20201213134828","is_ascension_mode":true,"campfire_choices":[{"data":"Eruption","floor":6.0,"key":"SMITH"},{"data":"Collect","floor":10.0,"key":"SMITH"},{"data":"Adaptation","floor":15.0,"key":"SMITH"},{"data":"Ghostly","floor":23.0,"key":"SMITH"},{"data":"Tantrum","floor":27.0,"key":"SMITH"},{"data":"Scrawl","floor":32.0,"key":"SMITH"},{"data":"Omniscience","floor":41.0,"key":"SMITH"},{"floor":49.0,"key":"RECALL"},{"floor":53.0,"key":"REST"}],"circlet_count":0,"master_deck":["AscendersBane","Strike_P+1","Defend_P+1","Defend_P+1","Defend_P+1","Eruption+1","Vigilance+1","LessonLearned+1","Adaptation+1","Adaptation+1","ReachHeaven+1","Collect+1","EmptyMind+1","BowlingBash+1","Halt+1","CrushJoints+1","Brilliance+1","Wallop+1","Ghostly+1","Ghostly+1","Ghostly+1","Tantrum+1","Scrawl+1","Ghostly+1","InnerPeace+1","MasterReality+1","Omniscience+1","Evaluate+1","Wish+1","MentalFortress","FearNoEvil+1"],"relics":["PureWater","Eternal Feather","Odd Mushroom","Boot","VioletLotus","Matryoshka","MawBank","Gremlin Horn","The Courier","Runic Pyramid","Potion Belt","Ancient Tea Set","Blue Candle","Akabeko","Whetstone","Ginger","War Paint","Orichalcum","Sundial"],"acts_visited":["Exordium","TheCity","TheBeyond","TheEnding"],"potions_floor_usage":[56,56],"damage_taken":[{"damage":12.0,"enemies":"Cultist","floor":1.0,"turns":5.0},{"damage":5.0,"enemies":"2 Louse","floor":4.0,"turns":4.0},{"damage":20.0,"enemies":"3 Sentries","floor":7.0,"turns":4.0},{"damage":4.0,"enemies":"Jaw Worm","floor":8.0,"turns":3.0},{"damage":0.0,"enemies":"2 Fungi Beasts","floor":11.0,"turns":2.0},{"damage":6.0,"enemies":"The Mushroom Lair","floor":12.0,"turns":5.0},{"damage":0.0,"enemies":"Lagavulin","floor":13.0,"turns":3.0},{"damage":8.0,"enemies":"Looter","floor":14.0,"turns":3.0},{"damage":26.0,"enemies":"The Guardian","floor":16.0,"turns":9.0},{"damage":19.0,"enemies":"Spheric Guardian","floor":18.0,"turns":4.0},{"damage":3.0,"enemies":"Chosen","floor":21.0,"turns":4.0},{"damage":11.0,"enemies":"Centurion and Healer","floor":22.0,"turns":7.0},{"damage":1.0,"enemies":"Cultist and Chosen","floor":24.0,"turns":4.0},{"damage":12.0,"enemies":"Snake Plant","floor":25.0,"turns":3.0},{"damage":0.0,"enemies":"Chosen and Byrds","floor":28.0,"turns":3.0},{"damage":0.0,"enemies":"Gremlin Leader","floor":30.0,"turns":2.0},{"damage":0.0,"enemies":"3 Cultists","floor":31.0,"turns":5.0},{"damage":2.0,"enemies":"Collector","floor":33.0,"turns":7.0},{"damage":0.0,"enemies":"Orb Walker","floor":35.0,"turns":4.0},{"damage":4.0,"enemies":"3 Darklings","floor":38.0,"turns":4.0},{"damage":10.0,"enemies":"Writhing Mass","floor":39.0,"turns":7.0},{"damage":0.0,"enemies":"Reptomancer","floor":40.0,"turns":5.0},{"damage":0.0,"enemies":"Nemesis","floor":42.0,"turns":5.0},{"damage":0.0,"enemies":"Mind Bloom Boss Battle","floor":44.0,"turns":5.0},{"damage":0.0,"enemies":"Reptomancer","floor":45.0,"turns":4.0},{"damage":0.0,"enemies":"4 Shapes","floor":46.0,"turns":4.0},{"damage":0.0,"enemies":"Giant Head","floor":47.0,"turns":4.0},{"damage":0.0,"enemies":"Jaw Worm Horde","floor":48.0,"turns":3.0},{"damage":0.0,"enemies":"Awakened One","floor":50.0,"turns":8.0},{"damage":14.0,"enemies":"Donu and Deca","floor":51.0,"turns":6.0},{"damage":0.0,"enemies":"Shield and Spear","floor":55.0,"turns":5.0},{"damage":42,"enemies":"The Heart","floor":56,"turns":3}],"seed_played":"6677705974345901744","potions_obtained":[{"floor":1.0,"key":"SkillPotion"},{"floor":4.0,"key":"Weak Potion"},{"floor":11.0,"key":"AttackPotion"},{"floor":14.0,"key":"FearPotion"},{"floor":16.0,"key":"Explosive Potion"},{"floor":28.0,"key":"ColorlessPotion"},{"floor":31.0,"key":"PowerPotion"},{"floor":33.0,"key":"SkillPotion"},{"floor":38.0,"key":"Explosive Potion"},{"floor":39.0,"key":"AttackPotion"},{"floor":44.0,"key":"Energy Potion"},{"floor":47.0,"key":"ColorlessPotion"}],"is_trial":false,"path_per_floor":["M","?","?","M","?","R","E","M","T","R","M","?","E","M","R","B",null,"M","$","?","M","M","R","M","M","T","R","M","?","E","M","R","B",null,"M","$","?","M","M","E","R","E","T","?","E","M","E","M","R","B","B",null,"R","$","E","B"],"character_chosen":"WATCHER","items_purchased":["Matryoshka","Potion Belt","StancePotion","MentalFortress","FearNoEvil","FairyPotion"],"campfire_rested":1,"item_purchase_floors":[19,36,36,54,54,54],"current_hp_per_floor":[49,38,38,33,53,53,33,29,29,38,38,32,32,24,33,7,48,29,29,29,26,15,27,26,14,14,26,26,26,26,26,31,29,31,31,31,31,27,17,17,31,31,31,31,31,31,31,31,31,31,17,28,31,31,31,0,0],"gold":68,"neow_bonus":"THREE_RARE_CARDS","is_daily":false,"chose_seed":false,"campfire_upgraded":7,"win_rate":0.0,"timestamp":1607838508,"path_taken":["M","?","?","M","?","R","E","?","T","R","M","?","E","M","R","BOSS","M","$","?","M","M","R","M","M","T","R","M","?","E","M","R","BOSS","M","?","?","?","M","E","R","E","T","?","E","M","E","M","R","BOSS","BOSS","R","$","E","BOSS"],"items_purchased_type":["Relic","Relic","Potion","Card","Card","Potion"],"build_version":"2020-11-30","purchased_purges":3,"victory":false,"max_hp_per_floor":[62,62,62,62,62,62,62,62,62,62,62,62,62,62,62,62,62,62,62,31,31,31,31,31,31,31,31,31,31,31,31,31,31,31,31,31,31,31,31,31,31,31,31,31,31,31,31,31,31,31,31,31,31,31,31,31,31],"card_choices":[{"not_picked":["Brilliance","Blasphemy"],"picked":"LessonLearned","floor":0.0},{"not_picked":["Collect","MentalFortress"],"picked":"Adaptation","floor":1.0},{"not_picked":["FlurryOfBlows","Swivel"],"picked":"ReachHeaven","floor":4.0},{"not_picked":["Protect","CutThroughFate"],"picked":"Collect","floor":7.0},{"not_picked":["Protect","Prostrate"],"picked":"EmptyMind","floor":8.0},{"not_picked":["ThirdEye","JustLucky"],"picked":"BowlingBash","floor":11.0},{"not_picked":["SashWhip","BowlingBash"],"picked":"Halt","floor":12.0},{"not_picked":["BowlingBash","Collect","ClearTheMind"],"picked":"SKIP","floor":13.0},{"not_picked":["Devotion","Swivel"],"picked":"CrushJoints","floor":14.0},{"not_picked":["LessonLearned","Wish"],"picked":"Brilliance","floor":16.0},{"not_picked":["FlurryOfBlows","BowlingBash"],"picked":"Wallop","floor":18.0},{"not_picked":["Halt","BowlingBash","SignatureMove"],"picked":"SKIP","floor":21.0},{"not_picked":["Swivel","Nirvana"],"picked":"Tantrum","floor":22.0},{"not_picked":["FlyingSleeves","EmptyBody","FollowUp+1"],"picked":"SKIP","floor":24.0},{"not_picked":["FlyingSleeves","DeceiveReality+1","Crescendo"],"picked":"SKIP","floor":25.0},{"not_picked":["ClearTheMind","Halt"],"picked":"Scrawl","floor":28.0},{"not_picked":["WheelKick","EmptyBody"],"picked":"InnerPeace","floor":30.0},{"not_picked":["Weave+1","LikeWater","Evaluate"],"picked":"SKIP","floor":31.0},{"not_picked":["SpiritShield","Ragnarok"],"picked":"MasterReality","floor":33.0},{"not_picked":["BowlingBash","CrushJoints","DeceiveReality"],"picked":"SKIP","floor":35.0},{"not_picked":["FlurryOfBlows","Consecrate+1","FlyingSleeves+1"],"picked":"SKIP","floor":38.0},{"not_picked":["WaveOfTheHand","SashWhip","Sanctity"],"picked":"SKIP","floor":39.0},{"not_picked":["MentalFortress","Crescendo"],"picked":"Omniscience","floor":40.0},{"not_picked":["SashWhip","PathToVictory","Evaluate"],"picked":"SKIP","floor":42.0},{"not_picked":["SashWhip","PathToVictory","Evaluate"],"picked":"SKIP","floor":42.0},{"not_picked":["Wallop","Indignation"],"picked":"Evaluate+1","floor":45.0},{"not_picked":["SashWhip+1","EmptyFist+1","FlyingSleeves"],"picked":"SKIP","floor":46.0},{"not_picked":["SandsOfTime+1","JustLucky"],"picked":"Wish","floor":47.0},{"not_picked":["PathToVictory","Conclude","Collect"],"picked":"SKIP","floor":48.0},{"not_picked":["Crescendo+1","Conclude","Wireheading+1"],"picked":"SKIP","floor":55.0}],"player_experience":610596,"relics_obtained":[{"floor":7.0,"key":"Eternal Feather"},{"floor":12.0,"key":"Odd Mushroom"},{"floor":13.0,"key":"Boot"},{"floor":26.0,"key":"MawBank"},{"floor":26.0,"key":"Gremlin Horn"},{"floor":30.0,"key":"The Courier"},{"floor":40.0,"key":"Ancient Tea Set"},{"floor":42.0,"key":"Blue Candle"},{"floor":43.0,"key":"Akabeko"},{"floor":43.0,"key":"Whetstone"},{"floor":44.0,"key":"Ginger"},{"floor":45.0,"key":"War Paint"},{"floor":47.0,"key":"Orichalcum"},{"floor":55.0,"key":"Sundial"}],"event_choices":[{"damage_healed":0.0,"max_hp_gain":0.0,"max_hp_loss":0.0,"gold_gain":75.0,"event_name":"World of Goop","player_choice":"Gather Gold","floor":2.0,"gold_loss":0.0,"damage_taken":11.0},{"damage_healed":0.0,"max_hp_gain":0.0,"max_hp_loss":0.0,"gold_gain":0.0,"cards_transformed":["Defend_P"],"event_name":"Living Wall","player_choice":"Change","floor":3.0,"gold_loss":0.0,"damage_taken":0.0,"cards_obtained":["Adaptation"]},{"damage_healed":20.0,"max_hp_gain":0.0,"max_hp_loss":0.0,"gold_gain":0.0,"event_name":"Big Fish","player_choice":"Banana","floor":5.0,"gold_loss":0.0,"damage_taken":0.0},{"damage_healed":0.0,"max_hp_gain":0.0,"max_hp_loss":0.0,"gold_gain":0.0,"event_name":"Mushrooms","player_choice":"Fought Mushrooms","floor":12.0,"gold_loss":0.0,"damage_taken":0.0},{"damage_healed":0.0,"max_hp_gain":0.0,"max_hp_loss":31.0,"gold_gain":0.0,"event_name":"Ghosts","player_choice":"Became a Ghost","floor":20.0,"gold_loss":0.0,"damage_taken":0.0,"cards_obtained":["Ghostly","Ghostly","Ghostly"]},{"damage_healed":0.0,"max_hp_gain":0.0,"max_hp_loss":0.0,"gold_gain":0.0,"event_name":"Duplicator","player_choice":"Copied","floor":29.0,"gold_loss":0.0,"damage_taken":0.0,"cards_obtained":["Ghostly"]},{"damage_healed":0.0,"max_hp_gain":0.0,"max_hp_loss":0.0,"gold_gain":0.0,"event_name":"Upgrade Shrine","player_choice":"Upgraded","floor":37.0,"gold_loss":0.0,"damage_taken":0.0,"cards_upgraded":["MasterReality"]},{"damage_healed":0.0,"max_hp_gain":0.0,"max_hp_loss":0.0,"gold_gain":0.0,"event_name":"MindBloom","player_choice":"Fight","floor":44.0,"gold_loss":0.0,"damage_taken":0.0}],"is_beta":false,"boss_relics":[{"not_picked":["Black Star","Empty Cage"],"picked":"VioletLotus"},{"not_picked":["Calling Bell","Sozu"],"picked":"Runic Pyramid"}],"items_purged_floors":[19,36,54],"is_endless":false,"potions_floor_spawned":[1,4,11,14,16,18,28,31,33,38,39,44,46,47],"killed_by":"The Heart","ascension_level":20}}