{"host":"8qb550oiisecbnz6","time":1607819414,"event":{"mods":["AchievementEnabler","BaseMod","Colored Map","Colored Powertips","Minty Spire (QoL Compilation)","Quick Restart","Slay-I","StSLib"],"gold_per_floor":[115,40,51,63,63,97,97,112,112,142,156,156,156,173,173,269,269,281,298,318,328,75,75,89,123,177,194,221,231,231,242,242,242,242],"floor_reached":33,"playtime":2226,"items_purged":["Strike_B","Pain"],"score":388,"play_id":"e7ab21b2-ffdd-4b22-9662-bc42c57c6740","local_time":"20201213013014","is_ascension_mode":true,"campfire_choices":[{"data":"Zap","floor":7,"key":"SMITH"},{"floor":12,"key":"DIG"},{"floor":15,"key":"DIG"},{"floor":30,"key":"RECALL"},{"floor":32,"key":"REST"}],"circlet_count":0,"master_deck":["Strike_B","Strike_B","Strike_B","Defend_B","Defend_B","Defend_B","Defend_B","Zap+1","Cold Snap","Reinforced Body+1","Self Repair","Redo","Beam Cell","All For One","Conserve Battery+1","FTL+1","Zap+1","Defragment+1","Barrage","Blizzard"],"relics":["Cracked Core","Toy Ornithopter","Cables","Shovel","Nunchaku","WarpedTongs","Akabeko","Inserter","Orichalcum","CeramicFish"],"acts_visited":["Exordium","TheCity"],"potions_floor_usage":[6,14,16,20,21,24,25,28,33],"damage_taken":[{"damage":8,"enemies":"2 Louse","floor":1,"turns":4},{"damage":0,"enemies":"Cultist","floor":3,"turns":3},{"damage":2,"enemies":"Jaw Worm","floor":4,"turns":4},{"damage":28,"enemies":"Lagavulin","floor":6,"turns":11},{"damage":24,"enemies":"Gremlin Gang","floor":8,"turns":6},{"damage":0,"enemies":"Gremlin Nob","floor":10,"turns":4},{"damage":8,"enemies":"2 Fungi Beasts","floor":11,"turns":3},{"damage":21,"enemies":"Lots of Slimes","floor":14,"turns":5},{"damage":18,"enemies":"Hexaghost","floor":16,"turns":9},{"damage":17,"enemies":"Spheric Guardian","floor":18,"turns":4},{"damage":7,"enemies":"Shell Parasite","floor":19,"turns":6},{"damage":15,"enemies":"3 Cultists","floor":20,"turns":5},{"damage":34,"enemies":"Snake Plant","floor":21,"turns":3},{"damage":7,"enemies":"Snecko","floor":24,"turns":4},{"damage":7,"enemies":"Gremlin Leader","floor":25,"turns":5},{"damage":10,"enemies":"3 Cultists","floor":27,"turns":4},{"damage":20,"enemies":"Snake Plant","floor":28,"turns":3},{"damage":2,"enemies":"Sentry and Sphere","floor":29,"turns":3},{"damage":0,"enemies":"Snecko","floor":31,"turns":4},{"damage":59,"enemies":"Champ","floor":33,"turns":7}],"seed_played":"-3314268691252144603","potions_obtained":[{"floor":3,"key":"Fire Potion"},{"floor":11,"key":"LiquidMemories"},{"floor":14,"key":"GamblersBrew"},{"floor":16,"key":"DistilledChaos"},{"floor":18,"key":"FearPotion"},{"floor":20,"key":"Swift Potion"},{"floor":21,"key":"Ancient Potion"},{"floor":24,"key":"Explosive Potion"},{"floor":31,"key":"DistilledChaos"}],"is_trial":false,"path_per_floor":["M","$","M","M","?","E","R","M","T","E","M","R","?","M","R","B",null,"M","M","M","M","$","?","M","E","T","M","M","M","R","M","R","B"],"character_chosen":"DEFECT","items_purchased":["Orichalcum"],"campfire_rested":1,"item_purchase_floors":[22],"current_hp_per_floor":[67,67,67,65,65,44,44,27,27,34,33,33,33,27,27,21,62,52,55,52,30,30,30,35,40,40,37,22,20,20,27,49,0,0],"gold":242,"neow_bonus":"REMOVE_CARD","is_daily":false,"chose_seed":false,"campfire_upgraded":1,"win_rate":0.0,"timestamp":1607819414,"path_taken":["M","$","M","M","?","E","R","M","T","E","?","R","?","M","R","BOSS","M","M","?","?","$","?","?","E","T","M","M","M","R","M","R","BOSS"],"items_purchased_type":["Relic"],"build_version":"2020-11-30","purchased_purges":2,"victory":false,"max_hp_per_floor":[75,75,75,75,75,75,75,75,75,75,75,75,75,75,75,75,75,75,75,75,75,75,75,75,75,75,75,75,75,75,75,75,75,75],"card_choices":[{"not_picked":["Gash","Streamline"],"picked":"Cold Snap","floor":1},{"not_picked":["Compile Driver","Turbo"],"picked":"Reinforced Body","floor":3},{"not_picked":["Glacier","Loop"],"picked":"Self Repair","floor":4},{"not_picked":["Skim","Stack","Darkness"],"picked":"SKIP","floor":6},{"not_picked":["Fusion","Reprogram","Recycle"],"picked":"SKIP","floor":8},{"not_picked":["Hologram","Genetic Algorithm","Ball Lightning"],"picked":"SKIP","floor":10},{"not_picked":["Streamline","Turbo"],"picked":"Redo","floor":11},{"not_picked":["Barrage","Chaos"],"picked":"Beam Cell","floor":14},{"not_picked":["Amplify","Hyperbeam"],"picked":"All For One","floor":16},{"not_picked":["Undo","Glacier"],"picked":"Conserve Battery+1","floor":18},{"not_picked":["Rip and Tear","Double Energy","Hologram"],"picked":"SKIP","floor":19},{"not_picked":["Rebound","Go for the Eyes","Hello World"],"picked":"SKIP","floor":20},{"not_picked":["Steam+1","Sweeping Beam"],"picked":"FTL+1","floor":21},{"not_picked":["Turbo","Fusion"],"picked":"Defragment+1","floor":24},{"not_picked":["Rip and Tear","Amplify"],"picked":"Barrage","floor":25},{"not_picked":["Gash","Beam Cell","Hello World+1"],"picked":"SKIP","floor":27},{"not_picked":["Ball Lightning","Doom and Gloom+1"],"picked":"Blizzard","floor":28},{"not_picked":["Beam Cell","Stack+1","Hologram"],"picked":"SKIP","floor":29},{"not_picked":["Reprogram","Double Energy","Sweeping Beam+1"],"picked":"SKIP","floor":31}],"player_experience":335711,"relics_obtained":[{"floor":6,"key":"Toy Ornithopter"},{"floor":9,"key":"Cables"},{"floor":10,"key":"Shovel"},{"floor":12,"key":"Nunchaku"},{"floor":15,"key":"Akabeko"},{"floor":25,"key":"CeramicFish"}],"event_choices":[{"damage_healed":0,"gold_gain":0,"player_choice":"Upgraded","damage_taken":0,"max_hp_gain":0,"max_hp_loss":0,"event_name":"Upgrade Shrine","floor":5,"gold_loss":0,"cards_upgraded":["Reinforced Body"]},{"damage_healed":0,"gold_gain":0,"player_choice":"Rummage","damage_taken":0,"relics_obtained":["WarpedTongs"],"max_hp_gain":0,"max_hp_loss":0,"event_name":"Accursed Blacksmith","floor":13,"gold_loss":0,"cards_obtained":["Pain"]},{"damage_healed":0,"gold_gain":0,"player_choice":"Copied","damage_taken":0,"max_hp_gain":0,"max_hp_loss":0,"event_name":"Duplicator","floor":23,"gold_loss":0,"cards_obtained":["Zap"]}],"is_beta":false,"boss_relics":[{"not_picked":["Runic Dome","Pandora\u0027s Box"],"picked":"Inserter"}],"items_purged_floors":[2,22],"is_endless":false,"potions_floor_spawned":[3,11,14,16,18,20,21,24,31],"killed_by":"Champ","ascension_level":5}}