{"host":"Sumable","time":1607843914,"event":{"mods":["AchievementEnabler","BaseMod","Better Note","BetterRewards","Googly Eyes","Hermit","Minty Spire (QoL Compilation)","Quick Restart","Shop Mod","StSLib","The Cursed","everything is the same but u backflip on backflip","slay the spire mod where everything is the same but ironclad has a cowboy hat"],"gold_per_floor":[111,111,35,35,52,52,84,96,120,120,138,155,188,258,258,258,258],"floor_reached":16,"playtime":790,"items_purged":[],"score":203,"play_id":"c3dc49b7-9756-483a-854d-7f022c53324a","local_time":"20201213001834","is_ascension_mode":true,"campfire_choices":[{"data":"Infinite Blades","floor":6,"key":"SMITH"},{"floor":10,"key":"REST"},{"floor":15,"key":"REST"}],"circlet_count":0,"master_deck":["Strike_G","Strike_G","Strike_G","Strike_G","Strike_G","Defend_G","Defend_G","Defend_G","Defend_G","Defend_G","Survivor","Neutralize","Infinite Blades+1","Bouncing Flask","Footwork","Blade Dance","Blade Dance","Regret","Finisher","PiercingWail","Footwork","Infinite Blades","Skewer"],"relics":["Ring of the Snake","MealTicket","CaptainsWheel","Tiny Chest","SsserpentHead","Pen Nib","Oddly Smooth Stone","Bag of Marbles"],"acts_visited":["Exordium"],"potions_floor_usage":[7,11,13],"damage_taken":[{"damage":0,"enemies":"Cultist","floor":1,"turns":3},{"damage":4,"enemies":"Small Slimes","floor":5,"turns":3},{"damage":7,"enemies":"Gremlin Nob","floor":7,"turns":3},{"damage":14,"enemies":"2 Louse","floor":8,"turns":3},{"damage":0,"enemies":"Exordium Wildlife","floor":11,"turns":2},{"damage":2,"enemies":"Looter","floor":12,"turns":3},{"damage":40,"enemies":"3 Sentries","floor":13,"turns":6},{"damage":0,"enemies":"Red Slaver","floor":14,"turns":2},{"damage":34,"enemies":"The Guardian","floor":16,"turns":12}],"seed_played":"-4704937643285854001","potions_obtained":[{"floor":1,"key":"EssenceOfSteel"},{"floor":7,"key":"GamblersBrew"},{"floor":8,"key":"Explosive Potion"}],"is_trial":false,"path_per_floor":["M","?","$","?","M","R","E","M","T","R","M","M","E","M","R","B"],"character_chosen":"THE_SILENT","items_purchased":["MealTicket","Infinite Blades","Bouncing Flask","Footwork","Blade Dance","Finisher"],"campfire_rested":2,"item_purchase_floors":[0,0,0,0,0,3],"current_hp_per_floor":[43,43,58,58,54,54,47,33,33,54,54,52,12,12,33,0,0],"gold":258,"neow_bonus":"","is_daily":false,"chose_seed":false,"campfire_upgraded":1,"win_rate":0.0,"timestamp":1607843914,"path_taken":["M","?","$","?","M","R","E","M","T","R","M","M","E","?","R","BOSS"],"items_purchased_type":["Relic","Card","Card","Card","Card","Card"],"build_version":"2020-12-07","purchased_purges":0,"victory":false,"max_hp_per_floor":[70,70,70,70,70,70,70,70,70,70,70,70,70,70,70,70,70],"card_choices":[{"not_picked":["Poisoned Stab","All Out Attack"],"picked":"Blade Dance","floor":1},{"not_picked":["Terror","Reflex","Deadly Poison"],"picked":"SKIP","floor":5},{"not_picked":["Dash","Distraction","Acrobatics"],"picked":"SKIP","floor":7},{"not_picked":["Calculated Gamble","Bane"],"picked":"PiercingWail","floor":8},{"not_picked":["Leg Sweep","Well Laid Plans"],"picked":"Footwork","floor":11},{"not_picked":["Distraction","Quick Slash"],"picked":"Infinite Blades","floor":12},{"not_picked":["Prepared","Sucker Punch"],"picked":"Skewer","floor":13},{"not_picked":["Poisoned Stab","Dagger Spray","Bane"],"picked":"SKIP","floor":14}],"player_experience":939810,"relics_obtained":[{"floor":7,"key":"Pen Nib"},{"floor":9,"key":"Oddly Smooth Stone"},{"floor":13,"key":"Bag of Marbles"}],"event_choices":[{"damage_healed":0,"gold_gain":0,"player_choice":"Box","damage_taken":0,"relics_obtained":["Tiny Chest"],"max_hp_gain":0,"max_hp_loss":0,"event_name":"Big Fish","floor":2,"gold_loss":0,"cards_obtained":["Regret"]},{"damage_healed":0,"gold_gain":0,"player_choice":"Trade","damage_taken":0,"relics_obtained":["SsserpentHead"],"max_hp_gain":0,"max_hp_loss":0,"event_name":"FaceTrader","floor":4,"gold_loss":0}],"is_beta":true,"boss_relics":[],"items_purged_floors":[],"is_endless":false,"potions_floor_spawned":[1,7,8],"killed_by":"The Guardian","ascension_level":5}}