{"host":"t7mx8yfj1no5p62f","time":1607838618,"event":{"mods":["BaseMod","Colored Map","Colored Powertips","Minty Spire (QoL Compilation)","Relic Stats","StSLib"],"gold_per_floor":[118,134,149,163,33,33,67,79,115,143,165,236,283,310,322,405,417,449,461,502,532,563,575,111,153,200,232,38,38,56,69,69,69,69],"floor_reached":33,"playtime":1212,"items_purged":["Strike_G","Strike_G","Strike_G"],"score":652,"play_id":"071286de-2ea1-46d4-9cfa-fd8e5a5b56db","local_time":"20201213005018","is_ascension_mode":true,"campfire_choices":[{"data":"Dagger Throw","floor":6,"key":"SMITH"},{"data":"Backstab","floor":8,"key":"SMITH"},{"data":"Catalyst","floor":15,"key":"SMITH"},{"data":"Crippling Poison","floor":23,"key":"SMITH"},{"data":"Wraith Form v2","floor":29,"key":"SMITH"},{"data":"Footwork","floor":32,"key":"SMITH"}],"circlet_count":0,"master_deck":["AscendersBane","Strike_G","Strike_G","Defend_G","Defend_G","Defend_G","Defend_G","Defend_G","Survivor","Neutralize","Dagger Throw+1","Backstab+1","Catalyst+1","PiercingWail+1","Poisoned Stab","Footwork","Backflip","Dash","Corpse Explosion","CurseOfTheBell","Deadly Poison+1","Crippling Poison+1","Footwork+1","Calculated Gamble","PiercingWail+1","Prepared+1","Wraith Form v2+1"],"relics":["Ring of the Snake","NeowsBlessing","MawBank","Toy Ornithopter","Centennial Puzzle","Calling Bell","CeramicFish","Eternal Feather","Du-Vu Doll","Bag of Preparation","War Paint","Ancient Tea Set","White Beast Statue"],"acts_visited":["Exordium","TheCity"],"potions_floor_usage":[4,7,16,21,21,25,27,31,33,33],"damage_taken":[{"damage":0.0,"enemies":"Cultist","floor":1.0,"turns":1.0},{"damage":0,"enemies":"2 Louse","floor":2,"turns":1},{"damage":0,"enemies":"Jaw Worm","floor":3,"turns":1},{"damage":0,"enemies":"Red Slaver","floor":4,"turns":6},{"damage":3,"enemies":"Gremlin Nob","floor":7,"turns":3},{"damage":3,"enemies":"Exordium Thugs","floor":10,"turns":5},{"damage":0,"enemies":"Looter","floor":11,"turns":3},{"damage":15,"enemies":"Lagavulin","floor":13,"turns":9},{"damage":0,"enemies":"Blue Slaver","floor":14,"turns":5},{"damage":1,"enemies":"The Guardian","floor":16,"turns":10},{"damage":17,"enemies":"Chosen","floor":18,"turns":5},{"damage":7,"enemies":"Spheric Guardian","floor":20,"turns":4},{"damage":12,"enemies":"3 Cultists","floor":21,"turns":4},{"damage":15,"enemies":"Snake Plant","floor":22,"turns":3},{"damage":37,"enemies":"Book of Stabbing","floor":25,"turns":6},{"damage":0,"enemies":"Gremlin Leader","floor":27,"turns":3},{"damage":0,"enemies":"Centurion and Healer","floor":30,"turns":3},{"damage":8,"enemies":"Shelled Parasite and Fungi","floor":31,"turns":5},{"damage":50,"enemies":"Champ","floor":33,"turns":18}],"seed_played":"-862456119217237516","potions_obtained":[{"floor":1,"key":"Ancient Potion"},{"floor":2,"key":"SpeedPotion"},{"floor":10,"key":"LiquidBronze"},{"floor":13,"key":"Poison Potion"},{"floor":16,"key":"Poison Potion"},{"floor":25,"key":"DuplicationPotion"},{"floor":27,"key":"CunningPotion"},{"floor":30,"key":"LiquidMemories"},{"floor":31,"key":"CunningPotion"}],"is_trial":false,"path_per_floor":["M","M","M","M","$","R","E","R","T","M","M","?","E","M","R","B",null,"M","?","M","M","M","R","$","E","T","E","$","R","M","M","R","B"],"character_chosen":"THE_SILENT","items_purchased":["Poison Potion","Calculated Gamble","Bag of Preparation","Poison Potion","GamblersBrew","PiercingWail","Wraith Form v2"],"campfire_rested":0,"item_purchase_floors":[5,24,24,24,24,24,28],"current_hp_per_floor":[59,59,59,59,59,59,56,56,56,53,53,53,38,38,38,42,60,43,43,36,34,19,34,34,2,2,7,7,22,22,19,34,0,0],"gold":69,"neow_bonus":"THREE_ENEMY_KILL","is_daily":false,"chose_seed":false,"campfire_upgraded":6,"win_rate":0.0,"timestamp":1607838618,"path_taken":["M","?","M","M","$","R","E","R","T","M","M","?","E","M","R","BOSS","M","?","M","?","M","R","$","E","T","E","?","R","M","M","R","BOSS"],"items_purchased_type":["Potion","Card","Relic","Potion","Potion","Card","Card"],"build_version":"2020-11-30","purchased_purges":3,"victory":false,"max_hp_per_floor":[66,66,66,66,66,66,66,66,66,66,66,66,66,66,66,66,66,66,66,66,66,66,66,66,66,66,66,66,66,66,66,66,66,66],"relic_stats":{"Centennial Puzzle":[24],"counters":[19,95],"CeramicFish":63,"Eternal Feather":45,"Bag of Preparation":[10],"War Paint":["PiercingWail","PiercingWail"],"MawBank":204,"obtain_stats":[{"NeowsBlessing":0,"CeramicFish":17,"Eternal Feather":17,"Bag of Preparation":24,"War Paint":25,"MawBank":7,"Ancient Tea Set":26,"White Beast Statue":27,"Calling Bell":17,"Du-Vu Doll":17,"Centennial Puzzle":13,"Toy Ornithopter":9,"Ring of the Snake":0},{"NeowsBlessing":0,"CeramicFish":10,"Eternal Feather":10,"Bag of Preparation":14,"War Paint":15,"MawBank":5,"Ancient Tea Set":15,"White Beast Statue":16,"Calling Bell":10,"Du-Vu Doll":10,"Centennial Puzzle":8,"Toy Ornithopter":5,"Ring of the Snake":0},{"NeowsBlessing":0,"CeramicFish":44,"Eternal Feather":44,"Bag of Preparation":60,"War Paint":66,"MawBank":12,"Ancient Tea Set":66,"White Beast Statue":69,"Calling Bell":44,"Du-Vu Doll":44,"Centennial Puzzle":29,"Toy Ornithopter":12,"Ring of the Snake":0}],"Toy Ornithopter":40,"Ring of the Snake":[38]},"card_choices":[{"not_picked":["Prepared","Flying Knee"],"picked":"Dagger Throw","floor":1},{"not_picked":["Flying Knee","Infinite Blades"],"picked":"Backstab","floor":2},{"not_picked":["Distraction","Escape Plan"],"picked":"Catalyst","floor":3},{"not_picked":["Eviscerate","Distraction"],"picked":"PiercingWail","floor":4},{"not_picked":["Bullet Time","Bane"],"picked":"Poisoned Stab","floor":7},{"not_picked":["PiercingWail","Dodge and Roll"],"picked":"Footwork","floor":10},{"not_picked":["Underhanded Strike","Blade Dance"],"picked":"Backflip","floor":11},{"not_picked":["Heel Hook","Flying Knee","Riddle With Holes"],"picked":"SKIP","floor":13},{"not_picked":["Sucker Punch","Dagger Throw"],"picked":"Dash","floor":14},{"not_picked":["Phantasmal Killer","Burst"],"picked":"Corpse Explosion","floor":16},{"not_picked":["Backstab","Concentrate"],"picked":"Deadly Poison+1","floor":18},{"not_picked":["Storm of Steel","Finisher"],"picked":"Crippling Poison","floor":20},{"not_picked":["Cloak And Dagger","Bane","Backflip"],"picked":"SKIP","floor":21},{"not_picked":["All Out Attack+1","Poisoned Stab"],"picked":"Footwork","floor":22},{"not_picked":["Dash","All Out Attack"],"picked":"Prepared+1","floor":25},{"not_picked":["Slice","Cloak And Dagger","PiercingWail"],"picked":"SKIP","floor":27},{"not_picked":["Sucker Punch","Bane","Slice"],"picked":"SKIP","floor":30},{"not_picked":["Sucker Punch","Tactician","Flying Knee"],"picked":"SKIP","floor":31}],"player_experience":1539714,"relics_obtained":[{"floor":7,"key":"MawBank"},{"floor":9,"key":"Toy Ornithopter"},{"floor":13,"key":"Centennial Puzzle"},{"floor":17,"key":"CeramicFish"},{"floor":17,"key":"Eternal Feather"},{"floor":17,"key":"Du-Vu Doll"},{"floor":25,"key":"War Paint"},{"floor":26,"key":"Ancient Tea Set"},{"floor":27,"key":"White Beast Statue"}],"event_choices":[{"damage_healed":0,"gold_gain":59,"player_choice":"Gained Gold","damage_taken":0,"max_hp_gain":0,"max_hp_loss":0,"event_name":"Golden Wing","floor":12,"gold_loss":0},{"damage_healed":0,"gold_gain":0,"player_choice":"Got Potions","damage_taken":0,"max_hp_gain":0,"max_hp_loss":0,"event_name":"Lab","floor":19,"gold_loss":0}],"is_beta":false,"boss_relics":[{"not_picked":["WristBlade","Sozu"],"picked":"Calling Bell"}],"items_purged_floors":[5,24,28],"is_endless":false,"potions_floor_spawned":[1,2,10,13,14,16,18,25,27,30,31],"killed_by":"Champ","ascension_level":20}}