{"host":"2ccem01eblg14btk","time":1607899435,"event":{"mods":["BaseMod","Colored Map","Downfall","Minty Spire (QoL Compilation)","Quick Restart","StSLib"],"gold_per_floor":[0,33,33,18,31,131,131,188,188,220,220,238,223,233,246,349,349,349,359,359,359,374,52,78,98,108,138,138,138,138,158,172,270,270,270,289,46,95,129,147,172,206,225,0,10,10,25,38,50,50],"floor_reached":51,"playtime":3139,"items_purged":["Writhe"],"score":939,"play_id":"f2dd7257-dbf2-4e24-98e6-fc5c08da826f","local_time":"20201213234355","is_ascension_mode":false,"campfire_choices":[{"data":"champ:HoldFirm","floor":1.0,"key":"SMITH"},{"floor":9.0,"key":"REST"},{"data":"champ:HoldFirm","floor":18.0,"key":"SMITH"},{"data":"champ:Lariat","floor":21.0,"key":"SMITH"},{"floor":35,"key":"RECALL"},{"floor":44,"key":"REST"}],"circlet_count":0,"master_deck":["champ:Defend","champ:Defend","champ:Defend","champ:Execute","champ:Taunt","champ:HoldFirm+1","champ:Backstep","champ:BringItOn","champ:TornadoPunch","champ:Circumvent","champ:BringItOn","champ:HoldFirm+1","champ:ShieldSigil","champ:DefensiveShout","champ:CalledShot","champ:ShieldThrow","champ:Lariat+1","champ:StanceDance+1","champ:FocusedDefense+1","Slimebound:Tackle+1","Slimebound:Tackle+1","Slimebound:Tackle+1","champ:FalseCounter","champ:FocusedDefense","champ:Improvising","champ:FalseCounter","champ:SkillfulDodge+1","champ:Lariat","champ:EnGarde","champ:StanceDance+1","champ:FaceSlap","champ:VampiricStrike"],"relics":["champ:ChampionCrown","Darkstone Periapt","CloakClasp","Gremlin Horn","Oddly Smooth Stone","Shuriken","Runic Dome","Matryoshka","Incense Burner","Boot","Toy Ornithopter","Nunchaku","Enchiridion","Black Star","Chemical X","champ:GladiatorsBookOfMartialProwess","Pen Nib","Gambling Chip","Art of War","Torii","FossilizedHelix","downfall:HeartBlessingRed","downfall:HeartBlessingGreen","downfall:HeartBlessingBlue"],"acts_visited":["Exordium","TheCity","TheBeyond"],"potions_floor_usage":[33,38,45,50,50],"damage_taken":[{"damage":30.0,"enemies":"Lagavulin","floor":2.0,"turns":9.0},{"damage":5.0,"enemies":"downfall:FleeingMerchant","floor":4.0,"turns":4.0},{"damage":5.0,"enemies":"Small Slimes","floor":5.0,"turns":6.0},{"damage":51.0,"enemies":"Small Slimes","floor":6.0,"turns":15.0},{"damage":12.0,"enemies":"3 Sentries","floor":8.0,"turns":10.0},{"damage":7.0,"enemies":"3 Sentries","floor":10.0,"turns":7.0},{"damage":0.0,"enemies":"Cultist","floor":12.0,"turns":4.0},{"damage":5.0,"enemies":"downfall:FleeingMerchant","floor":13.0,"turns":4.0},{"damage":0.0,"enemies":"Jaw Worm","floor":14.0,"turns":3.0},{"damage":0.0,"enemies":"3 Louse","floor":15.0,"turns":4.0},{"damage":18.0,"enemies":"downfall:Defect","floor":16.0,"turns":14.0},{"damage":0.0,"enemies":"3 Byrds","floor":19.0,"turns":4.0},{"damage":11,"enemies":"Chosen","floor":22,"turns":6},{"damage":0,"enemies":"downfall:FleeingMerchant","floor":23,"turns":4},{"damage":5,"enemies":"Snecko","floor":25,"turns":7},{"damage":0,"enemies":"Sentry and Sphere","floor":26,"turns":4},{"damage":1,"enemies":"Slavers","floor":27,"turns":5},{"damage":4,"enemies":"Centurion and Healer","floor":31,"turns":8},{"damage":0,"enemies":"Cultist and Chosen","floor":32,"turns":7},{"damage":0,"enemies":"downfall:Watcher","floor":33,"turns":6},{"damage":11,"enemies":"Orb Walker","floor":36,"turns":4},{"damage":0,"enemies":"downfall:FleeingMerchant","floor":37,"turns":4},{"damage":50,"enemies":"2 Orb Walkers","floor":38,"turns":8},{"damage":0,"enemies":"Giant Head","floor":39,"turns":8},{"damage":9,"enemies":"3 Shapes","floor":40,"turns":6},{"damage":0,"enemies":"Reptomancer","floor":42,"turns":7},{"damage":0,"enemies":"Sphere and 2 Shapes","floor":43,"turns":5},{"damage":35,"enemies":"Transient","floor":45,"turns":5},{"damage":0,"enemies":"Writhing Mass","floor":47,"turns":4},{"damage":0,"enemies":"Jaw Worm Horde","floor":48,"turns":5},{"damage":0,"enemies":"Maw","floor":49,"turns":4},{"damage":27,"enemies":"downfall:Silent","floor":50,"turns":3}],"seed_played":"2944681460256814286","potions_obtained":[{"floor":3.0,"key":"sneckomod:MuddlingPotion"},{"floor":3.0,"key":"GamblersBrew"},{"floor":3.0,"key":"PowerPotion"},{"floor":8.0,"key":"champ:CounterPotion"},{"floor":12.0,"key":"champ:CounterPotion"},{"floor":16.0,"key":"PowerPotion"},{"floor":33,"key":"Swift Potion"},{"floor":39,"key":"FearPotion"},{"floor":45,"key":"SpeedPotion"},{"floor":47,"key":"Slimebound:ThreeZeroPotion"}],"is_trial":false,"path_per_floor":["R","E","?","$","M","?","T","?","R","E","?","M","$","M","M","B",null,"R","M","?","R","M","$","T","M","M","E","?","?","?","M","M","B",null,"R","M","$","?","E","M","T","E","M","R","M","?","M","M","M","B",null],"character_chosen":"THE_CHAMP","items_purchased":["Incense Burner","Chemical X"],"campfire_rested":2,"item_purchase_floors":[23,37],"current_hp_per_floor":[90,75,75,75,75,44,44,42,69,67,67,67,67,67,67,54,90,90,90,96,96,96,96,96,96,96,95,95,95,79,80,80,85,96,96,85,85,40,40,31,31,31,31,72,42,42,42,48,63,56],"gold":50,"neow_bonus":"THREE_RARE_CARDS","is_daily":false,"chose_seed":false,"campfire_upgraded":3,"win_rate":0.0,"timestamp":1607899435,"path_taken":["R","E","?","?","?","?","T","?","R","E","?","?","$","M","M","BOSS","R","M","?","R","M","$","T","M","M","E","?","?","?","?","M","BOSS","R","M","$","?","E","M","T","E","M","R","M","?","?","M","M","BOSS"],"items_purchased_type":["Relic","Relic"],"build_version":"2020-11-30","purchased_purges":1,"victory":true,"max_hp_per_floor":[90,90,90,90,90,90,90,90,90,90,90,90,90,90,90,90,90,90,90,96,96,96,96,96,96,96,96,96,96,96,96,96,96,96,96,96,96,96,96,96,96,96,96,106,106,106,106,106,106,106],"card_choices":[{"not_picked":["champ:HeavySlash","champ:StrikeOfGenius"],"picked":"champ:HoldFirm","floor":0.0},{"not_picked":["champ:FanOfKnives","champ:PerfectedStrike"],"picked":"champ:Backstep","floor":2.0},{"not_picked":["champ:FocusedGladiator","champ:CrookedStrike"],"picked":"champ:BringItOn","floor":4.0},{"not_picked":["champ:Haymaker","champ:IronFortress"],"picked":"champ:TornadoPunch","floor":5.0},{"not_picked":["champ:SwordSigil","champ:TornadoPunch"],"picked":"champ:Circumvent","floor":6.0},{"not_picked":["champ:BerserkerStyle","champ:HeavySlash"],"picked":"champ:BringItOn","floor":10.0},{"not_picked":["champ:FalseCounter","champ:TornadoPunch"],"picked":"champ:ShieldSigil","floor":12.0},{"not_picked":["champ:BerserkersShout","champ:RapidStrikes"],"picked":"champ:DefensiveShout","floor":13.0},{"not_picked":["champ:AdrenalArmor","champ:Haymaker"],"picked":"champ:CalledShot","floor":14.0},{"not_picked":["champ:Aggression","champ:FanOfKnives","champ:PerfectedStrike"],"picked":"SKIP","floor":15.0},{"not_picked":["champ:CrownThrow","champ:SteelEdge"],"picked":"champ:ShieldThrow","floor":16.0},{"not_picked":["champ:AdrenalArmor","champ:FaceSlap"],"picked":"champ:Lariat","floor":19.0},{"not_picked":["champ:ArenaPreparation+1","champ:AdrenalArmor","champ:FlashCut"],"picked":"SKIP","floor":22},{"not_picked":["champ:AdrenalArmor","champ:BladeFlurry"],"picked":"champ:StanceDance+1","floor":23},{"not_picked":["champ:RisingSlash","champ:CrookedStrike"],"picked":"champ:FocusedDefense+1","floor":25},{"not_picked":["champ:BladeFlurry+1","champ:IronFortress","champ:CrookedStrike"],"picked":"SKIP","floor":26},{"not_picked":["champ:DeathBlow","champ:RageSigil+1","champ:StanceDance"],"picked":"SKIP","floor":27},{"not_picked":["champ:BladeFlurry","champ:DefensiveStyle"],"picked":"champ:FalseCounter","floor":31},{"not_picked":["champ:FocusedBerserking+1","champ:ShieldSigil"],"picked":"champ:FocusedDefense","floor":32},{"not_picked":["champ:MurderStrike","champ:HeavySlash"],"picked":"champ:Improvising","floor":33},{"not_picked":["champ:RapidStrikes+1","champ:Haymaker+1","champ:CrookedStrike"],"picked":"SKIP","floor":36},{"not_picked":["champ:IronFortress","champ:PerfectForm","champ:FocusedGladiator+1"],"picked":"SKIP","floor":37},{"not_picked":["champ:SwordSigil","champ:PerfectedStrike+1"],"picked":"champ:FalseCounter","floor":38},{"not_picked":["champ:PreciseThrust+1","champ:Balance"],"picked":"champ:SkillfulDodge+1","floor":39},{"not_picked":["champ:Control+1","champ:FocusedGladiator+1"],"picked":"champ:Lariat","floor":40},{"not_picked":["champ:Haymaker","champ:AdrenalArmor+1"],"picked":"champ:EnGarde","floor":42},{"not_picked":["champ:BerserkersShout","champ:SwordSigil+1"],"picked":"champ:StanceDance+1","floor":43},{"not_picked":["champ:FocusedGladiator","champ:BerserkersShout","champ:ViciousMockery+1"],"picked":"SKIP","floor":45},{"not_picked":["champ:SwordSigil+1","champ:StanceDance+1"],"picked":"champ:VampiricStrike","floor":47},{"not_picked":["champ:Haymaker","champ:Aggression+1","champ:BerserkersShout"],"picked":"SKIP","floor":48},{"not_picked":["champ:BringItOn","champ:FightOn","champ:FanOfKnives+1"],"picked":"SKIP","floor":49}],"player_experience":119355,"relics_obtained":[{"floor":2.0,"key":"Darkstone Periapt"},{"floor":6.0,"key":"CloakClasp"},{"floor":7.0,"key":"Gremlin Horn"},{"floor":8.0,"key":"Oddly Smooth Stone"},{"floor":10.0,"key":"Shuriken"},{"floor":24,"key":"Boot"},{"floor":24,"key":"Toy Ornithopter"},{"floor":27,"key":"Nunchaku"},{"floor":30,"key":"Enchiridion"},{"floor":38,"key":"champ:GladiatorsBookOfMartialProwess"},{"floor":39,"key":"Pen Nib"},{"floor":39,"key":"Gambling Chip"},{"floor":41,"key":"Art of War"},{"floor":42,"key":"Torii"},{"floor":42,"key":"FossilizedHelix"}],"event_choices":[{"damage_healed":0.0,"max_hp_gain":0.0,"max_hp_loss":0.0,"gold_gain":0.0,"event_name":"Lab","player_choice":"Got Potions","floor":3.0,"gold_loss":0.0,"damage_taken":0.0},{"damage_healed":0.0,"max_hp_gain":0.0,"max_hp_loss":0.0,"gold_gain":0.0,"cards_transformed":["champ:Strike"],"event_name":"Transmorgrifier","player_choice":"Transformed","floor":11.0,"gold_loss":0.0,"damage_taken":0.0,"cards_obtained":["champ:HoldFirm"]},{"damage_healed":0,"gold_gain":0,"player_choice":"Fight","damage_taken":0,"max_hp_gain":0,"max_hp_loss":0,"event_name":"Mysterious Sphere","floor":38,"gold_loss":0},{"damage_healed":0,"gold_gain":0,"cards_transformed":["champ:Defend"],"player_choice":"Transformed","damage_taken":0,"max_hp_gain":0,"max_hp_loss":0,"event_name":"Transmorgrifier","floor":46,"gold_loss":0,"cards_obtained":["champ:FaceSlap"]}],"is_beta":false,"boss_relics":[{"not_picked":["Pandora\u0027s Box","Philosopher\u0027s Stone"],"picked":"Runic Dome"},{"not_picked":["Tiny House","Empty Cage"],"picked":"Black Star"}],"items_purged_floors":[37],"is_endless":false,"potions_floor_spawned":[8,12,15,16,22,26,31,33,36,39,45,47,49],"ascension_level":0}}