{"host":"684z1xpuwaoqmmh1","time":1607859361,"event":{"mods":["BaseMod","Downfall","Hermit","Jorbs\u0027s Wanderer Trilogy","Marisa????????","Minty Spire (QoL Compilation)","StSLib","The Bug Knight","The Hierophant","The Mystic","The Runesmith"],"gold_per_floor":[110,110,12,12,12,12,30,62,62,62,82,100,135,155,155,263,563,608,620,519,571,612,624,708,720,758,782,782],"floor_reached":27,"playtime":1202,"items_purged":["hermit:Defend_Hermit"],"score":411,"play_id":"93538e4d-753f-46d6-9ccd-bbfd3a987fc3","local_time":"20201213133601","is_ascension_mode":true,"campfire_choices":[{"data":"hermit:DeadMansHand","floor":6,"key":"SMITH"},{"data":"hermit:GoldenBullet","floor":10,"key":"SMITH"},{"data":"hermit:Brawl","floor":15,"key":"SMITH"},{"data":"hermit:DeadOrAlive","floor":23,"key":"SMITH"},{"data":"hermit:Scavenge","floor":25,"key":"SMITH"}],"circlet_count":0,"master_deck":["hermit:Strike_Hermit","hermit:Strike_Hermit","hermit:Strike_Hermit","hermit:Defend_Hermit+1","hermit:Defend_Hermit+1","hermit:Defend_Hermit","hermit:Snapshot","hermit:Covet","hermit:GoldenBullet+1","hermit:Manifest","hermit:DeadMansHand+1","hermit:Quickdraw","hermit:Scavenge+1","hermit:Brawl+1","hermit:Enervate","hermit:DeadOrAlive+1","CurseOfTheBell","hermit:Scavenge","Shame","hermit:GoldenBullet+1"],"relics":["hermit:Momento","NeowsBlessing","Turnip","hermit:RyeStalk","Torii","HollowMod:PaleOreRelic","Calling Bell","MawBank","Eternal Feather","Old Coin","Blue Candle","Happy Flower","Boot","Vajra"],"acts_visited":["Exordium","TheCity"],"potions_floor_usage":[11,13,18,27],"damage_taken":[{"damage":0,"enemies":"Small Slimes","floor":1,"turns":1},{"damage":2,"enemies":"2 Louse","floor":7,"turns":2},{"damage":0,"enemies":"Gremlin Nob","floor":8,"turns":2},{"damage":0,"enemies":"Cultist","floor":11,"turns":4},{"damage":0,"enemies":"Large Slime","floor":12,"turns":5},{"damage":1,"enemies":"Lagavulin","floor":13,"turns":6},{"damage":0,"enemies":"3 Louse","floor":14,"turns":4},{"damage":0,"enemies":"The Guardian","floor":16,"turns":9},{"damage":0,"enemies":"Spheric Guardian","floor":18,"turns":3},{"damage":3,"enemies":"Shell Parasite","floor":21,"turns":4},{"damage":10,"enemies":"Snake Plant","floor":22,"turns":5},{"damage":16,"enemies":"HollowMod:Nosk","floor":24,"turns":10},{"damage":71,"enemies":"Book of Stabbing","floor":27,"turns":7}],"seed_played":"-1460278371437953372","potions_obtained":[{"floor":1,"key":"Energy Potion"},{"floor":7,"key":"FearPotion"},{"floor":8,"key":"Fruit Juice"},{"floor":11,"key":"Strength Potion"},{"floor":18,"key":"Fire Potion"},{"floor":22,"key":"Ancient Potion"}],"is_trial":false,"path_per_floor":["M","?","$","?","?","R","M","E","T","R","M","M","E","M","R","B",null,"M","?","?","M","M","R","E","R","T","E"],"character_chosen":"HERMIT","items_purchased":["hermit:Manifest"],"campfire_rested":0,"item_purchase_floors":[3],"current_hp_per_floor":[68,65,65,50,50,50,48,48,48,48,53,53,52,52,52,52,73,73,73,73,70,60,72,56,68,68,0,0],"gold":782,"neow_bonus":"THREE_ENEMY_KILL","is_daily":false,"chose_seed":false,"campfire_upgraded":5,"win_rate":0.0,"timestamp":1607859361,"path_taken":["M","?","$","?","?","R","M","E","T","R","?","M","E","M","R","BOSS","M","?","?","M","M","R","E","R","T","E"],"items_purchased_type":["Card"],"build_version":"2020-11-30","purchased_purges":1,"victory":false,"max_hp_per_floor":[75,75,75,75,75,75,75,75,75,75,80,80,80,80,80,80,80,80,80,80,80,80,80,80,80,80,80,80],"card_choices":[{"not_picked":["hermit:Malice","hermit:Desperado"],"picked":"hermit:GoldenBullet","floor":1},{"not_picked":["hermit:TakeAim","hermit:LowProfile"],"picked":"hermit:Quickdraw","floor":7},{"not_picked":["hermit:DeadMansHand","hermit:TrackingShot","hermit:HighCaliber"],"picked":"SKIP","floor":8},{"not_picked":["hermit:Snipe","hermit:ItchyTrigger","hermit:HighCaliber"],"picked":"SKIP","floor":11},{"not_picked":["hermit:DeadMansHand","hermit:Manifest"],"picked":"hermit:Scavenge","floor":12},{"not_picked":["hermit:HoleUp","hermit:Desperado"],"picked":"hermit:Brawl","floor":13},{"not_picked":["hermit:Coalescence","hermit:Glare"],"picked":"hermit:Enervate","floor":14},{"not_picked":["hermit:HighNoon","hermit:BlackWind"],"picked":"hermit:DeadOrAlive","floor":16},{"not_picked":["hermit:Feint","hermit:Misfire"],"picked":"hermit:Scavenge","floor":18},{"not_picked":["hermit:CursedWeapon","hermit:ItchyTrigger","hermit:NoHoldsBarred"],"picked":"SKIP","floor":21},{"not_picked":["hermit:Ricochet","hermit:HoleUp+1"],"picked":"hermit:GoldenBullet+1","floor":22},{"not_picked":["hermit:Ricochet","hermit:LoneWolf+1","hermit:Feint"],"picked":"SKIP","floor":24}],"player_experience":2309676,"relics_obtained":[{"floor":8,"key":"hermit:RyeStalk"},{"floor":9,"key":"Torii"},{"floor":13,"key":"HollowMod:PaleOreRelic"},{"floor":17,"key":"MawBank"},{"floor":17,"key":"Eternal Feather"},{"floor":17,"key":"Old Coin"},{"floor":24,"key":"Boot"},{"floor":26,"key":"Vajra"}],"event_choices":[{"damage_healed":0,"gold_gain":0,"player_choice":"Success","damage_taken":3,"relics_obtained":["Turnip"],"max_hp_gain":0,"max_hp_loss":0,"event_name":"Scrap Ooze","floor":2,"gold_loss":0},{"damage_healed":0,"gold_gain":0,"player_choice":"Entered Light","damage_taken":15,"max_hp_gain":0,"max_hp_loss":0,"event_name":"Shining Light","floor":4,"gold_loss":0,"cards_upgraded":["hermit:Defend_Hermit","hermit:Defend_Hermit"]},{"damage_healed":0,"gold_gain":0,"cards_transformed":["hermit:Strike_Hermit"],"player_choice":"Transformed","damage_taken":0,"max_hp_gain":0,"max_hp_loss":0,"event_name":"Transmorgrifier","floor":5,"gold_loss":0,"cards_obtained":["hermit:DeadMansHand"]},{"damage_healed":0,"gold_gain":0,"player_choice":"Stole Relic","damage_taken":0,"relics_obtained":["Blue Candle"],"max_hp_gain":0,"max_hp_loss":0,"event_name":"Addict","floor":19,"gold_loss":0,"cards_obtained":["Shame"]},{"damage_healed":0,"gold_gain":0,"player_choice":"Paid Gold","damage_taken":0,"relics_obtained":["Happy Flower"],"max_hp_gain":0,"max_hp_loss":0,"event_name":"WeMeetAgain","floor":20,"gold_loss":113}],"is_beta":false,"boss_relics":[{"not_picked":["Runic Dome","Black Star"],"picked":"Calling Bell"}],"items_purged_floors":[3],"is_endless":false,"potions_floor_spawned":[1,7,8,11,18,22],"killed_by":"Book of Stabbing","ascension_level":6}}