{"host":"cwd5s03r1oaxs6mx","time":1607857660,"event":{"mods":["Act Like it!","BaseMod","Better Third Choice","BetterRewards","CapriCore","Card Filter","Colored Map","Custom Start","DeckTracker","Friendly Minions","Hubris","Infinite Spire","Minty Spire (QoL Compilation)","Quick Restart","Relic Stats","Shop Mod","Spicy Shops","StSLib","SuperFastMode"],"gold_per_floor":[113,129,64,64,64,90,107,107,107,140,156,171,188,188,188,262,262,276,276,276,248,248,248,262,262,262],"floor_reached":25,"playtime":605,"items_purged":["Strike_R","Strike_R"],"score":426,"play_id":"f34bae95-7494-4380-aea3-d69ba6190889","local_time":"20201213200740","is_ascension_mode":true,"campfire_choices":[{"floor":8.0,"key":"REST"},{"floor":15.0,"key":"REST"},{"data":"Ghostly","floor":23,"key":"SMITH"}],"circlet_count":0,"master_deck":["AscendersBane","Strike_R","Strike_R","Defend_R","Defend_R","Defend_R","Bash","Flash of Steel+1","Flash of Steel+1","Rampage+1","Ghostly+1","Ghostly","Ghostly"],"relics":["Burning Blood","Molten Egg 2","Medical Kit","infinitespire:Satchel","DollysMirror","hubris:Towel","hubris:OldNail","infinitespire:ShieldingShard","Kunai","infinitespire:FocusingShard","Empty Cage"],"acts_visited":["Exordium","TheCity"],"potions_floor_usage":[16,16,25],"damage_taken":[{"damage":7.0,"enemies":"Small Slimes","floor":1.0,"turns":4.0},{"damage":0.0,"enemies":"2 Louse","floor":2.0,"turns":3.0},{"damage":60.0,"enemies":"Lagavulin","floor":6.0,"turns":7.0},{"damage":7.0,"enemies":"Jaw Worm","floor":7.0,"turns":4.0},{"damage":21.0,"enemies":"Gremlin Nob","floor":10.0,"turns":4.0},{"damage":7.0,"enemies":"Blue Slaver","floor":11.0,"turns":3.0},{"damage":12.0,"enemies":"Large Slime","floor":12.0,"turns":6.0},{"damage":4.0,"enemies":"2 Fungi Beasts","floor":13.0,"turns":4.0},{"damage":27,"enemies":"Slime Boss","floor":16,"turns":8},{"damage":0,"enemies":"Chosen","floor":18,"turns":3},{"damage":0,"enemies":"2 Thieves","floor":21,"turns":4},{"damage":0,"enemies":"Snecko","floor":24,"turns":5},{"damage":49,"enemies":"Book of Stabbing","floor":25,"turns":4}],"seed_played":"-9157290510671049726","potions_obtained":[{"floor":2.0,"key":"Ancient Potion"},{"floor":7.0,"key":"PowerPotion"},{"floor":11.0,"key":"PowerPotion"},{"floor":18,"key":"SkillPotion"}],"is_trial":false,"path_per_floor":["M","M","$","?","?","E","M","R","T","E","M","M","M","?","R","B",null,"M","?","AVR","M","?","R","M","E"],"character_chosen":"IRONCLAD","items_purchased":["Molten Egg 2","Flash of Steel+1","Medical Kit","infinitespire:Satchel","DollysMirror"],"campfire_rested":2,"item_purchase_floors":[0,0,0,0,3],"current_hp_per_floor":[67,73,73,73,73,19,18,40,40,25,24,18,20,20,42,21,62,68,37,37,37,29,29,35,0,0],"gold":262,"neow_bonus":"","is_daily":false,"chose_seed":false,"campfire_upgraded":1,"win_rate":0.0,"timestamp":1607857660,"path_taken":["M","M","$","?","?","E","M","R","T","E","M","M","M","?","R","BOSS","M","?","AVR","M","?","R","M","E"],"items_purchased_type":["Relic","Card","Relic","Relic","Relic"],"build_version":"2020-11-30","purchased_purges":2,"victory":false,"max_hp_per_floor":[75,75,75,75,75,75,75,75,75,75,75,75,75,75,75,75,75,75,37,37,37,42,42,42,42,42],"relic_stats":{"counters":[228,823],"Kunai":[17],"Medical Kit":[2],"obtain_stats":[{"infinitespire:BottledMercury":0,"Ginger":47,"Whetstone":48,"Bottled Tornado":0,"hubris:MysteriousPyramids":7,"Sling":54,"Blood Vial":27,"infinitespire:ShieldingShard":9,"Sundial":54,"MealTicket":30,"Kunai":55,"MerchantsRug":53,"Pear":39,"hubris:SphereOfDissonance":9,"Velvet Choker":17,"Eternal Feather":28,"Pen Nib":9,"infinitespire:Magic Flask":0,"Akabeko":47,"Runic Dome":17,"SlaversCollar":17,"CultistMask":10,"Mark of Pain":34,"StrikeDummy":27,"Unceasing Top":8,"infinitespire:PuzzleCube":40,"infinitespire:Cupcake":33,"hubris:Reverence":0,"hubris:Metronome":12,"Regal Pillow":25,"Singing Bowl":26,"Torii":40,"Magic Flower":43,"StoneCalendar":0,"Bag of Preparation":0,"Smiling Mask":9,"Burning Blood":0,"hubris:Backtick":17,"Shovel":12,"infinitespire:Bottled Soul":17,"Toolbox":54,"Chemical X":0,"hubris:ChampionShield":41,"hubris:GlazedTorus":0,"NeowsBlessing":0,"Golden Idol":5,"Thread and Needle":26,"PreservedInsect":20,"Omamori":30,"infinitespire:Lucky Rock":23,"hubris:Towel":4,"Frozen Egg 2":7,"MawBank":13,"hubris:Spice":0,"Turnip":54,"Art of War":54,"Champion Belt":0,"Bottled Lightning":43,"hubris:CrackedHourglass":17,"Toy Ornithopter":12,"hubris:CrystalStatue":9,"Calipers":0,"Vajra":0,"Centennial Puzzle":7,"Lizard Tail":39,"HornCleat":43,"DollysMirror":0,"Strawberry":37,"Prayer Wheel":10,"Toxic Egg 2":0,"hubris:Teleporter":0,"Astrolabe":17,"Oddly Smooth Stone":45,"Charon\u0027s Ashes":0,"hubris:HollowSoul":34,"Letter Opener":17,"War Paint":46,"Question Card":23,"hubris:Zylophone":11,"Bronze Scales":9,"Molten Egg 2":0,"hubris:PeanutButter":48,"Nloth\u0027s Gift":19,"Black Star":17,"infinitespire:EmpoweringShard":25,"hubris:ToyBattleship":26,"Enchiridion":19,"Black Blood":34,"hubris:SlimyHat":0,"Incense Burner":29,"Empty Cage":17,"ClockworkSouvenir":28,"Nunchaku":40,"Mummified Hand":14,"Pantograph":6,"hubris:IronBody":41,"Red Mask":20,"Red Skull":7,"infinitespire:CursedDice":40,"infinitespire:FocusingShard":9,"Orichalcum":35,"Medical Kit":14,"White Beast Statue":44,"Mercury Hourglass":53,"Peace Pipe":25,"Strange Spoon":14,"Anchor":47,"infinitespire:Satchel":0,"Bag of Marbles":54,"Membership Card":0,"hubris:Potato":26,"FossilizedHelix":0,"hubris:OldNail":6},{"infinitespire:BottledMercury":87,"Ginger":59,"Whetstone":111,"Bottled Tornado":20,"hubris:MysteriousPyramids":40,"Sling":62,"Blood Vial":33,"infinitespire:ShieldingShard":219,"Sundial":62,"MealTicket":102,"Kunai":202,"MerchantsRug":85,"Pear":192,"hubris:SphereOfDissonance":118,"Velvet Choker":178,"Eternal Feather":50,"Pen Nib":40,"infinitespire:Magic Flask":64,"Akabeko":83,"Runic Dome":44,"SlaversCollar":151,"CultistMask":6,"Mark of Pain":160,"StrikeDummy":99,"Unceasing Top":6,"infinitespire:PuzzleCube":163,"infinitespire:Cupcake":77,"hubris:Reverence":170,"hubris:Metronome":26,"Regal Pillow":126,"Singing Bowl":74,"Torii":80,"Magic Flower":81,"StoneCalendar":64,"Bag of Preparation":36,"Smiling Mask":17,"Burning Blood":0,"hubris:Backtick":27,"Shovel":175,"infinitespire:Bottled Soul":95,"Toolbox":201,"Chemical X":87,"hubris:ChampionShield":109,"hubris:GlazedTorus":64,"NeowsBlessing":0,"Golden Idol":67,"Thread and Needle":74,"PreservedInsect":96,"Omamori":158,"infinitespire:Lucky Rock":156,"hubris:Towel":67,"Frozen Egg 2":91,"MawBank":18,"hubris:Spice":64,"Turnip":86,"Art of War":168,"Champion Belt":64,"Bottled Lightning":164,"hubris:CrackedHourglass":9,"Toy Ornithopter":209,"hubris:CrystalStatue":6,"Calipers":64,"Vajra":87,"Centennial Puzzle":16,"Lizard Tail":55,"HornCleat":109,"DollysMirror":36,"Strawberry":106,"Prayer Wheel":25,"Toxic Egg 2":141,"hubris:Teleporter":64,"Astrolabe":121,"Oddly Smooth Stone":58,"Charon\u0027s Ashes":12,"hubris:HollowSoul":53,"Letter Opener":27,"War Paint":110,"Question Card":31,"hubris:Zylophone":41,"Bronze Scales":24,"Molten Egg 2":36,"hubris:PeanutButter":166,"Nloth\u0027s Gift":10,"Black Star":72,"infinitespire:EmpoweringShard":74,"hubris:ToyBattleship":98,"Enchiridion":73,"Black Blood":130,"hubris:SlimyHat":141,"Incense Burner":186,"Empty Cage":224,"ClockworkSouvenir":33,"Nunchaku":193,"Mummified Hand":26,"Pantograph":173,"hubris:IronBody":135,"Red Mask":180,"Red Skull":146,"infinitespire:CursedDice":80,"infinitespire:FocusingShard":68,"Orichalcum":78,"Medical Kit":8,"White Beast Statue":196,"Mercury Hourglass":201,"Peace Pipe":48,"Strange Spoon":26,"Anchor":136,"infinitespire:Satchel":112,"Bag of Marbles":201,"Membership Card":20,"hubris:Potato":32,"FossilizedHelix":64,"hubris:OldNail":218},{"infinitespire:BottledMercury":335,"Ginger":184,"Whetstone":432,"Bottled Tornado":76,"hubris:MysteriousPyramids":151,"Sling":188,"Blood Vial":132,"infinitespire:ShieldingShard":782,"Sundial":188,"MealTicket":395,"Kunai":701,"MerchantsRug":321,"Pear":672,"hubris:SphereOfDissonance":461,"Velvet Choker":641,"Eternal Feather":174,"Pen Nib":151,"infinitespire:Magic Flask":194,"Akabeko":307,"Runic Dome":167,"SlaversCollar":551,"CultistMask":18,"Mark of Pain":585,"StrikeDummy":380,"Unceasing Top":18,"infinitespire:PuzzleCube":597,"infinitespire:Cupcake":271,"hubris:Reverence":628,"hubris:Metronome":99,"Regal Pillow":480,"Singing Bowl":248,"Torii":287,"Magic Flower":294,"StoneCalendar":194,"Bag of Preparation":141,"Smiling Mask":57,"Burning Blood":0,"hubris:Backtick":105,"Shovel":635,"infinitespire:Bottled Soul":368,"Toolbox":699,"Chemical X":335,"hubris:ChampionShield":423,"hubris:GlazedTorus":194,"NeowsBlessing":0,"Golden Idol":203,"Thread and Needle":248,"PreservedInsect":373,"Omamori":578,"infinitespire:Lucky Rock":572,"hubris:Towel":203,"Frozen Egg 2":347,"MawBank":63,"hubris:Spice":194,"Turnip":328,"Art of War":619,"Champion Belt":194,"Bottled Lightning":602,"hubris:CrackedHourglass":26,"Toy Ornithopter":727,"hubris:CrystalStatue":18,"Calipers":194,"Vajra":335,"Centennial Puzzle":54,"Lizard Tail":180,"HornCleat":423,"DollysMirror":141,"Strawberry":411,"Prayer Wheel":93,"Toxic Egg 2":522,"hubris:Teleporter":194,"Astrolabe":470,"Oddly Smooth Stone":183,"Charon\u0027s Ashes":39,"hubris:HollowSoul":177,"Letter Opener":105,"War Paint":427,"Question Card":120,"hubris:Zylophone":156,"Bronze Scales":89,"Molten Egg 2":141,"hubris:PeanutButter":610,"Nloth\u0027s Gift":30,"Black Star":238,"infinitespire:EmpoweringShard":248,"hubris:ToyBattleship":378,"Enchiridion":242,"Black Blood":488,"hubris:SlimyHat":522,"Incense Burner":658,"Empty Cage":807,"ClockworkSouvenir":132,"Nunchaku":675,"Mummified Hand":99,"Pantograph":633,"hubris:IronBody":501,"Red Mask":644,"Red Skull":537,"infinitespire:CursedDice":287,"infinitespire:FocusingShard":208,"Orichalcum":273,"Medical Kit":23,"White Beast Statue":683,"Mercury Hourglass":699,"Peace Pipe":172,"Strange Spoon":99,"Anchor":504,"infinitespire:Satchel":445,"Bag of Marbles":699,"Membership Card":76,"hubris:Potato":123,"FossilizedHelix":194,"hubris:OldNail":778}],"Burning Blood":1045},"card_choices":[{"not_picked":["Pommel Strike+1","Headbutt+1","Bloodletting"],"picked":"SKIP","floor":1.0},{"not_picked":["Sentinel","Shockwave","Perfected Strike+1"],"picked":"SKIP","floor":2.0},{"not_picked":["Sword Boomerang+1","Clothesline+1","Seeing Red"],"picked":"SKIP","floor":6.0},{"not_picked":["Perfected Strike+1","Uppercut+1","Headbutt+1"],"picked":"SKIP","floor":7.0},{"not_picked":["Rupture","Shrug It Off","Headbutt+1"],"picked":"SKIP","floor":10.0},{"not_picked":["Sentinel","Clash+1","Iron Wave+1"],"picked":"SKIP","floor":11.0},{"not_picked":["Bludgeon+1","Armaments","Ghostly Armor"],"picked":"SKIP","floor":12.0},{"not_picked":["Warcry","Ghostly Armor","Sword Boomerang+1"],"picked":"SKIP","floor":13.0},{"not_picked":["Headbutt+1","Burning Pact","Rampage+1"],"picked":"SKIP","floor":18},{"not_picked":["Headbutt+1","Burning Pact"],"picked":"Rampage+1","floor":18},{"not_picked":["Feel No Pain","Headbutt+1","Dark Embrace"],"picked":"SKIP","floor":21},{"not_picked":["Shrug It Off","Sever Soul+1","Rampage+1"],"picked":"SKIP","floor":24}],"player_experience":897927,"relics_obtained":[{"floor":6.0,"key":"hubris:OldNail"},{"floor":9.0,"key":"infinitespire:ShieldingShard"},{"floor":10.0,"key":"Kunai"}],"event_choices":[{"damage_healed":0.0,"max_hp_gain":0.0,"max_hp_loss":0.0,"gold_gain":0.0,"event_name":"Dead Adventurer","player_choice":"Searched \u00271\u0027 times","floor":14.0,"gold_loss":0.0,"damage_taken":0.0,"relics_obtained":["infinitespire:FocusingShard"]},{"damage_healed":0,"gold_gain":0,"player_choice":"Became a Ghost","damage_taken":0,"max_hp_gain":0,"max_hp_loss":38,"event_name":"Ghosts","floor":19,"gold_loss":0,"cards_obtained":["Ghostly","Ghostly","Ghostly"]},{"damage_healed":0,"gold_gain":0,"player_choice":"Shed Blood","damage_taken":13,"max_hp_gain":5,"max_hp_loss":0,"event_name":"Forgotten Altar","floor":22,"gold_loss":0}],"is_beta":false,"boss_relics":[{"not_picked":["hubris:HollowSoul","infinitespire:Burning Sword"],"picked":"Empty Cage"}],"items_purged_floors":[0,20],"is_endless":false,"potions_floor_spawned":[2,7,11,18],"killed_by":"Book of Stabbing","ascension_level":20}}